4138 6328
128 40 367 255 τι
1893 128 1903 134 .

451 292 454 295 .
603 293 616 295 -
675 289 728 296 .-
782 291 820 297 --
857 290 920 296 ν--
951 292 957 295 .
987 290 1080 297 ._.
1116 289 1243 298 ν...
1430 287 2462 300 .___.__.._._.__..._.___.--._-_
2559 289 2614 295 -_
2713 289 2768 297 _.
2977 287 3292 294 --._-_--.-,.u

607 653 693 693 °
810 550 813 553 ᾗ
984 689 2713 899 BESSABIONIS

1434 1050 1910 1113 CARDINALIS
1932 1049 2233 1114 'NICAENI

232 1242 1497 1408 mA,.nEBUS
1549 1236 2341 1399 GESTIS,
2412 1234 3471 1394 saturus,

1057 1580 1061 1584 -
1198 1521 2331 1643 COMMENTARIUS
2390 1432 2441 1528 λ’

593 1968 1102 2038 ,ηιπεπτιεεωο
1146 1974 1222 2021 AC
1259 1971 1802 2017 REVERENDISSIIO
1836 1969 2108 2017 P‘IINCIPI
2142 1968 2227 2015 JOt

1407 1971 1802 2017 MNDISSIIO
1836 1969 2108 2017 nmcm
2142 1966 2418 2015 Josmo
2458 1964 2678 2028 ulla:
2708 1964 3041 2009 usmuo

268 2104 491 2158 'rrruu
534 2116 583 2157 s.
628 2117 838 2161 Αιεχιι
879 2100 1275 2163 Ρωβγτειιο
1317 2118 1651 2161 οΑιωικΑιι
1692 2118 1769 2161 ετ
1813 2117 2019 2163 ελω
2057 2112 2363 2160 comeso.
2410 2114 2491 2157 ne
2532 2113 2793 2158 morae.
2848 2113 2990 2156 FIDE
3026 2111 3335 2155 lemma

1044 2224 1047 2225 ν
1255 2264 1553 2309 Αωγεῐυε
1596 2261 1934 2308 ΒΑΝΜΝωδ
1977 2260 2403 2305 ῈΕῘᾹΟῙΤᾺΤΕΠ.

297 2391 483 2468 Smpe
525 2392 918 2472 multumque
949 2409 1183 2473 anceps
1212 2391 1333 2467 fui,
1379 2391 1718 2455 cardinalis
1743 2391 2151 2472 amplissime,
2180 2396 2392 2452 utrum
2425 2388 2537 2463 tibi
2573 2387 2861 2449 libellum
2888 2384 3063 2449 hunc
3098 2400 3310 2447 meum
3338 2383 3437 2448 of:

220 2485 452 2549 ferrem
488 2495 723 2570 tuoque
736 2491 979 2571 judicio
1012 2508 1259 2554 summo
1299 2492 1626 2570 probatum
1663 2493 1832 2571 typis
1867 2490 2283 2568 evulgandum
2317 2480 3125 2552 committerem."Verebar
3152 2486 3318 2547 enim
3354 2501 3432 2545 ne
3480 2545 3485 2548 .

210 2586 625 2666 importunus
655 2590 853 2670 magis
884 2607 1073 2669 quam
1112 2590 1433 2653 officiosus
1460 2608 1688 2663 essem,
1727 2591 1781 2651 si
1819 2598 1957 2652 tuas
1986 2591 2209 2652 multas
2246 2588 2691 2666 occupationes
2727 2592 2788 2647 et
2816 2586 3021 2648 studia
3055 2584 3431 2663 gravissima

209 2681 718 2769 interpellarent,
754 2690 986 2768 quibus
1015 2687 1207 2751 eﬂicis
1237 2697 1301 2750 ut
1334 2690 1442 2768 qui
1484 2690 1781 2750 virtutem
1836 2690 2045 2752 colunt
2087 2706 2277 2751 unum
2309 2694 2366 2750 te
2403 2688 2675 2749 maxime
2717 2686 3005 2749 omnium
3036 2684 3433 2751 admirentur

206 2804 281 2850 ac
317 2778 601 2852 laudent.
636 2792 771 2853 Duo
805 2792 956 2854 mihi
986 2790 1191 2856 tamen
1220 2791 1498 2854 audendi
1552 2774 1941 2871 omnemque
1981 2792 2471 2871 suspensio‘nem
2504 2808 2575 2852 ac
2623 2806 2857 2850 moram
2891 2790 3322 2867 abrumpendi
3366 2788 3432 2850 iu

216 2906 409 2952 causa
445 2893 642 2957 fuere.
670 2894 949 2955 Primum
1010 2894 1368 2956 humanitas
1407 2904 1510 2956 tua
1552 2894 1919 2974 singularis,
1954 2912 2095 2976 qum
2120 2894 2298 2964 nihil
2328 2912 2591 2975 parvum
2623 2894 2860 2955 fastidit
2904 2900 3435 2972 aspernaturque,

216 2992 328 3054 sed
363 3008 625 3071 magnas
656 2994 897 3073 ingenii
938 3011 1091 3074 opes
1118 3002 1187 3057 ut
1223 2995 1479 3073 plurimi
1500 2995 1676 3070 facit,
1718 2994 1809 3056 sic
1846 2994 2127 3057 modicas
2158 3002 2509 3074 tenuesque
2543 3010 2661 3055 suo
2694 2993 2877 3056 habet
2908 2994 2975 3055 in
3012 2995 3432 3073 pretioatque

213 3089 498 3167 honore;
531 3095 761 3157 deinde
791 3095 1009 3168 alium,
1047 3095 1218 3175 quod
1248 3097 1433 3159 video
1459 3095 1782 3159 neminem
1817 3094 1923 3174 qui
1958 3092 2218 3174 propius
2256 3093 2506 3170 vestigia
2540 3111 2652 3171 pro
2669 3099 2797 3154 mat
2822 3108 3192 3171 morumque
3219 3111 3435 3157 exem-

216 3196 317 3272 pla
356 3196 645 3257 imitetur
676 3196 1071 3259 celeberrimi
1104 3195 1404 3258 antistitis
1453 3196 1629 3279 cujus
1668 3212 1767 3258 res
1801 3204 2007 3275 gestas
2037 3200 2097 3255 et
2129 3193 2309 3256 vitam
2342 3194 2752 3257 illustrandas
2774 3196 3045 3273 suscepi.
3089 3195 3425 3275 Equidem.

205 3304 276 3357 ut
306 3296 422 3356 ille
453 3312 519 3357 se
556 3302 752 3357 totum
803 3297 882 3365 ad
934 3297 1235 3358 Ecclesiaa
1259 3299 1451 3368 decus
1480 3302 1541 3355 et
1581 3296 1673 3354 rei
1708 3295 2075 3357 Christiana
2108 3295 2358 3358 tutelam
2378 3295 2766 3371 composuit,
2800 3294 2910 3368 ita,
2947 3289 3242 3357 omnium
3277 3295 3429 3358 sen-

206 3395 437 3468 tentia,
471 3404 533 3454 tu
567 3410 827 3472 quoque
862 3393 1125 3470 vigilias,
1158 3410 1363 3463 curas,
1395 3392 1641 3451 labores
1672 3392 1741 3451 in
1772 3390 1891 3453 hoc
1937 3394 2124 3454 unice
2155 3395 2469 3475 impendis
2500 3403 2567 3454 ut
2603 3392 2783 3454 Sedis
2814 3395 3188 3469 Apostolicm
3219 3396 3425 3473 digni-

209 3500 328 3567 tas,
366 3482 465 3555 tot
504 3507 811 3554 concussa
860 3490 1179 3568 procellis,
1208 3490 1273 3549 in
1303 3504 1419 3549 suo
1452 3488 1648 3565 gradu
1685 3491 2011 3565 consistat,
2051 3496 2246 3567 utque
2280 3491 2519 3566 religio,
2556 3508 2743 3569 quam
2779 3502 2999 3555 nostro
3032 3495 3150 3556 hoc
3187 3501 3423 3558 saeculo

202 3591 491 3654 novandi
530 3587 761 3660 cupido
791 3583 1397 3663 pseudophilosophi
1444 3584 1701 3663 quidam
1744 3594 1928 3663 atque
1958 3586 2232 3663 improbi
2259 3586 2554 3649 homines
2594 3589 2929 3663 lacessunt,
2958 3607 3084 3652 non
3116 3594 3305 3654 modo
3329 3596 3429 3657 in-

203 3702 363 3755 tacta
403 3695 788 3767 permaneat,
817 3687 923 3748 sed
966 3685 1324 3765 longinquis
1355 3686 1539 3747 etiam
1572 3679 1638 3747 in
1670 3688 1850 3748 terris
1884 3694 1943 3749 et
1974 3705 2173 3768 usque
2199 3688 2275 3751 ad
2314 3678 2631 3751 extremos
2656 3689 2884 3753 Oceani
2913 3693 3152 3754 accolas
3177 3692 3426 3770 felicius

200 3796 529 3875 germinet
560 3793 869 3871 latiusque
902 3789 1183 3850 virescat.
1216 3788 1299 3847 De
1325 3794 1413 3848 tot
1444 3787 1773 3847 virtutibus
1804 3804 1949 3865 quas
1977 3788 2087 3848 tibi
2108 3790 2462 3851 uberrimos
2498 3788 2712 3867 glorias
2741 3792 3121 3871 fructusjam
3149 3797 3422 3872 pariunt,

214 3898 367 3975 quid
414 3892 755 3971 proferam,
785 3903 1026 3968 qumso,
1061 3886 1229 3964 quod
1266 3883 1412 3946 huic
1444 3885 1621 3945 al‘mm
1650 3886 1929 3962 ignotum
1964 3904 2079 3947 nec
2126 3888 2314 3964 plane
2347 3897 2739 3965 perspectum
2788 3891 2868 3950 sit
2907 3892 3090 3954 urbi?
3137 3896 3426 3956 Tuamne

205 4007 708 4056 commemorem
742 3990 804 4049 in
842 3990 1037 4049 Deum
1076 3986 1394 4065 pietatem,
1436 3992 1496 4046 et
1524 3987 1782 4047 eﬂ‘usam
1845 3987 1909 4047 in
1955 3988 2212 4050 miseros
2254 3995 2314 4050 et
2344 3995 2597 4068 egentes
2650 3996 2776 4059 tam
2813 3992 3040 4055 multos
3078 3994 3415 4058 liberalita-

208 4093 370 4155 tem?
402 4098 499 4153 An
533 4109 676 4152 vero
709 4090 1103 4168 prudentiam
1137 4085 1914 4163 extollam,-integritatem
1977 4096 2035 4147 et
2084 4089 2447 4150 modestiam
2511 4091 2641 4152 viro
2684 4093 3115 4155 ecclesiastico
3147 4095 3421 4173 dignam,

201 4211 327 4269 Q‘la
366 4192 645 4253 lautitias
677 4205 893 4250 omnes
921 4203 991 4247 ac
1018 4185 1130 4245 mvi
1178 4185 1431 4244 delicias
1463 4204 1493 4244 a
1521 4192 1578 4245 te
1612 4188 1794 4261 longe
1844 4189 2097 4264 tuisque
2138 4188 2374 4249 mdihus
2406 4189 2757 4252 eliminatas
2786 4194 3249 4270 conspicimus?
3281 4198 3422 4259 Dies

202 4292 356 4352 mihi
393 4293 587 4353 citius
618 4306 800 4367 quam
844 4287 1042 4348 laudis
1074 4286 1333 4346 materia
1366 4284 1637 4367 deﬁciat,
1667 4285 1717 4345 si
1770 4294 2067 4364 quantum
2100 4288 2400 4351 doctrinm
2455 4291 2680 4353 merito
2709 4293 2963 4355 excellis
3006 4288 3179 4374 "tque
3230 4299 3422 4359 animi

208 4390 574 4468 prmstantia
619 4388 799 4448 velim
836 4402 1222 4462 percurrere,
1269 4402 1383 4446 nec
1424 4387 1543 4446 mei
1585 4394 1818 4459 partem
1871 4386 2157 4463 obsequii
2203 4391 2522 4450 silentium
2573 4392 2948 4453 existimem.
2984 4396 3132 4465 Quae
3168 4414 3307 4457 cum
3342 4402 3426 4459 ita

204 4492 352 4563 sint,
390 4506 510 4549 oro
536 4494 619 4558 te,
662 4488 961 4562 princeps
986 4485 1502 4555 eminentissime,
1547 4492 1611 4544 ut
1650 4502 1770 4563 qua
1803 4485 2188 4561 benignitate
2245 4506 2341 4548 me
2398 4491 2693 4567 prosequi
2743 4492 2962 4551 soiitus
2996 4511 3082 4566 es,
3116 4498 3331 4556 eadem
3364 4513 3425 4560 et

209 4593 375 4653 hunc
410 4588 718 4668 ingenioli
743 4587 863 4647 mei
895 4585 1087 4647 fetum
1122 4589 1397 4665 excipias
1422 4595 1656 4665 tuoque
1695 4585 2037 4662 patrocinio
2071 4584 2278 4647 faveas
2308 4597 2495 4665 atque
2518 4599 2850 4653 sustentes.
2892 4594 2958 4653 ld
2998 4594 3149 4654 mihi
3182 4597 3230 4655 si
3267 4614 3422 4674 prze~

210 4704 355 4767 stas,
392 4704 456 4755 et
482 4708 601 4769 pro
635 4702 742 4753 tuo
768 4692 997 4753 eximio
1035 4692 1225 4753 facies
1264 4695 1326 4752 in
1373 4708 1502 4751 rem
1563 4683 1920 4749 litterariam
1954 4689 2187 4760 studio,
2222 4691 2470 4769 tuisque
2504 4693 2915 4769 amplissimis
2948 4694 3011 4755 in
3050 4713 3145 4756 me
3177 4694 3415 4759 beneﬁ-

210 4803 316 4862 ciis
342 4800 581 4861 novum
622 4794 789 4858 hunc
820 4795 1142 4858 cumulum
1181 4803 1368 4874 atque
1402 4799 1833 4856 ornamentum
1864 4788 2192 4868 adjunges.

282 4968 529 5032 Romae,
563 4977 638 5020 cx
677 4957 915 5019 aedibus
947 4978 1135 5021 sacras
1166 4960 1384 5036 Congr.
1442 4958 1524 5016 De
1580 4970 1836 5033 propag.
1876 4955 2018 5027 tida,
2066 4958 2268 5033 pridie
2321 4961 2476 5023 Non.
2524 4964 2781 5041 Augusti
2822 4964 2989 5024 1777.

271 5154 331 5215 ω
360 5149 530 5197 Romae
558 5148 690 5197 m7.
726 5149 791 5198 ιο.

535 5618 806 5694 Parnm.
865 5609 975 5669 Gn.
1021 5605 1225 5669 CLXI.

1726 5684 2233 5889 i59026
