4138 6328
736 263 862 305 LXIII

740 364 1061 427 cbianorunt
1111 361 1278 433 prmi.
1323 361 1625 421 animarum
1668 362 1835 419 saluti
1866 364 2045 420 valeat
2079 365 2313 422 salubri-

742 466 825 512 ter
851 453 1145 524 provideri,
1201 468 1266 509 ac
1302 468 1502 510 mensae
1524 454 1834 523 eapitularis
1861 455 2023 513 dicta:
2052 456 2305 522 basilicae,

741 538 786 599 si
835 558 940 615 qua
990 546 1082 608 sit,
1127 542 1421 611 fructuum,
1476 533 1778 600 reddituuin
1829 559 1895 600 ac
1933 555 2299 616 proventuum

736 650 891 691 veros
958 636 1171 691 valores
1227 636 1834 706 aunuosprcsentibus
1877 652 1974 707 pro
2032 638 2305 708 expressis

734 726 1014 791 habentes,
1067 727 1172 782 tuis
1216 727 1273 782 in
1318 730 1419 781 bac
1446 737 1597 796 parte
1621 728 2108 798 supplicationibus
2147 730 2305 785 incli-

737 817 866 883 nati,
917 806 1389 885 circutuspectioni
1440 829 1543 874 tute
1579 819 1901 874 auctoritate
1950 829 2135 876 nostra
2169 835 2304 892 pra:-

733 909 899 983 dicta,
945 911 1329 965 canonicorum
1371 918 1427 964 et
1463 910 1871 978 praebendarum
1906 928 2192 969 numerum
2236 914 2302 969 ad

735 988 1026 1053 numerum
1071 1008 1310 1068 quatuor
1361 1001 1651 1056 reducendi
1682 1005 1745 1056 ac
1766 1003 2039 1059 statuendi
2073 1006 2303 1060 etordi-

734 1090 932 1155 naudi,
990 1092 1129 1159 quod
1182 1104 1436 1148 vacantes
1491 1092 1770 1161 praedicti,
1826 1104 1877 1147 et
1932 1103 2046 1150 tres
2089 1095 2180 1150 alii
2253 1096 2300 1151 si

730 1191 930 1235 vacant
961 1182 1025 1235 ad
1061 1196 1320 1250 praesens,
1354 1184 1437 1237 vel
1480 1198 1617 1253 quos
1643 1186 1821 1253 primo
1845 1200 2040 1240 vacare
2061 1188 2303 1254 contige-

734 1272 823 1335 rit,
853 1272 1103 1341 personis
1133 1268 1186 1324 in
1220 1273 1537 1339 sacerdotio
1583 1261 1888 1330 constitutis
1912 1291 2030 1345 qua:
2055 1275 2201 1344 apud
2216 1278 2301 1331 di-

731 1373 871 1414 ctam
920 1362 1198 1417 basilicam
1246 1364 1607 1429 personaliter
1647 1365 1885 1433 residere
1928 1366 2115 1436 illique
2138 1368 2189 1422 in
2218 1368 2298 1422 di-

728 1451 872 1505 vinis
918 1451 1228 1518 bujusmodl
1296 1452 1571 1509 deservire
1626 1467 1689 1509 ac
1744 1468 1930 1507 curam
1986 1456 2296 1521 praedictam

728 1555 915 1605 gerere
944 1549 998 1595 et
1018 1554 1272 1594 exercere
1295 1540 1552 1593 centinuo
1572 1550 1875 1595 teneantur.
1903 1541 2150 1610 Alioquin
2179 1556 2286 1595 non

730 1632 1025 1686 residentes
1072 1641 1124 1685 et
1182 1645 1283 1684 non
1328 1629 1717 1697 deservientes,
1764 1647 1830 1686 ac
1874 1647 2059 1686 curam
2098 1632 2296 1700 ‘liujus-

730 1723 869 1776 modi
921 1737 1025 1776 non
1070 1730 1403 1784 exercentes,
1452 1732 1510 1775 ut
1546 1720 2292 1790 praefertur,eauenicitibus

727 1822 782 1865 et
807 1812 1108 1879 praebendis
1138 1825 1229 1880 per
1251 1825 1344 1865 eos
1369 1810 1603 1866 obtentis
1636 1811 1907 1880 praedictis
1933 1812 2126 1880 privati
2167 1814 2295 1877 sint,

730 1903 911 1971 illique
950 1917 1143 1962 vacare
1185 1911 1509 1957 censeantur
1536 1915 1601 1957 eo
1627 1901 1763 1969 ipso,
1799 1902 1863 1955 de
1889 1909 2084 1956 cetero
2110 1894 2300 1970 perpe-

728 1994 836 2049 tuis
884 1994 1078 2048 l‘uturis
1128 1995 1461 2062 temporibus
1512 1992 1899 2054 conferantur,
1950 2007 2014 2046 ac
2064 1993 2299 2063 reliquos

728 2100 793 2139 ex
841 2082 1040 2141 eisdem
1086 2085 1495 2141 canonicatibus
1537 2095 1592 2139 et
1644 2085 1947 2153 pra-bendis
1993 2101 2154 2155 quam
2180 2086 2297 2156 pri-

727 2192 873 2230 muni
938 2176 1053 2232 illos
1117 2177 1277 2231 simul
1330 2174 1413 2230 vel
1460 2176 1768 2230 successive
1813 2190 1909 2245 per
1938 2191 2148 2230 cessum
2205 2186 2299 2231 aut

728 2268 1007 2322 decessum
1058 2269 1175 2323 illos
1222 2268 1589 2322 obtinentium
1617 2310 1632 2333 ,
1698 2281 1796 2321 seu
1853 2267 1971 2322 aliis
2018 2267 2299 2343 quibusvis

727 2357 901 2411 modis
944 2372 1138 2413 vacare
1175 2357 1491 2428 contigerit,
1524 2358 1735 2411 etiamsi
1777 2371 1967 2417 omnes
2005 2358 2299 2412 canonica-

728 2456 818 2501 tus
865 2442 920 2501 et
962 2447 1260 2514 prazbendat
1312 2447 1396 2500 vel
1432 2429 1621 2501 eorum
1668 2435 1835 2514 aliqui
1864 2446 2172 2513 specialiter
2204 2459 2299 2501 seu

725 2538 1054 2607 generaliter
1107 2536 1445 2603 dispositioni
1492 2536 1801 2607 apostolica:
1849 2537 2107 2590 reservati
2151 2536 2303 2590 essi-

726 2639 901 2695 stant,
930 2627 1293 2698 supprimendi
1325 2629 1541 2696 penitus
1570 2637 1625 2681 et
1654 2626 2054 2695 exstinguendi;
2086 2640 2150 2680 ac
2176 2627 2303 2681 sub-

718 2700 1014 2788 sequenter
1045 2729 1236 2782 terras,
1258 2718 1404 2787 jura,
1429 2716 1799 2787 possessiones
1820 2726 1873 2769 et
1895 2715 2033 2769 bona
2057 2730 2305 2785 suppres-

726 2825 909 2863 eorum
959 2807 1372 2863 cmonicatuum
1424 2818 1477 2861 et
1529 2807 1944 2880 pra-bendarum
1999 2806 2305 2876 huiusmodi

727 2902 881 2955 dicta:
938 2911 1163 2963 mensa,
1215 2900 1260 2954 si
1308 2914 1411 2969 qua
1447 2900 1555 2965 sit,
1588 2897 1827 2969 alioquin
1855 2900 2088 2953 de-nova
2120 2914 2213 2967 per
2253 2909 2304 2955 te

726 2992 1071 3046 instituenda:
1108 3005 1205 3061 pro
1236 2989 1571 3060 quotidianis
1623 2989 2094 3044 distributionibus
2142 2990 2299 3051 inter

726 3084 1021 3137 canonicos
1045 3093 1096 3137 et
1129 3083 1436 3149 capellanos
1462 3082 1704 3152 ejusdem
1738 3081 1975 3136 basilice
2004 3082 2055 3134 in
2084 3080 2172 3135 illa
2197 3080 2286 3136 di-

726 3176 866 3229 vinis
900 3174 1090 3229 ciliciis
1114 3174 1501 3228 interessentes
1527 3172 1915 3227 distribuendis
1943 3187 2065 3225 cum
2095 3186 2287 3227 eorum

730 3268 1015 3327 fructibus,
1064 3265 1360 3319 redditibus
1410 3278 1474 3316 ac
1507 3264 1887 3331 proventibus,
1914 3263 2301 3334 aliisquejuri—

730 3358 833 3411 bus
865 3364 917 3411 et
944 3355 1288 3424 pertinentiis
1325 3356 1440 3407 suis
1468 3354 1518 3406 in
1554 3360 1879 3423 perpetuum
1907 3355 2149 3422 uuiendi,
2189 3369 2295 3410 an-

734 3448 1005 3510 nectendi,
1034 3445 1333 3515 applicandi
1388 3457 1439 3499 et
1490 3445 1860 3515 approbandi,
1914 3462 2125 3502 necnon
2156 3452 2298 3517 quod

736 3538 975 3611 interim,
997 3550 1278 3606 quousque
1299 3535 1539 3589 reductio
1572 3542 1627 3589 et
1654 3534 1756 3588 alia
1791 3536 2095 3605 przemissa.
2132 3539 2175 3591 si
2196 3552 2316 3613 per

734 3637 787 3681 te
832 3627 978 3689 ﬂent,
1032 3625 1267 3680 debitum
1320 3624 1617 3679 sortiantur
1663 3622 1933 3690 effectum,
1980 3626 2204 3695 quilibet
2233 3643 2297 3682 ex

736 3715 893 3768 dictis
916 3713 1193 3768 canonicis
1223 3714 1360 3780 apud
1392 3710 1670 3781 pra-latam
1710 3713 1989 3767 basilicam
2022 3730 2125 3768 non
2158 3717 2299 3770 resi-

737 3805 1016 3867 dentibus,
1069 3815 1120 3857 et
1163 3803 1219 3857 in
1269 3803 1358 3855 illa
1388 3803 1585 3855 divinis
1620 3801 1811 3857 oliiciis
1840 3804 2151 3873 huiusmodi
2191 3814 2304 3860 non”

742 3897 1190 3951 intercssentibus
1218 3907 1380 3947 unam
1412 3894 1674 3948 duntaxst
1704 3896 1988 3963 percipiat,
2030 3898 2136 3949 alia
2171 3913 2300 3951 vero
2331 3912 2336 3914 '

746 3990 1005 4043 medietas
1043 4002 1260 4041 suorum
1316 3987 1727 4041 canonicatuutn
1788 3986 1943 4056 117
1973 3998 2028 4042 et
2060 3990 2303 4058 praeben—

738 4084 925 4133 narum
958 4080 1263 4147 bujusinodi
1295 4078 1451 4132 dictae
1478 4093 1677 4132 mensa:
1703 4092 1800 4147 pro
1826 4062 2303 4133 distributionibus

740 4169 975 4236 praelatis
999 4170 1341 4236 assignetur,
1368 4171 1621 4239 quodque
1656 4170 1834 4222 nullus
1876 4183 1939 4223 ex
1982 4170 2182 4225 eisdem
2216 4186 2305 4223 ea-

742 4259 950 4311 nnnicis
974 4259 1039 4310 de
1063 4260 1333 4325 praedictis
1362 4274 1455 4312 seu
1485 4260 1606 4313 aliis
1630 4260 2115 4315 distributionibus
2135 4262 2304 4331 ipsius

742 4348 994 4413 basiliczn,
1026 4349 1233 4401 etiamsi
1285 4348 1371 4401 illa
1422 4351 1471 4401 in
1502 4349 1880 4404 oblationibus
1927 4367 2018 4404 seu
2042 4352 2165 4405 aliis
2189 4354 2307 4421 qui-

742 4440 1059 4505 buscunquu
1098 4439 1417 4500 consistant,
1453 4453 1549 4505 pro
1594 4441 1889 4491 resldentia
1930 4454 2021 4493 seu
2074 4442 2308 4497 interes-

744 4532 915 4585 scntia
948 4530 1190 4595 alicujus
1232 4528 1335 4579 diei
1365 4527 1565 4594 aliquid
1594 4528 1871 4595 percipere
1901 4530 2089 4596 possit,
2124 4534 2223 4585 uisi
2252 4534 2304 4588 in

744 4621 930 4673 eadem
986 4618 1203 4671 basilica
1246 4632 1341 4683 per
1387 4626 1553 4669 totum
1581 4631 1778 4670 annum
1814 4617 2156 4673 residentiam
2188 4638 2307 4690 per-

745 4711 981 4766 sonalem
1028 4709 1217 4763 iecerit
1264 4720 1317 4762 et
1362 4710 1413 4761 in
1451 4723 1512 4762 ea
1560 4708 1755 4761 divinis
1788 4708 2094 4776 huiusmodi
2147 4714 2308 4768 inter-

748 4804 930 4863 luerit,
960 4815 1019 4851 ac
1054 4800 1234 4852 omnia
1268 4808 1320 4851 et
1353 4798 1561 4866 singula
1600 4798 1703 4851 alia
1738 4798 1881 4850 circa
1916 4802 2190 4867 praemissa
2216 4819 2308 4859 ne-

748 4894 985 4945 cessaria
1008 4932 1021 4955 ,
1060 4906 1155 4945 seu
1186 4890 1596 4957 quomodolibet
1630 4898 1932 4957 opportuna
1959 4928 1973 4952 ,
2011 4895 2304 4959 statuendi,

749 4984 1053 5046 ordinandi,
1080 4984 1423 5043 decernendi,
1454 4982 1681 5037 faciendi
1707 4992 1763 5035 et
1788 4984 2115 5051 exsequendi
2140 5000 2154 5049 ;
2183 4999 2310 5038 con-

754 5076 1073 5130 tradictores
1109 5088 1324 5142 quoque
1365 5088 1458 5141 per
1490 5088 1772 5127 censuram
1804 5073 2237 5127 ecclesiasticam.
2258 5085 2309 5130 ct

752 5168 852 5218 alia
907 5167 1042 5234 juris
1083 5168 1341 5229 remedia,
1389 5167 1747 5234 appellatione
1806 5166 2124 5233 postposita,
2165 5183 2312 5222 eom-

753 5260 1005 5325 pescendi
1059 5259 1269 5325 plenam
1296 5269 1351 5312 et
1397 5258 1619 5311 liberam
1662 5260 1982 5313 auctoritate
2019 5261 2312 5325 apostolica

756 5361 937 5401 tenore
994 5352 1336 5417 prmsentium
1397 5350 1742 5403 concedimus
1794 5350 2100 5402 facultatem
2144 5366 2157 5402 :
2206 5367 2311 5405 non

755 5441 1092 5493 obstantibus
1126 5440 1537 5507 quibuscunque
1566 5441 2047 5493 constitutionibus
2083 5450 2135 5493 et
2169 5442 2315 5494 ordi-

757 5524 1061 5580 nationibus
1113 5529 1461 5595 apostolicis,
1519 5544 1583 5584 ac
1640 5533 1797 5583 dictae
1855 5531 2099 5584 basilicae
2164 5533 2315 5599 jura-

758 5625 969 5678 mento,
1011 5618 1415 5675 confirmatione
1456 5622 1750 5687 apostolica
1778 5664 1791 5687 ,
1848 5622 1927 5677 vel
1980 5622 2167 5691 quavis
2220 5623 2310 5677 [ir-

1522 247 1619 310 ΒΕ
1654 247 1833 311 νῐτΑ
1872 247 1968 310 ετ
2007 250 2264 313 assus
2295 249 2571 347 Gssrts
2605 223 3111 318 ssssamorns

3854 269 3961 313 ιιπ

2417 369 2604 425 unitate
2653 370 2757 425 alia
2810 370 3127 434 roboratis,
3191 368 3417 426 statutis
3466 372 3524 426 et
3572 370 3959 426 consuetudini-

2412 460 2552 524 bus.
2601 461 2816 517 etiamsi
2870 463 2937 517 de
2978 460 3090 518 illis
3118 475 3421 533 summque
3449 461 3579 517 totis
3606 458 3883 517 terroribus
3905 461 3960 516 de

2413 548 2580 616 verbo
2638 551 2708 607 ad
2771 551 2993 607 verbum
3044 551 3100 606 in
3141 550 3499 620 praesentibus
3545 549 3794 611 habenda
3841 548 3961 605 foret

2414 640 2637 704 mentio,
2681 639 2895 710 quibus
2920 640 3194 705 omnibus,
3230 639 3368 694 alias
3399 638 3453 693 in
3487 652 3589 692 suo
3625 637 3823 692 robore
3853 651 3961 705 pcr-

2411 731 2704 801 mansuris,
2753 730 3023 799 derogare
3072 729 3405 785 intendimus
3444 736 3501 783 et
3539 727 3857 795 ἀοι-θρωπε
3881 740 3961 795 μί’

2410 829 2738 889 praesentes,
2782 821 3103 893 privilegiis,
3155 820 3345 891 gratiis
3375 829 3431 874 et
3474 817 3699 874 indultis
3742 815 3810 872 de
3856 828 3962 884 por-

2408 909 2672 977 cipiendis
2713 912 2981 968 fructibus
3025 914 3081 968 in
3130 911 3374 968 absentia
3422 910 3720 980 pmertim
3747 908 3961 977 patriar-

2407 998 2645 1054 cliallum
2699 1000 3058 1071 ecclesiarum
3111 1002 3179 1056 de
3229 1002 3371 1055 dicta
3410 999 3543 1055 urbe
3581 997 3960 1065 esuonieispro

2411 1094 2649 1152 tempore
2696 1088 3085 1143 essisteutibus
3138 1103 3236 1159 per
3285 1089 3469 1144 sedem
3519 1088 3874 1159 apostolicam
3907 1087 3960 1139 in

2409 1176 2590 1243 specie
2640 1190 2733 1231 seu
2764 1177 2817 1231 in
2852 1177 3049 1247 genere
3076 1180 3372 1245 concessis,
3399 1180 3723 1249 ceterisque
3756 1186 3963 1232 contra-

2408 1266 2506 1320 riis
2550 1266 2987 1337 quibuscunque.
3017 1270 3126 1322 Aut
3146 1268 3207 1323 si,
3226 1266 3392 1336 aliqui
3425 1266 3724 1335 apostolica
3749 1264 3833 1318 vel
3869 1263 3960 1318 alia

2407 1357 2600 1432 quavis
2642 1359 2965 1413 auctoritate
3011 1360 3068 1412 in
3106 1357 3253 1412 dicta
3302 1356 3526 1411 basilica
3578 1356 3629 1411 in
3680 1355 3961 1410 canonicos

2406 1447 2515 1503 sint
2545 1451 2773 1519 recepti,
2806 1450 2893 1509 vel
2921 1449 3345 1519 ut-recipiantur
3382 1434 3662 1512 insistant,
3694 1460 3786 1501 seu
3809 1458 3962 1515 super

2402 1539 2801 1606 provisionibus
2847 1542 2951 1597 sibi
3030 1540 3415 1595 faciendirde
3458 1537 3867 1594 canonicatibus
3913 1544 3961 1589 et

2406 1629 2710 1695 praebendis
2757 1630 2924 1698 ipsius
2956 1629 3193 1685 basilice
3219 1622 3506 1700 speciales,
3535 1629 3618 1680 vel
3651 1626 3772 1679 aliis
3802 1627 3959 1679 bene-

2406 1717 2545 1773 ﬂciis
2566 1720 2965 1791 ecclesiasticis
3000 1722 3050 1775 in
3084 1721 3192 1775 illis
3236 1720 3480 1790 partibus
3506 1718 3783 1786 generales
3812 1717 3961 1771 dicta:

2405 1810 2550 1863 sedis
2575 1809 2654 1863 vel
2682 1808 2980 1879 legatorum
3006 1810 3350 1879 impetrarim
3375 1810 3605 1873 litteras,
3633 1809 3848 1864 etiamsi
3873 1821 3962 1877 per

2404 1913 2502 1954 cas
2543 1901 2611 1952 ad
2664 1900 3063 1964 inbibitionem,
3121 1898 3542 1955 reservationem
3583 1908 3639 1955 et
3668 1900 3960 1961 decretum,

2407 1991 2487 2045 vel
2538 1990 2659 2047 aliis
2684 1991 3092 2061 quomodolibet
3128 1992 3200 2046 sit
3229 1992 3543 2059 provisum,-
3572 2006 3707 2062 quas
3744 1993 3956 2061 quidem

2406 2080 2615 2134 litteras
2649 2087 2715 2134 et
2759 2092 3045 2146 processus
3075 2079 3295 2133 habites
3327 2093 3424 2147 per
3452 2078 3704 2141 easdem‘,
3759 2094 3962 2134 necnon

2406 2184 2742 2241 quaecunque
2772 2169 2896 2223 inde
2933 2177 3141 2233 secuta,
3166 2170 3230 2226 ad
3264 2169 3613 2225 canonicatus
3638 2178 3697 2223 et
3717 2170 3960 2239 praeben-

2408 2263 2507 2316 das
2562 2252 2868 2329 bujusmodi
2923 2261 3173 2315 volumus
3217 2276 3322 2335 non
3365 2261 3605 2327 extendi,
3634 2261 3728 2316 sed
3764 2262 3961 2315 nullum

2407 2366 2502 2420 per
2528 2351 2631 2406 hoc
2669 2338 2750 2406 eis
2800 2351 2991 2422 quoad:
3029 2338 3423 2422 assecntionern
3465 2354 3885 2409 canonicatuum
3914 2364 3963 2409 et

2407 2441 2812 2508 prabendarum
2868 2453 2965 2497 aut
3016 2443 3400 2499 beneﬁciorum
3440 2443 3671 2503 alierum
3715 2444 3966 2513 prejudi-

2402 2525 2552 2581 cium
2592 2521 2900 2601 generari;
2970 2545 3182 2586 necnon
3243 2534 3572 2601 quibuslibet
3633 2533 3755 2591 aliis
3804 2534 3965 2604 privi-

2411 2620 2567 2687 legiis
2588 2659 2606 2683 ,
2643 2619 2991 2689 indulgeutiis
3021 2631 3074 2675 et
3119 2621 3315 2676 litteris
3347 2624 3658 2690 apostolicis
3694 2625 3963 2693 generali-

2411 2711 2510 2762 bus
2555 2708 2639 2762 vel
2678 2708 3000 2775 specialibus
3052 2723 3501 2777 quoruincunque
3548 2700 3795 2763 tenerum
3818 2711 3965 2765 essi-

2411 2808 2585 2866 staut,
2621 2813 2716 2868 per
2745 2814 2863 2867 quae
2891 2798 3250 2869 praesentibus
3279 2810 3385 2851 non
3413 2810 3669 2866 expressa
3708 2798 3793 2851 vel
3817 2807 3968 2852 tota-

2411 2891 2534 2945 liter
2581 2906 2685 2946 non
2738 2890 2943 2945 inserta
2996 2891 3220 2947 ell‘ectus
3256 2901 3455 2943 carum
3502 2885 3749 2956 impediri
3794 2888 3968 2940 valeat

2410 2978 2811 3050 quomodolibet
2849 2977 2933 3032 vel
2976 2976 3204 3041 diiIerri,
3237 2983 3289 3030 et
3320 2978 3386 3030 de
3408 2975 3604 3044 quibus
3632 2989 3969 3045 quorumque

2413 3072 2542 3127 totis
2574 3068 2854 3125 terroribus
2899 3067 3145 3123 habenda
3173 3067 3238 3123 sit
3280 3066 3333 3121 in
3369 3066 3569 3121 nostris
3598 3066 3792 3122 litteris
3820 3081 3969 3121 men-

2414 3163 2486 3217 tio
2507 3161 2778 3231 specialis.
2807 3158 2925 3215 Nos‘
2949 3157 3095 3213 enim
3119 3173 3186 3213 es
3215 3172 3354 3213 nunc
3384 3157 3598 3212 irritum
3625 3158 3969 3214 decernimus

2410 3267 2460 3311 et
2502 3254 2681 3320 inane,
2730 3252 2774 3307 si
2807 3265 2967 3307 secus
2997 3264 3159 3319 super
3191 3249 3257 3303 iis
3280 3264 3312 3303 a
3340 3249 3506 3318 118
3528 3262 3804 3318 quoquam
3838 3248 3973 3319 qua“-

2412 3347 2493 3401 vis
2545 3343 2884 3410 auctbritate,
2933 3342 3169 3398 scienter
3210 3338 3297 3395 vel
3346 3339 3655 3406 ignoranter
3686 3340 3974 3411 contigerit

2410 3438 2734 3507 attentptari.

2482 3530 2669 3585 Datum
2715 3528 2898 3583 Rome
2940 3525 3082 3596 apud
3129 3524 3188 3580 S.
3237 3522 3478 3588 Petrum,
3526 3537 3667 3578 anno
3694 3522 3969 3578 lnearnat.

2410 3622 2699 3676 Dominicte
2762 3618 3045 3674 millesimo
3078 3614 3621 3688 [quadringentesimo
3668 3615 3975 3683 quadrage-

2410 3714 2549 3767 simo
2603 3712 2796 3774 tertio,
2856 3726 2910 3764 ιι
2961 3708 3081 3763 Kal.
3138 3707 3351 3774 Martii,
3407 3706 3751 3777 pontiﬁcatus
3802 3704 3975 3762 nostri

2408 3818 2552 3857 anno
2586 3818 2699 3857 3111.

2412 3986 2628 4042 Statuta
2656 3996 2703 4040 et
2746 3987 3103 4038 ordinationes
3140 3981 3387 4054 Ecclesia:
3417 3981 3516 4040 SS.
3547 3982 3661 4039 XII
3693 3983 3978 4054 Apostolo-

3001 4069 3117 4104 rum
3146 4054 3208 4103 de
3248 4051 3403 4106 Urbe.

2483 4170 2789 4229 Bessarion.
2816 4168 3163 4222 miseratione
3210 4154 3393 4229 divina
3429 4165 3531 4221 SS.
3565 4164 3659 4220 ΧΠ
3689 4168 3979 4236 Aposmlo-

2416 4278 2530 4315 rnm
2595 4262 2659 4315 de
2710 4258 2854 4313 Urbe
2904 4264 3078 4327 presb.
3127 4257 3375 4321 θαι-Δίῃ..
3428 4257 3644 4313 dilectis
3674 4259 3868 4313 nobis
3920 4260 3975 4311 in

2413 4353 2629 4408 Cbristo
2678 4337 2931 4421 capitulo,
2967 4350 3240 4404 canonicis
3286 4356 3340 4401 et
3385 4348 3674 4417 capellanis
3703 4348 3867 4402 dic-tte
3892 4362 3985 4402 ec

2416 4444 2590 4499 clesiae
2617 4442 2839 4495 salutent
2875 4442 2926 4494 in
2961 4438 3070 4495 Deo
3099 4440 3502 4509 sempiternam.

2487 4534 2751 4599 Quoniam
2786 4531 3043 4587 eﬂ‘renata
3077 4529 3348 4583 hominum
3390 4528 3657 4598 cupiditas
3696 4538 3753 4583 et
3786 4528 3986 4584 noxius

2415 4627 2701 4696 appetitus,
2751 4638 2964 4693 semper
3010 4623 3075 4675 ad
3126 4620 3323 4674 malum
3393 4635 3487 4675 sua
3527 4619 3789 4674 labilitate
3818 4619 3989 4673 decli-

2420 4705 2579 4782 nans,
2627 4714 2745 4789 nisi,
2772 4716 2872 4769 sub
2919 4714 3061 4784 juris
3102 4722 3153 4767 et
3201 4711 3427 4765 rationis
3470 4712 3650 4780 regula
3690 4709 3985 4771 limitctur,

2419 4808 2583 4877 prava
2642 4806 2874 4876 quadam
2923 4804 3181 4858 abusione
3238 4811 3294 4854 et
3340 4800 3643 4868 corruptela
3700 4799 3847 4854 bene
3910 4799 3990 4849 vi-

2418 4899 2571 4953 vendi
2596 4897 2799 4968 justum
2829 4896 3072 4950 ordinem
3101 4890 3419 4958 corrumpit,
3452 4893 3635 4959 sicque
3665 4891 3874 4958 passim
3908 4888 3992 4941 di-

2418 4992 2539 5043 vina
2586 4989 2785 5058 pariter
2826 4995 2882 5040 et
2922 4986 3156 5038 humana
3204 4982 3450 5035 instituta
3483 4978 3794 5051 aequissima
3826 4981 3991 5047 depe-

2418 5090 2577 5135 reunt
2606 5098 2619 5133 :
2650 5074 3135 5142 idcirco,volentes
3168 5072 3232 5124 ad
3267 5072 3523 5126 honorem
3554 5082 3608 5125 et
3638 5071 3862 5125 laudem
3902 5070 3991 5123 Αιο

2421 5172 2645 5237 tissimi,
2704 5170 2943 5225 omnium
3001 5165 3305 5232 Creatoris,
3358 5150 3718 5234 apostolorum
3769 5178 3996 5233 quoque

2418 5262 2649 5331 Philippi
2694 5269 2747 5315 et
2798 5258 3004 5321 Jacobi,
3038 5271 3265 5323 quorum
3304 5264 3545 5325 “corpora
3584 5254 3636 5308 in
3670 5254 3868 5310 eadem
3907 5271 3997 5311 ec-

2422 5354 2584 5409 clesia
2636 5346 2909 5405 recondita
2957 5355 3101 5408 sum,
3136 5354 3186 5399 et
3221 5345 3449 5399 aliorum
3477 5342 3863 5415 apostolorum
3894 5350 3995 5395 sub

2423 5459 2648 5512 quorum
2701 5438 3007 5495 nominibus
3061 5438 3197 5491 dicta
3248 5435 3477 5490 ecclesia
3508 5422 3839 5487 censecrata
3892 5444 3997 5493 est,

2422 5548 2625 5601 proque
2684 5529 3028 5596 ampliatione
3096 5526 3260 5581 divini
3313 5525 3488 5578 cultus
3554 5520 3877 5591 respicere,
3937 5532 4002 5575 ac

2425 5626 2583 5681 etiam
2618 5639 2682 5679 ex
2713 5623 2890 5678 debito
2933 5621 3104 5677 nostri
3134 5619 3293 5685 tituli,
3342 5630 3447 5687 quo
3473 5612 3647 5672 eidem
3681 5612 4000 5683 praesidea-
