4138 6328
134 183 143 192 ’
198 236 287 283 ιιν
804 232 1101 297 Αιοῖειι
1144 191 1506 301 ΒΑΝυιΝιὶ
1535 238 1766 341 contu

1814 243 2158 341 NTARIUS.
2181 221 2255 283 4-
2288 242 2695 310 sreame.
2730 199 2734 202 ’

191 352 262 399 tas
293 341 528 421 ecclesia
549 342 619 399 ad
660 344 715 400 id
766 360 868 402 uos
898 351 1289 434 cognoscimus
1316 352 1604 420 obligatos,
1634 356 1737 407 in—‘

189 434 481 501 inscriptas
534 435 806 494 edidimus
851 451 1020 510 super
1051 440 1439 499 reformatione
1485 443 1725 513 prmiat-e

185 524 400 579 ecclesiae
426 538 493 580 ac
515 527 887 584 ministrorum
911 531 1029 600 eius
1049 533 1461 589 constitutiones
1484 534 1725 603 etjreior-
1764 545 1766 549 '

186 617 431 671 mationes
465 626 573 671 tam
614 620 999 699 spiritualium.
1024 638 1182 693 quam
1213 626 1607 694 temporalium.
1642 627 1723 682 Ad

185 722 266 761 eas
318 706 498 775 igitur,
554 709 881 777 lilii‘dilecti,
915 713 1173 785 inclinate
1203 717 1529 771 unanimiter
1562 731 1725 773 aures

185 809 397 863 vestras,
452 799 710 865 adhibete.
758 798 1196 874 promptitedinis
1230 808 1585 877 intellectum,
1612 811 1727 866 col-

187 890 390 958 ligentes
440 894 708 949 seminum
756 897 964 954 fructus
1004 909 1143 969 quos
1171 900 1225 954 in
1249 915 1378 970 agro
1405 894 1600 957 vestras
1631 905 1725 957 de.-

187 980 396 1035 votionis
446 984 784 1051 providentia
841 998 1068 1057 paterna
1121 994 1465 1061 conspersit,
1520 992 1600 1047 sic
1658 1007 1724 1047 ea

183 1070 361 1125 culturi
405 1072 589 1149 studio
622 1074 886 1145 diligenti,
922 1080 1066 1150 quod
1099 1096 1289 1153 sparsa
1324 1082 1651 1138 iructiiicent
1670 1092 1726 1139 et

182 1163 375 1229 operosi
416 1163 614 1220 laboris
638 1178 910 1236 speratam
932 1170 1223 1226 utilitatem
1256 1174 1581 1229 conducant.
1617 1171 1724 1229 Eas

183 1249 331 1317 igitur
362 1251 663 1320 huiusmodi
694 1243 1117 1317 constitutiones
1148 1269 1205 1317 et
1233 1263 1601 1318 ordinationes
1630 1277 1724 1317 vo-

182 1341 257 1395 bis
291 1352 343 1396 et
382 1343 605 1401 cuilibet
634 1357 873 1403 vestrum
908 1353 1007 1407 sub
1034 1353 1208 1423 pomis
1236 1355 1287 1407 in
1317 1354 1383 1408 iis
1414 1354 1722 1411 constitutis

182 1433 437 1489 observari
465 1438 806 1508 praecipimus
835 1452 891 1507 et
914 1442 1247 1501 mandamus.

360 1566 436 1621 De
476 1586 690 1625 numero
717 1574 1087 1629 canonicorum
1129 1587 1179 1631 et
1207 1577 1512 1635 residentia.

241 1700 294 1754 in
343 1702 531 1770 primis
560 1707 776 1777 quidem
811 1711 1102 1765 statuimus
1137 1721 1193 1766 et
1216 1712 1549 1779 ordinamus,
1578 1709 1718 1784 quod

182 1790 228 1844 in
269 1793 401 1847 dicta
431 1786 975 1868 ecclesia'perpettiis
1018 1800 1213 1857 l’ututis
1241 1804 1576 1873 temporibus
1609 1805 1720 1861 sint

181 1891 227 1935 et
254 1898 367 1937 esse
395 1884 630 1940 debeant
656 1898 887 1955 quatuor
914 1891 1162 1945 canonici
1196 1893 1525 1961 praebendati
1574 1894 1718 1949 dun-

184 1982 331 2036 taxat,
382 1974 538 2043 juxta
591 1978 1037 2034 constitutionem
1076 1992 1129 2035 et
1175 1983 1573 2040 ordinationem
1622 1984 1714 2039 iel.

180 2066 369 2117 record.
429 2066 656 2134 Eugenii
708 2083 856 2135 papae
896 2067 1195 2139 lV,‘prout
1236 2073 1288 2127 in
1327 2074 1495 2140 ipsius
1521 2074 1717 2129 litteris

182 2148 327 2217 119
364 2166 526 2218 super
561 2155 684 2208 inde
718 2156 979 2212 coniectis
1008 2159 1219 2225 plenius
1248 2163 1574 2215 continetur.
1610 2162 1713 2227 Qui

177 2240 375 2306 quidem
408 2251 639 2308 quatuor
672 2246 934 2313 canonici,
962 2249 1053 2315 qui
1088 2262 1185 2317 pro
1218 2257 1457 2317 tempore
1485 2251 1709 2317 iuerint,

179 2325 444 2382 teneantur
495 2338 551 2386 et
582 2331 808 2388 debeant
850 2335 906 2388 in
943 2335 1085 2391 dicta
1126 2338 1353 2393 ecclesia
1383 2340 1620 2394 residere
1650 2354 1716 2397 ac

178 2432 483 2475 nocturnam
526 2422 659 2477 inibi
690 2424 1033 2481 residentiam
1068 2444 1162 2497 per
1189 2428 1357 2484 totum
1398 2444 1597 2486 annum
1626 2431 1712 2486 in-

177 2520 367 2578 tegrum
410 2527 439 2566 a
515 2511 743 2573 Kalend.
792 2520 994 2574 mensis
1024 2517 1295 2586 Octobris,
1322 2506 1381 2576 et
1408 2523 1717 2578 successive

176 2606 504 2673 utsequitur,
526 2607 783 2662 continuo
814 2606 1025 2675 facere;
1058 2611 1307 2681 quodque
1332 2611 1379 2667 si
1408 2614 1713 2682 huiusmodi

177 2696 505 2749 residentiam
558 2698 894 2768 integraliter
936 2714 1043 2756 non
1086 2700 1337 2770 iecerint,
1384 2707 1477 2761 sed
1503 2720 1598 2774 per
1621 2721 1714 2761 sex

175 2796 363 2840 tantum
410 2803 624 2843 menses
670 2792 1141 2858 pernoctaverint,
1194 2804 1302 2849 tres
1332 2795 1563 2851 ﬂorenos
1602 2796 1712 2849 Ro-

172 2890 381 2944 manus;
430 2882 523 2948 qui
577 2895 703 2935 vero
753 2882 1010 2953 integram
1072 2884 1414 2940 residentiam
1471 2888 1713 2954 perfece-

174 2968 271 3021 rint
295 2978 388 3038 pe'r
436 2980 609 3024 totum
658 2964 883 3036 annum,
929 2987 1026 3029 sex
1071 2972 1308 3030 ﬂorenos
1352 2977 1599 3032 similiter
1647 2979 1712 3033 de

173 3060 538 3115 communibus
562 3061 804 3117 ecclesia
829 3064 1219 3132 proventibusa
1243 3069 1539 3123 camerario
1556 3069 1712 3125 dictae

171 3152 400 3206 ecclesia
448 3154 566 3221 qui'
604 3152 767 3208 fuerit
811 3170 908 3222 pro
961 3165 1201 3226 tempore
1254 3158 1587 3226 percipiant;
1648 3175 1712 3214 ac

169 3242 249 3308 qui
302 3244 479 3297 minus
509 3259 603 3298 ses
643 3245 918 3330 mensibus
945 3249 1362 3315 pernoctaverit,
1409 3251 1511 3303 nisi
1557 3250 1711 3303 iniir-

170 3330 343 3385 mitate
397 3340 492 3385 aut
542 3332 648 3386 alia
699 3333 939 3403 legitima
985 3350 1149 3391 causa
1191 3336 1351 3391 luerit
1395 3339 1707 3408 impeditus,

168 3421 290 3474 nihil
318 3425 541 3496 omnino
574 3425 853 3494 percipiat.
881 3426 938 3480 Si
964 3441 1092 3482 vero
1111 3427 1304 3495 aliquis
1324 3431 1708 3485 canonicorum

167 3526 252 3580 per
296 3529 497 3567 annum
543 3516 802 3584 integrum
852 3517 1200 3581 residentiam
1236 3533 1342 3571 non
1376 3520 1584 3585 fecerit,
1619 3535 1709 3576 ca-

169 3602 407 3657 Itonicatu
452 3602 686 3671 praelatae
735 3605 985 3657 ecclesiae
1026 3607 1095 3657 sit
1134 3606 1247 3673 ipso
1277 3606 1415 3662 iacto
1442 3610 1705 3676 privatus,

169 3690 231 3741 ita
255 3691 390 3758 quod
428 3708 495 3746 ex
524 3701 633 3745 tum
662 3693 803 3746 dicto
837 3708 977 3747 anno
1000 3693 1205 3762 elapso,
1239 3697 1344 3751 nisi
1375 3700 1439 3752 de
1470 3699 1705 3766 legitimo

169 3778 539 3844 impedimento
570 3782 910 3847 constiterit,
950 3784 1106 3839 liceat
1144 3788 1400 3841 cardinali
1446 3804 1541 3857 pro
1576 3800 1707 3862 tem-

165 3883 283 3937 pore
335 3872 639 3935 exsistenti,
681 3887 774 3928 seu
820 3879 980 3929 etiam
1020 3877 1220 3932 vicario
1246 3869 1622 3935 canonicalum
1652 3888 1706 3935 et

165 3962 495 4025 pmbendam
544 3978 647 4018 non
696 3966 983 4023 residentis
1054 3972 1302 4025 canonici
1331 3972 1421 4026 alii
1477 3974 1544 4028 de
1584 3975 1704 4043 jure

163 4051 421 4115 conferre,
452 4070 551 4109 nec
573 4059 869 4126 superioris
909 4062 1083 4131 aliqua
1108 4063 1244 4130 juris
1274 4062 1585 4120 solemnitas
1612 4073 1703 4118 aut

162 4149 413 4199 sententia
448 4149 761 4215 privationis
796 4162 849 4205 et
881 4154 1231 4208 declaratoria
1262 4157 1594 4225 requiratur.

163 4256 225 4309 De
253 4261 557 4325 juramento
616 4264 853 4316 canonici
902 4280 1001 4316 non
1060 4266 1331 4320 residentis
1364 4278 1411 4320 et
1471 4270 1702 4323 absentia

496 4332 824 4399 puntillanda
857 4349 949 4399 per
986 4339 1352 4390 camerarium.

220 4439 366 4507 item,
410 4458 476 4496 ne
511 4442 561 4496 in
600 4446 961 4509 pernOCtando
997 4445 1145 4500 fraus
1181 4449 1356 4516 aliqua
1401 4451 1703 4503 committa-

159 4522 304 4583 tnrin
344 4546 639 4599 posterum,
680 4536 968 4589 statuimus
998 4537 1388 4608 etordinantu's
1414 4532 1553 4609 quod
1590 4544 1699 4596 sin-

156 4622 282 4685 gulis
310 4624 519 4676 duobus
565 4623 836 4677 mensibus
886 4625 1111 4702 quilibet
1147 4630 1434 4684 canonirus
1459 4640 1701 4684 teneatur

158 4719 201 4761 et
233 4712 421 4763 debeat
458 4712 508 4763 in
531 4712 774 4765 manibus
803 4714 1007 4781 prmiali
1035 4718 1216 4770 vicarii
1245 4719 1535 4773 cardinalis
1567 4734 1699 4785 prte—

155 4803 367 4852 sentinm
396 4816 491 4854 seu
515 4802 825 4855 absentiam
867 4820 1018 4858 suam
1052 4817 1367 4861 nocturnam
1409 4809 1585 4862 medio
1617 4809 1696 4877 ju-

154 4904 385 4945 ramento
437 4906 721 4961 accusare,
764 4904 819 4947 et
878 4897 1211 4951 camerarius
1268 4898 1422 4950 dictae
1457 4898 1695 4951 ecclesiae

155 4979 283 5032 idum
320 4984 371 5034 in
432 4982 567 5034 libro
594 4996 691 5035 suo
716 4993 977 5037 annotare
1010 4995 1061 5038 et
1086 4986 1391 5039 describere
1414 4994 1695 5053 teneatur;

152 5070 213 5123 ita
245 5076 383 5142 quod
418 5073 681 5143 completo
715 5089 858 5129 anno
888 5078 1187 5131 residentis:
1235 5078 1499 5146 praedicta:
1528 5078 1698 5145 possit

151 5161 209 5213 de
261 5166 545 5231 praesentia
572 5170 625 5218 et
646 5165 882 5219 absentia
918 5169 1160 5222 canonici
1225 5178 1492 5220 constare.

150 5298 213 5347 De
244 5302 448 5351 duabus
480 5302 649 5353 missis
692 5302 924 5354 dicendis
985 5305 1213 5370 quotidie
1270 5318 1359 5371 per
1398 5307 1692 5359 canonicos.

213 5414 357 5477 item,
396 5416 684 5469 statuimus
716 5425 769 5469 et
801 5419 1113 5471 ordinamus
1148 5420 1281 5485 quod
1310 5420 1433 5471 dicti
1462 5434 1693 5486 quatuor

148 5506 379 5558 canonici
414 5515 703 5559 teneantur
728 5512 788 5559 ad
820 5509 997 5563 minus
1026 5512 1281 5579 qualibet'
1306 5511 1391 5563 die
1422 5512 1692 5565 celebrare

146 5594 266 5650 duas
297 5596 491 5649 missas
519 5596 815 5651 secundum
846 5608 971 5653 nota
996 5614 1010 5663 ;
1038 5608 1089 5653 et
1120 5599 1161 5654 si
1191 5598 1485 5655 defecerint
1536 5603 1688 5667 quili-

3253 261 3379 309 me

1816 338 1919 411 b‘et
1940 356 2195 419 deﬁciens
2217 358 2475 425 puniatur
2501 374 2601 430 pro
2627 359 2870 428 qualibet
2893 361 3061 421 missa
3107 364 3163 420 in
3193 367 3350 424 boleu
3368 396 3384 409 -

1827 445 1973 529 diuis
1998 447 2168 502 tribus
2197 449 2263 502 de
2296 447 2409 504 suis
2430 447 2701 524 fructibus
2746 464 2844 521 per
2869 455 3228 539 camerarium
3286 454 3393 525 qui

1826 549 1925 603 pro
1959 546 2214 605 tempore
2268 534 2432 591 fuerit
2491 538 2834 595 deducendis.
2893 534 3155 598 Volumus
3207 553 3384 602 tamen

1802 624 1963 690 'quod
1988 627 2318 679 camerarius
2348 628 2631 695 provideat
2685 629 2769 684 de'
2790 635 3174 691 communibus
3199 637 3375 693 eccle-

1827 715 1925 767 sia
1948 713 2214 782 pecuniis,
2243 728 2311 770 ne
2339 716 2393 769 in
2423 716 2621 773 divinis
2641 704 2868 775 ecclesia
2894 720 2948 774 in
2970 723 3075 778 hoc
3093 724 3386 781 detrimen-

1827 810 1936 854 tum
1958 798 2176 870 aliquod
2199 805 2453 872 patiatur.
2548 870 2551 875 ί
2947 856 2953 861 .
2978 817 2989 824 ⁵

1828 912 1987 981 120
2018 910 2095 966 De
2119 912 2247 967 liora
2285 913 2630 1055 νεφεναῖἽέ
2643 928 2691 973 et
2707 921 2965 977 Matutino
2997 925 3052 979 in
3081 926 3382 997 duplicibus

1953 1008 1962 1019 ’
2532 1004 2585 1040 es
2633 1005 2683 1045 s.
3228 1032 3239 1037 η

1953 1008 1962 1019 ’
2509 1003 2683 1045 leti”.
3228 1032 3239 1037 ι

1894 1090 2050 1152 item.
2080 1094 2369 1150 statuimus
2397 1104 2454 1151 et
2485 1100 2797 1156 ordinamus
2843 1106 2987 1172 quod
3020 1107 3071 1161 in
3107 1107 3375 1165 festivita-

1825 1182 1963 1236 tibus
1992 1193 2046 1238 et
2081 1183 2377 1242 Dominicis
2404 1187 2592 1244 diebus
2618 1192 2741 1247 dicti
2764 1204 2995 1265 quatuor
3023 1199 3269 1253 canonici
3294 1210 3376 1255 te-

1824 1285 2194 1331 neautnrcum
2226 1288 2350 1334 nota
2383 1292 2605 1337 cantare
2633 1282 2897 1354 Vesperas
2932 1289 3213 1358 utriusque
3244 1290 3376 1358 diei,

1820 1363 2018 1435 vigilia:
2058 1374 2114 1420 ct
2142 1364 2476 1435 festivitatis,
2511 1384 2577 1426 ac
2605 1374 2923 1430 matutinum
2958 1385 3012 1430 et
3044 1370 3295 1444 missam;
3320 1386 3379 1434 et

1822 1454 1872 1508 si
1895 1454 2337 1522 contraiecerint,
2368 1459 2595 1528 quilibet
2614 1465 2811 1520 absens
2836 1466 3084 1533 puniatur
3117 1484 3211 1537 pro
3240 1485 3378 1539 qua-

1821 1543 1953 1600 libet
1981 1546 2234 1602 horarum
2268 1549 2576 1619 buiusmodi
2614 1555 2667 1608 in
2701 1572 2805 1611 uno
2830 1557 3129 1629 bolengeno
3154 1577 3273 1616 cum
3296 1563 3379 1615 di-

1822 1635 2005 1701 midio;
2026 1639 2192 1694 missis
2218 1655 2346 1695 vero
2383 1642 2437 1696 in
2464 1643 2779 1714 bolengenis
2812 1658 3065 1717 quatuor,
3089 1650 3192 1706 nisi
3215 1651 3378 1706 fuerit

1822 1722 2065 1780 infirmus
2088 1743 2183 1781 seu
2220 1730 2271 1782 in
2304 1730 2460 1785 iactis
2482 1733 2724 1789 ecclesia:
2756 1726 3073 1805 occupatus,
3125 1742 3197 1794 ita
3228 1742 3375 1811 quod

1816 1815 2106 1873 inﬁrmitas
2136 1821 2207 1875 sit
2231 1822 2451 1878 evidens
2480 1825 2661 1880 taliter
2690 1829 2833 1895 quod
2869 1846 2975 1883 non
3019 1833 3190 1898 possit
3220 1834 3371 1889 exire

1818 1904 2036 1960 domum
2060 1923 2167 1962 sua
2199 1912 2564 1980 habitationis,
2595 1925 2685 1969 aut
2728 1933 2914 1986 parum
2948 1931 3097 1975 extra
3125 1925 3373 1978 ambula-

1804 1994 1897 2062 re,
1920 2013 2015 2053 seu
2044 1997 2338 2057 secundum
2372 1998 2752 2063 discretionem
2784 2011 2970 2066 vicarii
2990 2012 3369 2080 iudicandum.

1817 2086 2072 2146 Volumus
2104 2098 2300 2161 tamen,
2333 2096 2473 2164 quod
2505 2108 2643 2153 unus
2686 2101 2923 2166 ipsorum
2959 2104 3125 2160 iaciat
3182 2117 3371 2162 cauto-

1747 2236 1752 2241 I
1815 2178 1948 2231 riam
1974 2178 2026 2231 in
2055 2183 2325 2248 praedictis
2350 2186 2497 2240 horis
2530 2202 2651 2243 cunt
2679 2192 3065 2258 superpviliceo
3091 2206 3107 2262 ;
3146 2198 3195 2249 in
3220 2199 3371 2253 festi-

1813 2267 2071 2325 vitatibus
2102 2286 2227 2328 vero
2249 2274 2540 2344 maioribus
2572 2281 2882 2349 duplicibus
2909 2299 3033 2339 cum
3085 2288 3295 2353 pivinle.

1815 2379 1893 2435 De
1916 2381 2154 2438 habendo
2179 2385 2449 2465 capeilano
2474 2391 2758 2465 sumptibus
2792 2379 3184 2465 canonicorum,
3215 2397 3262 2453 ct
3285 2418 3371 2456 ec-

2200 2453 2357 2509 clesia
2386 2453 2725 2515 custodienda
2757 2477 2851 2531 per
2878 2480 2985 2520 eos.

1883 2565 2038 2635 item,
2063 2573 2348 2629 statuimus
2375 2582 2429 2629 et
2458 2576 2774 2634 ordinamus
2798 2583 2939 2649 quod
2970 2583 3098 2638 dicti
3131 2593 3364 2653 quatuor

1816 2659 2057 2714 canonici
2090 2662 2349 2718 continuo
2375 2666 2637 2743 retineant
2667 2683 2829 2723 unum
2880 2672 3156 2728 honestum
3184 2677 3365 2745 capel-

1813 2744 1995 2801 lanum
2028 2750 2119 2818 qui
2152 2766 2347 2808 canere
2376 2756 2514 2809 sciat
2545 2766 2763 2813 cantum
2788 2761 3024 2829 planum,
3050 2773 3105 2818 et
3162 2765 3223 2819 in
3249 2744 3366 2822 om-

1813 2837 1970 2893 nibus
2002 2841 2150 2895 horis
2182 2843 2234 2896 in
2260 2844 2511 2910 ecclesia,
2552 2847 2695 2902 sicut
2730 2851 2821 2904 alii
2853 2856 3118 2922 canonici,
3178 2856 3365 2913 deser-

1812 2929 1941 2983 viat.
1976 2930 2115 2986 Etsi
2148 2935 2550 3001 contraiecerit,
2604 2939 2658 2993 in
2724 2956 2832 2995 uno
2884 2942 3189 3016 bolengetio
3244 2949 3364 3005 vice

1812 3022 2052 3090 qualibet
2078 3025 2354 3092 puniatur.
2375 3024 2637 3084 .Volumns
2667 3040 2842 3086 tamen
2870 3035 3015 3102 quod
3040 3038 3168 3093 dicti
3192 3054 3362 3095 cano-

1813 3111 1919 3165 nici
1949 3111 2036 3179 qui
2071 3112 2139 3165 ibi
2164 3114 2573 3182 pernoctabunt,
2606 3120 2750 3172 omni
2775 3106 2899 3175 sero
2918 3123 3165 3181 claudere
3192 3130 3368 3186 eccle-

1812 3201 1945 3254 siam
1968 3209 2269 3257 teneantur.
2295 3202 2361 3257 Et
2376 3206 2420 3259 si
2438 3204 2873 3275 contraiecerint,
2897 3211 2949 3265 in
2979 3228 3192 3281 pinnam
3220 3234 3361 3287 qua-

1814 3299 1935 3344 tuor
1961 3291 2377 3361 boleugenorum
2406 3295 2666 3363 incurrat,
2704 3299 2821 3355 vice
2853 3302 3110 3370 qualibet,
3162 3307 3265 3377 qui
3301 3310 3357 3365 in

1809 3380 1993 3433 eadem
2019 3382 2298 3451 cuipabilis
2321 3382 2501 3441 fuerit.
2964 3382 2967 3385 ’

2110 3492 2188 3546 De
2212 3495 2479 3551 honestate
2510 3503 2766 3556 servanda
2798 3505 2854 3559 in
2873 3507 3071 3575 choro.‘

1876 3602 2027 3668 item,
2066 3606 2355 3661 statuimus
2374 3619 2427 3661 et
2451 3611 2769 3669 ordinamus
2796 3623 2940 3686 quod
2968 3625 3214 3681 canonici
3250 3627 3347 3696 qui

1808 3702 2099 3762 praesentes
2124 3696 2364 3750 eruntin
2399 3700 2591 3765 choro,
2627 3702 2755 3757 dum
2804 3710 3170 3767 celebrabitur
3215 3717 3358 3773 divi-

1806 3799 1934 3836 num
1970 3783 2227 3849 cilicium,
2259 3795 2401 3839 stent
2421 3802 2545 3841 cum
2571 3791 2799 3844 maxima
2844 3795 3123 3855 honestate
3154 3812 3209 3855 et
3227 3801 3356 3857 abs-

1767 3884 1775 3890 '
1805 3888 1909 3942 que
1935 3874 2035 3927 alia
2066 3876 2533 3941 confabulatione;
2570 3888 2623 3932 et
2666 3883 2925 3938 medietas
2977 3888 3217 3954 ipsorum
3276 3892 3374 3964 sit,

1806 3968 1872 4019 ab
1926 3981 2025 4019 una
2084 3978 2235 4036 parte
2292 3970 2466 4035 chori,
2520 3971 2622 4025 alia
2653 3986 2780 4026 vero
2807 3978 2874 4029 ab
2897 3976 3039 4032 alia:
3072 3994 3243 4048 neque
3278 3982 3380 4050 ab_

1806 4072 1907 4109 una
1930 4067 2081 4126 parte
2109 4059 2256 4113 chori
2280 4063 2344 4113 ad
2367 4061 2525 4114 aliam
2552 4064 2846 4129 discurrat,
2881 4078 2974 4121 aut
3001 4070 3067 4124 ab
3097 4072 3223 4128 inde
3258 4090 3349 4130 re-

1805 4149 1991 4200 cedere
2011 4147 2089 4203 vcl
2115 4150 2263 4203 abire
2283 4163 2593 4218 praesumat,
2622 4155 2723 4209 nisi
2749 4160 3051 4217 necessitas
3074 4165 3355 4224 immineat

1805 4238 2044 4305 corporis
2076 4239 2159 4293 vel
2190 4244 2462 4309 negotium
2489 4247 2755 4301 ecclesia}.
2789 4248 2853 4302 Et
2874 4251 2917 4305 si
2944 4254 3210 4322 quispiam
3267 4259 3353 4312 ie-

1806 4330 1941 4382 cerit
1974 4330 2230 4385 adversus
2262 4349 2325 4385 ea
2365 4335 2581 4404 aliquod
2617 4338 3160 4411 indecorum,tquoad
3204 4344 3351 4402 illam

1804 4420 2021 4475 missam
2048 4424 2130 4476 vel
2161 4424 2347 4479 horam
2379 4442 2476 4495 pro
2498 4429 2720 4485 absente
2741 4432 2963 4499 penitus‘
2994 4436 3277 4492 habeatur.

1806 4550 1957 4619 121
1995 4553 2064 4605 De
2099 4556 2572 4634 administratione
2598 4574 3048 4618 sacramentorum
3108 4568 3346 4634 facienda

2273 4642 2363 4693 per
2390 4630 2660 4682 canonicos
2711 4634 2897 4687 solum.

1872 4734 2024 4801 item,
2059 4739 2341 4793 statuimus
2365 4751 2417 4794 et
2440 4742 2750 4797 ordinamus
2785 4747 2924 4812 quod
2959 4748 3084 4803 dicti
3112 4760 3344 4817 quatuor

1802 4828 2043 4881 canonici
2068 4830 2301 4882 habeant
2332 4831 2853 4886 administrationem
2882 4839 3148 4901 parochias:
3169 4841 3343 4893 ecclee

1801 4918 1924 4984 size;
1954 4930 2006 4972 et
2032 4923 2171 4988 quod
2200 4922 2378 4977 nullus
2408 4924 2713 4993 capellanus
2744 4940 2839 4978 seu
2874 4928 3048 4995 aliqua
3076 4929 3177 4982 alia
3227 4944 3346 4998 per-

1803 5023 1935 5061 sona
1966 5026 2025 5064 se
2064 5012 2118 5064 in
2154 5012 2272 5079 eius
2303 5028 2431 5066 cura
2462 5016 2641 5081 aliquo
2682 5014 2841 5067 modo
2873 5016 3095 5070 misceat
3156 5020 3254 5072 nisi
3290 5021 3340 5073 in

1800 5115 1926 5153 casu
1953 5101 2305 5169 necessitatis,
2342 5104 2423 5156 vel
2458 5108 2522 5158 de
2550 5118 2798 5172 expressa
2836 5103 3051 5159 licentia
3088 5108 3337 5161 cardina-

1800 5190 1884 5254 lis,
1923 5193 2002 5246 vel
2027 5194 2140 5261 eius
2162 5195 2367 5259 vicarii,
2428 5208 2521 5250 seu
2554 5199 2957 5251 canonicorum.

1801 5324 1872 5379 De
1928 5328 2093 5379 missis
2154 5327 2381 5378 dicendis
2449 5344 2535 5391 per
2604 5328 2895 5393 capellanos
2952 5333 3193 5387 [tabentes
3255 5352 3346 5390 ca-

2142 5396 2306 5455 pellas
2332 5396 2469 5447 intra
2503 5413 2685 5463 corpus
2716 5401 2961 5454 ecclesiw.

1868 5506 2019 5569 item,
2050 5505 2293 5558 volumus
2333 5508 2470 5574 quod
2496 5509 2752 5575 capolim"
2792 5514 2880 5580 qui
2911 5514 2960 5566 in
2994 5515 3137 5571 dicta
3166 5518 3339 5572 eccieu
3416 5545 3426 5557 -

1804 5600 1881 5650 sia
1912 5595 2139 5663 capellas
2171 5595 2386 5663 habent,
2426 5612 2549 5653 suas
2592 5601 2783 5681 missas
2814 5604 3086 5661 celebrent
3127 5609 3344 5662 statutis
