4138 6328
678 344 827 400 urit

674 432 889 522 diebus,
920 461 1011 509 aut
1043 432 1304 508 celebrari
1336 445 1536 501 faciant
1558 444 1657 515 per
1694 442 1914 497 idoneos
1934 435 2231 494 secundum

676 545 1048 600 fundationem
1071 550 1126 597 et
1166 538 1414 595 ordinem
1457 545 1813 606 patronorum
1870 526 2237 597 capellarum;

679 647 735 691 et
766 638 810 693 si
850 626 1291 698 contrafeccrint,
1343 628 1583 699 qualibet
1631 625 1748 680 vice
1804 623 1857 676 in
1913 615 2239 688 bolengenis

679 731 853 787 tribus
877 729 1188 800 puniantur.
1322 718 1341 733 ’
1362 734 1407 781 ,μ’
1590 744 1591 747 η
1668 714 1674 725 ‘
1826 730 1849 819 Χ

683 844 759 900 Ds
786 836 1661 914 lampadibusaccendendisunum
1696 824 1870 914 altare
1931 825 2108 895 majus
2134 838 2246 903 per

991 911 1317 980 capellanum
1372 906 1584 973 capella:
1612 903 1673 959 S.
1696 901 1927 955 Tltonta'.
2134 902 2137 903 '

746 1031 901 1093 Item,
924 1027 1213 1084 statuimus
1260 1033 1314 1078 et
1364 1021 1686 1076 ordinamus
1736 1015 1880 1084 quod
1935 1007 2261 1091 capellarum.

630 1104 639 1116 ’
680 1122 899 1192 capella:
934 1119 997 1172 S.
1038 1117 1279 1177 Tltomm,
1302 1114 1422 1168 sitae
1456 1112 1511 1165 in
1545 1109 1687 1163 dicta
1713 1103 1964 1162 ecclesia,
2016 1084 2137 1168 quit
2172 1106 2263 1149 te—~

681 1185 838 1268 nelur
887 1227 951 1265 es
1016 1217 1338 1264 tectamento
1392 1199 1596 1271 quond.
1662 1194 1893 1249 Mancini
1951 1185 2250 1243 accendere

680 1303 986 1370 sumptibus
1003 1298 1220 1369 capellae
1244 1297 1389 1349 duas
1422 1290 1699 1358 lampades
1749 1293 1879 1337 ante
1907 1272 2249 1348 majuskalta-

681 1411 762 1462 re,
792 1409 911 1466 qua:
939 1393 1030 1447 diu
1060 1400 1327 1467 noctuque
1362 1385 1555 1437 ardere
1586 1380 1801 1441 debent,
1839 1376 1912 1428 ita
1932 1372 2245 1440 diligentem
2276 1402 2284 1404 ~

682 1460 1079 1558 inllmjusmodi
1119 1460 1482 1536 lu'tniuaribus
1512 1490 1572 1526 se
1599 1470 1877 1530 exhibeat,
1909 1464 2051 1534 quod
2103 1460 2250 1515 nulla

685 1584 845 1646 born,
874 1579 979 1631 nisi
1006 1590 1136 1629 casu
1163 1570 1409 1633 fortuito,
1443 1565 1784 1635 reperiantur
1822 1559 2105 1613 exstincta:
2139 1571 2154 1619 ;
2199 1559 2253 1604 et

693 1672 739 1726 si
768 1641 1173 1727 eo‘ntral‘ecerit,
1223 1664 1340 1715 vice
1378 1658 1618 1725 qualibet
1660 1651 1914 1719 puniatur
1944 1660 2043 1716 pro
2074 1641 2248 1713 quali-

687 1763 775 1816 bet
798 1759 1043 1827 lampade
1070 1757 1121 1807 in
1150 1736 1464 1819 bolengcnis
1488 1746 1721 1801 duobus.
1758 1743 1824 1797 Et
1847 1741 1914 1794 de
1944 1739 2046 1792 hoc
2074 1743 2248 1790 stetur

688 1853 835 1907 dicto
862 1845 1172 1908 camerarii,
1195 1859 1288 1897 seu
1318 1842 1460 1894 alius
1497 1827 1742 1892 honesta:
1769 1844 2037 1901 personat,
2077 1826 2253 1879 medio

683 1946 1017 2014 juramento.
1052 1937 1117 1990 Et
1148 1936 1193 1990 si
1221 1932 1541 2001 eapellanus
1570 1929 1672 1982 hoc
1726 1924 1909 1978 facere
1961 1932 2254 1974 recusave-

686 2037 777 2101 rit,
798 2032 1038 2087 vicarius
1053 2025 1346 2084 cardinalis
1368 2031 1615 2078 teneatur
1638 2018 1895 2073 ordinare
1917 2015 2056 2082 quod
2079 2010 2253 2067 dictas

688 2124 962 2194 lampades
988 2120 1250 2175 accendat
1274 2129 1400 2168 cum
1429 2113 1619 2167 eadem
1647 2121 1806 2177 pmna
1839 2102 2108 2173 apposita.

898 2250 974 2304 De
1012 2247 1260 2307 electione
1298 2240 1583 2298 camerarii
1642 2248 1687 2292 et
1713 2238 1827 2306 ejus
1857 2234 2051 2305 oﬁicio.
2128 2216 2129 2219 η

755 2365 915 2429 ltem,
945 2339 1236 2418 statuimus
1267 2365 1322 2413 et
1344 2355 1669 2411 ordinamus
1691 2348 1839 2420 quod
1884 2347 2031 2401 omni
2084 2348 2250 2407 anno,

691 2458 747 2510 in
775 2452 1040 2507 Kalendis
1074 2449 1345 2510 Januarii,
1382 2446 1608 2514 eligatur
1640 2457 1733 2515 per
1783 2440 2048 2494 vicarium
2120 2452 2259 2507 prae-

693 2546 819 2599 faue
870 2543 1115 2598 ecclesia:
1174 2540 1480 2605 canonicos
1526 2551 1665 2591 unus
1716 2550 1781 2589 ex
1838 2533 2115 2588 canonicis
2166 2531 2261 2597 qui

692 2637 1022 2690 camerarins
1094 2637 1486 2696 nuncupetur,
1573 2634 1698 2678 ante
1804 2622 1958 2691 cujus
2039 2621 2263 2675 electio-

694 2730 818 2784 nem
884 2725 1082 2794 singuli
1150 2718 1400 2777 canonici
1462 2724 1749 2772 teneantur
1775 2714 1829 2767 in
1883 2713 2134 2766 manibus
2186 2712 2265 2764 vi-

693 2818 829 2875 carii
855 2818 1043 2888 iurare
1068 2811 1212 2883 quod
1240 2812 1441 2880 cligent
1480 2808 1760 2863 meliorem
1786 2804 2037 2873 et'magis
2081 2802 2264 2857 utilio-

695 2916 811 2966 rem
843 2908 913 2963 ad
960 2906 1271 2974 praedictum
1338 2899 1497 2969 122
1579 2895 1812 2952 ndicium
1876 2891 2265 2947 exercendum.

696 2997 998 3055 Pmdictus
1031 3004 1212 3050 autem
1235 2989 1568 3048 camerarius
1601 2987 1682 3041 sic
1717 2984 1925 3040 electus
1955 2997 2142 3037 omnes
2186 2998 2271 3037 re-

699 3091 849 3148 ditus
874 3098 929 3145 et
946 3097 1241 3158 proventus
1273 3082 1431 3137 dictae
1454 3078 1699 3135 ecclesia:
1728 3076 2032 3145 rccipiatet
2064 3074 2234 3128 descri
2251 3103 2267 3112 -

697 3186 817 3248 bat,
848 3190 903 3237 et
932 3181 999 3235 de
1031 3180 1163 3250 ipsis
1191 3174 1533 3230 administret
1565 3170 1846 3238 aqualiter
1870 3166 2153 3223 canonicis
2187 3163 2277 3220 rc-‘

698 3274 1002 3333 sidentibus
1025 3281 1078 3326 et
1106 3271 1159 3326 in
1192 3262 1843 3324 ecclesiaservientibus,
1872 3268 1932 3311 ut
1980 3272 2139 3326 supra
2176 3268 2272 3309 no-

706 3379 879 3426 tatum
902 3375 985 3422 est
1013 3365 1068 3419 in
1102 3378 1222 3432 cap.
1252 3361 1318 3415 de
1345 3356 1633 3414 rcsidentla
1687 3361 1741 3407 et
1774 3352 1828 3405 in
1882 3352 1997 3419 seq.
2034 3362 2155 3417 cap.
2207 3346 2273 3401 de

704 3462 895 3516 divina
921 3457 1219 3517 servitute;
1244 3460 1297 3506 et
1323 3451 1515 3507 amnes
1556 3447 1692 3501 alias
1724 3457 1991 3514 expensas
2025 3440 2270 3496 ecclesiae

707 3552 873 3607 faciat
910 3532 1136 3603 ﬁdeliter
1170 3558 1341 3614 usque
1365 3539 1434 3597 ad
1470 3550 1669 3594 annum
1702 3552 1891 3591 unum.
1942 3533 2009 3588 Et
2042 3532 2271 3602 singulis

708 3642 916 3699 duobus
940 3638 1214 3714 mensibus
1244 3640 1490 3690 teneatur
1511 3644 1696 3686 coram
1731 3628 1935 3683 vicario
1966 3636 2022 3683 et
2051 3625 2291 3687 cauoni-_

710 3736 791 3792 cis
841 3734 1071 3789 reddere
1118 3730 1403 3785 rationem.
1436 3727 1508 3782 de
1562 3720 2166 3780 omnibusintroitibus
2220 3729 2274 3774 et

710 3828 946 3890 exitibus
974 3827 1128 3881 dictae
1154 3822 1423 3883 ecclesiae,
1455 3832 1520 3874 ac
1546 3818 1707 3872 etiam
1732 3814 1798 3869 de
1827 3813 2097 3879 noctibus,
2126 3811 2275 3876 boris

713 3929 768 3975 ct
795 3919 983 3974 missis
1009 3931 1104 3986 per
1142 3914 1438 3970 canonicos
1465 3908 1771 3978 praedictos,
1808 3914 1970 3973 prout
2031 3905 2275 3971 superius

716 4020 961 4067 notatum
989 4012 1096 4064 est.
1119 4006 1176 4061 ln
1206 4005 1313 4059 ﬁne
1345 4016 1474 4057 vero
1512 3999 1639 4056 anni
1693 3997 1776 4051 sui
1828 3995 2009 4060 oﬂlcii,
2056 4004 2165 4046 tam
2209 3993 2277 4046 de

718 4102 950 4171 receptis
979 4112 1145 4169 quam
1175 4097 1241 4149 de
1268 4090 1543 4163 expensis,
1573 4099 1627 4143 et
1648 4085 1975 4158 generaliter
2004 4084 2069 4138 de
2096 4084 2277 4139 omni-

718 4188 1222 4249 busadtninistratis
1246 4199 1340 4254 per
1361 4198 1485 4240 eum
1512 4180 1809 4251 plenariam
1858 4177 2123 4231 rationem
2153 4178 2277 4228 red-

722 4288 848 4343 dere
876 4289 1171 4344 teneatur;
1235 4284 1291 4332 et
1340 4277 1384 4329 si
1439 4272 1641 4342 aliquid
1682 4269 2032 4339 superfuerit,
2098 4280 2279 4323 coram

724 4374 924 4431 vimrio
944 4383 999 4427 ot
1025 4369 1290 4439 capitulo,
1348 4382 1487 4421 novo
1517 4365 1819 4419 camerario
1865 4362 2005 4419 infra
2052 4360 2282 4430 quinde-

722 4469 830 4523 cim
858 4466 976 4520 dies
1002 4452 1290 4532 postquam
1331 4459 1397 4513 de
1422 4456 1691 4526 pra-dictis
1750 4456 2012 4507 rationem
2063 4452 2281 4517 fecerit,

729 4561 833 4615 hoc
864 4556 1205 4624 consignare,
1230 4550 1387 4614 alias,
1410 4548 1594 4617 elapso
1618 4544 1848 4598 termino
1870 4544 1924 4597 in
1952 4556 2163 4612 poenam
2185 4542 2283 4595 du-

727 4651 799 4722 pli
836 4650 950 4718 ipso
978 4647 1117 4701 facto
1143 4644 1407 4697 incurrat.
1441 4638 1601 4692 Eine
1646 4634 1973 4689 camerarius
2003 4634 2121 4686 sine
2145 4648 2284 4687 mer-

732 4746 866 4799 cede
891 4731 1248 4805 laboret,'pro
1274 4732 1493 4802 aliquali
1525 4744 1621 4784 sua
1650 4726 1896 4779 mercede
1916 4720 2283 4777 laboris'reciL

732 4836 896 4905 cipiat
922 4834 990 4888 de
1020 4828 1283 4885 fructibus
1310 4822 1551 4882 ecclosizr
1574 4818 1777 4873 solidos
1815 4818 1997 4872 decem
2027 4828 2123 4884 pro
2151 4829 2287 4882 quo-

732 4927 860 4981 libet
889 4938 1093 4979 mense.

867 5055 1088 5111 Delibro
1110 5048 1384 5106 carnerarii
1412 5058 1463 5101 et
1510 5046 1652 5114 [aliis
1680 5043 1965 5096 scribendis
1986 5042 2041 5092 in
2072 5055 2157 5095 eo.

808 5195 963 5259 Item,
998 5191 1283 5245 statuimus
1307 5198 1361 5241 et
1391 5184 1703 5239 ordinamus
1726 5175 1871 5252 quod
1904 5174 2078 5231 dictus
2114 5189 2305 5229 camc-
2332 5192 2337 5197 ·

650 5306 655 5309 ’
744 5285 917 5339 rarius
953 5289 1197 5334 teneatur
1219 5295 1381 5333 unum
1410 5276 1603 5329 librum
1659 5270 1835 5325 facere
1884 5265 1937 5321 in
1988 5284 2091 5335 quo
2140 5265 2298 5319 fallas

745 5394 839 5431 seu
865 5374 1132 5429 absentias
1160 5368 1539 5425 canonicorum
1572 5372 1625 5416 et
1654 5360 2054 5430 capellauormn
2092 5354 2296 5408 descri-

745 5473 873 5524 bere
898 5477 957 5521 et
980 5473 1245 5519 annotare
1272 5469 1543 5517 teneatur,
1592 5468 1689 5509 nec
1730 5466 1832 5505 non
1869 5447 2141 5503 ubseutias
2170 5460 2300 5499 nec.

750 5559 879 5609 tium
905 5551 1231 5614 earumdem,
1280 5563 1343 5600 ac
1374 5546 1441 5599 de
1468 5540 1761 5614 praemissis
1796 5539 1978 5591 coram
2010 5535 2210 5587 vicario
2248 5543 2302 5587 et

751 5646 1025 5702 canonicis
1048 5642 1201 5697 dicta:
1222 5641 1465 5698 «clasis
1495 5634 1724 5691 reddere
1741 5632 2013 5688 calculum
2039 5638 2093 5682 et
2131 5626 2295 5681 ratio-

755 5755 900 5811 nem,
940 5740 1084 5798 aulis
1112 5737 1302 5797 fraude
1327 5733 1741 5795 interveniente,
1779 5728 1879 5785 sub
1904 5740 2059 5796 pinna
2116 5721 2301 5791 priva-

1506 334 1604 394 DE
1642 330 1819 396 VITA
1861 327 1960 388 ET
1998 323 2253 387 REBUS
2290 318 2568 384 GESTIS
2604 315 3107 409 BESSARIONIS

3745 318 3913 361 ιηιιι

2354 432 2521 487 tionis
2552 428 2712 485 ofﬁcii
2742 444 2807 485 ac
2834 428 3057 499 praestiti
3078 424 3394 495 juramcuti,
3425 422 3742 491 adjieicutcs
3768 422 3919 491 quod

2352 523 2385 577 ii
2419 522 2513 593 qui
2544 536 2650 578 non
2682 520 2929 575 venerint
2956 517 3014 571 in
3046 516 3287 571 secundo
3317 515 3523 584 psalmo
3553 510 3921 579 Vesper-arum

2348 623 2404 667 et
2426 612 2697 676 matutini,
2725 622 2779 667 et
2797 612 2852 665 in
2879 611 3042 665 missa
3060 611 3197 664 dum
3222 607 3505 678 presbyter
3537 598 3728 673 incipit
3771 601 3908 675 Glo-

2351 707 2434 759 ria
2474 707 2526 757 in
2552 706 2794 770 excelsis,
2822 711 2918 759 seu
2944 703 3094 780 linito
3114 700 3277 770 Kyrie
3304 698 3521 762 eleison,
3583 694 3925 753 camerarius

2354 800 2405 853 iu
2442 797 2740 852 continenti
2771 799 2889 852 sine
2921 796 3102 865 aliqua
3136 794 3395 847 dilatione
3426 798 3653 845 annotet
3687 789 3743 843 in
3782 789 3926 844 libro

2352 889 2454 944 sub
2485 903 2647 958 pmua
2680 895 2933 963 cuntcnta
2962 887 3210 954 superius
3232 885 3288 939 in
3323 884 3425 940 isto
3458 880 3723 952 capitulo.

2546 1022 2626 1077 De
2658 1022 2967 1092 quotidiana
2991 1020 3377 1074 distributionis
3410 1017 3728 1088 quantitate.

2425 1160 2583 1226 Item,
2612 1158 2707 1228 qui
2753 1160 2945 1213 altario
2996 1158 3165 1213 servit
3221 1159 3288 1210 de
3315 1155 3513 1209 altario
3533 1154 3720 1206 vivere
3744 1150 3926 1204 debet.

2359 1251 2660 1325 Staluimus
2691 1250 2834 1319 quod
2860 1232 3108 1319 prmdicti
3131 1247 3375 1303 canonici
3423 1246 3661 1299 habeant
3687 1242 3928 1296 cotidia—

2358 1356 2454 1395 nas
2490 1334 2898 1397 distributiones
2953 1343 3041 1397 de'
3068 1339 3346 1394 fmctibus
3385 1336 3542 1392 dicta:
3589 1334 3828 1389 ecclesia:
3868 1332 3931 1385 in

2358 1433 2503 1487 hunc
2558 1433 2794 1497 modum,
2852 1430 3119 1496 videlicet,
3162 1413 3579 1497 quod.quilibet
3627 1425 3932 1478 canonieus

2357 1524 2600 1593 qualibet
2622 1523 2711 1577 die
2749 1523 2947 1576 habeat
2970 1520 3294 1588 bolengenos
3324 1526 3474 1583 tres;
3530 1515 3589 1583 in
3620 1513 3932 1583 duplicibus

2358 1627 2488 1667 vero
2517 1612 3035 1676 etDominicalibus,
3068 1610 3333 1679 quinque,
3361 1606 3586 1675 quilibet
3618 1618 3717 1672 pro
3787 1616 3934 1670 qua-

2359 1702 2490 1759 libet
2515 1698 2671 1773 123
2709 1704 2822 1766 die,
2869 1705 2913 1756 si
2946 1713 3181 1772 pmens
3210 1699 3374 1754 fuerit
3394 1700 3447 1753 in
3470 1694 3799 1763 supradictis
3828 1692 3934 1746 bo-

2359 1795 2460 1862 ris,
2492 1796 2721 1864 proutin
2747 1792 2982 1863 capitulo
3008 1792 3261 1861 superius
3288 1798 3533 1864 notatum
3576 1795 3681 1840 est.
3777 1780 3793 1790 ‘

2360 1931 2436 1987 De
2461 1931 2721 1987 solutione
2773 1930 3015 2001 facienda
3047 1944 3141 1997 per
3190 1943 3347 1983 nouos
3388 1925 3671 1981 canonicos
3722 1923 3777 1977 in
3839 1921 3938 1977 its-

3041 2014 3245 2069 gressu.
3494 2064 3496 2067 _

2432 2112 2904 2179 ltem,statuitnus
2958 2122 3011 2168 et
3075 2111 3399 2167 ordinamus
3447 2109 3589 2179 quod
3633 2118 3931 2179 antequam

2358 2207 2608 2261 canonici
2641 2205 2709 2259 de
2738 2218 2876 2260 novo
2909 2204 3241 2271 recipiantur
3270 2203 3322 2256 in
3364 2202 3505 2256 dicta
3537 2198 3792 2261 ecclesia,
3824 2211 3934 2267 pro

2362 2296 2693 2366 parameutis
2731 2306 2785 2349 et
2811 2294 3145 2368 ornamentis
3194 2292 3355 2365 dicite
3406 2291 3648 2347 ecclesia
3712 2288 3939 2344 solvere

2363 2388 2598 2446 ducenos
2631 2388 2909 2445 Romanos
2952 2394 3075 2441 octo
3107 2384 3407 2441 camerario
3438 2378 3748 2450 teneantur,
3793 2395 3939 2451 quos

2365 2480 2480 2547 ipse
2506 2479 2843 2549 camerarius
2876 2478 2928 2533 in
2964 2475 3125 2531 dictis
3178 2475 3529 2545 paramentis,
3562 2487 3726 2545 quam
3769 2474 3941 2528 citius

2369 2568 2590 2637 poterit,
2621 2575 2941 2621 convertere
2974 2574 3219 2619 teneatur
3251 2562 3350 2619 sub
3378 2576 3538 2630 pinna
3587 2560 3813 2630 pra-stiti
3838 2560 3941 2628 ju-

2368 2657 2623 2718 ramenti,
2645 2656 2749 2709 nisi
2770 2655 3063 2709 cardinalls
3080 2656 3163 2709 vel
3177 2653 3295 2723 ejus
3319 2652 3622 2709 vicariusin
3641 2651 3939 2722 specialem

2370 2747 2657 2802 utilitatem
2681 2746 2762 2818 vel
2790 2746 3164 2801 necessitatem
3188 2730 3432 2799 ecclesia:
3449 2743 3618 2811 ipsam
3643 2744 3944 2812 pecuniam

2372 2841 2587 2894 duxerit
2617 2840 3058 2894 convertendam.

2377 2959 2449 3011 De
2466 2958 2771 3027 juramento
2797 2956 3100 3028 pra’stando
3120 2970 3213 3028 per
3249 2970 3409 3028 novos
3430 2953 3713 3028 canonicos
3740 2950 3804 3005 de
3824 2966 3949 3004 ser-

2792 3022 2973 3080 ualidis
3014 3027 3230 3080 statutis
3262 3022 3513 3078 ecclesia.

2444 3140 2601 3205 Item,
2630 3132 2918 3196 statuimus
2948 3140 3339 3194 etordinantus
3359 3137 3503 3207 quod
3532 3134 3755 3207 quilibet
3776 3142 3951 3190 cano-

2378 3232 2620 3286 uieorum
2649 3230 2990 3300 recipiendus
3013 3229 3068 3284 in
3097 3230 3242 3283 dicta
3278 3227 3529 3293 ecclesia,
3578 3228 3632 3281 in
3686 3227 3949 3280 manibus

2377 3322 2566 3376 vicarii
2592 3328 2808 3391 prmstet
2839 3318 3207 3387 juramentum
3236 3315 3300 3371 de
3326 3313 3951 3389 observandisstatutts

2377 3426 2433 3469 et
2460 3410 2943 3469 consuetudinibus
2972 3407 3219 3464 ecclesia
3247 3416 3583 3462 memoratae.

2378 3528 2454 3585 Ds
2471 3528 2659 3599 quibus
2689 3526 2993 3599 mulieribus
3022 3524 3343 3599 permittitur
3378 3523 3644 3577 canonicis
3696 3534 3751 3577 ut
3778 3524 3956 3576 inter-

2763 3599 2887 3651 dum
2920 3598 3113 3649 intrent
3149 3594 3328 3648 domos
3350 3610 3551 3647 eorum.
3580 3604 3586 3609 ’

2445 3713 2604 3778 Item,
2655 3711 2945 3767 statuimus
2999 3708 3140 3779 quod
3200 3707 3376 3762 nullus
3432 3708 3728 3763 canonicos
3775 3714 3953 3763 tanta

2381 3805 2707 3862 temeritatis
2733 3812 2784 3858 et
2813 3803 3053 3858 audacia:
3079 3803 3157 3856 sit
3183 3803 3324 3870 quod
3356 3801 3409 3855 in
3441 3798 3671 3854 cameris
3698 3800 3953 3868 ipsorum

2380 3892 2614 3963 aliquam
2644 3892 2921 3946 mulierem
2955 3900 3265 3959 suspectam
3308 3890 3523 3955 audeat,
3550 3890 3652 3943 nisi
3688 3897 3949 3955 matrem,

2382 4000 2623 4041 sororem
2661 3995 2750 4037 aut
2782 3984 3027 4048 amitam,
3059 3982 3443 4046 intromitterc,
3472 3994 3525 4038 et
3559 3983 3665 4037 hoc
3700 3982 3770 4037 do
3797 3996 3958 4046 raro,

2385 4091 2561 4145 neque
2614 4084 2895 4143 receptare
2947 4074 3184 4141 aliquem
3241 4074 3564 4128 homicidam
3626 4075 3712 4129 vel
3762 4072 3960 4143 aliquo

2385 4167 2594 4225 enormi
2636 4167 2863 4221 crimine
2913 4164 3245 4218 diffamatum
3276 4202 3292 4227 ,
3351 4166 3451 4221 sub
3511 4180 3672 4235 pana
3712 4166 3961 4223 arbitrio

2389 4260 2487 4315 Dni
2514 4257 2809 4314 cardinalis
2838 4256 2921 4310 vel
2940 4256 3059 4325 ejus
3088 4255 3298 4311 vicarii.
3680 4257 3684 4262 ’

2457 4372 2535 4426 De
2561 4370 2828 4440 capellano
2860 4370 2948 4438 qui
2978 4368 3135 4436 fuerit
3186 4368 3370 4422 absens
3401 4384 3491 4435 per
3522 4382 3723 4422 menses
3749 4378 3882 4424 tres.

2460 4487 2611 4551 Item,
2656 4485 2947 4541 statuimus
2996 4492 3051 4536 et
3101 4481 3417 4535 ordinamus
3455 4482 3597 4550 quod
3627 4482 3672 4536 si
3704 4483 3823 4550 quis
3861 4498 3962 4539 ca-

2389 4579 2637 4647 pellanus
2675 4577 2877 4644 absque
2929 4572 3146 4629 licentia
3186 4572 3482 4627 cardinalis
3518 4571 3602 4627 vel
3628 4572 3744 4643 ejus
3762 4573 3962 4631 vicarii

2391 4687 2451 4725 se
2484 4669 2870 4733 abscntaverit,
2914 4677 2968 4721 et
3018 4666 3158 4720 infra
3208 4667 3373 4718 trium
3414 4664 3682 4719 mensium
3714 4669 3961 4731 spatium

2395 4776 2499 4815 non
2531 4759 2747 4815 redierit
2775 4760 2839 4811 ad
2861 4757 3141 4813 ecclesiam
3164 4756 3494 4825 prmlibatam
3517 4743 3582 4809 ad
3611 4750 3963 4810 serviendum

2396 4853 2633 4923 capellae,
2654 4843 2859 4906 iestunc
2905 4866 2997 4932 per
3012 4850 3247 4904 edictum
3282 4848 3549 4917 publicum
3582 4849 3635 4913 in
3662 4847 3832 4902 choro
3861 4863 3969 4903 ec-

2304 5008 2312 5015 .
2397 4945 2594 5009 clesim,
2620 4944 2747 4999 dum
2782 4944 3066 4997 missarum
3090 4940 3348 4995 solemnia
3380 4940 3743 5004 celebrantur,
3768 4938 3962 5009 publi-

2398 5038 2653 5103 candum,
2676 5047 2728 5091 et
2763 5048 2947 5106 postea
2981 5036 3031 5087 in
3062 5032 3227 5101 portis
3276 5030 3512 5096 ejusdem
3562 5033 3799 5088 ecclesiae
3837 5030 3965 5087 all}-

2399 5133 2630 5202 gendum
2661 5132 2726 5185 ad
2754 5129 3089 5185 serviendum
3126 5134 3407 5179 revocetur
3434 5142 3447 5180 :
3473 5136 3524 5180 et
3552 5125 3598 5180 si
3626 5125 3769 5178 infra
3805 5139 3968 5179 men-

2401 5240 2513 5281 sem
2540 5223 2701 5277 alium
2727 5232 3017 5289 atempore
3042 5214 3202 5287 124
3222 5217 3495 5272 eitationis
3513 5216 3816 5287 bujusmodi
3841 5232 3959 5272 mn

2402 5298 3252 5381 redierit,justoimpedimento
3308 5320 3577 5375 cessante,
3628 5324 3723 5378 per
3778 5310 3965 5378 ipsum

2403 5408 2665 5462 vicarium
2698 5402 3010 5472 capellania
3039 5415 3137 5456 sua
3172 5400 3373 5469 absque
3408 5402 3509 5455 alia
3528 5404 3667 5471 juris
3706 5403 3973 5457 solemni-

2396 5508 2515 5569 tate
2544 5496 2784 5564 privetur
2816 5499 2869 5547 et
2897 5491 3034 5544 alius
3062 5504 3161 5545 suo
3196 5489 3314 5544 loco
3339 5492 3718 5546 substituatur.

2408 5608 2481 5664 De
2510 5604 2779 5662 audiendis
2806 5599 3227 5657 mutationibus
3244 5600 3541 5671 fallendum
3561 5615 3652 5667 per
3679 5597 3963 5673 eisaritmt.

2484 5717 2643 5785 ltem,
2678 5715 2966 5773 statuimus
3007 5722 3062 5771 et
3110 5714 3419 5772 ordinamus
3457 5710 3601 5780 quod
3632 5708 3866 5765 vicarius
3892 5716 3978 5764 to-
