4138 6328
201 252 324 291 ιλιι

202 358 393 405 neatur
426 352 761 420 singulorum
792 352 884 423 qui
930 366 991 407 se
1038 363 1301 405 excusare
1332 348 1628 411 voluerint,
1668 353 1758 402 aut

202 444 493 509 potuerint,
513 445 889 500 excusationes
912 444 1100 498 audire
1131 442 1357 512 singulis
1381 439 1591 494 duobus
1612 453 1763 492 men-

202 533 373 598 sibus,
402 537 784 590 excusationes
815 535 1084 607 legitimas
1116 532 1421 598 admittere,
1456 530 1628 601 ipsius
1668 529 1761 597 qui

200 638 256 679 se
278 635 503 679 excusat
538 626 714 680 medio
734 626 1065 695 iuramento.

198 758 271 813 De
298 746 634 827 [annalibus
695 778 811 831 quis
865 762 1074 816 veniunt
1123 760 1190 839 ad
1235 776 1421 813 manus
1455 757 1756 811 cantararii.

261 875 423 949 Item,
464 877 756 931 statuimus
801 875 943 944 quod
977 876 1152 929 omnis
1178 889 1318 929 cerac
1348 874 1626 941 quantitas
1657 871 1757 924 ob—

192 968 419 1022 veniens
442 967 690 1021 ecclesia:
719 982 787 1021 ex
814 968 1092 1033 exsequiis
1120 964 1516 1026 defunctorum,
1548 961 1755 1016 omnis-

192 1070 295 1125 que
335 1058 561 1124 pecunia
591 1057 803 1111 ratione
827 1057 952 1119 soli,
984 1059 1201 1110 veniant
1233 1057 1300 1108 ad
1348 1069 1538 1108 manus
1570 1066 1752 1105 carne-

192 1149 319 1201 rarii
345 1162 445 1217 pro
477 1147 720 1200 candelis
749 1148 919 1200 cereis
953 1147 1004 1199 in
1054 1145 1192 1199 festo
1226 1142 1612 1212 purilicatiouis
1640 1142 1755 1210 glo-

192 1239 349 1293 riosa:
373 1238 611 1307 Virginis
630 1236 832 1301 Mariae,
853 1252 916 1290 ac
938 1238 1099 1291 etiam
1131 1251 1227 1305 pro
1252 1236 1371 1289 aliis
1398 1234 1754 1289 luminaribus

188 1328 509 1399 Opportunis
532 1330 583 1381 in
612 1324 757 1381 dit-ta
788 1328 1038 1396 ecclesia.
1068 1327 1136 1383 Et
1180 1327 1225 1381 si
1283 1327 1499 1393 aliquod
1532 1338 1753 1401 supere-

189 1424 281 1487 rit,
310 1422 453 1476 iilter
484 1428 775 1489 przeseutes
811 1420 864 1473 in
913 1418 1078 1475 dictis
1128 1419 1399 1488 e'XStquEis
1456 1414 1752 1470 distribua-

189 1525 294 1568 lUl'.

191 1628 265 1682 De
294 1630 661 1686 distributione
708 1631 765 1684 in
818 1629 988 1683 locum
1024 1628 1252 1681 absentis
1283 1623 1521 1677 canonici
1553 1623 1632 1677 vel
1664 1638 1753 1676 ca-

869 1700 1086 1768 pellani.

263 1813 327 1867 Et
358 1831 426 1870 ne
456 1816 602 1869 circa
656 1814 819 1870 divini
872 1813 1050 1868 cultus
1078 1811 1464 1865 exbibitiunem
1492 1809 1634 1864 dicta
1663 1824 1755 1863 ec-

193 1905 357 1959 clesia
405 1906 673 1960 defectum
725 1905 956 1973 aliquem
993 1904 1249 1971 patiatur,
1278 1901 1563 1954 statuimus
1607 1902 1750 1968 quod

190 1997 235 2048 si
287 1996 507 2061 quando
565 1993 856 2047 canonicos
901 1992 985 2044 vel
1031 1990 1340 2055 capellauus
1365 1990 1651 2054 contigerit
1682 1989 1750 2040 ab

184 2086 412 2140 ecclesia
452 2084 743 2147 absentari,
783 2089 901 2149 post
936 2080 1000 2134 l5
1032 2080 1146 2133 dies
1178 2078 1410 2129 vicarius
1440 2079 1506 2129 de
1552 2077 1750 2129 substi-

184 2186 296 2231 tuto
344 2176 625 2244 provideat
672 2173 767 2242 qui
817 2173 934 2226 loco
982 2170 1221 2223 absentis
1276 2168 1516 2221 ecclesiae
1547 2167 1629 2221 vel
1658 2180 1745 2220 ca-

185 2269 335 2337 pella:
387 2266 652 2321 deserviat
680 2282 695 2330 ;
726 2265 818 2334 qui
865 2261 1202 2345 substitutus
1223 2274 1410 2313 omnes
1431 2271 1482 2310 et
1508 2259 1748 2328 singulas

185 2359 317 2412 dicti
371 2357 620 2412 canonici
658 2356 740 2407 vel
792 2353 1057 2421 eapellani
1117 2351 1547 2417 distributiones,
1605 2351 1746 2404 sicut

185 2430 390 2515 ινδεξεὶ
423 2446 784 2515 personaliter
813 2446 1123 2507 interesset,
1160 2441 1438 2511 percipiat.
1502 2450 1508 2454 ‘

183 2562 259 2618 De
290 2562 444 2617 rebus
496 2560 771 2615 mobilibus
815 2558 1047 2612 eccleritr
1081 2574 1183 2611 non
1223 2555 1615 2613 commodandis
1637 2559 1749 2614 sine

740 2632 948 2684 licentia
986 2630 1190 2682 vicarii.

250 2746 403 2810 Item,
428 2745 719 2800 statuimus
744 2744 886 2815 quod
916 2742 1094 2798 nullus
1124 2743 1421 2797 canonicus
1449 2757 1624 2815 neque
1651 2758 1745 2797 ca-

184 2840 447 2892 merarius
493 2838 773 2905 reliquias,
813 2848 1042 2904 pannos,
1072 2833 1273 2901 libros,
1312 2845 1624 2901 paramenta
1664 2835 1743 2889 \el

180 2931 280 2982 alia
321 2945 478 2985 sacra
523 2944 666 2995 vasa,
718 2941 807 2982 aut
838 2936 1177 2992 ornamenta,
1227 2942 1323 2981 seu
1357 2935 1638 2995 argentum
1675 2927 1741 2979 ad

180 3023 417 3076 divinum
451 3021 657 3075 cultum
687 3020 931 3075 ecclesia:
976 3020 1232 3086 deputata
1261 3029 1415 3071 extra
1457 3017 1739 3070 ecclesiam

179 3115 335 3168 alicui
396 3113 745 3167 commodare
804 3111 912 3165 ullo
964 3112 1119 3164 modo
1165 3108 1487 3178 praisumat,
1523 3108 1741 3160 licentia

181 3205 276 3259 ltui
328 3205 621 3259 cardinalis
679 3203 763 3258 vel
814 3202 930 3270 ejus
987 3201 1174 3256 vicarii
1233 3216 1338 3253 non
1393 3200 1632 3252 obtenta.
1678 3197 1741 3249 Et

179 3297 399 3364 quando
433 3297 497 3348 de
527 3294 746 3348 licentia
796 3292 999 3361 pra-fati
1047 3289 1231 3343 vicarii
1280 3289 1587 3357 contigerit,
1626 3296 1739 3339 tum

175 3386 513 3440 caruerat-ius
563 3387 758 3438 debeat
787 3386 843 3437 in
875 3398 974 3436 suo
1024 3383 1162 3434 libro
1209 3380 1471 3433 adnotare
1502 3380 1731 3445 portito-

176 3493 309 3542 res;
348 3485 405 3530 et
437 3478 481 3528 si
536 3482 726 3528 contra
781 3473 986 3535 fecerit,
1025 3470 1280 3538 puniatur
1335 3468 1558 3520 arbitrio
1595 3468 1742 3520 vica-

176 3568 261 3618 rii.
1438 3638 1441 3651 ί

176 3674 335 3741 125
372 3666 447 3726 De
480 3658 763 3727 residentia
799 3672 1039 3738 facienda
1068 3673 1254 3723 iterum
1286 3686 1443 3738 usque
1484 3671 1608 3721 dum
1634 3670 1737 3724 sint

279 3743 481 3794 reducti
517 3743 753 3795 canonici
780 3742 848 3794 ad
882 3756 1154 3794 numerum
1210 3742 1629 3808 qttuteruarium.

244 3858 401 3922 Item,
438 3854 907 3922 quod'secundum
960 3866 1221 3909 statutum
1260 3862 1314 3907 et
1372 3854 1740 3908 erdinatioaes

171 3948 385 4015 praefui
440 3949 538 4002 Dni
584 3946 808 4017 Eugenii
842 3963 1102 4011 numerus
1154 3935 1536 4001 canon'icornm
1568 3948 1639 4000 sit
1671 3944 1735 4000 ad

169 4052 409 4110 quatuor
438 4041 701 4095 duntaxat
753 4043 1024 4103 redactus,
1052 4056 1118 4093 ne
1162 4041 1382 4107 praefata
1424 4040 1649 4093 ceclcsia
1685 4042 1735 4091 in

167 4132 376 4186 divinis
406 4132 806 4186 incommodum
840 4132 1053 4184 interim
1088 4132 1344 4197 patiatur,
1370 4131 1657 4183 statuimus
1686 4139 1739 4182 et

165 4225 497 4279 ordinamus
538 4226 681 4292 quod
730 4222 972 4277 canonici
1010 4223 1097 4289 qui
1126 4237 1153 4273 a
1183 4224 1302 4275 data
1334 4222 1631 4275 litterarum
1658 4222 1739 4275 di-

166 4320 240 4373 cti
279 4315 383 4369 Dui
414 4315 638 4384 Eugenii
692 4314 830 4367 citra
866 4314 918 4365 in
952 4313 1095 4367 dicta
1134 4312 1363 4367 ecclesia
1392 4312 1595 4381 recepti
1624 4312 1739 4367 fue-

156 4411 303 4473 ‘riut,
338 4422 434 4460 nec
460 4423 563 4460 non
597 4405 861 4474 capellani
898 4408 991 4474 qui
1024 4406 1140 4459 vice
1186 4405 1489 4458 absentium
1521 4407 1738 4458 eanoni»

168 4512 368 4550 eorum
395 4496 572 4550 divina
595 4499 887 4555 secundum
914 4495 1197 4563 deputatas
1220 4494 1297 4547 cis
1319 4494 1595 4562 portiones
1615 4510 1740 4561 sup-

168 4589 324 4654 plere
361 4594 643 4639 teneantur
664 4568 746 4640 ﬁat:
773 4586 1027 4647 debeant,
1070 4600 1133 4642 ex
1168 4593 1293 4637 tunc
1317 4599 1346 4635 a
1374 4586 1738 4652 publicationc

166 4678 518 4744 praesentiunt
564 4685 915 4739 statutowm,
950 4675 1246 4729 secundum
1298 4674 1602 4740 hujustnodi
1642 4678 1737 4725 no-

164 4782 317 4821 stras
361 4771 734 4823 ordinationes
781 4777 836 4820 et
887 4776 1109 4830 statuta,
1140 4766 1190 4817 in
1248 4765 1466 4830 putata
1508 4764 1735 4819 ecclesia

164 4868 493 4930 pernoctare
518 4870 572 4910 et
616 4860 891 4914 deservire
925 4856 1203 4911 nocturnis
1247 4858 1451 4924 pariter
1505 4864 1557 4908 et
1591 4856 1736 4908 diur-

164 4956 251 5005 nis
278 4949 467 5004 otiiciis
493 4951 723 5002 debeant
752 4950 807 5002 in
856 4951 1105 5002 omnibus
1146 4958 1199 5001 ct
1246 4963 1339 5015 per
1380 4947 1563 4998 omnia
1596 4961 1658 4999 ac
1689 4947 1732 4999 si

162 5041 457 5111 prxdictus
486 5054 741 5092 numerus
773 5051 919 5094 esset
954 5040 1192 5107 pleuarie
1225 5038 1567 5105 adimpletus.

520 5150 597 5203 L‘e
631 5150 890 5203 oblatione
921 5152 1109 5203 altaris
1142 5151 1380 5217 majoris.

232 5265 539 5334 Agljicimus
566 5278 783 5331 quoque
836 5266 901 5316 tle
948 5266 1309 5317 oblationibus
1346 5266 1560 5335 majoris
1596 5246 1731 5316 alta-

160 5361 240 5415 ris
293 5358 469 5427 ipsius
496 5355 765 5417 'eeclesiai,
797 5354 1047 5406 videlicet
1077 5372 1104 5406 :t
1135 5357 1319 5408 decem
1356 5358 1541 5410 solidis
1590 5357 1727 5410 infra

158 5450 438 5521 capellani
471 5450 627 5500 dicta:
653 5445 917 5509 ecclesiae,
946 5446 1037 5513 qui
1080 5461 1172 5512 pro
1225 5450 1499 5502 canonicis
1532 5453 1727 5503 abso"-

161 5546 313 5597 tibus
358 5554 499 5593 nunc
533 5536 868 5599 deserviunt,
906 5538 1229 5604 participare
1265 5538 1516 5609 debeam,
1571 5555 1727 5612 pro“,

157 5614 412 5688 canonici
445 5634 537 5696 ipsi
573 5630 892 5690 participant

853 238 1154 302 ALOYSII
1191 234 1548 299 BANDINII
1584 232 2210 298 COMMENTARIUS.
2252 262 2320 276 -
2353 240 2763 304 APPENDIX.

3326 257 3389 296 ιι
3398 259 3430 299 Χ

1979 347 2056 401 De
2082 346 2329 415 (antprid:
2359 353 2691 406 accendenda
2734 364 2855 408 ante
2896 373 3083 427 corpus
3110 359 3326 419 Christi.

1946 460 2243 531 Adjicimus
2277 458 2500 534 insuper
2522 481 2761 535 quoque,
2800 471 2944 536 quod
2974 480 3311 538 cattterarius
3351 482 3438 537 di-

1868 560 1967 607 cta:
2015 553 2257 621 ecclesia:
2287 552 2357 609 de
2380 555 2643 618 fructibus
2691 557 2862 627 ipsius
2898 564 3142 621 ecclesia:
3188 580 3435 627 teneatur

1869 645 2162 699 accendere
2188 643 2490 715 lampadem
2516 659 2645 703 ante
2657 664 2849 720 corpus
2868 653 3067 711 Christi
3101 660 3226 714 dum
3250 664 3432 720 divina

1866 735 2241 800 celebrantur;
2271 747 2325 791 et
2349 737 2396 791 si
2426 739 2834 807 contraleeerit,
2886 744 2939 797 itt
2991 746 3300 819 bolengenis
3331 758 3430 809 tri-

1865 825 1964 880 bus
1991 826 2229 894 qualibet
2256 827 2370 883 vice
2406 832 2681 898 puniatur,
2712 842 2767 887 et
2807 843 2982 891 stetur
3025 839 3169 893 dicto
3199 847 3428 901 cauoni-

1863 929 2072 981 corum,
2108 916 2286 971 medio
2308 916 2639 987 iuramento.

2589 1080 2677 1135 ΙΙΙ.

1862 1185 2153 1277 Bullrtiqtta
2191 1188 2554 1277 Eugeniusilni’
2577 1198 3191 1277 cardinqliliessarioui,
3228 1220 3277 1263 et
3307 1223 3425 1277 post

1931 1264 2059 1343 eius.
2082 1272 2329 1343 ηιοιὶίεηιΔ
2356 1264 2601 1343 basilica:
2628 1268 2724 1323 SS.
2756 1271 2805 1325 Χ
2816 1273 2869 1327 ll
2894 1264 3284 1343 Apostolorum,
3307 1264 3321 1277 ’
3340 1298 3424 1333 ec-

1933 1331 2145 1405 clesiam
2184 1331 2244 1385 ὃ.
2295 1335 2679 1404 Αιιάνειε,”ιιηα
2710 1358 2829 1396 cum
2864 1331 3100 1400 dantibus
3150 1360 3199 1401 et
3261 1331 3426 1405 liortis

1932 1399 2001 1450 ad
2028 1416 2144 1453 eum
2171 1399 2571 1468 pertinentibus,
2591 1415 2851 1467 concedit.

1932 1531 2206 1602 Eugenius
2256 1538 2562 1609 episcopus,
2615 1559 2816 1602 servus
2861 1563 3144 1608 servorum
3183 1555 3300 1621 Dei,
3354 1558 3421 1613 ad

1862 1619 2095 1677 futuram
2135 1627 2210 1680 rei
2257 1636 2599 1687 memoriam.
2640 1634 2764 1691 Ilias
2800 1640 3083 1707 potissimo
3133 1619 3425 1713 petitiones

1863 1713 1927 1767 ad
1980 1717 2344 1802 exauditionis
2396 1724 2623 1789 gratiam
2673 1724 3042 1785 favorabiliter
3088 1736 3423 1795 admittimus

1860 1819 1957 1873 per
1984 1823 2125 1876 quas
2157 1815 2417 1907 veneratr2
2436 1815 2662 1873 fratrum
2696 1807 3003 1878 nostrorum
3039 1826 3199 1898 126
3224 1829 3282 1881 S.
3314 1829 3421 1883 llo-

1861 1912 2035 1951 mana:
2093 1898 2350 1985 Ecclesiae
2408 1898 2778 1979 ‘cardinalium
2835 1919 3119 1969 commodo
3169 1932 3420 1986 speratur

1856 1994 2019 2053 atque
2040 1988 2300 2056 profectui
2337 1994 2631 2061 provideri.
2654 1997 2815 2065 Sane,
2831 2002 2976 2054 sicut
3008 2004 3162 2058 nobis
3194 2006 3418 2063 dilectus

1856 2077 1999 2130 tilius
2028 2087 2213 2132 uester
2267 2079 2575 2149 Bessarion,
2612 2086 2848 2144 basicha:
2884 2089 2976 2144 ΧΠ
3004 2094 3195 2161 Apost.
3229 2100 3412 2165 presb.

1853 2169 2001 2223 card.
2033 2210 2049 2227 .
2083 2185 2253 2241 nuper
2278 2180 2803 2248 exponereeuravit,
2825 2184 3055 2261 ecclesia
3081 2184 3138 2244 S.
3162 2189 3415 2255 Andreae,

1850 2261 1957 2339 isita
1997 2262 2047 2315 in
2084 2263 2163 2316 via
2202 2265 2450 2335 Ergatica
2498 2271 2565 2326 de
2615 2270 2779 2340 Urbe,
2826 2288 2943 2344 qua:
2979 2279 3105 2333 olim
3148 2292 3416 2337 monaste-

1822 2404 1825 2405 ν
1856 2355 1993 2407 rium
2019 2358 2330 2413 mouialium
2358 2376 2479 2417 esse
2510 2363 2739 2432 solebat,
2770 2378 2826 2421 et
2850 2380 2972 2437 post
3006 2372 3415 2438 translationem

1855 2448 2168 2502 mouialium
2214 2450 2521 2521 bujusmodi
2572 2457 2641 2511 ab
2697 2458 2842 2525 inde,
2870 2475 2991 2515 cum
3023 2465 3289 2531 quondam
3313 2465 3413 2519 ba-

1853 2539 2205 2596 bitationibus
2235 2544 2546 2599 mouialium
2572 2562 2638 2600 ac
2671 2550 2834 2602 certis
2870 2551 3120 2607 domibus
3150 2558 3415 2610 censuali-

1854 2628 1954 2682 bus
1984 2630 2160 2684 eidem
2182 2632 2425 2686 ecclesiae
2452 2635 2719 2706 contiguis
2742 2640 2857 2694 sive
2886 2641 3283 2709 adiacentibus,
3316 2664 3412 2700 nec

1852 2732 1958 2770 non
1983 2718 2171 2784 hortis,
2209 2720 2495 2778 hortalitiis
2522 2738 2584 2779 ac
2610 2725 2821 2796 juribus
2846 2737 2898 2784 et
2929 2732 3274 2799 pertinentiis
3301 2738 3416 2792 suis

1853 2810 2180 2864 monasterio
2210 2812 2266 2865 S.
2301 2812 2595 2871 Clementis
2632 2818 2700 2872 de
2744 2819 2883 2875 dicta
2916 2821 3078 2888 Urbe,
3110 2827 3318 2881 ordinis
3352 2828 3412 2882 S.

1850 2893 2152 2963 Jeronymi,
2173 2900 2270 2953 sub
2301 2901 2464 2955 certis
2487 2904 2647 2961 modo
2670 2918 2721 2961 et
2745 2906 2918 2964 forma
2942 2914 3262 2973 auctoritate
3287 2933 3414 2987 apo-

1852 2986 2046 3040 stolica
2088 2989 2233 3045 unita
2272 3001 2325 3045 et
2354 2992 2700 3064 incorporata
2753 3004 2981 3069 exstitit,
3029 3008 3261 3061 totalitcr
3306 2986 3416 3065 dis-

1851 3091 2105 3147 cooperta
2152 3092 2205 3135 et
2242 3084 2539 3152 destructa,
2570 3103 2632 3142 ac
2667 3089 3027 3150 habitationes
3071 3112 3278 3151 necnon
3315 3103 3412 3153 do-

1853 3185 1973 3223 [llus
2007 3174 2276 3239 prmdicta:
2304 3174 2573 3244 pleraeque
2590 3175 2863 3248 ruinosre';
2897 3199 2959 3238 ac
2989 3199 3249 3256 praeterea
3280 3191 3413 3245 dile-

1851 3264 1953 3317 ctis
1999 3264 2128 3317 ﬁliis
2179 3265 2343 3335 priori
2404 3277 2457 3320 et
2513 3269 2770 3329 fratribus
2823 3276 2951 3331 dicti
3000 3286 3315 3338 monasterii
3349 3287 3406 3338 δ.

1849 3354 2141 3411 Clementis
2175 3360 2348 3413 minus
2389 3361 2547 3416 utiles
2575 3374 2628 3416 et
2651 3351 3015 3424 accommodat
3040 3371 3153 3427 fore
3177 3389 3412 3430 noscun-

1851 3454 1957 3498 tur.
1986 3447 2123 3499 Cum
2154 3459 2358 3513 autem,
2387 3451 2527 3505 sicut
2553 3455 2883 3523 accepimus,
2912 3463 3169 3531 ecclesia,
3197 3466 3412 3522 habita-

1851 3536 2025 3588 tiones
2050 3546 2104 3588 ct
2140 3538 2333 3590 domus
2372 3542 2639 3606 prmdictre
2669 3544 2824 3619 juxta
2863 3552 3079 3604 domum
3106 3570 3215 3607 sua:
3258 3557 3407 3610 habi-

1850 3624 2068 3680 tationis
2094 3627 2207 3681 sive
2252 3630 2556 3685 residentite
2588 3622 2915 3701 consistant,
2944 3653 3006 3691 ac
3048 3642 3408 3699 habitationes

1847 3726 1899 3770 et
1948 3716 2139 3777 domus
2188 3722 2475 3791 prtedietre,
2519 3740 2641 3792 qua:
2702 3727 2940 3795 quinque
3011 3747 3231 3787 numero
3286 3748 3411 3789 sunt

1846 3812 1978 3865 citra
2004 3811 2144 3864 viam
2179 3815 2244 3866 ad
2281 3813 2417 3866 latus
2449 3815 2778 3871 occidentale
2808 3820 3043 3882 sitnatus,
3080 3822 3253 3877 eidem
3288 3840 3408 3880 car-

1846 3904 2007 3957 dinali
2046 3919 2140 3971 pro
2183 3920 2276 3959 sua
2309 3907 2359 3958 in
2408 3908 2484 3960 eis
2520 3908 2832 3964 collocanda
2882 3911 3081 3968 familia
3114 3914 3401 3979 plurimum

1849 3997 2164 4050 necessaria:
2203 4000 2487 4065 exsistant,
2537 4001 2759 4069 ipseque
2796 4004 3090 4059 eardinalis
3118 4006 3162 4059 si
3198 4008 3407 4061 habita-

1846 4090 2021 4144 tiones
2046 4098 2097 4141 ct
2127 4090 2358 4159 quinque
2382 4092 2573 4146 domus
2603 4095 2903 4162 hujusmoli
2930 4100 2977 4150 ei
3014 4073 3403 4167 concedantur,

1846 4193 1938 4231 eas
1987 4180 2157 4247 posse
2192 4189 2349 4236 tenus
2407 4199 2658 4252 reparare
2688 4197 2739 4239 et
2778 4187 3082 4245 restaurare
3110 4191 3352 4247 intendat
3388 4215 3400 4247 :

1847 4287 1945 4326 nos
1973 4271 2166 4339 quibus
2200 4288 2319 4328 ven.
2357 4274 2526 4329 frater
2555 4289 2737 4332 noster
2765 4277 3093 4335 Franciscus
3122 4284 3404 4353 episcopus

1848 4363 2180 4431 Portuensis,
2240 4365 2294 4418 S.
2360 4366 2517 4422 Rom.
2568 4365 2709 4422 Eccl.
2753 4374 3271 4447 vicecaucellariush
3316 4379 3403 4429 cui

1848 4464 1904 4507 ut
1976 4471 2036 4509 se
2073 4471 2237 4524 super
2288 4458 2583 4525 prtemissis
2643 4461 2962 4515 inl'ormarct
3013 4464 3401 4527 commisimus,

1846 4543 2158 4598 relationem
2195 4544 2325 4598 fecit
2365 4545 2597 4611 ﬁdelem,
2625 4549 2823 4617 quique
2859 4564 2953 4616 per
2987 4550 3288 4618 huiusmodi
3325 4553 3404 4603 iu—

1846 4635 2218 4688 fortnationcm
2252 4637 2323 4687 ita
2352 4652 2491 4700 esse,
2516 4652 2568 4689 et
2600 4640 2737 4704 quod
2770 4640 2822 4690 in
2878 4642 2962 4693 his
2995 4646 3231 4707 ipsorum
3260 4645 3405 4710 prio-

1847 4741 1964 4779 rum
1994 4737 2045 4779 et
2089 4726 2317 4779 fratrum
2348 4743 2637 4795 expressus
2668 4733 2903 4783 acct'ssit
2934 4747 3205 4795 assensus,
3246 4740 3398 4786 ὴιιγιμ

1844 4818 2044 4882 nimus,
2081 4818 2245 4887 ipsius
2296 4818 2583 4872 eardinalis
2615 4802 2665 4871 in
2698 4821 2797 4875 hac
2846 4832 2999 4889 parte
3030 4826 3403 4890 precibus-in-

1843 4910 2050 4972 clinati,
2100 4910 2397 4978 huiusmodi
2453 4912 2757 4977 ecclesiam,
2810 4930 2905 4969 nec
2960 4894 3400 4984 non‘quondatn

1845 5001 2205 5055 habitationes
2248 5004 2583 5068 mouialium,
2621 5022 2681 5059 ac
2737 5009 2978 5077 quinque
3017 5010 3209 5065 domus
3265 5010 3407 5071 prie-

1842 5094 2018 5147 dictas
2052 5110 2170 5147 cum
2211 5095 2385 5149 hortis
2439 5108 2491 5150 et
2533 5097 2818 5151 ltortaliliis
2850 5116 2913 5154 ac
2944 5087 3154 5166 juribus
3188 5110 3242 5153 et
3281 5118 3401 5164 pct-

1844 5185 2085 5239 Iiuentiis
2148 5189 2462 5255 prmitissis,
2516 5190 2616 5257 ipsi
2679 5192 2963 5256 cardinali,
3016 5192 3192 5258 quoad
3246 5193 3396 5244 visc-

1844 5275 1931 5338 rit,
1977 5264 2201 5341 ct'post
2247 5282 2362 5346 ejus
2394 5285 2697 5341 decessuzn,
2745 5281 2977 5333 basilica:
3027 5279 3122 5333 ΧΗ
3170 5284 3393 5350 Aposto-

1839 5366 2013 5417 lorum
2064 5370 2368 5435 bujusmodi
2417 5372 2737 5423 auctoritate
2791 5373 3084 5437 apostolica
3135 5387 3391 5442 perpetuo

1839 5460 2189 5524 applicari-us,
2222 5462 2649 5527 appl'opriautus,
2697 5462 3017 5530 deputamus
3049 5475 3103 5518 et
3155 5456 3389 5536 assigna-

1841 5564 1995 5611 inus;
2049 5550 2119 5600 ita
2154 5553 2292 5617 quod
2332 5553 2581 5606 liceatex
2637 5568 2779 5607 nunc
2833 5556 3089 5610 cardittali
3142 5565 3387 5627 praebeto

1844 5657 1935 5707 per
1974 5659 2027 5695 se
2060 5646 2137 5697 vel
2180 5660 2274 5712 per
2309 5643 2470 5699 alium
2516 5659 2609 5698 seu
2669 5647 2824 5712 alios,
2857 5651 3136 5707 ecclesiam
3188 5651 3385 5706 habita—
