4138 6328
740 400 869 444 “XI

740 501 917 554 tiones
954 507 1007 551 et
1066 496 1307 567 quinque
1364 498 1559 554 domus
1612 498 1866 566 paratas
1917 513 2040 553 cum
2096 498 2294 562 hortis,

740 588 1030 644 hortalitiis
1058 600 1109 642 et
1150 589 1269 643 aliis
1332 603 1495 658 supra
1544 589 1704 643 dictis
1735 591 2057 643 auctoritate
2088 590 2300 658 propria

742 679 909 731 libere
943 678 1341 747 apprehendere
1372 693 1434 732 ac
1463 678 1584 733 illas
1623 679 1927 733 inhabitare
1969 694 2063 733 seu
2092 678 2304 732 inhabi-

741 772 845 825 tari
876 772 1072 832 facere,
1102 773 1344 839 aliasque
1383 772 1449 826 de
1478 771 1557 826 eis
1590 771 1881 838 disponere
1910 781 1965 825 et
2012 769 2294 832 ordinare,

741 862 969 929 alicujus
994 877 1155 930 super
1192 863 1292 917 hoc
1321 862 1539 916 licentia
1597 860 1826 918 minime
1854 860 2113 931 requisita
2143 875 2160 913 :
2195 874 2299 912 non

740 952 1078 1007 obstantibus
1108 953 1302 1006 litteris
1332 953 1547 1006 unionis
1575 952 1907 1007 monasterio
1927 950 1986 1006 S.
2006 950 2300 1005 Clemen'is

741 1043 894 1096 taetre
928 1042 1234 1112 hujusmodi
1284 1058 1350 1097 ac
1402 1044 1457 1097 in
1496 1043 1575 1098 eis
1614 1043 1910 1109 contentis,
1940 1058 2005 1098 ac
2031 1026 2302 1096 constitu-

744 1134 976 1189 tionibus
1031 1134 1342 1202 apostolicis
1415 1135 1735 1203 caeterisque
1788 1131 2081 1189 c0ntrariis
2141 1133 2299 1203 127

739 1226 1171 1295 quibuscunque.

810 1314 950 1370 Nulli
977 1330 1103 1385 ergo
1129 1317 1408 1368 hominum
1442 1313 1602 1366 liceat
1656 1312 1797 1382 hpnc
1822 1312 2073 1381 paginam
2106 1322 2303 1366 nostra

740 1406 1135 1475 applicationis,
1193 1403 1673 1473 appropriationis,
1707 1403 2075 1471 deputationis
2120 1410 2173 1455 et
2210 1416 2301 1454 as-

742 1497 1061 1567 signationis
1105 1495 1405 1564 infringere
1436 1494 1518 1547 vel
1575 1494 1621 1546 ei
1658 1507 1791 1565 ausu
1838 1494 2128 1545 temerario
2176 1506 2305 1546 con-

742 1588 926 1641 traire.
960 1588 1014 1641 Si
1049 1587 1170 1654 quis
1202 1594 1381 1638 autem
1421 1584 1523 1637 hoc
1574 1592 1899 1652 attemptare
1935 1597 2297 1652 praesumpse-

741 1680 830 1746 rit,
868 1677 1285 1748 indignationem
1328 1674 1712 1743 omnipotentis
1762 1674 1853 1728 Dei
1882 1683 1936 1727 et
1996 1672 2101 1727 BB.
2155 1671 2299 1727 Petri

739 1780 788 1825 et
828 1769 978 1824 Pauli
1011 1768 1379 1839 apostolorum
1408 1766 1524 1836 ejus
1552 1781 1611 1820 se
1665 1752 1876 1820 noverit
1930 1766 2299 1819 iucursurum.

814 1861 1003 1913 Datum
1058 1859 1240 1914 Retine
1292 1857 1433 1928 apud
1487 1858 1547 1912 S.
1578 1856 1797 1912 Petrum
1832 1870 1973 1910 anno
2031 1858 2298 1909 incuruat.

739 1948 954 2004 Βοωῑηί
1001 1948 1159 2015 1446,
1199 1962 1294 2003 vtu
1332 1946 1444 2002 kal.
1499 1932 1646 2018 Sept.
1680 1986 1696 2011 ,
1727 1945 2070 2016 pontiﬁcatus
2130 1943 2301 2000 nostri

741 2052 884 2093 anno
917 2052 1024 2091 XVI.

1479 2148 1571 2207 iV.

738 2269 899 2326 Bulla
931 2266 1288 2321 mtinctionls
1316 2262 1661 2317 clericatum
1689 2261 1749 2317 S.
1778 2261 1966 2316 Maria'
1990 2263 2045 2315 in
2073 2261 2293 2327 Canipo,

809 2338 868 2392 S.
902 2336 1109 2390 Nicolai
1136 2337 1199 2389 de
1226 2333 1505 2398 Columna,
1537 2351 1595 2386 ac
1627 2330 1687 2386 S.
1721 2332 1974 2401 Sylvestri
2006 2334 2069 2386 de
2102 2334 2297 2385 Arcio-

809 2410 970 2468 uiuis,
996 2414 1043 2459 et
1077 2406 1361 2472 applicatio
1415 2402 1678 2468 fructuum
1704 2402 1985 2456 rectoribus
2008 2413 2053 2454 et
2078 2416 2299 2470 repara-

810 2476 939 2529 tioni
978 2477 1237 2527 dictarunt
1276 2472 1640 2524 ecclesiarum.

809 2590 1064 2645 Nicolaus
1087 2586 1392 2656 episcopus,
1416 2597 1608 2639 servus
1648 2595 1927 2636 servorum
1963 2581 2076 2646 Dei,
2104 2581 2304 2636 dilecto

739 2684 853 2755 ﬁlio
875 2680 1105 2738 Jobanni
1135 2674 1453 2734 Gundisalvi
1487 2674 1558 2739 de
1603 2665 1767 2738 Deza,
1813 2673 2195 2728 arcltidiacono
2236 2672 2305 2727 de

739 2774 1054 2832 Baroncelle
1092 2771 1147 2825 in
1177 2767 1409 2825 ecclesia
1438 2766 1661 2823 Aurien.
1692 2802 1709 2831 .
1744 2764 1973 2822 salutem
2001 2774 2058 2819 et
2086 2773 2301 2834 aposto—

739 2870 901 2925 licam
922 2862 1379 2920 benedictionem.

802 2955 1088 3023 Quoniam,
1110 2952 1235 3005 dum
1252 2949 1604 3005 ecclesiarum
1621 2956 1673 3003 et
1691 2944 2049 3003 ecclesiastica
2058 2948 2307 3016 rumpere

739 3063 993 3106 sonsrum
1010 3041 1447 3115 opportunitates
1464 3041 1811 3095 etcommods
1828 3039 2203 3109 temporalium
2225 3053 2307 3094 re-

740 3154 860 3194 rum
887 3137 1117 3191 tenuitas
1138 3132 1349 3196 minuit,
1380 3131 1586 3184 illarum
1608 3130 1813 3184 vilescit
1830 3130 2069 3185 decentia
2093 3137 2146 3182 et
2169 3128 2306 3183 divi-

741 3245 841 3284 nus
853 3229 1025 3283 cultus
1040 3225 1093 3281 in
1110 3226 1270 3279 domo
1286 3221 1493 3275 Domini
1511 3220 1980 3281 desinitexerceri,
2000 3220 2307 3289 apostolica:

700 3356 701 3359 η
740 3322 807 3373 ad
835 3321 938 3374 hoc
985 3332 1089 3372 non
1120 3314 1349 3383 indigne
1375 3309 1682 3367 extenditur
1711 3310 2025 3376 provisionis
2048 3323 2231 3375 opera,
2251 3318 2311 3360 ut

742 3408 1044 3479 hujusmodi
1060 3402 1358 3473 dispendiis
1391 3416 1484 3467 per
1514 3399 1748 3453 remedia
1778 3398 1985 3451 occurri
2022 3401 2194 3452 valeat
2215 3412 2310 3467 op.

742 3510 992 3570 portum.
1009 3496 1189 3564 Nuper
1216 3490 1480 3560 siquidem
1508 3489 1735 3544 dilectus
1762 3488 1901 3541 ﬁlius
1925 3497 2103 3545 noster
2125 3488 2310 3543 Bessa-

744 3593 885 3657 rion,
906 3590 991 3644 tit.
1025 3587 1257 3642 basilica:
1275 3583 1371 3639 SS.
1390 3581 1483 3637 Xll
1502 3584 1689 3653 Apost.
1712 3580 1892 3653 presb.
1928 3582 2101 3645 ειη-ό..
2124 3596 2306 3638 coram

742 3682 899 3737 nobis
912 3677 1162 3750 exposuit
1185 3676 1345 3747 quod,
1368 3674 1492 3729 licet
1510 3674 1563 3728 in
1589 3673 1999 3745 quampluribus
2018 3674 2303 3745 parochia-

741 3774 882 3828 libus
914 3764 1160 3829 ecclesiis
1189 3769 1254 3825 de
1278 3767 1427 3825 Urbe
1452 3766 1521 3823 ab
1558 3767 1796 3839 ipsarum
1840 3765 2152 3824 l'undatione
2208 3783 2308 3838 pro

740 3865 906 3920 divini
935 3864 1113 3919 cultus
1137 3858 1547 3917 honoriﬁcentia
1601 3867 1656 3914 et
1714 3868 2003 3928 augmento
2052 3861 2306 3915 nonnulla

738 3966 995 4029 perpetua
1026 3952 1307 4018 beneﬁcia,
1338 3950 1625 4007 clericatus
1652 3961 2003 4031 nuncupata,
2036 3964 2133 4017 pro
2167 3966 2303 4005 non-

740 4047 903 4103 nullis
932 4047 1147 4102 clericis
1172 4044 1261 4116 qui
1290 4044 1596 4101 femoribus
1626 4056 1817 4099 carum
1846 4057 1944 4112 pro
1981 4053 2222 4113 tempore
2246 4045 2300 4098 in

740 4140 937 4196 divinis
970 4137 1174 4194 Oﬁiciis
1203 4134 1455 4192 ethlissis
1480 4134 1795 4203 deservire,
1836 4134 2055 4204 pulsare
2088 4149 2305 4203 campa-

736 4247 859 4295 nas,
884 4230 1135 4284 claudere
1169 4239 1223 4284 et
1239 4228 1451 4297 aperire
1476 4226 1736 4283 ecclesias
1760 4236 1817 4281 et
1846 4225 1951 4282 alia
1984 4226 2063 4281 eis
2092 4225 2305 4281 incum-

741 4322 922 4374 bcntia
965 4328 1284 4387 supportare
1319 4318 1600 4382 deberent,
1643 4317 1843 4387 quique
1868 4318 2037 4385 :equis
2099 4318 2305 4386 portio-

742 4418 897 4466 nibus
930 4425 1052 4465 cum
1087 4409 1391 4465 rectoribus
1416 4409 1683 4462 dictarutn
1716 4410 2066 4464 ecclesiarum
2085 4410 2302 4465 illarum

740 4509 973 4565 lructus,
1028 4499 1227 4553 reditus
1281 4508 1338 4552 et
1391 4507 1683 4567 proventus
1731 4499 1995 4567 praedicti,
2044 4512 2302 4555 causante

742 4603 1039 4660 temporum
1073 4587 1293 4653 malitia,
1332 4588 1465 4640 adeo
1492 4586 1667 4642 eﬂ’ecti
1703 4599 1827 4643 sunt
1894 4597 2080 4643 tenues
2108 4598 2160 4643 et
2190 4592 2303 4645 exi-

738 4684 839 4743 les,
868 4680 1009 4747 quod
1041 4684 1255 4746 propter
1303 4677 1543 4747 ipsorum
1574 4677 1920 4745 exiguitatem
1955 4691 2190 4734 rectores
2246 4689 2301 4735 et

736 4771 917 4827 clerici
956 4768 1163 4841 prazrati
1200 4783 1259 4823 se
1288 4782 1352 4822 ex
1407 4768 1515 4823 illis
1544 4769 1827 4823 commode
1886 4778 2193 4825 sustentare
2244 4779 2298 4826 et

734 4866 836 4918 alia
866 4863 945 4917 eis
974 4875 1071 4931 pro
1101 4870 1344 4929 tempore
1374 4860 1737 4915 incumbentis
1786 4874 1948 4915 onera
1978 4872 2297 4931 supportare

734 4955 1015 5007 commode
1050 4964 1155 5003 non
1181 4960 1435 5018 possunt;
1464 4968 1526 5004 ae
1547 4952 1674 5007 dicti
1703 4955 1882 5009 clerici
1918 4956 2006 5025 qui
2042 4958 2092 5008 in
2136 4954 2295 5009 ethi-

733 5045 939 5099 bitione
971 5039 1253 5094 ministerii
1284 5051 1338 5093 et
1381 5044 1720 5098 servitiorum
1750 5046 1911 5115 128
1976 5047 2086 5115 huj'
2115 5046 2292 5101 smodi

731 5151 790 5189 se
822 5134 1050 5188 reddunt
1099 5130 1385 5203 plurimum
1420 5134 1765 5203 negligentes,
1821 5139 2045 5199 fructus,
2091 5139 2293 5193 reditus

732 5239 785 5283 et
805 5235 1098 5296 proventus
1138 5224 1423 5294 praedictos
1456 5226 1632 5277 minus
1655 5227 1833 5279 debite
1863 5228 2022 5279 etiam
2054 5243 2160 5280 non
2198 5232 2291 5281 dc-

728 5319 1016 5373 serviendo
1040 5315 1363 5385 percipiunt,
1395 5314 1576 5382 sicque
1608 5315 1748 5367 cedit
1783 5314 1833 5366 iu
1884 5314 2079 5368 divinae
2127 5318 2295 5385 niaje.

726 5411 886 5467 statis
911 5409 1170 5465 offensam
1192 5409 1334 5479 quod
1367 5405 1432 5460 ad
1458 5406 1575 5474 ejus
1597 5405 1810 5459 laudem
1835 5416 1887 5458 ct
1914 5407 2174 5460 dictarunt
2204 5423 2292 5460 et:-

728 5504 1013 5557 clesiarum
1040 5503 1287 5558 decorem
1321 5500 1497 5555 luerat
1544 5497 1790 5565 primitus
1834 5497 2159 5551 institutum.
2222 5497 2291 5551 Et

729 5594 871 5649 sicut
903 5594 1041 5647 idem
1072 5592 1361 5647 cardinalis
1394 5590 1557 5643 nobis
1587 5588 1749 5641 etiam
1815 5602 2083 5654 exponere
2132 5606 2290 5644 cura-

728 5684 824 5748 vit,
855 5684 897 5736 si
927 5681 979 5736 in
1003 5683 1230 5751 singulis
1262 5674 1318 5737 S.
1345 5681 1523 5734 Maria:
1554 5679 1605 5731 in
1639 5677 1855 5745 Campo,
1897 5679 2049 5745 cujus
2077 5682 2279 5747 decem;

728 5777 785 5833 S.
810 5773 1009 5831 Nicolai
1040 5775 1101 5831 de
1127 5773 1408 5841 Columna,
1438 5771 1587 5841 eujus
1616 5768 1865 5825 similiter
1891 5770 2095 5839 decem,
2124 5788 2185 5829 ac
2214 5765 2279 5829 S.

1568 385 1668 445 DE
1704 384 1881 444 VlTA
1924 383 2021 444 ET
2066 382 2320 445 REBUS
2353 382 2631 445 GESTIS
2678 380 3186 444 BESSARIONIS

3830 382 3962 424 υιιι

2412 497 2670 571 Sylrestri
2703 500 2769 554 de
2800 468 3119 553 Arcioninis‘
3138 489 3539 562 parochialibus
3560 485 3806 545 ecclesiis
3830 497 3885 543 et
3905 489 3969 542 dc

2412 590 2560 647 Urbe
2589 591 2829 660 praefata
2860 587 3097 643 basilicae
3148 581 3458 638 immediate
3508 578 3793 647 subjectis,
3826 579 3971 647 cujus

2407 684 2712 752 quindecim
2745 680 2868 736 ﬂor.
2890 680 3008 734 auri
3028 678 3094 732 de
3115 690 3330 730 camera
3362 671 3695 742 singularum
3716 668 3967 724 videlicet

2408 784 2651 827 rectores
2682 781 2737 825 et
2768 756 3000 826 clericos
3022 771 3260 837 ipsarum
3288 777 3387 834 pro
3413 771 3660 830 tempore
3704 759 3969 813 exsistet:-

2410 874 2491 918 tes
2549 861 2975 931 contingentium
3030 856 3333 927 portionum
3398 852 3628 913 fructus,
3687 847 3893 901 reditus
3923 856 3972 901 et

2408 966 2721 1024 proventus,
2746 939 3042 1009 secundum
3070 961 3409 1005 communem
3433 943 3865 1004 aestimationem,
3884 955 3974 993 vs-

2407 1051 2573 1108 lnrcm
2602 1051 2861 1114 annuum,
2894 1057 2954 1103 ut
2989 1045 3276 1110 asseritur,
3302 1058 3409 1099 non
3446 1041 3734 1101 excedunt,
3764 1033 3970 1105 singula

2408 1153 2664 1213 perpetua
2694 1140 2974 1196 beneﬁcia
3008 1139 3296 1193 clericatus
3323 1141 3626 1201 nuncupata
3668 1126 3970 1197 huiusmodi

2408 1242 2568 1303 prout
2598 1234 2652 1287 in
2684 1230 2957 1287 nonnullis
2979 1230 3102 1283 aliis
3120 1213 3791 1298 parechialibnsec'ciesiis
3816 1218 3973 1272 dicta:

2406 1322 2560 1378 urbis
2590 1337 2684 1393 per
2712 1322 2974 1393 quosdam
3006 1319 3278 1372 Romanos
3302 1314 3587 1386 pontiﬁces
3611 1312 3975 1379 praedecesso-

2408 1429 2495 1470 res
2527 1424 2741 1470 nostros
2773 1429 2869 1483 pro
2899 1410 3105 1467 salubri
3164 1408 3408 1478 ipsarum
3440 1403 3803 1473 ecclesiarum
3831 1408 3972 1454 statu

2408 1504 2608 1560 factum
2660 1505 2832 1560 fuisse
2866 1502 3225 1573 dignoscitur,
3261 1496 3749 1568 7snpprimerentur
3777 1503 3835 1548 et
3883 1506 3973 1549 cz-

2406 1597 2829 1666 stinguerentur,
2864 1610 2929 1650 ac
2963 1595 3112 1664 ipsos
3141 1592 3370 1647 clericos
3392 1586 3824 1658 contingentium
3855 1596 3974 1650 por-

2410 1688 2616 1741 tionum
2668 1685 2901 1751 fructus,
2963 1685 3184 1748 reditus,
3240 1688 3554 1750 proventus,
3597 1675 3976 1745 possessiones

2409 1786 2467 1831 et
2491 1776 2629 1831 bona
2675 1776 3012 1847 portionibus
3046 1785 3281 1828 rectores
3310 1770 3561 1841 pmlatos
3615 1765 3976 1836 contingenti-

2410 1869 2511 1923 bus
2565 1875 2825 1936 pcrpetuo
2883 1865 3311 1933 applicarentur,
3376 1857 3854 1927 incorporarentur
3925 1862 3978 1907 et

2410 1966 2852 2021 annecterentur,
2888 1954 3019 2009 idin
3046 1968 3151 2008 non
3186 1952 3453 2007 modicum
3495 1949 3859 2019 subjectarum
3893 1958 3977 1996 ec-

2408 2046 2696 2101 clesiarum
2730 2050 2786 2099 et
2806 2050 3078 2097 rectorum
3116 2040 3168 2094 in
3220 2037 3514 2107 praemissis
3570 2036 3785 2091 cederet
3839 2032 3978 2088 leva-

2410 2150 2554 2191 men.

2475 2228 2653 2291 Quare
2681 2237 2779 2293 pro
2809 2231 2959 2291 parte
2986 2220 3113 2275 dicti
3153 2220 3488 2276 Bessarionis
3536 2216 3857 2283 cardinalis,
3888 2230 3971 2269 as-

2418 2318 2651 2375 serentis
2676 2331 2735 2373 se
2771 2315 2973 2371 dictam
3019 2313 3317 2379 basilicam,
3360 2327 3479 2382 qua:
3502 2312 3691 2366 titulus
3723 2310 3803 2367 sui
3860 2322 3975 2363 car-

2408 2409 2681 2463 dinalatus
2702 2407 2933 2468 exsistit,
2980 2420 3078 2474 pro
3112 2411 3262 2473 parte
3283 2403 3631 2465 relurmasse,
3666 2401 3719 2455 in
3751 2414 3816 2455 ea
3848 2400 3977 2453 divi-

2410 2515 2535 2553 num
2582 2498 2783 2552 cultum
2833 2498 3048 2551 auxisse
3099 2504 3153 2549 et
3210 2508 3311 2564 pro
3354 2509 3513 2563 posse
3557 2493 3847 2562 adaugere,
3880 2504 3977 2543 nec

2410 2604 2515 2641 non
2548 2586 2801 2654 praelatas
2842 2586 3113 2655 subjectas
3158 2584 3420 2641 ecclesias
3460 2583 3757 2638 reformare
3804 2582 3977 2635 inten-

2408 2679 2485 2732 sis
2511 2676 2793 2731 desideriis
2824 2675 3099 2739 affectare,
3128 2675 3284 2728 nobis
3325 2674 3427 2726 fuit
3460 2674 3737 2727 humiliter
3773 2673 3976 2739 suppli-

2409 2777 2590 2822 catum
2627 2776 2683 2820 ut
2721 2781 2883 2833 super
2917 2766 3000 2820 his
3057 2770 3359 2830 opportune
3395 2762 3675 2829 providere
3713 2761 3781 2814 de
3830 2762 3977 2814 beni-

2416 2859 2623 2928 gnitate
2669 2856 2964 2927 aposmlica
3009 2854 3377 2922 dignarentur.
3422 2851 3528 2908 Nos
3565 2851 3749 2921 igitur,
3781 2852 3878 2921 qui
3914 2853 3978 2906 de

2408 2950 2702 3021 praemissis
2744 2963 2949 3004 certam
2999 2946 3245 3002 notitiam
3303 2961 3411 2999 non
3465 2944 3751 3007 habemus,
3795 2942 3977 3013 hujus-

2410 3046 2555 3099 modi
2616 3040 3100 3113 supplicationibus
3162 3040 3447 3102 inclinati,
3508 3037 3817 3092 discretioni
3876 3044 3976 3089 tua

2412 3150 2505 3206 per
2545 3135 2840 3204 apostolica
2883 3136 3083 3201 scripta
3147 3134 3464 3187 mandamus
3516 3140 3783 3202 quatenus
3816 3132 3886 3195 si,
3926 3139 3978 3183 et

2413 3237 2719 3297 postquam,
2749 3241 2911 3294 super
2940 3242 3046 3295 quo
3072 3235 3217 3278 tuam
3250 3224 3634 3278 conscientiam
3658 3238 3974 3285 oneramus,

2415 3320 2599 3373 tibide
2644 3318 2937 3385 praemissis
2986 3316 3221 3384 legitime
3269 3317 3611 3381 constiterit,
3656 3316 3978 3371 auctoritate

2414 3403 2708 3475 apostolica
2755 3413 2965 3458 statuas
3002 3412 3058 3457 et
3093 3402 3358 3458 decernas
3387 3405 3531 3472 quod
3570 3405 3749 3458 omnia
3781 3415 3836 3457 et
3867 3407 3977 3457 sin-
4032 3414 4037 3423 κ

2414 3496 2535 3567 gula
2586 3493 2911 3561 oblationes,
2966 3492 3251 3555 funeralia,
3300 3495 3651 3549 obventiOnes
3684 3502 3737 3546 et
3766 3495 3975 3548 emolu-

2415 3587 2675 3641 menta-in
2702 3585 2863 3640 dictis
2904 3584 3166 3655 subjectis
3199 3584 3446 3639 ecclesiis
3470 3599 3567 3654 pro
3602 3594 3844 3652 tempore
3880 3586 3976 3639 ob-

2415 3679 2707 3741 venientia,
2734 3691 2835 3733 nec
2862 3694 2971 3733 non
3001 3692 3105 3733 uua
3136 3692 3203 3733 ex
3232 3686 3381 3742 tunc,
3414 3677 3518 3731 alia
3550 3692 3676 3730 vero
3708 3676 3977 3731 medietas

2412 3777 2755 3828 omniumet
2823 3770 3155 3841 singularum
3230 3768 3536 3840 portionum
3598 3768 3974 3839 pranlictarnta

2412 3865 2630 3920 eosdem
2661 3864 2887 3919 clericos
2938 3862 3362 3932 contingentium
3385 3903 3400 3925 ,
3450 3876 3610 3932 quam
3645 3860 3883 3931 primum
3914 3860 3977 3914 il-

2414 3954 2585 4009 lorum
2613 3954 2872 4010 beneﬁcia
2905 3953 3213 4022 hujnsmodi
3259 3967 3357 4021 per
3382 3953 3621 4020 ipsorum
3647 3956 3974 4006 clericorum

2413 4060 2601 4102 cessus
2647 4048 2729 4100 vcl
2767 4048 3053 4111 decessus,
3098 4054 3195 4099 aut
3229 4043 3460 4114 alicujus
3498 4043 3743 4099 beneﬁcii
3795 4048 3977 4100 ecc'e-

2412 4137 2621 4192 siastici
2663 4152 2757 4191 seu
2791 4137 3090 4203 aliquorum
3138 4134 3521 4189 beneﬁciorum
3577 4134 3975 4191 ecclesiastico-

2415 4240 2533 4280 rum
2568 4224 2926 4287 assecutioue,
2963 4223 3119 4292 cuqu
3148 4237 3242 4276 seu
3274 4236 3505 4291 quorum
3550 4221 3782 4290 fructus,
3834 4225 3975 4277 redi-

2412 4327 2497 4370 tus
2544 4330 2608 4370 ac
2662 4322 2954 4384 proventus
3009 4315 3368 4380 :equivaieant
3428 4299 3737 4377 fructibus,
3814 4314 3975 4382 129

2410 4408 2673 4463 reditibus
2730 4415 2785 4460 et
2844 4407 3196 4475 proventibus
3268 4404 3572 4471 portionum
3648 4402 3985 4457 clericorum

2408 4502 2807 4572 pmdictorum,
2856 4512 2975 4567 qua:
3048 4497 3248 4551 iuerint
3310 4495 3530 4566 paciﬁce
3571 4498 3829 4562 assecuti,
3881 4510 3972 4549 st-u

2409 4594 2605 4663 aliquis
2643 4607 2829 4667 eorum
2886 4590 3047 4644 luerit
3092 4591 3315 4658 paciﬁce
3365 4598 3648 4644 assecutus
3672 4604 3765 4657 per
3810 4602 3973 4655 quas-

2406 4700 2620 4754 cunque
2664 4682 3057 4746 assecutiones,
3111 4682 3366 4735 beneﬁcia
3406 4681 3710 4750 hujusmodi
3737 4684 3975 4735 auctori-

2403 4787 2513 4833 tate
2541 4775 2760 4845 praelata
2798 4786 2982 4829 tenore
3014 4776 3354 4841 praesentium
3385 4788 3579 4828 vacare
3606 4774 3971 4837 decernimus,

2401 4886 2496 4927 seu
2553 4870 2686 4923 alias
2737 4868 2955 4933 quasvis
3003 4866 3347 4920 dimissiones
3391 4881 3588 4920 vacare
3655 4869 3967 4934 contigerit,

2403 4949 2561 5031 prout
2589 4961 2701 5029 ipsa
2740 4959 2997 5011 benelicia
3026 4959 3291 5011 vacabunt
3317 4972 3381 5011 ex
3411 4967 3536 5010 tunc
3561 4957 3610 5009 in
3652 4966 3809 5009 antea
3845 4970 3965 5022 per-

2404 5054 2580 5125 petuis
2624 5050 2978 5119 temporibus,
3009 5049 3345 5115 portionibus
3376 5059 3643 5101 rectorum
3676 5047 3968 5114 pradicto-

2404 5160 2521 5198 rum
2552 5144 2909 5213 applicentur,
2952 5142 3203 5192 uniantur
3234 5150 3289 5191 et
3326 5138 3489 5191 etiam
3529 5138 3970 5202 incorporentnr,

2402 5238 2475 5291 ita
2528 5236 2670 5304 quod
2730 5236 2881 5285 liccat
2959 5232 3196 5299 praelatis
3268 5228 3571 5283 rectoribus
3619 5226 3860 5277 omnium
3920 5234 3973 5277 et

2403 5327 2738 5395 singulorum
2789 5325 3141 5387 oblationum,
3186 5322 3531 5378 lnneralium,
3584 5318 3967 5379 olivcntionnnt

2405 5429 2455 5471 et
2508 5419 3015 5481 emolumentorum,
3066 5430 3163 5468 nec
3217 5429 3321 5466 non
3375 5412 3725 5465 medictatum
3766 5412 3967 5479 portio.
4050 5442 4053 5445 λ

2406 5524 2529 5561 num
2592 5507 2907 5559 clericorum
2963 5504 3341 5574 prmdictorum
3416 5504 3853 5569 quamprimum,
3912 5510 3967 5551 ut

2404 5596 2764 5665 pt'xtuittitur,
2796 5610 2891 5663 per
2924 5608 3107 5647 cessus
3133 5592 3214 5643 vel
3260 5592 3537 5653 decessus,
3572 5599 3663 5642 aut
3694 5592 3965 5656 assensio-

2404 5700 2497 5737 ncs
2534 5685 2838 5752 hujusmodi
2867 5684 2950 5736 vel
2986 5683 3142 5735 aliter
3169 5694 3362 5734 vacare
3392 5680 3703 5747 contigerit,
3740 5680 3964 5744 lructus,

2407 5778 2607 5835 reditus
2641 5788 2692 5831 et
2742 5787 3029 5846 proventus
3058 5774 3351 5843 percipere,
3398 5784 3448 5827 et
3488 5772 3606 5825 illos
3639 5772 3690 5823 in
3720 5772 3834 5826 suis
3875 5786 3970 5841 pro
