4138 6328
182 316 325 357 ιχιιιι

187 421 361 485 tribus.
381 431 441 478 et
466 438 565 515 pro
593 433 787 494 quarta
813 428 1062 495 partibus
1112 429 1166 483 in
1204 429 1475 484 dictarunt
1496 426 1759 482 ecclesia-

188 527 291 570 rum
340 517 686 585 reparatione
738 531 1076 588 convertere,
1111 520 1504 590 cujuscunque
1533 519 1748 575 licentia

189 613 399 681 desuper
425 611 732 669 nullatenus
763 613 1045 684 requisita,
1069 613 1324 681 dictaque
1348 609 1608 667 beneﬁcia
1626 624 1754 679 sup-

832 311 1139 377 ALOYSII
1179 286 1537 377 unumst!
1570 310 1780 395 conn
1799 286 2209 385 animus.
2247 344 2317 361 -—
2344 321 2747 385 APPENDIX.

3259 330 3417 371 ιδιιγ

1866 443 1984 487 eam
2033 435 2342 503 prcdictam
2388 438 2610 493 visitare
2658 446 2715 490 et
2757 436 2955 492 missas
3000 450 3061 489 ac
3105 434 3210 491 alia
3247 433 3423 491 divinzt

1856 526 2029 583 cilicia
2063 530 2196 584 inibi
2227 531 2418 585 audire
2451 531 2970 596 consueverunt,“
2996 530 3135 599 quod
3169 528 3294 583 licet
3323 545 3425 581 nu-

1852 620 2453 699 merns‘canonlcorum
2485 624 2657 692 ipsius
2711 622 2981 687 ecclesias,
3018 623 3109 690 qui
3142 621 3273 677 olim
3303 631 3425 673 oetn

192 720 355 777 pressa
388 717 445 762 et
480 706 747 763 exstincta
765 707 873 762 sint
894 713 949 761 et
981 720 1106 762 esse
1128 705 1347 776 penitus
1374 710 1747 759 censeantur:

1871 728 1974 770 esse
2006 724 2426 779 consueverant,
2452 729 2548 783 per
2577 714 2666 769 fel.
2701 729 2808 768 rec.
2846 713 3141 782 Eugenium
3170 711 3258 774 iV,
3290 730 3426 781 pm:-

192 816 285 855 nou
322 799 662 854 obstantibus
724 796 1205 853 constitutionibus
1240 807 1293 862 et
1316 794 1753 857 ordinationibus

192 890 485 961 apostolicis
542 892 860 962 ceterisque
941 889 1237 946 euutrariis
1296 886 1738 956 quibuscunqne.

193 983 288 1034 Aut
310 982 354 1037 si
385 982 553 1051 aliqui
586 997 751 1051 super
786 980 1190 1053 provisionibus
1240 982 1345 1035 sibi
1378 981 1644 1037 faciendis
1680 983 1747 1036 de

195 1074 487 1143 huiusmodi
522 1075 606 1130 vel
634 1074 758 1130 aliis
785 1074 1069 1130 beneﬁciis
1110 1073 1502 1130 ecclesiasticis
1544 1075 1597 1127 in
1640 1075 1749 1130 illis

195 1169 421 1235 partibus
472 1168 739 1239 speciales
783 1167 867 1222 vel
916 1167 1199 1239 generales
1251 1166 1563 1236 apostolicae
1605 1168 1753 1222 sedis

193 1260 269 1321 vel
316 1261 614 1330 legatorum
662 1259 781 1330 eius
830 1260 1039 1326 litteras
1063 1259 1497 1328 impetraverint,
1524 1259 1744 1313 etiamsi

194 1371 281 1424 per
306 1369 398 1409 eas
423 1354 491 1406 ad
515 1351 887 1415 inhibitiones,
918 1338 1338 1406 reservationem
1362 1362 1415 1406 et
1436 1352 1736 1415 decretum,

196 1445 274 1499 vel
302 1446 436 1500 alias
462 1442 870 1515 qnomodolibet
895 1443 967 1497 sit
992 1426 1329 1512 processum,
1363 1456 1500 1513 quas
1526 1440 1744 1510 quidem

197 1539 393 1594 litteras
439 1546 495 1592 et
539 1552 830 1606 proCessus
878 1537 1043 1591 etiam
1105 1551 1203 1606 pro
1250 1546 1495 1606 tempore
1541 1530 1759 1591 habitas

198 1646 289 1701 per
327 1630 568 1694 easdem,
616 1641 672 1685 et
730 1643 1081 1701 quaecunque
1111 1628 1239 1682 inde
1265 1636 1476 1693 secuta,
1522 1628 1588 1682 ad
1614 1626 1756 1682 dicta

196 1724 447 1779 beneﬁcia
514 1721 765 1778 volumus
816 1738 921 1777 non
976 1720 1223 1785 extendi,
1274 1722 1368 1775 sed
1424 1720 1626 1775 nulltnn
1663 1704 1760 1789 per
1821 1739 1824 1742 '

199 1811 296 1866 hoc
316 1811 396 1865 eis
425 1811 603 1881 quoad
638 1810 1037 1867 assecutiouem
1087 1810 1315 1863 aliorum
1366 1810 1758 1864 beneﬁciorum

194 1902 558 1970 pra-judicium
615 1904 860 1974 generari
890 1942 908 1970 ,
945 1911 999 1955 ct
1047 1902 1394 1972 quibuslibet
1431 1903 1755 1971 privilegiis,

199 1995 538 2064 indulgentiis
572 2010 637 2050 ac
680 1995 878 2050 litteris
924 1995 1246 2063 apostolicis
1302 1977 1651 2064 generalibus
1679 1993 1760 2048 vel

194 2087 539 2158 Speciulibus,
570 2101 1027 2156 quornnteunque
1074 2096 1321 2141 terrorum
1351 2085 1635 2149 exsistant,
1668 2099 1763 2151 per

192 2196 309 2249 qua:
337 2180 692 2250 prrcsentibus
716 2195 822 2233 non
856 2193 1108 2248 expressa
1144 2160 1226 2232 vel
1283 2179 1518 2232 letaliter
1545 2191 1651 2230 non
1682 2177 1765 2229 in-

191 2283 333 2329 serta
364 2272 591 2327 effectus
615 2286 804 2327 earum
852 2270 1097 2341 impediri
1131 2269 1306 2324 valeat
1330 2267 1760 2337 quomodulibet,

193 2366 277 2421 vel
311 2364 537 2433 dill'crri,
559 2373 615 2420 et
642 2364 711 2419 de
741 2363 936 2435 quibus
962 2376 1303 2433 quorumque
1323 2360 1450 2415 tutis
1480 2350 1759 2416 terroribus

198 2464 267 2512 de
297 2459 465 2513 verbo
506 2459 572 2512 ad
614 2456 852 2511 verbum.
877 2456 1122 2525 habenda
1151 2456 1223 2511 sit
1258 2456 1310 2509 in
1344 2455 1544 2509 nostris
1572 2435 1767 2508 litteris

194 2551 397 2605 mentio
413 2549 688 2619 specialis.
709 2548 967 2605 Volumus
1002 2561 1177 2603 autem
1209 2548 1355 2618 quod
1386 2561 1452 2603 ex
1486 2559 1629 2600 nunc
1654 2546 1766 2600 sin-

191 2644 297 2712 pttli
347 2642 615 2698 dictarum
676 2644 1045 2713 subiectarum
1115 2639 1469 2697 ecclesiarum
1529 2646 1765 2694 rectores

197 2752 363 2791 unum
397 2736 652 2792 clericum
676 2737 767 2808 qui
794 2737 902 2794 illis
925 2736 976 2791 in
1004 2735 1181 2791 missis
1201 2743 1257 2789 et
1286 2732 1408 2789 aliis
1430 2732 1626 2788 divinis
1654 2730 1772 2787 olli-

194 2830 294 2886 ciis
326 2832 617 2896 deserviat,
645 2839 905 2901 perpetuo
942 2831 1175 2883 retinere
1219 2841 1283 2881 ac
1311 2829 1361 2881 ei
1394 2825 1519 2879 vita:
1544 2837 1769 2893 necessa

198 2922 278 2974 ria
312 2922 624 2978 ministrare
644 2901 1079 2978 teneantur.Nos
1107 2922 1251 2973 enim
1274 2934 1340 2973 ex
1378 2930 1519 2971 nunc
1551 2915 1768 2972 irritum

190 3017 541 3072 decernimus
596 3026 651 3071 et
707 3016 890 3081 inane,
947 3013 994 3070 si
1048 3027 1210 3069 secus
1266 3026 1430 3081 super
1462 3010 1606 3065 hisa
1638 3023 1774 3079 quo-

190 3125 361 3177 quam
406 3110 600 3180 quavis
649 3109 976 3165 auctoritate
1026 3108 1264 3164 scienter
1322 3103 1409 3160 vel
1460 3104 1776 3175 ignoranter

193 3202 497 3270 contigerit
521 3201 859 3269 attemptari.

267 3295 462 3349 Datum
511 3294 694 3349 [totum
750 3295 890 3363 apud
932 3293 988 3348 S.
1027 3292 1268 3367 Eetrum,
1310 3306 1454 3348 anno
1498 3290 1773 3346 incarnat.

189 3386 413 3443 Dotnin.
445 3388 609 3449 1447.
635 3388 709 3443 id.
742 3386 942 3453 Ilartii,
979 3386 1324 3457 pontiﬁcatus
1364 3387 1535 3439 nostri
1558 3397 1700 3437 anno
1731 3398 1774 3437 ι.

858 3523 1017 3592 130
1053 3522 1118 3576 V-
1212 3556 1216 3558 ~

192 3614 367 3669 Bulla
398 3614 485 3667 Pii
514 3612 534 3665 1
546 3614 596 3679 Ι,
626 3630 730 3683 qua
756 3614 1037 3683 consonuit
1061 3610 1287 3683 t‘iicolao
1320 3602 1774 3683 ar_elr._§ipomirto

269 3686 345 3734 ad
371 3677 684 3735 instantiam
708 3682 859 3733 card.
890 3680 1245 3738 Bessariouis,
1270 3691 1325 3731 ut
1365 3677 1637 3733 basilicam
1656 3680 1773 3737 SS.

270 3751 392 3805 ΧΗ
461 3752 855 3817 Apostolorum,
919 3749 1115 3801 amotis
1160 3750 1279 3801 inde
1338 3751 1645 3817 canonicis,
1701 3754 1773 3805 ad

273 3821 505 3873 Frdtrcs
540 3820 825 3872 Mmoritas
865 3818 1173 3888 transferat.
1745 3848 1751 3849 ί

272 3934 407 3990 Pius
440 3935 752 4004 episcopus,
804 3947 994 3989 servus
1047 3947 1328 3989 servorum
1364 3932 1479 3999 Dci,
1502 3947 1627 3989 vett.
1660 3932 1772 3987 [ηε

193 4027 274 4082 tri
331 4024 579 4088 Nicolao,
635 4021 1049 4095 archiepiscopo
1096 4026 1403 4096 Sipontino,
1454 4025 1684 4080 salutent
1724 4034 1779 4081 et

195 4117 569 4187 apostolicam
606 4117 1063 4173 benedictionettt.

272 4213 441 4271 Sedis
468 4212 776 4283 apostolica:
808 4211 1144 4273 providentia
1197 4213 1617 4283 cii-ctmtspccta,
1674 4213 1777 4267 Ec-

195 4308 499 4363 clesiarttm
547 4305 789 4361 omnium
836 4304 1071 4358 debitam
1098 4321 1284 4359 curam
1320 4321 1533 4375 gerens,
1563 4304 1781 4361 assidue

193 4400 400 4471 vigilat
431 4412 484 4455 et
526 4415 588 4455 se
636 4400 897 4454 continue
945 4398 1123 4453 reddit
1154 4409 1417 4453 attentam
1452 4381 1782 4455 υιέεοΙιδίιιξ

195 4498 367 4565 ipsa,
394 4509 513 4561 qua:
553 4493 750 4546 domus
794 4501 923 4573 sunt
970 4493 1233 4547 orationis
1267 4491 1318 4545 in
1355 4490 1536 4557 terris,
1567 4505 1661 4560 per
1700 4490 1785 4545 di-

190 4589 465 4641 vinorum
516 4584 818 4642 ciliciorum
864 4584 1263 4640 observantiam
1311 4583 1470 4654 digna
1501 4584 1790 4657 devotione

195 4690 261 4737 et
334 4680 456 4735 fidei
503 4680 809 4734 reverentia
857 4694 887 4731 a
936 4674 1388 4732 Christiﬁdelibus
1441 4686 1783 4749 venerentur,

197 4784 262 4826 et
299 4773 502 4841 quibus
536 4770 785 4825 subtrnbi
833 4768 1096 4837 conspicit
1128 4766 1365 4822 divinum
1420 4766 1621 4820 cultum
1643 4805 1658 4829 ,
1683 4764 1790 4833 huc

197 4862 503 4919 brachium
540 4850 825 4928 potestatis
873 4856 1115 4913 estendit
1165 4864 1222 4909 ut
1253 4855 1320 4908 ad
1363 4855 1458 4908 Dei
1494 4852 1706 4927 laudem
1737 4863 1790 4908 et

196 4954 459 5011 fidelium
492 4956 794 5008 animarum
824 4952 1050 5005 salutem
1076 4950 1129 5003 in
1154 4947 1525 5019 spiritualibtss
1556 4948 1791 5001 maxime

197 5046 377 5115 dirigi
420 5045 637 5099 valeant
695 5052 746 5096 et
789 5043 995 5112 augeri.
1046 5042 1187 5096 Sane
1248 5055 1418 5107 nuper
1470 5056 1588 5093 ven.
1628 5040 1792 5095 frater

198 5138 538 5202 Bessarion,
562 5138 861 5207 episcopus
885 5135 1244 5192 Tusculanus.
1269 5134 1503 5189 basilica:
1535 5131 1625 5207 ΧΠ
1648 5132 1798 5201 Apo-

196 5229 484 5287 stolorum
506 5230 570 5284 de
591 5204 734 5285 Drhe
754 5204 1042 5300 perpetuus
1067 5227 1247 5282 admin
1270 5237 1494 5289 stator,
1514 5204 1793 5281 ait/eadem

197 5320 352 5379 sedc
372 5323 687 5389 «temtatus,
701 5323 859 5375 nobis
879 5323 1124 5390 exposuit
1144 5322 1282 5387 quod
1307 5316 1526 5386 praefata
1548 5318 1795 5383 basilica,

199 5427 387 5483 quam
449 5410 540 5466 diu
592 5420 883 5477 antequam
933 5411 999 5463 ad
1036 5412 1401 5478 episcOpatum
1452 5422 1796 5478 promovere-

205 5520 313 5562 tur
348 5508 401 5560 in
454 5506 537 5557 sui
586 5500 954 5555 cardinalatus
987 5500 1347 5569 parochialem
1383 5500 1601 5557 tiadum
1652 5501 1794 5555 obti-

202 5606 446 5661 nuerat,
478 5610 619 5649 nunc
648 5606 780 5647 vero
809 5592 864 5645 in
895 5591 1269 5645 comntcndum
1315 5592 1542 5655 obtinet,
1578 5601 1796 5659 propter

200 5691 575 5746 devotionem
601 5686 861 5750 ﬁdelium,
895 5694 1001 5738 tam
1040 5685 1244 5741 civium
1268 5698 1431 5751 quam
1470 5683 1785 5749 forensium,

200 5799 335 5840 non
366 5796 563 5848 parum
596 5781 754 5837 habet
785 5778 1064 5837 hominum
1092 5789 1441 5841 concursum,
1471 5779 1559 5846 qui
1595 5779 1781 5836 basili-

1853 808 2191 873 deeessorem
2234 816 2505 872 nostrum,
2552 804 2619 860 ad
2664 806 2833 873 ipsius
2864 804 3107 874 episcOpi
3149 805 3419 873 supplica-

1855 902 2077 967 tionem,
2139 904 2205 957 ad
2260 914 2543 957 uulnerum
2600 910 2839 969 quatuor
2894 896 3277 953 canonicorunt
3329 912 3422 963 per

1850 1008 2065 1047 cessum
2123 993 2207 1049 vel
2253 992 2536 1049 decessum
2593 990 2847 1047 reductus
2892 988 3071 1055 fuerit,
3123 988 3186 1041 ιιι]
3234 988 3336 1042 hoc
3365 996 3425 1041 ut

1853 1085 2096 1157 praedicti
2159 1093 2395 1155 quatuor
2454 1083 2703 1143 canonici
2758 1081 2973 1137 facilius
3007 1094 3068 1134 se
3115 1086 3422 1134 sustentare

1852 1188 1907 1235 et
1944 1175 2171 1235 indicta
2212 1176 2431 1233 basilica
2465 1175 2814 1234 residentiaut
2868 1173 3046 1227 facere
3074 1185 3137 1225 ac
3159 1171 3211 1226 ei
3247 1171 3300 1222 in
3341 1170 3426 1222 di-

1860 1269 2003 1326 vinis
2058 1270 2316 1326 cuntinue
2381 1267 2659 1324 deservire
2712 1277 2948 1336 possent.
2980 1262 3115 1319 Cum
3147 1272 3326 1317 autem
3370 1261 3424 1314 id

1855 1371 2069 1431 tempus
2116 1363 2295 1417 nullus
2344 1375 2410 1416 ex
2470 1360 2750 1415 canonicis
2801 1359 2854 1413 in
2902 1372 2965 1412 ea
3026 1355 3304 1418 resideret,
3365 1368 3429 1406 ac

1859 1471 2004 1512 unus
2044 1466 2252 1510 tantum
2286 1452 2603 1526 capellanns
2634 1451 2855 1506 nomine
2910 1449 3149 1519 omnium
3185 1449 3426 1524 ipsorum

1855 1547 2244 1603 eanonicorum
2300 1547 2353 1601 in
2402 1561 2466 1602 ea
2518 1544 2840 1610 deserviret,
2900 1541 3273 1598 nihilominus.
3321 1552 3426 1593 non

1857 1639 2108 1695 obstante
2134 1637 2447 1695 reductioue
2469 1635 2775 1706 huiusmodi
2804 1643 2858 1690 et
2884 1633 3003 1688 aliis
3030 1632 3281 1687 remediis
3308 1646 3427 1699 quae

1861 1732 1976 1800 ipse
2006 1731 2295 1802 episcopus
2322 1730 2583 1793 adhibere
2607 1728 2865 1784 continue
2897 1736 3126 1781 cenatus
3152 1722 3274 1785 fuit,
3314 1738 3430 1775 ntu-

1860 1818 2016 1876 dicns
2045 1808 2131 1875 vel
2150 1816 2307 1888 quasi
2332 1817 2520 1873 nullus
2544 1816 2599 1872 iu
2631 1831 2696 1872 ea
2719 1825 2966 1872 servatur
2992 1813 3173 1871 cultus
3196 1812 3435 1876 divinus,

1861 1916 1916 1963 et
1934 1909 2022 1964 vix
2054 1908 2165 1965 duo
2190 1923 2261 1964 es
2290 1909 2454 1965 dictis
2490 1908 2772 1963 canonicis
2827 1907 2918 1974 qui
2957 1920 3099 1960 nunc
3129 1903 3194 1958 ad
3240 1918 3433 1955 mune.

1862 2017 1979 2057 rum
2008 2015 2105 2056 sex
2131 2000 2343 2065 reducti
2370 2009 2519 2061 sunt,
2556 1997 2687 2052 inibi
2725 1998 2961 2053 resident
2986 2036 3010 2062 ,
3030 1994 3240 2063 ipsique
3265 2008 3432 2047 cann-

1817 2135 1825 2142 .
1863 2093 1966 2147 nici
1998 2092 2067 2147 ad
2106 2092 2346 2147 divinum
2380 2090 2614 2146 olliciutn
2659 2088 2989 2154 sufﬁcientes
3038 2094 3135 2140 aut
3182 2083 3432 2152 dispositi

1862 2198 1969 2238 non
1994 2183 2288 2248 exsistunt,
2346 2181 2461 2251 ipsa
2494 2196 2714 2252 quoque
2760 2178 2983 2235 basilica
3020 2177 3077 2231 in
3104 2172 3223 2232 suis
3259 2175 3427 2230 sediti-

1863 2277 1962 2331 ciis
1995 2275 2221 2331 nitnium
2272 2274 2427 2347 131
2475 2283 2571 2330 est'
2588 2273 2827 2343 collapsa
2854 2281 2908 2326 et
2957 2270 3120 2327 etiam
3161 2272 3379 2324 ruinusa
3415 2286 3432 2331 ;

1864 2371 2141 2443 quodque,
2174 2369 2319 2427 idem
2368 2370 2660 2439 episcopus
2716 2366 3030 2436 pmdictam
3052 2363 3332 2419 basilicam
3361 2362 3435 2415 ad

1865 2464 2150 2534 religiosos
2205 2461 2617 2527 transferriﬁet
2662 2460 2714 2517 in
2768 2475 2831 2518 ea
2876 2469 2956 2515 tot
3003 2457 3199 2520 fratres
3230 2455 3435 2509 ordinis

1866 2555 2158 2621 uiuorum,
2185 2570 2417 2627 quorum
2448 2569 2586 2609 unus
2625 2553 2698 2609 sit
2728 2550 3081 2621 guardianus,
3114 2550 3204 2619 qui
3242 2562 3428 2602 curam

1866 2651 2100 2707 aliorum
2146 2650 2378 2706 fratrum
2434 2648 2650 2711 habeat,
2701 2656 2758 2701 et
2798 2644 2863 2700 ad
2914 2656 3103 2698 curam
3129 2640 3432 2696 animat-mn

1870 2746 1926 2800 in
1967 2744 2110 2799 dicta
2156 2743 2379 2800 basilica
2429 2741 2664 2809 aliquem
2702 2735 3075 2807 presbyterum
3122 2733 3436 2790 secularem

1870 2837 1938 2894 de
1988 2851 2256 2894 consensu
2317 2832 2635 2898 cardinalis,
2679 2830 2772 2902 qui
2828 2845 2925 2899 pro
2973 2836 3214 2898 tempore
3257 2824 3441 2889 fuerit,

1869 2932 2131 3001 deputare
2177 2929 2367 3001 possit,
2416 2926 2592 2983 creari
2641 2934 2697 2979 et
2744 2923 2953 2981 institui
3012 2930 3144 2992 quot
3184 2929 3443 2991 poterunt

1870 3040 1937 3081 ex
1986 3023 2158 3093 ipsius
2204 3021 2451 3078 ecclesia
2508 3018 2779 3077 fructibus
2829 3021 3068 3091 congrue
3120 3014 3439 3077 sustentari,

1873 3117 2143 3174 desiderat
2171 3124 2227 3171 et
2247 3112 2486 3172 allectat.
2518 3113 2697 3182 Quare
2717 3127 2813 3183 pro
2837 3120 2988 3182 parte
3035 3109 3165 3163 dicti
3201 3104 3443 3173 episcopi

1875 3210 2033 3267 nobis
2058 3209 2160 3266 fuit
2185 3208 2464 3264 humiliter
2484 3206 2844 3277 supplicatum
2873 3212 2951 3271 ut,
2983 3216 3111 3257 cum
3129 3207 3442 3270 procurator

1875 3302 2141 3375 generalis
2196 3302 2329 3358 dict.
2380 3299 2609 3355 fratrum
2658 3297 2720 3352 in
2740 3296 2886 3351 dicta
2918 3295 3051 3348 urbe
3082 3293 3147 3347 sit
3179 3305 3441 3363 μηθίδης.

1874 3404 1929 3450 et
1966 3392 2427 3465 ad-receptiouem
2472 3390 2633 3446 dicta
2659 3386 2907 3450 ecclesia
2945 3394 3190 3454 paratum
3219 3400 3278 3439 se
3304 3381 3443 3437 offe-

1876 3485 2291 3555 rat,plurcsqne
2313 3482 2653 3555 parochiales
2686 3478 2946 3535 ecclesias
2961 3477 3028 3532 de
3044 3477 3182 3529 dicta
3200 3474 3332 3527 urbe
3350 3488 3445 3539 per

1876 3579 2189 3648 huiusmodi
2225 3575 2515 3645 religiosos
2543 3573 2654 3627 sint
2683 3570 2855 3625 solita:
2899 3566 3214 3638 gubernari.
3240 3566 3445 3618 dictum

1875 3668 2152 3721 basilicam
2213 3665 2283 3721 ad
2326 3661 2633 3731 huiusmodi
2687 3658 2975 3726 religiosos
3024 3652 3334 3717 transferri,
3378 3662 3447 3708 et

1876 3760 2073 3815 ibidem
2116 3757 2312 3812 fratres
2338 3754 2513 3809 creari
2535 3762 2588 3807 et
2614 3751 2819 3807 institui
2850 3750 3161 3818 prtedirtos,
3196 3748 3270 3801 ita
3296 3746 3439 3816 quod

1878 3851 2160 3907 frnctusct
2185 3855 2477 3915 proventus
2499 3841 2854 3899 canonicatns
2897 3848 2950 3895 et
2982 3838 3281 3906 prmbenda:
3310 3851 3449 3906 quos

1879 3944 1993 4013 ipse
2044 3942 2330 4008 episcopus
2373 3947 2427 3992 et
2479 3934 2891 3990 administrator
2933 3931 3164 3995 obtinet,
3217 3944 3283 3985 ac
3337 3930 3445 3983 alii

1876 4037 2118 4106 eiusdem
2158 4032 2398 4125 baﬁilicte
2422 4026 2726 4085 cardinales
2747 4026 2995 4080 obtinere
3020 4033 3410 4077 consueverunt
3426 4060 3440 4085 ρ

1880 4139 2138 4183 net-(non
2185 4112 2393 4179 fructus
2429 4130 2485 4176 et
2521 4118 2726 4173 reditus
2762 4129 3076 4170 communes
3124 4113 3197 4166 ad
3243 4112 3441 4166 dictam

1884 4221 2157 4277 basilicam
2184 4215 2565 4289 provenientes
2592 4225 2657 4266 ex
2694 4226 2860 4275 nunc,
2889 4207 3206 4263 cedentibus
3235 4219 3364 4261 vero
3394 4213 3449 4258 et

1880 4308 2269 4367 decedentibus
2295 4305 2429 4375 ipsis
2454 4306 2616 4362 dictis
2644 4318 2735 4358 sex
2774 4300 3052 4355 canonicis
3083 4307 3139 4354 et
3171 4298 3291 4351 aliis
3325 4310 3448 4364 prc-

1882 4404 2138 4477 sbyteris,
2189 4412 2245 4457 et
2273 4399 2507 4468 clericis,
2539 4396 2808 4467 perpetuis
2853 4392 3207 4451 beneﬁciariis
3265 4392 3316 4445 in
3355 4405 3449 4445 ea-

1884 4503 2006 4556 dem
2032 4495 2275 4560 basilica,
2309 4493 2390 4546 vel
2423 4478 2555 4547 sues
2586 4489 2936 4544 canonieatns
2962 4495 3027 4543 et
3047 4484 3364 4555 prmtendas
3382 4498 3446 4538 ac

1885 4588 2145 4648 beneﬁcia
2178 4572 2580 4657 qnomodolibct
2625 4580 3041 4643 dimittentibtts,
3093 4577 3280 4645 reliqui
3327 4591 3446 4629 om—

1888 4696 1985 4738 nes
2018 4680 2245 4745 fructus,
2282 4676 2489 4731 reditus
2515 4682 2570 4729 ct
2615 4680 2906 4742 proventus
2947 4669 3253 4740 lnijusmodi
3284 4683 3448 4722 caun-

1892 4756 2207 4839 nicatuum,‘
2233 4767 2638 4838 praehendarunt
2670 4773 2724 4815 et
2758 4761 3163 4823 beneficiorum,
3187 4775 3252 4815 ac
3285 4762 3445 4812 etiam

1888 4867 2265 4937 possessiones
2290 4861 2510 4937 ethona
2542 4869 2876 4925 quascunque
2909 4854 2975 4908 ad
3007 4853 3178 4907 dictos
3222 4854 3450 4920 Canoni-

1894 4972 1986 5012 cns
2014 4968 2066 5011 et
2108 4961 2393 5025 perpetuos
2420 4949 2770 5003 beneﬁciatos
2804 4946 3010 5000 ratione
3037 4960 3255 5001 suorum
3286 4956 3447 4999 cauo-

1896 5049 2173 5101 nicatunm
2204 5052 2258 5099 et
2298 5040 2707 5112 praebendarutn
2747 5054 2813 5093 ac
2854 5037 3235 5106 beneﬁciorum
3270 5037 3501 5111 Itttius-H

1896 5125 2043 5191 modi
2080 5132 2398 5204 pertinentia
2446 5133 2716 5202 pradictis
2752 5131 3009 5186 fratribus
3040 5141 3093 5185 et
3137 5143 3322 5183 eorum
3369 5144 3459 5179 or-

1893 5228 2006 5281 dini
2042 5226 2402 5295 applieentur.
2435 5225 2501 5279 de
2536 5222 2867 5292 benignitate
2912 5210 3209 5290 apostOlica
3241 5218 3459 5271 manda-

1899 5335 2099 5374 remus.
2722 5330 2727 5337 ’
3369 5310 3376 5317 ’

1965 5409 2074 5466 Nos
2109 5411 2312 5479 itaque,
2350 5406 2655 5476 huiusmodi
2688 5402 3168 5472 supplicationibus
3196 5401 3460 5471 inclinati,

1896 5502 2215 5556 fraternitati
2261 5510 2363 5552 tua!
2387 5511 2482 5565 per
2522 5494 2813 5564 apostolica
2864 5494 3063 5563 scripta
3119 5495 3460 5561 mandamus,

1894 5604 2164 5661 quatenus
2216 5591 2421 5646 dictam
2464 5587 2738 5642 basilicam
2788 5574 3135 5643 auctoritate,
3165 5588 3461 5654 apostolica

1894 5684 1959 5737 ad
2014 5680 2322 5751 huiusmodi
2374 5670 2653 5749 religiosos
2700 5675 3027 5741 transferas,
3066 5689 3121 5733 et
3158 5679 3353 5734 ibidem
3387 5686 3462 5731 tot

1905 5792 1967 5832 es
2006 5771 2605 5846 huiusmodilratribus
2632 5769 2931 5841 lituorum,
2972 5785 3200 5843 quorum
3229 5786 3364 5831 illius
3396 5770 3473 5824 sit
