4138 6328
797 227 939 272 ιχτν

795 331 1144 399 guardianns,
1176 336 1265 406 qui
1299 352 1463 393 unum
1516 344 1888 414 presbyterum
1935 347 2245 402 smcularem
2279 349 2345 401 ad

728 435 730 437 ’
793 439 981 477 curam
1018 426 1314 504 animarum
1341 433 1408 485 de
1454 448 1721 489 consensu
1763 437 2054 493 cardinalis
2096 420 2357 506 deputare

795 516 966 580 possit
997 525 1049 570 et
1103 519 1308 585 valeat,
1349 524 1440 588 qui
1489 529 1838 594 parocltianis
1871 530 2144 584 ministret
2179 532 2351 585 eccle-

792 608 1015 662 siastica
1040 623 1393 677 sacramenta,
1428 617 1621 670 ibidem
1652 619 1933 686 instituas,
1963 633 2089 687 quot
2118 637 2182 677 et
2212 622 2357 675 fruc-

790 699 934 754 tibus
966 702 1234 768 praadimis
1262 715 1510 773 poterunt
1543 724 1778 779 congrue
1808 714 2116 777 sustentari,
2143 729 2203 767 ac
2234 722 2345 765 sta-

795 804 915 848 tuas
942 800 1262 852 auctoritate
1297 803 1550 867 praedicta
1582 814 1635 855 et
1664 805 1905 867 ordines,
1935 806 2078 873 quod
2118 806 2349 869 fructus,

791 885 993 936 reditus
1038 896 1088 939 et
1135 900 1428 956 proventus
1475 906 1536 944 ac
1583 894 1955 959 possessiones
2010 904 2064 946 et
2117 895 2252 946 bona
2283 896 2349 948 ad

785 978 1163 1031 cauouicatum
1236 989 1290 1032 et
1360 980 1698 1048 praebendam
1743 984 1949 1052 prml'ati
2001 984 2235 1052 episc0pi
2295 998 2349 1038 et

729 1135 734 1142 ι
788 1071 1252 1134 commendatarii,
1287 1087 1382 1125 seu
1424 1075 1713 1129 cardinalis
1767 1090 1863 1141 pro
1912 1083 2155 1142 tempore
2202 1078 2345 1129 exsi-

782 1165 993 1225 stentis,
1058 1177 1154 1216 nec
1218 1180 1321 1218 non
1383 1164 1610 1226 fructus,
1673 1166 1874 1218 reditus
1925 1173 1977 1218 et
2033 1177 2345 1230 proventus,

784 1254 1143 1308 communiter
1184 1257 1250 1308 ad
1285 1257 1483 1308 dictant
1536 1256 1809 1309 basilicam
1862 1256 2240 1323 provenit-mes
2281 1274 2345 1310 ex
2390 1280 2401 1305 ί

784 1360 946 1407 nunc,
984 1347 1293 1400 cedentibus
1326 1362 1446 1399 vero
1474 1356 1526 1398 et
1577 1348 1963 1400 decedentibus
1999 1348 2151 1417 132
2183 1348 2347 1402 eano-

780 1437 919 1490 nicis
948 1446 1001 1489 et
1038 1436 1369 1490 beneﬁciatis
1404 1437 1695 1504 praedictis,
1732 1440 1811 1491 vel
1841 1453 1966 1491 suos
1997 1440 2347 1494 canonicatns

780 1539 833 1581 et
874 1528 1190 1596 prrebendas
1234 1538 1286 1581 ct
1330 1530 1589 1583 beneﬁcia
1647 1530 1958 1599 supradicta
2006 1531 2346 1600 quornotloli-

783 1623 872 1674 bet
920 1621 1329 1687 dimittentibus,
1375 1624 1611 1691 reliquos
1658 1637 1845 1678 Omnes
1896 1625 2142 1689 fructus,
2206 1626 2349 1678 redi-

783 1730 869 1787 tus
896 1724 947 1767 et
980 1724 1271 1783 proventus
1306 1733 1368 1771 ac
1399 1719 1766 1785 possessiones
1815 1728 1865 1771 et
1916 1721 2053 1773 bona
2090 1719 2155 1773 ad
2178 1734 2346 1774 cano-

782 1808 932 1861 nicos
972 1816 1027 1861 et.
1077 1808 1422 1865 beneﬁciatos
1473 1810 1756 1880 pr:cdictos
1807 1812 2013 1865 ratione
2044 1812 2336 1875 canonica-

782 1906 931 1950 tuum
958 1909 1010 1953 et
1040 1898 1443 1966 praebcndarunt
1507 1909 1560 1955 et
1600 1901 1984 1955 beneﬁciorum
2037 1902 2338 1969 huiusmodi

782 1990 1119 2057 pertinentia.
1177 2004 1233 2043 ut
1290 1992 1594 2060 przefertur,
1654 1981 1865 2047 etiamsi
1917 1996 2016 2061 ipsi
2053 1995 2343 2048 canonica-

782 2091 869 2137 t‘us
897 2094 949 2137 et
978 2084 1277 2153 praebendac
1314 2101 1376 2137 ac
1406 2087 1662 2141 bene‘lieia
1690 2089 1795 2141 sint
1840 2088 2182 2159 dispositioni
2205 2076 2343 2157 apo.

781 2174 982 2228 stolicaa
1025 2176 1424 2243 quamodolibet
1474 2186 1763 2239 reservata,
1822 2181 2021 2232 eisdem
2086 2180 2341 2231 fratribus

781 2279 834 2319 et
864 2282 1051 2321 eorum
1086 2270 1259 2322 ordini
1304 2270 1644 2338 applicentur
1681 2287 1744 2323 co
1794 2271 1926 2337 ipso.
1965 2273 2039 2324 At:
2069 2273 2341 2325 nibllonii-

782 2373 885 2408 nus
932 2360 1131 2413 eisdeut
1176 2360 1470 2424 gnardiano
1510 2368 1562 2411 et
1610 2359 1887 2422 fratribus,
1937 2370 2219 2428 postquam
2288 2363 2339 2414 in

782 2451 920 2502 dicta
952 2448 1170 2502 basilica
1204 2450 1369 2509 creati
1400 2460 1454 2505 et
1504 2450 1731 2504 instituti
1786 2452 2005 2514 fuerint,
2040 2453 2250 2504 iocandi
2291 2464 2345 2506 et

781 2542 1099 2596 arrendandi
1151 2539 1376 2603 fructus,
1426 2543 1629 2596 reditus
1667 2551 1721 2595 et
1783 2554 2098 2610 proventus,
2141 2543 2261 2610 jura
2290 2554 2343 2597 et

781 2636 1128 2690 olnentiones
1173 2636 1582 2689 canonicatunm
1619 2644 1668 2687 ct
1718 2637 2119 2701 praebendarmn
2154 2650 2214 2687 ac
2250 2638 2335 2689 bc~
2366 2696 2368 2698 τ

784 2728 1099 2780 ncticiorttm
1131 2727 1532 2791 prmdictornm,
1566 2739 1594 2777 a
1618 2726 1895 2778 canoiiicis
1920 2738 1972 2778 et
2008 2725 2340 2781 beneﬁciatis

780 2818 1055 2887 praedictis
1106 2818 1468 2872 obtinentibus
1528 2816 1637 2881 illa,
1674 2819 1910 2885 quandiu
1962 2818 2062 2885 ipsi
2092 2821 2338 2874 canonici

782 2925 842 2960 ea
878 2908 1237 2972 obtinuerint,
1269 2918 1367 2974 pro
1397 2916 1547 2960 certo
1583 2911 1757 2976 pretio
1802 2911 2005 2963 eisdem
2062 2913 2338 2967 canonicis

781 3011 835 3055 et
868 2999 1201 3054 betretieiutis
1231 3001 1504 3053 annuatim
1532 3002 1905 3067 persolvendo,
1941 3003 1985 3056 si
2018 3005 2081 3057 de
2119 3004 2220 3057 hoc
2252 3006 2338 3057 in-

781 3107 865 3148 ter
897 3109 957 3147 se
990 3095 1358 3159 convenerint,
1410 3094 1729 3147 aut‘toritate
1764 3098 2018 3164 praedicta
2067 3096 2337 3148 licentiam

767 3186 1049 3253 “largioris,
1081 3185 1502 3240 contradictores
1543 3201 1638 3252 per
1684 3200 1969 3238 censuram
2009 3186 2338 3238 ecclesiasti-

780 3287 912 3341 tam,
968 3276 1321 3346 appellatione
1378 3276 1704 3342 postposita,
1746 3277 2137 3345 cornpcsccnalo
2183 3293 2194 3328 :
2235 3292 2337 3327 non

785 3368 1128 3421 obstantibus
1177 3365 1590 3431 quibuscunque
1634 3366 2111 3419 constitutionibus
2142 3375 2203 3416 at,
2235 3368 2341 3433 pri-

782 3457 993 3522 vilegiis
1037 3466 1090 3510 et
1131 3456 1325 3509 litteris
1377 3456 1722 3522 apostolicis,
1776 3472 1871 3509 nec
1914 3474 2016 3510 non
2046 3460 2263 3511 Statntis
2286 3468 2339 3512 et

782 3546 1257 3603 consuetudinibus
1327 3547 1559 3603 basilica‘
1597 3559 1647 3602 et
1709 3550 1912 3604 ordinis
1968 3552 2336 3616 [modiolorum

780 3640 1089 3702 contrariis.
1116 3637 1449 3706 iuramento,
1483 3641 1889 3697 conﬁrmatione
1930 3644 2224 3713 apostolica
2257 3646 2336 3699 vel

780 3743 1095 3800 quacunque
1127 3731 1377 3786 ﬁrmitate
1410 3736 1695 3785 rolioratis.

852 3826 957 3876 Aut
982 3824 1023 3879 Ii
1056 3824 1240 3893 aliqui,
1279 3826 1569 3891 apostolica
1624 3825 1702 3878 vel
1741 3825 1842 3877 alia
1876 3828 2066 3892 quavis
2094 3829 2335 3882 auctori-

778 3926 885 3971 tate
935 3918 988 3970 in
1017 3918 1203 3972 eadem
1239 3918 1458 3972 basilica
1514 3918 1565 3968 in
1608 3918 1895 3971 canonicos
1949 3920 2057 3971 sint
2112 3924 2332 3987 recepti,

777 4009 861 4060 vel
903 4019 955 4059 ut
987 4008 1310 4075 recipiantur
1360 4008 1639 4070 insismnt;
1675 4022 1767 4059 seu
1809 4007 1850 4059 si
1884 4023 2041 4076 super
2074 4011 2328 4077 prOVlsitt~

778 4098 937 4149 nibus
973 4098 1076 4150 sibi
1109 4097 1365 4150 laticndis
1399 4099 1461 4148 de
1499 4095 1802 4163 huiusmodi
1836 4101 2242 4153 canonicatibus
2281 4110 2335 4154 et

775 4187 1077 4254 praebendis
1112 4187 1273 4252 ipsius
1321 4187 1554 4240 basilicae
1589 4189 1868 4255 speciales,
1920 4191 1998 4243 vel
2028 4192 2143 4245 aliis
2172 4192 2336 4247 bene-

778 4274 922 4326 ticiis
948 4273 1331 4327 ecclesiasticis
1362 4274 1410 4324 in
1445 4274 1547 4327 illis
1571 4277 1811 4341 partibus
1828 4281 2107 4347 generales
2122 4291 2335 4349 aposto-

776 4367 894 4419 lica:
927 4366 1070 4419 sedis
1106 4366 1184 4417 vel
1227 4367 1517 4433 legatorum
1550 4369 1666 4436 ejus
1717 4369 1926 4425 litteras
1974 4372 2331 4441 impetrarim,

776 4459 991 4513 etiarnsi
1039 4475 1134 4526 per
1184 4474 1275 4512 eas
1306 4462 1371 4512 ad
1419 4461 1796 4516 inlribitionem
1838 4473 1889 4517 et
1919 4464 2217 4528 decretum,
2254 4469 2334 4520 vcl

777 4552 912 4605 alias
956 4550 1357 4620 quomodolibet
1402 4555 1471 4606 sit
1522 4571 1828 4621 processum
1873 4574 1889 4611 :
1926 4573 2059 4624 quas
2117 4562 2333 4626 quidem
2393 4554 2398 4559 ’

777 4641 984 4695 litteras
1014 4650 1065 4692 et
1101 4654 1383 4706 processus
1432 4642 1640 4696 habitos
1689 4660 1780 4711 per
1816 4649 2051 4711 easdem,
2104 4657 2157 4700 et
2190 4662 2336 4716 qua":—

778 4746 991 4799 cunque
1028 4732 1149 4783 inde
1201 4742 1383 4785 secuta
1436 4734 1498 4785 ad
1554 4734 1857 4802 itttjuSttttttli
1902 4740 2251 4792 canonicatus
2282 4750 2333 4793 et

778 4829 1093 4895 praebendas
1126 4838 1177 4880 ct
1209 4826 1310 4878 alia
1338 4830 1595 4882 lttnelieia
1632 4833 1796 4899 ipsius
1823 4834 2061 4888 basilicae
2089 4836 2334 4891 volumus

776 4935 884 4975 non
914 4920 1153 4983 extendi,
1183 4922 1277 4973 sed
1305 4921 1511 4972 nullum
1547 4936 1639 4983 per
1672 4924 1769 4976 hoc
1802 4925 1879 4979 eis
1911 4928 2089 4991 quoad
2122 4942 2335 4981 assecu-

776 5010 975 5064 tionetn
1025 5013 1439 5065 eanonicatuutn
1475 5020 1527 5063 et
1584 5013 1987 5077 prmbendaruut
2028 5031 2089 5069 ac
2131 5018 2330 5070 beneﬁ-

774 5104 980 5157 ciorum
1008 5104 1231 5156 altorutn
1260 5104 1623 5171 prmjudieium
1662 5107 1926 5171 generari.
1979 5106 2080 5159 Seu
2116 5110 2334 5175 quibus-

771 5212 987 5265 cunque
1036 5196 1349 5265 privilegiis,
1375 5198 1717 5266 indulgentiis
1773 5209 1825 5250 et
1858 5199 2051 5251 litteris
2080 5204 2329 5266 apostoli-

777 5288 854 5339 cis
884 5290 1225 5358 generalibus
1258 5290 1337 5343 vel
1385 5290 1709 5357 specialibus
1737 5329 1748 5351 ,
1785 5288 2149 5356 eujuscunque
2181 5301 2329 5347 teno-

782 5380 856 5431 ris
897 5381 1178 5445 cxx-istaut,
1230 5397 1323 5451 pcr
1376 5398 1493 5450 qua:
1535 5380 1888 5451 praesentibus
1927 5394 2027 5432 non
2080 5397 2326 5446 espressa

783 5469 865 5517 νιεΙ
907 5471 1136 5525 totalitcr
1171 5488 1270 5525 non
1306 5474 1525 5535 inserta,
1578 5476 1800 5527 cllcctus
1837 5487 2019 5524 eorum
2081 5472 2328 5539 impediri

777 5557 955 5611 valeat
989 5565 1383 5629 quomodobbet
1412 5566 1490 5616 v.l
1534 5564 1759 5625 dilicrri,
1793 5572 1843 5615 ct
1873 5564 1938 5614 de
1974 5562 2174 5630 quibus
2202 5579 2329 5632 quo-

777 5660 998 5717 rquuc
1048 5655 1172 5708 totis
1212 5658 1486 5711 tcneribus
1535 5658 1600 5709 de
1630 5656 1787 5709 verbo
1843 5654 1906 5709 ad
1952 5654 2173 5708 verbum
2230 5656 2315 5710 1ιά-

1618 231 1714 293 DE
1753 234 1930 294 vna
1968 234 2062 295 ET
2103 236 2366 300 naeus
2398 241 2695 303 casus
2726 198 3225 309 BessanIONts

3854 263 3988 306 ιιινι

2468 353 2641 425 tientia
2671 355 2746 409 sit
2782 357 2833 409 in
2869 358 3075 411 nostris
3122 356 3319 411 litteris
3383 361 3581 415 mentio
3609 362 3881 431 specialis;
3912 382 3993 421 nos

2460 434 2606 499 enim
2638 445 2784 502 dicto
2843 449 3101 517 episcopo
3131 459 3187 502 et
3215 450 3584 506 cardinalibns
3613 451 3666 506 in
3694 454 3834 509 dicta
3876 457 3993 510 basi.

2462 536 2561 590 lica
2596 540 3031 604 successoribus,
3078 541 3131 594 in
3174 540 3327 612 133
3358 542 3471 612 ipsa
3518 542 3742 598 basilica
3772 561 3831 599 ac
3858 565 3992 612 guar-

2460 629 2624 683 diano
2677 641 2732 686 et
2780 632 3039 688 fratribus
3082 634 3155 688 ibi
3184 636 3687 702 commorantibus,
3731 638 3851 691 dum
3881 640 3989 694 inibi

2462 720 2683 787 fuerint,
2716 738 2818 778 nec
2847 740 2957 780 non
2988 726 3517 792 parocltianisdictze
3540 729 3770 783 basilicae
3801 746 3987 784 omnem

2458 816 2871 881 correctionem,
2907 820 3341 891 jurisdictionem
3375 837 3439 877 ac
3468 822 3737 890 justitiam
3778 838 3986 878 rcsrrva-

2460 920 2597 972 mus,
2617 922 2774 975 quam
2795 908 2847 963 in
2874 911 3151 968 canonicis
3173 922 3227 967 et
3251 913 3579 969 beneﬁciatis
3596 929 3660 968 ac
3674 916 3987 983 parocliianis

2458 994 2614 1051 dictae
2657 1001 2897 1055 ecclesia:
2945 1002 3115 1071 ipsius
3160 1005 3394 1074 episcopi
3435 1008 3853 1075 praedecessores
3894 1010 3987 1061 dir-

2382 1150 2383 1157 γ
2459 1093 2562 1138 tam
2596 1088 2868 1145 basilicam
2901 1093 3202 1151 obtinentes
3232 1097 3536 1153 habuerunt
3556 1108 3612 1153 et
3643 1100 3781 1153 idem
3807 1101 3986 1167 episco-

2456 1191 2553 1244 pus
2606 1182 2845 1234 noscitur
2897 1184 3097 1238 habere
3148 1186 3215 1243 de
3268 1188 3541 1253 przesenti.
3593 1190 3656 1242 Et
3704 1189 3906 1255 iusaper
3931 1205 3981 1241 ex

2457 1285 2595 1324 nunc
2630 1273 2838 1327 irritum
2872 1275 3211 1333 decernimus
3260 1288 3312 1332 et
3359 1280 3516 1334 inane
3566 1283 3611 1335 si
3663 1296 3984 1356 SeCtlS_Sllt\Cr

2458 1359 2544 1413 bis
2577 1377 2902 1433 aquoquam
2958 1371 3152 1437 quavis
3217 1373 3582 1438 auctoritate,
3643 1374 3870 1429 scienter
3920 1374 3983 1426 vel

2456 1448 2785 1517 ignoranter,
2822 1460 3108 1526 contigerit
3133 1465 3462 1528 attemptari.

2531 1543 2719 1597 Datum
2765 1545 2944 1601 Retine
2976 1552 3115 1617 apud
3171 1551 3229 1605 S.
3268 1554 3505 1619 Petrum,
3551 1571 3689 1611 anno
3738 1560 3980 1617 incarnat,

2457 1626 2666 1685 Domini
2716 1636 2874 1702 H63,
2908 1640 3077 1705 pridie
3113 1640 3223 1696 kal.
3260 1640 3405 1708 Julii,
3464 1646 3807 1713 pontificatus
3839 1653 3981 1702 nostri

2456 1735 2598 1776 anno
2634 1738 2683 1777 ν.

3199 1846 3266 1899 Vl

2454 1952 2615 2007 Bulla
2638 1974 2738 2022 qua
2766 1956 2890 2011 Pius
2913 1959 2975 2014 II
2998 1964 3143 2015 card.
3163 1952 3465 2017 Beisarioni
3480 1969 3714 2019 conrodit
3739 1978 3791 2020 ut
3812 1969 3866 2023 S.
3895 1968 3983 2019 Ηυ-

2524 2029 2692 2094 genirv
2720 2030 2969 2082 sacellum
3026 2042 3345 2099 restaurare,
3379 2037 3705 2089 sacellunum
3748 2041 3983 2090 instituere

2526 2108 2680 2175 atque
2706 2098 3167 2175 eligere,illudque
3188 2107 3241 2157 in
3260 2098 3519 2173 posterum
3542 2109 3666 2175 jure
3700 2120 3984 2175 patronam

2523 2167 2753 2220 obtinere
2779 2172 2963 2237 possit.

2527 2281 2649 2333 Pius
2681 2278 3222 2353 episcopus,servus
3268 2306 3544 2345 servorum
3593 2292 3707 2357 Dei,
3744 2295 3983 2347 venerit».

2452 2366 2605 2422 fratri
2635 2371 2961 2437 Bessarioni,
2992 2380 3243 2446 episcopo
3269 2380 3595 2446 Tusculano,
3630 2386 3880 2437 cardinali
3909 2384 3987 2437 Ni-

2453 2474 2621 2522 earno,
2659 2465 2885 2516 Salutem
2920 2476 2971 2519 et
2998 2470 3343 2535 apostolicam
3374 2476 3821 2530 benedictionem.

2522 2552 2814 2605 Personam
2846 2562 3019 2617 tuam,
3054 2560 3203 2611 nobis
3254 2572 3306 2614 et
3350 2568 3657 2630 apostolica)
3687 2570 3798 2622 sedi
3843 2571 3987 2631 devo-

2454 2646 2584 2704 tam,
2639 2642 3105 2711 tuiscxigentibus
3142 2649 3364 2713 meritis,
3392 2662 3609 2720 paterna
3642 2658 3988 2712 benediztione

2450 2728 2861 2799 prosequerﬂes,
2910 2747 3030 2788 vola
3084 2746 3171 2789 tua
3213 2752 3567 2811 quaecunque,
3621 2748 3985 2812 prmsertimcx

2449 2821 2641 2887 quibus
2672 2822 2839 2877 divini
2878 2825 3053 2877 cultus
3100 2842 3444 2897 augmentum
3486 2844 3540 2886 et
3588 2836 3733 2889 Salus
3760 2849 3988 2904 speratur

2448 2910 2770 2980 animarum,
2805 2916 2870 2967 ad
2904 2918 3265 2973 exauditionis
3295 2923 3519 2990 gratiam
3547 2924 3774 2980 libenter
3804 2928 3982 2980 admit-

2448 3002 2632 3069 timus,
2662 3016 2712 3057 ct
2748 3016 2806 3059 ut
2838 3018 3076 3074 optatum
3123 3013 3423 3068 sor:iantur
3450 3015 3729 3079 effectum,
3762 3036 3912 3089 opem
3943 3028 3989 3072 et

2447 3109 2661 3161 operam
2704 3099 3058 3159 intpartimnr.
3094 3104 3232 3155 Sane
3270 3122 3364 3171 pro
3408 3119 3559 3175 parte
3592 3121 3679 3163 tua
3711 3113 3864 3165 nobis
3898 3128 3986 3164 utt-

2448 3196 2542 3248 per
2575 3184 2814 3239 exhibita
2849 3189 3029 3252 petitio
3050 3193 3356 3247 continebat
3386 3198 3525 3263 quod
3553 3208 3607 3251 tu
3632 3202 3884 3268 capellam
3903 3206 3990 3255 sub

2450 3271 2787 3327 invocatione
2816 3274 2874 3327 S.
2906 3276 3152 3345 Eugenire
3180 3281 3229 3332 in
3262 3280 3479 3336 basilica
3508 3284 3602 3337 Xil
3634 3288 3987 3351 Apostolorum

2448 3364 2512 3415 de
2544 3362 2686 3418 Urbe
2737 3366 2914 3428 sitam,
2949 3383 3066 3436 qua:
3099 3370 3332 3424 indetata
3384 3376 3597 3427 exsistit
3626 3386 3681 3429 et
3734 3390 3992 3430 restaura—

2434 3450 2605 3508 'tioite’
2625 3456 2848 3527 indiget,
2883 3474 2978 3526 pro
3012 3468 3116 3513 tua:
3142 3471 3195 3515 et
3225 3472 3434 3517 tuorum
3466 3468 3863 3535 progenitomm
3890 3467 3992 3519 ani-

2449 3564 2654 3601 marmn
2711 3553 2887 3605 salute
2938 3553 3038 3605 sub
3088 3553 3428 3611 invocatione
3462 3556 3558 3611 SS.
3612 3557 3885 3613 Michaelis
3916 3576 3993 3613 ar-

2445 3641 2688 3711 changeli
2747 3653 2801 3697 et
2844 3644 3067 3699 Joannis
3122 3647 3398 3723 Baptistae,
3442 3661 3788 3713 restaurare,
3831 3652 3991 3714 lit-ris,

2445 3734 2777 3797 paratnentis
2814 3744 2866 3787 et
2894 3734 3015 3790 aliis
3040 3736 3423 3792 ecclesiasticis
3465 3742 3800 3794 ornamentis
3824 3743 3887 3793 ad
3912 3740 3988 3793 di—

2445 3822 2624 3876 vinum
2655 3825 2857 3879 cultum
2882 3830 3205 3883 necessariis
3240 3830 3448 3896 fulcire,
3481 3847 3542 3886 ac
3579 3834 3988 3902 competentibus

2445 3930 2543 3983 pro
2581 3931 2688 3968 uno
2728 3920 3063 3986 presbytero,
3097 3921 3186 3984 qui
3217 3920 3346 3972 inibi
3386 3924 3578 3976 missas
3610 3934 3670 3977 et
3689 3925 3795 3978 alia
3828 3925 3989 3976 divina

2442 4002 2615 4055 cilicia
2648 4005 2905 4066 celebret,
2954 4006 3215 4059 reditibus
3258 4008 3323 4061 de
3365 4010 3522 4064 bonis
3573 4015 3677 4066 tuis
3711 4016 3872 4069 etiam
3910 4030 3990 4084 per

2445 4098 2741 4151 Ecclesiam
2770 4098 3049 4164 acquisitis
3083 4100 3266 4152 dotare
3291 4104 3565 4168 proponis,
3590 4104 3848 4159 allectans
3864 4108 3989 4173 quod

2441 4188 2528 4254 jus
2558 4198 2875 4256 patronatus
2904 4190 3061 4242 dictre
3100 4192 3315 4257 capellae
3342 4193 3430 4245 tibi
3470 4204 3523 4246 et
3555 4206 3673 4262 post
3699 4207 3749 4249 te
3789 4198 3990 4249 nomine

2446 4288 2535 4331 tuo
2576 4279 2862 4332 abbatibus
2923 4279 2979 4332 S.
3040 4282 3184 4334 Pauli
3233 4282 3298 4335 de
3349 4281 3492 4335 Urbe
3533 4285 3588 4337 S.
3629 4284 3898 4340 Benedicti
3946 4298 3991 4340 et

2446 4373 2604 4441 priori
2640 4370 2695 4424 S.
2733 4372 2912 4426 Maria:
2941 4377 3003 4427 de
3030 4374 3229 4443 Populo
3263 4379 3320 4431 S.
3353 4380 3637 4448 Augustini
3665 4383 3912 4435 ordinum
3946 4382 3989 4432 in

2444 4476 2761 4533 perpetuum
2794 4476 3037 4520 servetur
3068 4484 3081 4522 :
3130 4481 3181 4522 et
3214 4482 3495 4537 capropler
3529 4474 3683 4527 nobis
3723 4474 3876 4544 134
3906 4474 3990 4525 Ιιυ-

2446 4560 2643 4613 ιιιίἱὶιοτ
2680 4559 2991 4627 supplicain
3024 4570 3080 4611 ut
3115 4572 3204 4612 tuo
3241 4565 3514 4631 proposito
3538 4626 3539 4629 η
3564 4575 3617 4620 ct
3652 4567 3863 4620 achctui
3900 4568 3988 4618 lni-

2440 4650 2674 4716 justnodi
2700 4665 2936 4703 annuere
2962 4651 3026 4703 dc
3064 4651 3301 4706 bonitate
3319 4654 3609 4722 apostolica
3637 4658 3987 4723 diguarcmur.

2441 4741 2548 4795 Nos
2598 4743 2780 4811 igitur,
2813 4742 2901 4811 qui
2940 4745 3141 4797 Cottum
3190 4744 3365 4812 ipsum
3408 4746 3649 4799 divinum
3692 4749 3872 4817 augeri
3920 4749 3991 4799 in-

2445 4834 2614 4887 tcnsis
2650 4836 3015 4889 desideramus
3048 4836 3350 4897 aﬂectibus,
3378 4835 3578 4887 dictum
3610 4846 3759 4896 tuum
3810 4852 3987 4904 [tmpo-

2443 4927 2605 4977 situm
2640 4926 2691 4976 in
2719 4926 2949 4978 Domino
2978 4925 3264 4989 plurimum
3296 4929 3755 4993 commendantes,
3799 4932 3990 4996 tuisqnc

2442 5018 2775 5088 huiusmodi,
2801 5019 2889 5084 qui
2924 5018 3089 5069 etiam
3119 5018 3423 5083 prtcdietam
3470 5019 3744 5073 basilicam
3777 5023 3829 5075 in
3858 5036 3988 5075 com-

2442 5114 2689 5163 mendant
2725 5110 2958 5187 obtines,
2982 5124 3078 5172 pro
3103 5110 3268 5174 ipsius
3294 5110 3526 5164 basilica:
3544 5114 3741 5167 decore
3765 5115 3990 5169 etcnltus

2443 5203 2679 5272 praedicti
2732 5203 2783 5253 in
2843 5216 2903 5254 ea
2938 5189 3225 5269 augmento
3269 5205 3477 5257 devotis
3511 5208 3991 5278 supplicationibus

2442 5295 2704 5357 inclinati,
2739 5293 2831 5345 tibi
2872 5293 3132 5361 capellam
3169 5294 3471 5362 praedictam
3502 5300 3823 5360 restaurari,
3849 5313 3987 5363 repa-

2441 5387 2543 5437 rari
2572 5384 2825 5445 l'aciendi,
2859 5383 3031 5447 libris,
3067 5387 3394 5453 paramentis
3433 5398 3487 5441 et
3508 5388 3840 5440 ornamentis
3871 5402 3989 5452 prae-

2436 5478 2592 5531 dictis
2651 5468 2926 5541 lulcicndi,
2965 5495 3064 5531 nec
3105 5495 3210 5531 non
3248 5479 3542 5540 reditibus,
3594 5489 3650 5530 ut
3697 5478 3988 5545 praefertur,

2437 5575 2499 5622 de
2545 5564 2699 5642 bonis
2748 5571 2851 5621 tuis
2898 5552 3073 5621 etiam
3103 5585 3200 5636 per
3236 5567 3543 5621 Ecclesium
3594 5572 3877 5637 acquisitis
3906 5570 3988 5618 do-

2444 5652 2611 5724 tanii,
2671 5659 2985 5713 auctoritate
3060 5655 3358 5727 apostolica
3415 5656 3986 5727 tcuore’pra-sentmm
