4138 6328
160 263 308 304 LBV"

153 365 423 419 facultatem
450 367 840 436 concedimus;
872 356 937 424 ac
959 381 1242 440 postquam
1282 346 1428 426 illam
1464 346 1673 427 resiau-

151 455 239 509 mi
272 453 462 512 feceris
485 466 542 512 et
562 457 856 527 dotaveris,
885 471 945 516 ut
984 461 1286 530 praefertur,
1321 462 1417 517 tibi
1460 472 1512 517 et
1557 471 1678 530 post

150 545 407 602 tenomine
444 555 556 615 tuo,
592 549 772 624 abbati
800 561 854 606 et
883 553 1048 622 priori
1085 553 1358 624 praedictis
1397 554 1448 606 in
1482 569 1676 623 perpe-

151 643 294 698 tuum,
350 637 432 692 vel
479 641 530 693 si
584 620 745 696 aliter
790 620 918 698 ante
966 620 1193 700 moriem
1227 656 1371 699 tuam
1419 620 1676 714 disponas

145 727 590 796 jurispatronalus,
622 740 678 786 et
710 734 1068 802 praesentandi
1111 749 1393 803 personam
1426 735 1673 788 idoneam

146 821 199 874 ad
223 821 404 874 dictam
457 823 718 893 capellam
775 824 878 878 hac
907 827 1079 894 prima
1126 827 1244 882 vice
1285 837 1340 882 et
1365 827 1573 895 quoties
1624 829 1673 879 in
1713 854 1716 857 -

148 923 277 966 antea
303 912 446 968 illam
473 929 669 971 vacare
698 916 1007 986 contigerit,
1057 919 1373 988 presbytero
1412 918 1672 971 cardinali

147 1004 274 1059 dicta:
303 1003 555 1062 Ecclesia:
582 1021 682 1077 pro
707 1018 947 1078 tempore
974 1011 1248 1064 exsistenti
1280 1011 1422 1064 dicta
1445 1010 1674 1063 auctori-

148 1103 236 1149 tate
259 1110 615 1162 reservamus,
665 1100 1015 1154 decernentes
1061 1101 1315 1169 capellam
1361 1102 1529 1168 ipsam
1575 1092 1709 1150 snb'

151 1189 460 1243 invocatione
493 1191 807 1245 earumdem
837 1193 943 1245 SS.
986 1193 1258 1246 Michaelis
1287 1192 1592 1262 archangeli
1621 1202 1674 1246 et

146 1277 336 1332 Joannis
372 1277 648 1347 Baptistae,
672 1289 726 1334 et
746 1292 948 1336 sancta:
980 1281 1252 1347 Eugeniae,
1271 1281 1552 1333 tle'cwtero
1583 1295 1677 1332 no-

152 1370 312 1423 minari
352 1370 568 1434 debere,
597 1371 722 1440 jure
767 1379 946 1426 tamen
1001 1373 1168 1441 ipsius
1209 1372 1442 1426 basilica:
1476 1373 1526 1428 in
1556 1387 1677 1426 om-

130 1448 283 1515 ‘uilms
309 1475 521 1531 semper
559 1465 730 1517 Salm.
1043 1465 1051 1471 ’

137 1557 147 1641 ι
204 1553 324 1608 Nulli
349 1571 473 1625 ergo
503 1558 729 1611 o-nnino
753 1556 1033 1610 hominum
1078 1555 1236 1610 liceat
1265 1556 1402 1609 hanc
1430 1556 1674 1624 paginam

151 1656 314 1700 nostra:
332 1648 722 1712 Concessionis,
758 1648 1135 1703 reservationis
1164 1657 1218 1701 et
1255 1647 1673 1707 constitutionis,

149 1736 430 1804 infringere,
461 1740 544 1792 vel
569 1743 616 1792 ei
647 1756 784 1794 ausu
815 1738 1107 1794 temerario
1142 1743 1435 1790 contraire.
1467 1738 1520 1790 Si
1556 1739 1678 1805 quis

145 1838 293 1880 autem
324 1828 770 1901 hocatiemptare
799 1834 1225 1900 praesumpserit,
1258 1830 1676 1896 indignationem

132 1921 494 1988 onuiipoteutis
526 1925 616 1977 Dei
641 1935 696 1978 et
729 1925 1004 1977 beatorum
1030 1923 1174 1976 Petri
1208 1932 1259 1976 ct
1285 1920 1433 1974 Pauli
1464 1931 1680 1990 aposto-

144 2009 290 2063 lorum
319 2013 433 2079 ejus
458 2030 516 2066 se
541 2018 751 2069 noverit
782 2010 1144 2071 incursurum.

204 2102 376 2156 Datum
415 2105 600 2160 Roma:
639 2109 776 2172 apud
833 2107 892 2160 S.
938 2109 1179 2170 Petrum,
1209 2122 1354 2160 anno
1409 2107 1675 2158 inearnat.

112 2205 114 2208 '
145 2193 333 2248 Domin.
367 2195 526 2257 1463.
563 2197 738 2263 pridie
778 2199 890 2251 kal.
920 2197 1463 2266 Maii,.pontilieatus
1506 2197 1676 2248 nostri
1717 2206 1720 2209 '

142 2301 263 2342 anno
288 2302 337 2343 ν.

857 2405 942 2460 Vll

143 2521 402 2593 Dispositio
454 2525 847 2578 testamentaria
893 2540 995 2592 qua
1027 2522 1171 2576 card.
1206 2511 1512 2593 Bessnriqrr
1534 2520 1681 2573 varia

199 2590 286 2646 sua
312 2595 444 2646 bona
468 2595 664 2648 sacello
699 2596 759 2648 S.
803 2590 1049 2663 Eugeuitv
1076 2595 1129 2645 in
1148 2593 1367 2644 basi/ica
1396 2590 1512 2663 XII
1539 2593 1676 2658 Apo-

197 2664 442 2717 stolorum
479 2670 666 2731 (tonat,
694 2680 756 2718 ac
784 2665 839 2718 iit
889 2662 948 2717 eo
992 2672 1381 2717 monumentum
1411 2662 1511 2716 sibi
1558 2677 1682 2730 pom

198 2736 440 2803 praecipit.
1401 2808 1403 2811 Ι

197 2850 250 2904 ln
299 2851 514 2906 nomine
568 2850 805 2904 Domini.
853 2848 1045 2902 Amen.
1111 2846 1266 2902 Anno
1313 2861 1342 2898 a
1402 2844 1682 2898 nativitate

140 2943 354 3011 ejusdem
411 2942 698 2996 millesimo
734 2937 1292 3007 quadringentesimo
1342 2933 1681 3002 sexagesimo

139 3043 331 3103 quarto,
389 3033 580 3087 iudict.
633 3047 733 3095 xu,
779 3030 869 3086 die
918 3043 1044 3082 vero
1099 3026 1323 3083 Veneris
1355 3027 1418 3081 Π
1481 3024 1682 3078 mensis

143 3125 416 3188 Februarii,
458 3123 799 3194 pontiﬁcatum
833 3122 944 3176 Smi
984 3121 1142 3191 135
1172 3122 1223 3173 in
1254 3119 1472 3174 Christo
1501 3117 1677 3173 Patris

141 3227 186 3272 et
207 3218 395 3272 domini
430 3218 598 3273 nostri
626 3215 686 3268 ι).
719 3215 820 3282 Pii,
868 3215 1046 3269 divina
1076 3214 1409 3283 providentia
1459 3226 1610 3282 papa:
1635 3207 1679 3262 ll

140 3325 264 3366 anno
293 3319 463 3373 sexto,
497 3310 547 3363 iu
572 3309 675 3363 mei
703 3308 896 3363 notarii
922 3306 1121 3376 publici
1152 3307 1482 3372 testiumque
1512 3303 1681 3357 infra-

139 3402 457 3474 scriptorum,
486 3403 550 3455 ad
580 3402 681 3456 hoc
707 3400 1018 3469 Specialiter
1041 3404 1355 3454 vocatorum
1390 3405 1436 3448 et
1465 3405 1680 3462 rogato-

140 3510 268 3559 rum,
297 3494 600 3565 pneseutia,
634 3491 996 3564 personaliter
1035 3490 1361 3542 constitutus
1407 3486 1575 3538 limus
1623 3486 1676 3538 in

140 3587 338 3643 Christo
379 3587 541 3640 Pater
586 3596 640 3640 et
684 3586 822 3637 dirus
869 3582 927 3633 D.
963 3580 1272 3641 Bessarion,
1330 3577 1678 3630 mitior-alioue

137 3678 296 3732 divina
321 3679 609 3747 episc0pus
638 3674 974 3727 Tusculanus
1016 3678 1070 3724 et
1121 3664 1380 3723 Romana?
1425 3669 1678 3722 Ecclesiae.

136 3771 426 3832 eardinalis,
449 3767 762 3836 patriarcha
791 3764 1444 3834 Constantinopolimnus,
1465 3773 1518 3816 et
1551 3776 1681 3831 apo-

137 3863 316 3917 stolica
344 3862 489 3918 sedis
523 3861 727 3930 legatus
760 3860 824 3912 de
854 3859 1042 3924 latere,
1075 3873 1240 3912 sanus
1263 3868 1316 3910 et
1345 3866 1534 3924 potens
1559 3870 1678 3908 cor-

135 3968 246 4022 pore
264 3963 316 4008 et
351 3963 554 4018 mente,
585 3952 766 4006 volens
801 3964 1038 4020 quoque,
1088 3959 1146 4003 ut
1190 3951 1445 4013 asseruit,
1488 3951 1554 4000 de
1588 3962 1677 4001 ea-

135 4045 253 4109 pella
294 4055 570 4116 perpetua,
637 4059 796 4113 quam
845 4045 978 4097 alias
1020 4058 1086 4097 ex
1146 4040 1399 4096 facultate
1429 4039 1531 4095 sibi
1587 4055 1679 4108 per

134 4137 388 4203 praifatum
437 4139 712 4191 dominum
761 4146 1008 4191 nostrum
1035 4147 1293 4189 Concessa
1327 4134 1567 4186 fundavit
1625 4134 1677 4186 in

133 4227 344 4283 ecclesia
394 4230 498 4284 SS.
548 4229 924 4298 Apostolorum
961 4228 1029 4279 de
1076 4225 1236 4289 Urbe,
1269 4230 1369 4280 sub
1417 4225 1678 4277 vocabulo

132 4331 215 4370 seu
256 4319 597 4374 invocatione
628 4317 731 4370 BB.
762 4316 1039 4370 lilirhaelis
1088 4315 1421 4382 archangeli,
1456 4314 1680 4367 Joannis

132 4407 366 4477 Btptista:
421 4421 481 4465 ct
536 4412 594 4464 S.
649 4408 922 4479 Eugeniae,
957 4418 1009 4461 et
1055 4412 1196 4461 circa
1235 4408 1376 4461 illam
1415 4423 1537 4475 qua:
1568 4423 1678 4461 suae

130 4502 402 4570 volputatis
455 4502 699 4571 suggerit
758 4491 1006 4561 allectus,
1051 4500 1224 4554 donec
1287 4501 1338 4553 iu
1402 4499 1679 4565 corporeis

132 4595 367 4648 membris
397 4596 550 4664 quies
579 4596 722 4664 viget
753 4604 808 4648 et
853 4595 993 4647 ratio
1048 4604 1282 4647 mentem
1335 4593 1492 4659 regit,
1531 4594 1679 4646 salu-

132 4682 285 4736 briter
315 4687 612 4752 providere,
663 4685 919 4739 ordinare
969 4696 1024 4737 et
1079 4685 1369 4751 disponere
1411 4681 1590 4737 omnia
1625 4692 1680 4751 et

131 4776 314 4844 singula
358 4780 410 4830 in
445 4777 584 4830 infra
632 4778 876 4832 seriatim
909 4778 1127 4830 insertis
1170 4776 1442 4840 αις-ξυιυς,
1475 4781 1673 4843 sponte

131 4881 185 4919 ac
229 4868 386 4922 libere
436 4869 728 4936 ordinavit,
770 4868 1075 4938 disposuit,
1127 4868 1375 4930 instituit,
1427 4867 1677 4928 donavit,

131 4957 318 5012 dimisit
367 4969 526 5026 atque
565 4959 715 5022 fecit,
750 4971 905 5028 prout
946 4961 997 5012 in
1035 4960 1234 5013 eisdem
1264 4957 1515 5023 capitulis
1570 4959 1678 5007 alta

130 5061 173 5099 ct
196 5051 507 5120 intelligibili
546 5064 678 5103 voce
726 5047 819 5118 per
848 5050 1265 5104 dominationem
1302 5063 1452 5100 suam
1488 5049 1678 5101 lltnnttl

131 5153 296 5194 coram
336 5159 418 5198 me
445 5141 662 5196 notario
698 5151 755 5194 et
795 5143 1023 5195 testibus
1073 5142 1454 5209 infrascriptis,
1505 5139 1679 5207 lectis,

129 5244 337 5294 quorum
373 5243 524 5288 tenor
543 5235 611 5287 de
639 5234 806 5287 verbo
837 5233 906 5287 ad
941 5235 1160 5286 verbum
1199 5235 1314 5286 talis
1347 5237 1425 5286 es!
1455 5249 1470 5285 :

195 5337 213 5365 ι
258 5319 310 5373 lu
337 5325 522 5391 primis
551 5324 775 5378 instituo
824 5324 876 5377 in
908 5325 1216 5392 eapellanos
1258 5324 1474 5390 capella:
1528 5339 1682 5384 ntere,

135 5422 150 5453 ι
191 5407 236 5459 in
273 5426 584 5478 perpetuum
620 5415 853 5469 fundata:
881 5416 980 5468 sub
1001 5415 1256 5492 vocabulo
1287 5414 1387 5468 BB.
1411 5416 1686 5470 Michaelis

136 5517 150 5546 ι
193 5503 530 5570 archangeli,
591 5505 819 5560 Joannis
871 5508 1124 5576 Baptista:
1177 5524 1239 5558 ne
1295 5506 1355 5559 S.
1409 5509 1679 5574 Eugenim,

141 5611 157 5640 ί
199 5597 312 5648 sita.-
352 5599 402 5649 iu
433 5596 665 5650 ecclesia
709 5595 811 5650 SS.
859 5600 1236 5665 Apostolorum
1263 5602 1329 5653 de
1355 5598 1515 5660 Urbe,
1557 5603 1683 5652 ιυιὶ-

139 5700 155 5731 ‘
185 5686 363 5754 Slosos
393 5690 534 5748 viros
559 5690 757 5747 fratres
776 5700 827 5744 et
857 5674 1174 5744 converrunt
1206 5691 1410 5746 ordinis
1433 5691 1486 5744 S.
1518 5689 1683 5745 ἱππέως

793 253 1095 319 ALOYSII
1133 255 1281 318 BAN
1291 256 1450 349 DI’NI
1463 258 1486 316 ἰ
1523 255 1715 349 CQ)”

1790 253 2030 315 INTARI
2041 253 2155 316 US.
2216 279 2270 291 -
2303 256 2710 320 ΑΡΡΕΝῘΠΧ.

3141 271 3339 311 LXXVIII

1787 387 1806 420 ο
1851 371 1981 424 eisei
2013 371 2066 426 in
2087 371 2276 426 eadem
2304 372 2530 427 ecclesia
2577 373 2679 427 SS.
2724 372 3098 441 Apostolorum
3131 373 3346 427 inhabi-
3397 399 3400 414 ι

1785 482 1804 514 ι
1855 473 2064 529 tantes,
2129 478 2452 532 quacunque
2517 464 2860 519 ordinatione
2911 480 3007 533 per
3061 481 3160 520 nos
3213 465 3347 519 alias

1785 574 1806 605 σ
1854 568 2015 622 super
2038 555 2158 610 inde
2187 555 2326 610 facta
2359 572 2464 609 non
2497 557 2780 619 obstante;
2831 567 2885 610 et
2919 557 3111 610 ordino
3144 574 3206 610 ac
3233 557 3348 612 dis-

1786 665 1805 696 i
1852 662 1991 714 pono
2040 658 2101 702 ttt
2147 648 2199 701 in
2239 648 2425 701 eadem
2461 647 2663 716 capella
2711 647 2904 702 faciant
2943 650 3069 703 dicti
3104 651 3344 714 prai-Jicti

1785 754 1806 786 ο
1854 735 2051 790 fratres
2085 737 2230 789 omni
2258 737 2347 790 die
2381 753 2542 789 unam
2577 738 2818 800 missam,
2842 719 3034 792 diebus
3072 738 3342 799 Mercurii.

1785 847 1804 878 ι
1849 828 2079 882 Veneris
2105 835 2157 881 et
2191 827 2431 893 Sabbati,
2460 829 2676 881 missam
2708 846 2802 896 pro
2823 829 3110 892 delunrtis,
3164 829 3346 882 Domi-

1785 939 1804 972 ι
1851 920 1966 975 nica
2026 934 2154 972 vero
2191 919 2278 974 die
2327 921 2545 973 missam
2592 929 2897 973 currentem
2924 913 2950 985 ;’
2993 921 3080 973 die
3136 919 3342 976 Lorne.

1786 1029 1805 1062 ι
1848 1011 1904 1065 S.
1938 1011 2124 1079 Angeli
2154 1027 2168 1076 ;
2236 1013 2319 1065 die
2354 1011 2556 1078 Martis,
2590 1012 2649 1064 S.
2691 1010 2914 1065 Joannis
2948 1011 3226 1076 Baptista';
3255 1009 3342 1062 die

1787 1117 1804 1149 ι
1849 1100 2017 1165 iovis,
2045 1099 2103 1154 S.
2131 1098 2434 1164 Trinitatis,
2477 1116 2596 1154 eum
2627 1100 2845 1152 collecta
2880 1101 2931 1152 in
2975 1100 3212 1166 qualibet
3246 1115 3342 1165 pro

1731 1249 1734 1254 λ
1787 1209 1804 1242 ι
1851 1191 2455 1257 defunctis,‘referendo
2490 1209 2585 1260 pro
2615 1194 2753 1247 viris
2783 1208 2973 1246 nomen
3015 1207 3213 1250 meum.
3242 1206 3339 1258 pro

1788 1298 1808 1333 ι
1855 1284 2082 1337 mortuis
2117 1295 2237 1352 post
2291 1297 2515 1338 mortem
2567 1300 2760 1339 nomen
2803 1301 2974 1338 meum
3006 1323 3019 1347 ,
3059 1283 3243 1336 Isidnri
3292 1291 3344 1334 et

1788 1393 1808 1424 ί
1854 1375 2108 1428 Dorothei
2138 1377 2556 1444 episcoporum;
2607 1378 2731 1430 item
2765 1376 3031 1430 Theodori
3075 1386 3129 1428 et
3173 1375 3346 1427 Theo-

1786 1485 1806 1518 ι
1854 1469 2018 1533 domi,
2047 1478 2099 1524 et
2130 1468 2424 1533 Michaelis,
2457 1485 2520 1523 ac
2547 1465 2770 1523 aliorum
2799 1483 2933 1537 quos
2963 1469 3012 1521 in
3045 1468 3346 1521 intentione
3410 1511 3417 1518 .

1787 1578 1805 1607 ο
1853 1576 1968 1613 mea
2000 1561 2189 1614 habeo.
2212 1560 2266 1614 Si
2290 1570 2467 1615 tamen
2501 1577 2629 1617 casu
2664 1565 2842 1631 aliquo
2873 1563 3067 1616 fratres
3098 1559 3340 1629 [ιι-τωὶωὶ
3405 1545 3414 1553 ”

1792 1672 1809 1704 ι
1854 1667 1884 1705 a
1915 1652 2032 1707 loro
2079 1654 2346 1721 praedicta:
2387 1655 2628 1708 ecclesia:
2671 1655 3006 1717 recederent,
3044 1665 3094 1707 et
3119 1651 3346 1705 ecclesia

1790 1765 1807 1795 ι
1857 1747 1906 1798 iu
1945 1748 2228 1813 pristinum
2264 1759 2462 1803 statum
2495 1741 2716 1803 reducta
2759 1749 2941 1812 fuerit,
2977 1757 3102 1800 tunc
3128 1746 3264 1796 'ant)
3295 1758 3350 1797 et

1790 1855 1807 1886 ι
1857 1836 2048 1889 ordino
2090 1850 2144 1890 ut
2195 1837 2284 1905 jus
2319 1839 2546 1904 eligendi
2585 1837 2663 1891 vel
2688 1854 2848 1888 unum
2883 1847 3086 1888 tantum
3116 1835 3349 1910 caprile-

1792 1948 1808 1980 ι
1860 1946 2005 1990 nutu,
2047 1931 2090 1981 si
2152 1932 2353 1984 reditus
2395 1931 2563 1997 ipsius
2610 1931 2824 1997 capella:
2874 1930 3091 1995 triginta
3124 1928 3349 1980 detentus

1792 2037 1811 2070 ι
1856 2022 1971 2072 auri
1997 2021 2061 2073 de
2085 2011 2298 2073 caiuera
2350 2035 2456 2074 non
2489 2023 2857 2084 excesserint,
2890 2020 2970 2072 vel
3003 2020 3154 2078 duos,
3187 2019 3231 2068 si
3280 2017 3345 2068 ad

1791 2131 1809 2160 ε
1853 2097 2130 2179 δέκηείηια
2165 2111 2476 2174 ascendant,
2522 2122 2796 2162 remaneat
2823 2110 2995 2161 abbati
3033 2109 3089 2160 S.
3119 2107 3265 2159 Pauli
3297 2119 3352 2158 et

1792 2223 1810 2250 ε
1858 2204 2020 2269 priori
2072 2203 2130 2255 Β.
2183 2203 2366 2256 Mariti:
2417 2202 2486 2256 de
2534 2203 2755 2270 Populo,
2787 2204 3236 2256 monasteriorum
3284 2201 3353 2254 de

1792 2315 1808 2346 ι
1859 2293 2135 2362 υτϋρ,’‹ιιιί
2167 2296 2349 2350 dicant
2396 2297 2879 2365 qttitiqtie.tiiiss.is
2922 2297 2972 2347 in
3007 2293 3246 2361 qualibet
3270 2309 3352 2347 se-

1793 2408 1812 2440 ‹
1858 2390 2134 2458 ptlmana,
2179 2399 2287 2444 tres
2333 2405 2430 2456 pro
2486 2389 2753 2442 defunctis
2805 2399 2860 2442 et
2904 2389 3063 2458 136
3103 2390 3238 2442 duas
3284 2388 3351 2441 de

1796 2499 1813 2530 ι
1859 2482 2087 2546 Sanctis,
2120 2483 2369 2536 videlicet
2401 2483 2466 2535 de
2510 2482 2570 2536 S.
2612 2482 2935 2552 archangeli)
2965 2493 3016 2535 et
3059 2482 3117 2535 ὃ.
3147 2481 3357 2536 Joanne

1795 2594 1812 2625 σ
1862 2576 2123 2645 Baptista,
2151 2587 2202 2629 ut
2231 2577 2479 2644 superius
2505 2576 2812 2628 ordinatum
2843 2585 2942 2628 est.
2973 2573 3103 2627 item
3151 2575 3269 2625 volo
3301 2582 3355 2624 et

1795 2687 1813 2717 ε
1859 2668 2054 2721 ordino
2080 2682 2135 2720 ut
2169 2670 2397 2739 singulis
2424 2669 2604 2731 anni’s,
2629 2667 2836 2721 decima
2866 2668 2953 2722 dic
2990 2667 3189 2720 mensis
3214 2665 3352 2733 Sep-

1795 2780 1813 2812 t
1862 2761 2103 2823 tembris,
2129 2760 2372 2828 praedicti
2408 2759 2599 2812 fratres
2627 2769 2847 2815 cantent
2876 2758 3085 2828 vigilias
3109 2769 3350 2810 mortuo-

1794 2869 1813 2901 ι
1861 2866 1978 2903 rum
2021 2861 2076 2902 et
2121 2853 2340 2902 missam
2389 2849 2683 2905 solemnem
2740 2865 2836 2918 pro
2885 2849 3156 2904 deﬁnieris
3214 2848 3347 2901 meis

1794 2962 1812 2994 ι
1861 2941 2295 3009 prmnotpiuatis,
2328 2923 2696 3008 vel‘capeli‘ani
2729 2923 3079 2996 smcularesin
3107 2941 3349 2995 absentia

1793 3053 1812 3084 ι
1860 3030 2089 3086 fratrum
2113 3032 2295 3086 dicant
2321 3039 2486 3083 totum
2507 3015 2760 3086 cilicium
2787 3033 3031 3101 legendo.
3070 3031 3201 3084 Item
3235 3031 3354 3083 volo

1792 3146 1812 3178 ι
1841 3137 1916 3180 -ιιι
1951 3129 2069 3180 dua:
2099 3127 2270 3177 vinea:
2301 3140 2434 3192 quas
2464 3125 2784 3179 donavimus
2839 3126 3057 3192 capellm
3088 3125 3356 3192 praedictio

1795 3237 1813 3268 ι
1861 3234 1956 3285 pro
1986 3220 2110 3273 dote
2142 3233 2263 3280 sua,
2299 3218 2602 3272 vendantur
2626 3217 2743 3285 plus
2773 3216 3038 3281 ollercnti,
3069 3226 3125 3270 et
3151 3211 3351 3270 PlStlcnl

1794 3330 1813 3361 ε
1859 3311 2100 3378 pecuniis
2132 3322 2380 3364 cluantur
2421 3324 2517 3380 pro
2555 3309 2683 3363 dote
2723 3309 2960 3379 ejusdem
3011 3309 3250 3378 capella;
3300 3309 3351 3361 in

1793 3420 1810 3451 ι
1854 3401 1988 3454 locis
2017 3401 2193 3465 bonis,
2221 3400 2402 3454 liberis
2433 3411 2486 3455 et
2517 3401 2736 3455 utilibus
2760 3442 2778 3466 ,
2825 3403 3212 3468 responsiones
3244 3398 3349 3451 vini

1794 3513 1814 3544 ι
1859 3494 2157 3548 secundum
2192 3493 2642 3546 consuetudinem
2680 3507 2799 3559 qua:
2832 3490 2946 3544 fieri
2979 3489 3114 3544 solet
3146 3489 3350 3542 nom—.2.
3399 3503 3409 3510 ί

1792 3602 1810 3632 ε
1854 3581 2110 3636 Concedo
2155 3591 2332 3634 autem
2381 3582 2592 3647 plenam
2655 3580 2966 3633 facultatem
3019 3588 3068 3632 et
3129 3579 3349 3629 liberam

1790 3692 1810 3726 ι
1859 3672 2126 3726 vendendi
2158 3673 2344 3725 vineas
2373 3671 2659 3739 praedictas
2692 3670 2824 3723 llev.
2860 3668 3002 3722 Patri
3055 3667 3117 3718 D.
3159 3667 3351 3721 Joanui

1795 3783 1814 3817 ι
1865 3763 2020 3832 Bapt.
2047 3764 2114 3816 dc
2134 3761 2139 3765 ’
2160 3761 2413 3825 Sabellis,
2446 3759 2754 3828 apostolica:
2785 3758 2929 3815 sedis
2961 3758 3349 3826 protonotario,

1792 3876 1812 3907 ε
1856 3872 1917 3909 ae
1956 3856 2016 3910 D.
2046 3854 2339 3909 Laurentio
2384 3853 2452 3908 de
2493 3851 2752 3916 Venetiis,
2779 3852 3040 3907 canonico
3089 3848 3354 3918 Principis

1795 3969 1813 4000 ι
1858 3951 2232 4018 apostolorum
2266 3949 2334 4003 de
2363 3947 2527 4010 Urbe,
2557 3957 2616 4000 et
2645 3945 2705 4000 D.
2738 3945 2978 4001 Simeoni
3009 3946 3074 3999 de
3111 3930 3358 4006 Pellinis,

1792 4062 1809 4093 ε
1858 4043 2084 4096 auditori
2129 4051 2340 4106 nostro,
2395 4042 2732 4096 subdiaceno
2760 4040 3079 4107 apostolico,
3112 4047 3166 4089 et
3197 4037 3354 4090 Petro

1857 4135 1921 4188 de
1942 4131 2147 4187 Rubcis
2175 4134 2244 4187 de
2273 4129 2525 4197 Veilelro,
2541 4131 2622 4184 vel
2641 4129 2827 4195 majori
2856 4129 2990 4196 parti
3014 4127 3348 4187 earumdem,

1857 4225 1948 4294 qui
1976 4227 2248 4292 deponant
2276 4224 2534 4292 pecunias
2580 4223 2861 4292 praedictas
2892 4222 2944 4274 in
2971 4219 3150 4288 aliquo
3180 4218 3353 4272 baneo

1857 4331 2050 4371 securo
2097 4319 2186 4370 tibi
2241 4315 2642 4381 custodiantur,
2665 4330 2768 4369 nec
2820 4315 3014 4384 aliquis
3039 4329 3132 4368 eas
3167 4322 3354 4382 tangat

1855 4411 2028 4464 donec
2079 4419 2327 4463 eruantur
2374 4409 2756 4478 responsiones
2801 4410 3089 4477 prretlietm.
3143 4405 3248 4459 Sed
3287 4421 3353 4456 ne

1857 4501 1949 4554 diu
1980 4502 2321 4569 capella'stet
2358 4503 2478 4556 sine
2513 4503 2686 4557 fructu
2719 4503 2860 4556 dotis
2909 4516 3038 4564 stne,
3071 4507 3358 4559 cernentur,

1856 4593 1900 4646 si
1936 4593 2189 4659 possibile
2218 4595 2401 4658 fuerit,
2427 4595 2588 4648 simul
2620 4604 2673 4648 et
2703 4595 2869 4648 semel
2920 4594 3024 4647 hoc
3055 4593 3259 4654 facere,
3303 4601 3360 4644 et

1858 4689 2092 4741 vendere
2130 4690 2312 4743 vineas
2344 4698 2400 4743 et
2420 4702 2606 4742 emere
2639 4689 3039 4757 responsiones.

1862 4797 1880 4828 ι
1930 4779 2060 4832 ltem
2100 4780 2243 4834 dono
2267 4797 2329 4836 ex
2373 4795 2517 4836 nunc
2552 4782 2604 4833 in
2633 4790 2948 4848 perpetuum
2980 4779 3199 4847 capellze
3221 4793 3356 4845 prm-

1858 4852 2349 4936 dictre'paramenta
2374 4878 2428 4922 et
2459 4870 2656 4936 juealia
2687 4869 3050 4936 infrascripta,
3070 4869 3355 4922 videlicet--:

1858 4976 2023 5013 unum
2068 4971 2438 5029 paramcntnm
2474 4977 2570 5029 pro
2607 4961 2922 5029 quotidiano
2982 4964 3206 5017 servitio
3261 4979 3354 5016 co-

1861 5053 1992 5107 loris
2017 5055 2123 5107 albi
2143 5061 2210 5108 de
2234 5057 2403 5122 drapo
2437 5054 2788 5119 damaseino;
2814 5054 2956 5108 aliud
2986 5056 3189 5110 coloris
3207 5055 3352 5125 bysei

1794 5163 1814 5194 ς
1859 5145 2113 5200 similiter
2143 5149 2207 5200 de
2238 5147 2553 5201 datnascino
2583 5148 2764 5214 plano,
2798 5159 2852 5201 et
2884 5145 3361 5214 stolas,inanipula

1798 5251 1817 5283 ‹
1860 5244 1909 5286 et
1939 5238 2212 5301 eamises;
2245 5237 2374 5291 item
2406 5237 2661 5305 plumalia
2693 5236 2815 5301 tria,
2850 5235 3118 5297 videlicet,
3152 5233 3356 5292 album,

1802 5343 1822 5375 σ
1869 5325 2153 5378 brocatum
2183 5326 2254 5380 de
2289 5342 2442 5390 auro,
2485 5338 2539 5379 et
2569 5327 2711 5378 aliud
2747 5326 3127 5393 pavonatzium
3173 5325 3236 5374 de
3265 5321 3362 5373 da-

1797 5434 1816 5466 ‹
1861 5417 2102 5470 mascino
2132 5416 2357 5484 simplici
2399 5433 2520 5469 eum
2555 5420 2721 5470 armis
2753 5413 3106 5480 meis,cmpta
3143 5414 3211 5465 ab
3254 5414 3364 5466 Ine-

1800 5524 1818 5556 i
1868 5506 2097 5559 rcditatc
2129 5506 2258 5557 bon.
2290 5522 2454 5559 mem.
2476 5505 2595 5556 Rtni
2629 5505 2726 5556 Dni
2753 5506 2902 5558 card.
2931 5508 2993 5558 de
3027 5505 3364 5573 Columpna;

1799 5617 1817 5649 ι
1862 5607 1917 5652 et
1945 5597 2213 5663 quoddam
2246 5597 2388 5649 aliud
2422 5598 2634 5666 nigrum
2670 5599 2735 5653 de
2770 5600 3097 5662 daniztscino,
3120 5608 3364 5666 etnptutn

1801 5710 1817 5742 ι
1865 5691 1929 5746 ub
1955 5688 2269 5745 lucrcditaitc
2306 5689 2426 5748 Ruri
2467 5691 2566 5750 Diri
2613 5691 2901 5750 cardinalis
2933 5689 3167 5762 Rutheni
3210 5692 3361 5746 boum

1792 4152 1811 4184 ι

1793 4244 1810 4277 ι

1792 4336 1811 4369 ί

1793 4426 1811 4458 1

1792 4521 1812 4553 Ι

1791 4613 1810 4644 ί

1791 4707 1810 4738 ι

1793 4884 1812 4917 1

1792 4978 1810 5010 1

1794 5072 1812 5102 ι
