4138 6328
795 360 860 400 ιι
870 362 898 399 Χ
907 361 961 399 ιι

799 478 821 509 ε
870 471 1058 523 mem.;
1095 455 1276 511 omnia
1315 469 1441 517 cum
1474 453 1710 525 pulchris
1759 452 1968 525 frigiis;
2002 453 2131 509 item
2182 455 2347 507 unam

796 567 819 599 ε
866 548 1130 617 planetam
1152 548 1237 601 ,αθ
1269 546 1581 601 damaseino
1628 545 1982 614 pavonauio,
2010 551 2245 612 emptam
2276 555 2349 596 ex

798 655 820 689 α
864 638 1117 704 praedicta
1140 637 1451 691 haereditate
1485 636 1585 690 Dni
1621 640 1770 693 card.
1806 637 1872 691 de
1896 633 2193 703 Golumpna
2226 645 2347 686 cum

800 747 819 779 ι
868 729 1027 797 frigie
1062 729 1125 782 de
1155 728 1303 782 {oleis
1328 727 1509 782 aureis
1539 726 1857 789 recantatis;
1886 724 2015 779 item
2042 723 2269 777 calicem
2295 728 2349 775 et

797 837 818 871 ι
865 829 1133 886 patenam,
1184 800 1320 874 duas
1355 817 1619 886 ampullas
1652 824 1957 884 argenteas,
1994 828 2131 884 quas
2166 822 2348 881 porta—

800 927 819 961 t
865 910 1039 962 vimus
1074 910 1142 964 de
1168 908 1414 972 Vienna;
1441 909 1569 960 item
1594 907 1659 960 de
1687 903 1896 960 duobus
1918 904 2073 958 novis
2087 900 2348 958 calicibus

798 1018 817 1050 ι
863 1014 1000 1068 quos
1030 999 1159 1055 fecit
1188 1013 1334 1054 nunc
1379 999 1511 1053 mihi
1542 997 1797 1067 magister
1835 995 2057 1049 Simeon
2113 991 2343 1057 aurifex,

795 1109 819 1145 α
862 1108 1027 1147 unum
1055 1107 1177 1148 eum
1208 1101 1399 1161 patena
1428 1072 1523 1144 sua
1552 1106 1568 1154 ;
1610 1091 1735 1143 item
1776 1102 1990 1141 crucem
2034 1098 2193 1138 unam
2225 1095 2347 1152 quae

794 1202 814 1234 t
860 1192 989 1237 ante
1020 1178 1107 1238 me
1130 1181 1405 1237 ferebatur
1438 1182 1491 1234 in
1526 1177 1902 1249 legationibus,
1935 1175 2128 1229 factam
2167 1174 2347 1229 Bono-

795 1293 818 1327 σ
860 1276 1004 1339 nite;
1042 1275 1169 1328 item
1224 1276 1412 1327 thecas
1447 1267 1804 1339 corporalium
1828 1265 1984 1330 duas,
2010 1280 2115 1319 una
2150 1265 2203 1318 in
2238 1277 2343 1335 qua

794 1384 815 1417 ι
860 1377 944 1421 est
983 1381 1181 1421 nomen
1226 1363 1353 1418 .lesu
1402 1376 1523 1417 cum
1575 1358 1762 1427 periis.
1798 1365 1854 1411 et
1882 1370 2044 1411 unam
2086 1355 2243 1409 aliam
2276 1354 2346 1410 de

794 1477 817 1509 s
859 1459 1040 1512 veluto
1071 1458 1240 1509 rulrco
1268 1469 1388 1507 cum
1421 1449 1789 1519 corporalibus
1821 1447 1973 1511 suis;
2004 1447 2129 1500 item
2160 1460 2346 1514 super-

796 1568 816 1601 (
863 1549 1083 1619 pellicea
1139 1553 1404 1612 quatuor;
1450 1542 1577 1596 item
1636 1540 1702 1593 de
1760 1528 2066 1607 panniculis
2107 1537 2348 1604 pulchris

796 1658 815 1691 ι
862 1639 1073 1692 ornatis
1103 1638 1280 1690 serico
1309 1648 1404 1701 pro
1440 1630 1796 1699 cooperiemlo
1824 1628 1992 1683 calice
2026 1627 2343 1693 duos;item

795 1749 817 1782 α
862 1728 1103 1783 tohalcas
1156 1727 1388 1793 majores
1427 1722 1491 1776 ad
1538 1710 1948 1789 eooperiendum
1984 1718 2153 1772 altare
2190 1717 2343 1787 137

795 1840 816 1873 s
862 1832 1096 1890 quatuor
1123 1821 1189 1874 de
1219 1818 1556 1881 melioribus;
1604 1815 1730 1869 item
1762 1821 1997 1881 tapetum
2048 1827 2213 1868 unum
2246 1811 2347 1867 hoc

795 1934 813 1966 ι
861 1929 989 1966 num
1036 1913 1101 1966 ad
1155 1910 1455 1980 ponendum
1491 1920 1616 1963 ante
1644 1909 1841 1972 altare;
1871 1906 1998 1959 item
2028 1919 2192 1959 unum
2219 1905 2348 1959 mis-

794 2025 815 2056 s
861 2004 971 2058 sale
998 2018 1287 2073 magnum,
1321 2010 1560 2069 emptum
1607 1999 1675 2053 ab
1714 1997 2026 2052 hereditate
2072 1994 2135 2050 ί).
2165 1996 2347 2050 cardi-

794 2115 815 2149 ε
860 2096 997 2151 nalis
1021 2094 1256 2149 Rutheni
1285 2092 1544 2161 praedicti.

863 2206 883 2237 ‹
930 2186 1061 2240 ltem
1100 2186 1243 2240 dono
1280 2183 1455 2238 eidem
1500 2181 1717 2251 capelle
1748 2196 1814 2237 ex
1849 2196 1995 2236 nunc
2022 2181 2163 2235 inter
2197 2180 2347 2237 vivos

793 2295 813 2328 ι
860 2276 1229 2345 infrascriptas
1257 2290 1339 2329 res
1372 2288 1596 2339 quarum
1632 2288 1785 2327 usum
1814 2273 1946 2325 mihi
1979 2287 2193 2327 reservo
2218 2272 2341 2326 dum

792 2384 814 2418 ‹
860 2368 1037 2421 vivam
1064 2383 1079 2419 :
1110 2367 1317 2420 scilicet
1351 2363 1681 2420 thuribulum
1714 2364 1851 2433 quod
1880 2378 2021 2418 nunc
2059 2363 2343 2427 habemus,

790 2475 813 2508 ι
860 2457 1175 2509 navicellam
1196 2464 1251 2508 et
1278 2469 1372 2507 vas
1402 2470 1499 2523 pro
1527 2469 1664 2521 aqua
1690 2463 1875 2507 sancta
1896 2468 2017 2505 cum
2038 2468 2136 2507 suo
2158 2454 2345 2518 asper-

796 2565 817 2599 ι
862 2547 1173 2615 sorio,qu:e
1207 2560 1348 2600 nunc
1376 2546 1503 2601 fecit
1542 2544 1697 2597 nobis
1743 2544 1949 2595 aurifex
1984 2545 2341 2611 supradictus,

795 2656 816 2689 ι
858 2638 1035 2692 etdno
1067 2635 1387 2691 candelabra
1412 2637 1478 2689 de
1506 2633 1704 2703 capella
1724 2646 1904 2687 nostra
1933 2634 2124 2699 quibus
2147 2635 2348 2685 utimur

793 2748 815 2782 ι
859 2730 913 2783 in
946 2729 1170 2796 eadem;
1207 2730 1333 2783 item
1370 2743 1603 2797 pannum
1641 2726 1706 2781 de
1752 2724 1930 2779 veluto
1981 2724 2345 2779 Aleuandrino

793 2840 812 2872 ς
858 2836 968 2886 quo
1012 2823 1215 2877 utimur
1265 2822 1316 2876 in
1370 2820 1572 2888 capella
1627 2830 1835 2879 nostra.
1886 2828 1939 2871 et
1992 2825 2119 2870 ante
2176 2816 2345 2870 altare

796 2931 815 2963 ι
862 2927 1025 2980 super
1054 2913 1242 2973 alium.
1272 2927 1334 2966 ac
1364 2911 1687 2967 breviarium
1717 2925 1986 2978 magnum,
2012 2919 2246 2979 emptum
2275 2906 2345 2961 ab

792 3021 813 3054 s
866 3002 1179 3057 haereditate
1214 2999 1337 3056 Rmi
1387 3000 1450 3057 Ι).
1483 3002 1632 3055 card.
1676 2999 1908 3055 Rutheni
1953 3002 2053 3069 piae
2091 3015 2255 3054 mem.
2288 3008 2345 3054 et

792 3113 813 3145 ι
858 3096 965 3149 duo
1001 3094 1256 3149 .bancalia
1307 3093 1395 3149 de.
1424 3108 1604 3162 panno
1644 3094 1711 3148 de
1759 3093 1929 3161 ratgia
1982 3108 2099 3161 qua:
2142 3091 2344 3146 habent

794 3205 813 3237 ι
859 3183 956 3240 SS.
986 3186 1283 3254 apostolos,
1320 3194 1374 3240 et
1405 3186 1541 3239 alios
1577 3194 1805 3252 quatuor
1837 3197 2044 3252 pannos
2080 3183 2148 3237 de
2174 3183 2341 3249 ratgia

795 3293 815 3325 ι
861 3290 1075 3344 parvos,
1120 3290 1350 3343 quorum
1409 3281 1518 3326 tres
1570 3272 1773 3325 habent
1824 3269 2343 3332 Annuntiationem,

798 3383 816 3414 ι
864 3376 1085 3431 quartus
1116 3379 1240 3414 vero
1269 3361 1629 3421 Crut-ilixum;
1666 3360 1790 3412 item
1816 3369 2027 3427 tapctos
2052 3359 2343 3423 tres;item

797 3473 817 3504 ι
862 3456 971 3509 duo
998 3452 1322 3507 candelabra
1358 3466 1547 3519 magna
1583 3450 1790 3513 ferrea;
1846 3451 1973 3502 item
2007 3466 2345 3518 quacunque

798 3553 1179 3615 tkparamenta
1213 3543 1429 3614 capellae
1484 3550 1708 3605 nostra‘,
1750 3542 1966 3608 jocalia,
2019 3552 2072 3595 et
2130 3543 2346 3598 missile

797 3659 815 3691 ε
862 3654 1050 3700 unum.
1097 3637 1292 3707 quibus
1325 3647 1445 3689 utor
1476 3634 1618 3688 domi
1668 3645 1720 3688 et
1751 3648 1867 3704 qua:
1902 3628 2041 3690 'tuuc
2072 3635 2344 3690 invenien-

794 3750 815 3781 ι
860 3740 981 3793 tur;
1017 3730 1140 3783 item
1162 3744 1321 3783 unum
1353 3727 1678 3781 thuribulum
1710 3724 1951 3781 Graecum
1978 3728 2195 3794 planum
2217 3744 2339 3782 cunt

796 3842 816 3874 ε
862 3824 1106 3886 manica;
1143 3823 1266 3875 item
1299 3820 1405 3874 duo
1436 3835 1535 3873 ova
1574 3821 1639 3873 de
1683 3818 1895 3874 Struzio
1919 3830 2109 3874 ornata
2144 3822 2209 3875 de
2250 3837 2341 3873 ar-

796 3934 815 3965 ε
862 3925 1063 3985 gente;
1111 3914 1237 3968 item
1270 3912 1409 3981 legia
1444 3912 1593 3977 duo;
1634 3912 1759 3965 item
1810 3910 2166 3966 faldistorium
2214 3928 2339 3980 pon-

796 4022 814 4054 ι
861 4002 1075 4056 tilicale.

867 4111 887 4143 ι
931 4091 1065 4145 Item
1092 4090 1211 4145 volo
1252 4099 1310 4145 ut
1341 4106 1439 4160 pro
1471 4105 1611 4144 nunc
1656 4091 1748 4144 ﬁat
1778 4105 1881 4143 una
1924 4106 2083 4162 capsa
2122 4091 2342 4161 pulchra

798 4203 817 4233 ι
864 4185 915 4237 in
974 4199 1079 4251 qua
1118 4184 1310 4251 deponi
1363 4183 1595 4236 debeant
1648 4182 1747 4237 ista
1805 4182 1986 4236 omnia
2034 4193 2343 4253 paramenta

798 4293 817 4325 t
869 4282 1049 4328 nostra
1104 4282 1158 4326 et
1202 4273 1455 4327 custodiri
1515 4274 1566 4326 in
1604 4275 2133 4342 saeristia‘prtesenti
2176 4278 2346 4332 donec

802 4383 820 4413 ι
867 4364 975 4416 Deo
1003 4364 1163 4416 dante
1192 4364 1445 4419 faciemus
1482 4365 1783 4421 saeristiam
1816 4370 1868 4422 in
1920 4370 2037 4423 loco
2067 4372 2345 4439 designato

802 4476 819 4505 ε
864 4470 953 4523 per
982 4471 1100 4508 nos.
1120 4455 1248 4507 Item
1270 4456 1390 4507 volo
1419 4464 1472 4509 et
1493 4455 1683 4510 ordino
1702 4459 2000 4527 utomnino
2027 4461 2346 4530 depingatur

802 4568 819 4598 ε
867 4546 1069 4616 capella
1094 4561 1160 4599 eo
1202 4548 1359 4598 modo
1386 4557 1541 4613 prout
1586 4549 1811 4600 conveni
1860 4559 1911 4601 et
1939 4551 2177 4607 ordinari
2220 4570 2343 4609 cum

803 4657 820 4689 ι
864 4639 1159 4708 magistro;
1191 4636 1340 4695 item,
1371 4640 1653 4703 postquam
1692 4636 1900 4704 depicta
1939 4640 2095 4694 fuerit
2122 4648 2346 4710 capella,

803 4750 821 4781 ‹
869 4729 1039 4797 primo
1086 4728 1177 4781 liat
1220 4727 1408 4781 subtus
1440 4736 1635 4781 tectum
1689 4729 1918 4798 ligneum
1968 4737 2108 4801 quod
2161 4749 2244 4791 est
2292 4740 2345 4793 in

804 4839 821 4871 ι
872 4822 1079 4888 quadro
1140 4820 1394 4873 exteriori
1445 4835 1607 4872 unum
1653 4821 2000 4889 supercilium
2036 4827 2342 4893 pulchrum,

808 4930 825 4961 ι
872 4922 926 4963 et
954 4926 1113 4979 super
1142 4912 1324 4965 trabes
1368 4911 1492 4965 tecti
1540 4912 1887 4980 imponantur
1920 4916 2114 4985 aliqua!
2155 4920 2347 4976 tabula:

805 5014 824 5047 ι
871 5014 1068 5065 grossa:
1119 5015 1211 5065 per
1255 5001 1469 5052 modum
1507 5002 1704 5069 pontis,
1749 5012 1806 5055 ut
1860 5007 2071 5071 possint
2123 5009 2341 5061 transiri

807 5105 825 5137 ι
876 5101 969 5153 per
1016 5088 1397 5154 longitudinem
1447 5092 1511 5152 de
1565 5107 1667 5143 una
1726 5102 1879 5161 parte
1940 5098 2005 5149 ad
2066 5087 2253 5164 aliatn';
2297 5110 2350 5152 et

809 5194 827 5227 ε
876 5177 1198 5229 clatttlattlttr
1259 5180 1394 5231 bene
1448 5180 1708 5232 foramina
1774 5185 1945 5249 muri;
1993 5198 2045 5239 et
2106 5201 2135 5241 a
2200 5196 2351 5255 pane

810 5287 829 5320 t
876 5269 1120 5323 orientali
1152 5268 1239 5319 illa
1275 5283 1461 5337 magna
1500 5280 1747 5334 apertnra
1791 5276 1841 5326 in
1874 5292 1976 5341 qua
2019 5280 2347 5347 dimieumr,

811 5379 830 5413 ι
873 5368 1116 5427 apertum
1151 5367 1357 5409 tantum
1388 5368 1645 5425 quantum
1670 5361 1893 5415 sulliciet
1930 5367 2018 5418 uni
2051 5368 2248 5423 homini
2284 5374 2347 5425 ad

810 5470 829 5502 ι
876 5448 1219 5512 intrandum;
1250 5456 1303 5500 et
1330 5447 1454 5501 illud
1496 5450 1655 5503 etiam
1704 5453 1981 5507 claudatur
2003 5460 2144 5513 ostio
2176 5462 2349 5526 ligneo

810 5559 829 5590 ε
874 5556 996 5593 cum
1028 5540 1199 5604 elavi;
1250 5539 1377 5591 item
1426 5549 1544 5608 post
1600 5544 1943 5611 supercilium
2000 5558 2169 5602 totum
2218 5554 2347 5605 illud

811 5646 829 5680 ι
876 5629 1136 5695 quadrum
1168 5629 1402 5682 exterius
1430 5629 1692 5685 incoletur
1724 5645 1778 5687 et
1818 5637 2090 5691 dealbctur
2122 5640 2277 5705 bene,
2302 5654 2353 5694 ct

816 5731 832 5765 t
880 5716 930 5767 in
965 5714 1099 5770 faeie
1133 5715 1347 5786 majori,
1377 5716 1620 5774 videlicet
1648 5726 2075 5795 septentrionali,
2117 5743 2233 5797 qua:
2268 5742 2347 5785 est

1596 343 1695 405 DE
1734 342 1913 406 VITA
1951 341 2053 404 ΕΤ
2089 334 2644 410 BEBUSGESTIS
2683 332 3191 395 BESSARIONIS

3871 343 3997 383 un

2457 467 2479 500 ς
2522 452 2712 504 contra
2748 444 2942 511 altare,
2978 446 3295 513 depingatur
3334 443 3604 500 Dominus
3640 454 3823 507 noster
3853 444 3999 499 Iesus

2451 557 2473 591 ι
2522 538 2721 594 sedens
2748 539 2804 592 in
2828 538 2976 603 sede,
3012 538 3105 592 cui
3144 537 3412 594 assistant
3450 535 3511 592 Β.
3538 538 3720 607 Virgo,
3751 539 3811 593 S.
3833 536 4002 605 Ange-

2453 647 2472 681 t
2518 626 2624 694 ius,
2648 628 2706 683 S.
2725 625 2967 682 Joannes
2999 626 3240 697 Baptista
3274 635 3327 681 et
3367 626 3424 682 S.
3465 626 3721 697 Eugenia,
3748 636 3803 683 et
3831 628 4000 694 imago

2451 736 2471 771 ι
2519 733 2640 798 mea
2690 717 2969 789 genunexa
3019 730 3146 774 ante
3198 719 3361 789 pedes
3388 717 3613 785 Christi,
3660 728 3715 772 et
3757 720 3863 772 sub
3924 733 4001 771 me

2408 866 2413 871 .
2451 834 2472 868 ι
2516 830 2666 869 arma
2695 830 2847 880 mea;
2876 816 3024 880 item,
3056 814 3176 870 istis
3210 814 3375 869 factis
3400 815 3521 869 volo
3554 821 3615 867 ut
3641 814 3932 881 adaptetur
3953 822 3998 866 et

2450 923 2469 957 ι
2515 906 2833 975 suppleatur
2860 905 2905 959 si
2942 904 3071 976 quid
3092 905 3272 961 deficit
3302 904 3354 959 in
3382 905 3693 972 pavimento
3716 903 3863 958 inter
3881 916 4001 958 eaa-

2449 1015 2470 1049 t
2513 998 2712 1063 cellos;
2768 995 2898 1051 item
2927 1004 3197 1066 ponantur
3234 997 3285 1051 in
3319 996 3557 1052 caneello
3577 996 3883 1065 columpna:
3927 992 3998 1046 al-

2451 1106 2469 1139 t
2515 1089 2703 1154 tiores,
2731 1087 3066 1158 pulchriores
3092 1097 3147 1143 et
3171 1089 3429 1157 equales,
3449 1095 3505 1144 et
3531 1089 3680 1142 trabs
3706 1099 4002 1141 marmorea

2452 1195 2471 1231 t
2516 1179 2743 1248 pulchra
2789 1194 2955 1250 super
2987 1178 3325 1248 eolumpnis,
3372 1179 3498 1235 item
3530 1185 3822 1247 parapecta
3866 1190 3999 1229 mar-

2452 1287 2472 1322 t
2518 1284 2701 1346 morea
2748 1280 3012 1326 ornentur
3044 1269 3205 1339 138
3244 1267 3471 1338 melius;
3528 1268 3722 1322 deinde
3771 1265 3996 1335 spatium

2450 1381 2470 1414 ι
2516 1376 2741 1417 vacuum
2794 1361 2936 1417 inter
2986 1368 3272 1431 parapecta
3328 1369 3382 1416 et
3421 1361 3639 1431 trabem,
3672 1349 3995 1425 superiorem

2451 1470 2471 1503 ι
2516 1452 2803 1508 claudatur
2828 1454 3064 1509 cratibus
3099 1453 3289 1509 ferreis
3319 1467 3438 1522 quas
3477 1453 3531 1508 iu
3569 1452 3887 1507 summitate
3912 1450 4000 1503 ha-

2455 1561 2473 1593 t
2520 1543 2682 1598 beant
2711 1544 2859 1608 folia,
2894 1545 3033 1600 sicut
3078 1544 3252 1600 solent
3291 1544 3430 1610 fieri,
3460 1552 3515 1597 et
3557 1542 3716 1597 sicuti
3753 1542 3805 1594 in
3845 1540 3993 1594 altari

2451 1649 2470 1682 ι
2518 1630 2577 1684 S.
2612 1632 2779 1698 Petri,
2802 1647 2921 1700 qua:
2966 1633 3233 1703 attingant
3263 1633 3467 1689 trabem
3507 1633 3879 1702 superiorem,
3927 1629 3991 1685 ita

2455 1739 2475 1773 ο
2522 1731 2583 1775 ut
2607 1723 2787 1779 nullus
2811 1724 2980 1790 possit
3029 1723 3137 1777 illic
3200 1723 3423 1777 intrare.
3478 1720 3596 1775 Fiat
3647 1720 3809 1775 etiam
3854 1732 3995 1787 porta

2450 1832 2468 1866 ι
2513 1814 2683 1870 ferrea
2721 1815 2947 1884 pulchra
2979 1829 3103 1868 cum
3148 1816 3285 1868 bona
3322 1810 3589 1870 seratura.
3631 1811 3802 1880 Supra
3823 1820 3995 1863 autem

2452 1925 2471 1959 ι
2522 1906 2725 1962 trabem
2776 1920 3131 1960 marmoream
3170 1904 3403 1975 ﬁgantur
3441 1904 3760 1959 candelabra
3797 1916 3893 1958 sex
3936 1905 3996 1955 de

2446 2015 2467 2049 ι
2517 1996 2662 2071 ferro
2695 1998 2938 2067 pulchro.
2976 2007 3134 2067 prout
3188 1998 3240 2052 in
3287 1997 3487 2067 capella
3536 1998 3718 2067 palatii
3752 2008 3854 2065 pro
3896 2004 3997 2049 tor-

2450 2110 2471 2145 ι
2517 2093 2682 2148 liciis.
2716 2091 2843 2148 Item
2892 2095 2945 2148 in
2976 2093 3133 2147 altari
3180 2092 3234 2147 itt
3267 2092 3695 2163 angulo‘dextra‘.
3720 2090 3892 2162 partis
3918 2089 3995 2143 in-

2400 2219 2407 2225 ο
2448 2202 2469 2237 t
2515 2187 2706 2241 trando
2738 2199 2903 2257 prope
2941 2186 3208 2241 cancellos
3258 2186 3347 2241 liat
3393 2186 3697 2256 sepulcrum
3734 2196 3911 2236 meum
3946 2180 3993 2233 in

2448 2294 2466 2326 ι
2515 2275 2660 2332 hunc
2713 2278 2954 2332 modum.
3003 2277 3258 2333 Fodiatur
3306 2277 3357 2332 in
3414 2277 3627 2345 longum
3684 2283 3742 2329 et
3794 2273 3994 2342 largum

2448 2386 2466 2419 ι
2514 2376 2773 2436 quantum
2808 2368 3036 2422 suﬂiciat
3078 2368 3141 2421 ad
3184 2366 3602 2435 profunditatem
3630 2374 3752 2419 octo
3783 2366 3999 2435 pedum,

2448 2477 2465 2508 ι
2509 2469 2563 2512 et
2602 2470 2883 2512 morentur
2919 2474 3110 2513 omnes
3140 2466 3372 2527 quatuor
3402 2459 3651 2527 parietes.
3689 2455 3892 2510 salario
3917 2455 3995 2505 di-

2448 2564 2467 2596 s
2516 2549 2682 2600 ntisso
2709 2550 2825 2601 sine
2859 2564 3029 2613 muro,
3059 2550 3189 2603 et-in
3236 2550 3515 2603 altitudine
3544 2551 3769 2602 duorum
3807 2545 3993 2615 pedum

2448 2655 2467 2687 ι
2517 2638 2707 2705 ﬁgatur
2736 2639 2877 2692 inter
2925 2656 3154 2703 murum,
3189 2642 3312 2693 dum
3364 2640 3420 2692 fit
3451 2655 3659 2703 murus,
3699 2654 3802 2691 una
3835 2637 3997 2691 crati-

2448 2747 2467 2779 t
2514 2728 2636 2782 cula
2694 2727 2887 2793 ferrea,
2919 2730 3009 2783 ubi
3050 2728 3253 2798 jacebit
3297 2733 3545 2783 cadaver.
3586 2728 3787 2781 Deinde
3836 2743 3994 2795 supra

2447 2834 2466 2868 ο
2511 2817 2824 2872 craticulam
2853 2820 2918 2872 ad
2945 2819 3076 2873 duos
3105 2820 3266 2887 pedes
3288 2834 3476 2872 murus
3508 2818 3696 2871 haheat
3737 2818 3996 2871 incsstra-

2447 2929 2464 2962 ι
2516 2924 2688 2965 turam
2710 2911 3081 2974 circumcirca,
3116 2922 3173 2965 ut
3198 2920 3589 2980 superponatur
3616 2923 3779 2977 supra
3806 2922 3994 2975 corpus

2445 3021 2465 3052 ι
2513 3018 2618 3056 una
2658 3002 2833 3056 tabula
2885 3017 3210 3057 marmorea.
3269 3000 3471 3056 Deinde
3520 3001 3585 3054 ad
3636 3000 3992 3068 aequalitatem

2449 3113 2468 3145 ι
2514 3094 2803 3161 pavimenti
2836 3094 3052 3163 capellae
3075 3094 3176 3147 alia
3206 3094 3382 3147 tabula
3426 3107 3748 3157 marmorea,
3784 3108 3904 3161 qua:
3935 3106 3995 3143 cx

2449 3203 2485 3259 ¢_
2514 3200 2657 3237 nunc
2687 3186 2851 3251 possit
2878 3186 3049 3251 parari
3082 3196 3134 3238 et
3169 3186 3291 3251 poni
3334 3185 3423 3239 tali
3469 3185 3625 3239 modo
3654 3187 3796 3254 quod
3833 3183 3999 3252 possit

2448 3292 2466 3325 ι
2510 3274 2718 3329 extrahi
2760 3287 2813 3328 et
2846 3277 3008 3342 pani;
3068 3285 3186 3343 post
3230 3278 3343 3330 hzec
3397 3292 3559 3346 super
3591 3278 3731 3331 illam
3769 3276 3996 3329 tabulam

2448 3384 2467 3416 t
2518 3380 2584 3418 ex
2618 3366 2791 3420 tribus
2827 3366 3089 3432 partibus,
3121 3383 3242 3419 nam
3274 3377 3461 3434 quarta
3496 3368 3600 3422 crit
3622 3383 3807 3421 murus
3834 3369 3998 3420 tribu-

2451 3474 2469 3505 ι
2520 3456 2679 3519 nalis,
2705 3456 2980 3524 erigantur
3013 3467 3120 3511 tres
3140 3472 3453 3510 marmorea:
3481 3456 3673 3511 tabula:
3701 3457 3997 3509 altitudinis

2450 3566 2469 3598 ι
2512 3547 2747 3616 quinque
2781 3549 3096 3616 palmarum,
3123 3558 3174 3601 et
3200 3562 3359 3617 supra
3382 3562 3476 3602 eas
3506 3557 3735 3617 ponatur
3750 3562 3855 3599 una
3882 3548 3997 3614 pul-

2450 3657 2469 3689 ι
2516 3640 2645 3694 cltra
2673 3656 2974 3695 marmorea
3014 3640 3211 3694 tabula.
3247 3640 3301 3694 in
3335 3640 3454 3693 istis
3498 3649 3673 3692 autem
3718 3638 3889 3691 tribus
3910 3648 3996 3688 ta-

2449 3751 2468 3782 ε
2517 3732 2653 3786 bulis
2681 3732 2881 3786 erectis
2908 3733 2997 3786 fiat
3026 3732 3216 3799 alimtis
3239 3744 3482 3794 ornatus,
3508 3731 3560 3783 in
3587 3745 3813 3796 quarum
3843 3738 3992 3781 aute-

2394 3891 2401 3896 ‘
2448 3843 2466 3875 t
2514 3825 2639 3877 riuri
2674 3823 2983 3878 scribantur
3013 3824 3090 3877 Ita‘.
3120 3825 3311 3876 ἥκει-αξ
3348 3838 3363 3877 :
3398 3821 3695 3884 Bessariott,
3732 3822 3993 3888 episwpus

2448 3935 2467 3966 ι
2517 3915 2869 3976 Tusculanus,
2900 3913 2957 3966 S.
2994 3912 3239 3965 Romana:
3270 3911 3841 3967 Ecclesiwrcardiualis
3864 3954 3877 3977 ,
3906 3929 3994 3979 pa-

2452 4025 2470 4056 ι
2517 4006 2745 4059 triarcha
2788 4004 3430 4070 Constattlinopolitamts,
3475 4005 3576 4058 sibi
3612 4005 3782 4057 vivens
3823 4006 3993 4071 posuit

2451 4114 2470 4146 ‹
2518 4110 2655 4148 anno
2692 4095 2903 4159 salutis,
2955 4104 3085 4159 etc.,
3138 4110 3261 4157 cum
3314 4096 3686 4164 designatione
3737 4109 3995 4148 annorum

2447 4203 2469 4237 α
2519 4177 2727 4239 Domini
2760 4193 2885 4238 tunc
2911 4186 3329 4239 occurrentium.
3352 4184 3463 4240 Hoc
3483 4196 3660 4240 autem
3692 4186 3770 4239 sic
3804 4185 3995 4238 factum

2453 4297 2469 4330 ι
2517 4276 2796 4331 aedilicium
2832 4277 2935 4330 crit
2976 4278 3269 4340 credentia,
3295 4280 3336 4331 si
3368 4279 3582 4345 quando
3622 4278 3857 4345 pontifex
3904 4277 3997 4327 ali.

2403 4441 2417 4449 ~
2448 4391 2467 4423 ι
2510 4371 2629 4439 quis
2661 4371 2711 4424 in
2738 4368 2933 4435 capella
2960 4370 3335 4439 celebraverit;
3361 4379 3412 4423 ct
3442 4371 3558 4425 ideo
3585 4380 3992 4437 ponatur—supc—

2450 4481 2467 4513 s
2516 4464 2625 4516 rius
2660 4476 2762 4513 una
2800 4461 3018 4527 pulchra
3047 4461 3223 4515 tabula
3266 4476 3588 4515 marmorea.
3642 4462 3771 4515 Item
3797 4462 3917 4515 volo
3943 4470 3995 4511 ut
4040 4452 4045 4457 ’

2452 4572 2471 4605 t
2514 4562 2636 4623 post
2676 4552 2789 4605 haec
2813 4552 3075 4617 completa
3116 4553 3395 4620 adaptetur
3432 4561 3598 4607 totum
3636 4552 3993 4620 pavimentum

2452 4664 2470 4697 ι
2519 4645 2712 4715 quadri
2744 4645 3049 4707 exterioris,
3094 4644 3174 4695 vel
3214 4644 3591 4707 marmoribus,
3624 4645 3668 4696 si
3724 4644 3995 4709 reperian-

2452 4758 2469 4790 t
2524 4750 2628 4800 tur,
2654 4737 2736 4791 vel
2773 4735 3072 4789 matonibus
3100 4735 3269 4802 magis
3305 4736 3524 4803 quadris
3552 4735 3844 4789 secundum
3890 4735 3994 4788 for-

2451 4845 2470 4878 t
2520 4843 2658 4880 lnam
2692 4826 3033 4892 antiquorum
3078 4832 3376 4887 matonum,
3430 4822 3509 4876 vel
3562 4822 3736 4891 aliqua
3781 4824 3995 4875 materia

2453 4938 2471 4972 ι
2517 4921 2896 4983 convenienti;
2934 4928 2979 4971 et
3021 4917 3267 4969 similiter
3305 4916 3465 4968 etiam
3499 4915 3781 4983 pulpitum.

2522 5029 2541 5062 ι
2578 5012 2710 5064 Item
2748 5007 2866 5061 volo
2890 5016 2946 5059 ut
2979 5009 3170 5059 domus
3202 5020 3317 5069 qua:
3355 5014 3471 5058 erat
3518 5008 3786 5071 quondam
3817 5004 3993 5056 Basilii

2452 5120 2471 5153 ι
2517 5102 2583 5155 de
2621 5098 2981 5168 Episcopiuis,
3029 5096 3269 5150 semiferi
3324 5107 3379 5150 et
3416 5096 3697 5150 familiaris
3740 5096 3859 5155 mei,
3895 5093 3992 5147 sita

2455 5211 2471 5243 t
2520 5192 2705 5259 Roma;
2730 5191 2780 5241 in
2813 5189 3027 5257 regione
3052 5188 3379 5256 (Iolumpnaa,
3420 5204 3540 5243 cum
3575 5190 3821 5241 omnibus
3850 5187 3993 5254 adja-

2457 5299 2473 5330 ι
2520 5279 2715 5333 ceutiis
2744 5278 2855 5331 suis
2890 5288 2957 5341 ret
2988 5264 3359 5346 pertinentiis,
3392 5280 3653 5333 vendatur
3704 5279 3822 5346 plus
3865 5276 3995 5331 olfe-

2457 5388 2475 5419 ι
2524 5370 2683 5431 renti,
2712 5378 2766 5423 et
2802 5384 2865 5425 ex
2908 5370 3110 5424 eisdem
3164 5371 3405 5439 pecuniis
3438 5384 3688 5422 eruantur
3730 5384 3825 5436 pro
3876 5372 3998 5423 dote

2455 5471 2473 5503 t
2520 5454 2758 5522 ejusdem
2792 5457 3007 5525 capella:
3047 5459 3097 5509 in
3132 5458 3266 5512 locis
3292 5458 3445 5511 bouis
3469 5466 3520 5509 et
3552 5457 3735 5510 liberis
3769 5472 3831 5511 ac
3861 5458 3997 5509 utili-

2456 5564 2473 5595 ε
2523 5546 2621 5599 bus
2661 5548 3037 5614 respuusiones
3069 5548 3174 5600 vini
3219 5548 3512 5601 secundum
3558 5549 3994 5603 censuetudinem

2454 5655 2473 5687 ί
2523 5652 2639 5701 qua:
2674 5637 2787 5690 lieri
2821 5637 2954 5690 solet
2986 5638 3188 5691 Roma.
3219 5637 3464 5693 Concedo
3492 5651 3667 5694 autem
3706 5639 3995 5705 plcnariant

2452 5747 2469 5780 ι
2522 5727 2833 5783 facultatem
2874 5738 2927 5785 et
2972 5728 3193 5785 liberam
3243 5730 3502 5786 vendendi
3535 5730 3750 5784 domum
3782 5731 3999 5788 urwdic—
