4138 6328
136 377 263 419 “XXI

131 500 148 533 ι
182 490 272 537 tant
320 479 547 551 prcfato
593 483 658 540 D.
710 484 955 542 Simeoni
994 486 1064 543 de
1112 488 1351 551 Prilinis,
1410 486 1647 543 auditori

134 590 150 625 ι
185 581 342 629 nostro
363 582 418 630 et
436 575 771 632 subdiacono
803 580 1122 650 apostolico,
1148 580 1320 635 solum
1356 589 1411 635 et
1439 580 1493 634 in
1523 580 1655 643 soli:

136 663 309 729 «dum,
339 666 429 734 qui
479 666 713 737 deponat
758 670 1016 739 pecunias
1063 670 1347 740 praedictas
1384 670 1435 723 in
1482 669 1655 724 banro

135 771 152 807 ι
186 756 339 824 aliquo
369 758 529 830 139
550 774 744 814 securo
768 760 855 814 ubi
891 749 1268 816 custodiantur
1286 799 1304 825 ,
1335 776 1433 816 nec
1459 758 1656 825 aliquis

139 862 156 897 ι
190 862 267 902 eas
294 858 468 918 tangat
500 851 672 907 donec
693 862 941 906 emantur
960 851 1340 926 responsiones
1363 850 1655 920 prmdictze.

135 955 150 989 ι
183 938 301 994 sicut
327 940 709 1010 praediximus;
758 944 894 996 bene
925 952 978 997 et
1008 940 1296 1010 diligenter
1324 943 1567 997 attenuat
1602 950 1659 994 ut

134 1048 148 1078 ι
185 1031 535 1099 responsiones
558 1032 666 1086 sint
695 1032 847 1087 boure
871 1042 923 1087 et
959 1047 1162 1087 securae
1183 1041 1237 1088 et
1267 1032 1321 1085 in
1347 1032 1527 1097 bonis,
1558 1032 1661 1086 ses

134 1138 149 1171 ι
185 1122 306 1175 euris
326 1131 486 1192 atque
514 1124 648 1177 tutis
674 1125 971 1178 consistam
1005 1124 1191 1178 locis.»

116 1202 121 1210 λ
186 1209 499 1277 Quatomnia
530 1223 583 1266 et
622 1214 831 1282 singula
876 1214 1129 1282 praefatus
1161 1214 1328 1269 Bmus
1359 1214 1423 1268 D.
1458 1213 1653 1266 Bessa-

132 1302 249 1367 rion,
276 1304 571 1373 episc0pus,
612 1303 937 1395 cardinalis,
991 1306 1295 1372 patriarcha
1331 1312 1385 1358 et
1429 1302 1653 1370 legatus,

130 1395 341 1451 omnibus
362 1397 676 1451 melioribus
695 1398 873 1463 modo,
900 1398 1009 1464 via,
1025 1399 1170 1467 jure,
1191 1414 1351 1452 causa
1381 1406 1435 1452 et
1457 1398 1653 1459 forma,

131 1486 298 1555 quibus
338 1486 528 1542 melius
557 1497 613 1540 et
644 1485 917 1542 efﬁcacius
969 1490 1139 1557 potuit
1171 1496 1225 1542 et
1249 1488 1455 1550 debuit,
1508 1485 1659 1548 fecit,

133 1578 392 1651 ordinavit,
444 1579 700 1654 instituit,
755 1588 812 1633 et
854 1579 1062 1633 dimisit
1118 1583 1321 1642 volens,
1367 1578 1659 1646 praemissis

129 1668 344 1722 omnibus
375 1678 429 1721 et
465 1668 714 1740 singulis,
748 1684 888 1722 nunc
925 1679 979 1723 et
1014 1670 1064 1722 iu
1111 1680 1426 1739 perpetuum
1466 1676 1573 1721 fam
1598 1670 1653 1720 in

130 1759 295 1825 judicio
325 1775 484 1829 quant
511 1768 661 1815 extra
713 1768 766 1813 et
799 1762 996 1830 ubique
1030 1760 1270 1815 locorum
1302 1760 1457 1813 fidem
1500 1758 1659 1813 indu-

132 1846 249 1899 biam
296 1848 558 1902 adhiberi.
587 1848 758 1916 Super
808 1848 1001 1919 quibus
1030 1851 1283 1923 omnibus
1328 1860 1382 1905 et
1436 1851 1660 1919 singulis

132 1935 248 1991 idem
282 1937 447 1993 limus
471 1938 531 1993 D.
562 1940 845 1995 Bessarion
884 1940 983 1995 sibi
1014 1955 1041 1993 a
1077 1956 1165 1995 me
1207 1944 1417 1995 notario
1448 1943 1664 2010 publico

134 2027 445 2098 iufrascriplo
501 2046 686 2094 unum,
721 2075 723 2077 .
754 2032 837 2085 vel
892 2031 1066 2101 plura,
1122 2032 1387 2100 publicum
1424 2048 1515 2086 seu
1565 2049 1666 2102 pu-

132 2120 249 2174 blica
277 2119 387 2176 ﬁeri
413 2128 470 2202 et
491 2122 682 2177 confici
723 2123 888 2179 voluit
937 2125 1354 2178 instrumentum
1383 2132 1436 2178 el
1465 2125 1662 2178 instru—

130 2220 304 2264 menta.

187 2304 303 2357 Acta
330 2302 626 2357 fueruntet
660 2314 790 2358 sunt
818 2303 932 2358 haec
967 2302 1203 2357 Veneriis
1244 2303 1295 2356 in
1328 2303 1664 2358 itionastcrio

128 2393 175 2449 S.
198 2392 400 2462 Georgii
426 2392 667 2461 Maioris,
692 2394 792 2447 sub
822 2407 981 2456 anno,
1009 2392 1321 2458 imlictione,
1346 2396 1452 2459 die,
1478 2407 1665 2448 mense

129 2486 485 2554 ctpcutillcatu
510 2485 705 2555 quibus
732 2500 917 2553 supra,
932 2486 1289 2553 praesentibus
1307 2487 1506 2541 ibidem
1529 2484 1667 2541 Βιιιο

132 2578 177 2633 in
207 2575 411 2633 Christo
439 2575 602 2633 Patre
637 2585 691 2632 et
721 2576 835 2631 Duo
885 2575 1122 2645 Nicolao,
1160 2578 1252 2634 Dei
1276 2588 1331 2634 et
1356 2577 1667 2648 apostolica:

134 2669 253 2724 sedis
275 2669 443 2738 gratia
477 2668 888 2737 archiepiscopo
916 2667 1220 2740 Sipontino,
1245 2684 1309 2724 ac
1342 2670 1671 2726 venerabili-

134 2759 218 2814 bus
248 2761 371 2816 viris
406 2760 540 2816 Dnis
571 2759 808 2832 Eugenio
835 2761 1178 2827 Mauroccno,
1205 2766 1545 2818 decretorum
1570 2763 1668 2817 do-

130 2862 277 2917 ctore,
308 2868 371 2909 ac
420 2853 676 2910 δίειμι)εο
706 2855 783 2916 de,
800 2852 1022 2921 Narnia,
1056 2854 1293 2924 ρῐπίίιιὶδ
1340 2855 1673 2925 presbyteris

129 2946 396 3015 capellanis
423 2947 633 3016 prmfati
664 2946 785 3001 ilmi
808 2946 871 3001 D.
898 2946 1258 3019 Bessarionis,
1283 2948 1517 3015 episcopi
1544 2961 1668 3001 car-

132 3036 328 3104 diualis,
345 3040 575 3093 testibus
593 3039 656 3092 ad
684 3039 964 3108 praemissa
984 3037 1194 3094 vocatis
1216 3038 1497 3108 speciatim
1514 3044 1674 3106 atque

134 3132 333 3198 rogatis.

194 3220 254 3273 Et
281 3220 637 3300 ego‘Joauues
678 3220 1105 3287 de'llcesboem,
1141 3210 1376 3277 clericus
1420 3220 1674 3276 Camera-

132 3313 289 3366 censis
316 3314 589 3378 dimccsis,
638 3313 880 3381 publicus
908 3328 1061 3368 sacra
1109 3314 1319 3383 imperii
1354 3314 1689 3389 auctoritate.

136 3402 376 3467 notarius,
412 3404 535 3472 quia
573 3394 870 3472 praemissis
920 3403 1270 3467 ordinatioui,
1309 3404 1675 3473 dispositioni,

136 3493 464 3561 institutioni,
510 3495 791 3549 donationi
835 3508 890 3550 et
926 3496 1247 3560 dimissioni,
1274 3510 1337 3549 ac
1393 3496 1675 3560 voluntati,

130 3587 471 3655 uirtutibusque
500 3586 637 3648 aliis,
668 3600 828 3653 prout
880 3586 930 3639 iu
963 3586 1122 3657 dictis
1158 3584 1407 3652 capitulis
1434 3584 1679 3637 contine-

112 3670 229 3740 'tur,
282 3690 333 3731 et
361 3680 614 3748 singulis,
645 3679 772 3732 dmn
807 3678 884 3731 sic
916 3688 972 3730 ut
1008 3677 1372 3745 prmmittitur,
1419 3690 1515 3744 per
1546 3692 1679 3742 prm-

136 3770 285 3825 latum
317 3773 525 3825 Rmum'
558 3770 620 3822 D.
655 3769 1026 3823 Dessarionem
1080 3769 1392 3835 episcopum
1422 3770 1674 3821 cardius-

139 3860 249 3926 lem,
281 3861 637 3929 patriarcham
687 3869 739 3912 et
792 3858 1023 3925 legatum
1058 3857 1245 3912 tierent
1274 3869 1328 3912 et
1364 3874 1677 3929 agerentur,

134 3968 223 4004 una
258 3969 375 4008 cum
424 3954 828 4021 przeuominatis
869 3954 1093 4009 testibus
1130 3972 1367 4026 prresens
1409 3946 1673 4023 interfui,

132 4061 283 4115 eaque
316 4048 393 4103 sic
415 4048 529 4101 fieri
558 4047 660 4101 vidi
690 4055 740 4101 et
770 4048 971 4112 audivi,
1007 4050 1126 4103 ideo
1178 4050 1280 4105 hoc
1310 4066 1549 4122 prmseus
1580 4043 1679 4119 pu-

135 4136 317 4191 blitum
364 4140 781 4192 instrumentum
829 4140 1025 4194 exinde
1065 4142 1270 4196 confeci
1302 4153 1354 4197 et
1413 4146 1465 4197 in
1499 4156 1676 4199 notam

132 4232 332 4300 scripsi,
369 4234 694 4302 subseripsi,
726 4234 1028 4301 publicavi,
1053 4244 1108 4290 et
1134 4237 1188 4289 in
1223 4235 1363 4290 hanc
1415 4236 1677 4306 publicam

135 4324 347 4381 formam
377 4329 582 4401 redegi,
613 4328 873 4398 signoque
901 4336 956 4382 et
1006 4328 1226 4383 nomine
1258 4331 1393 4384 meis
1423 4331 1595 4384 solitis
1625 4338 1681 4384 ct

133 4419 390 4474 consuetis
420 4417 730 4491 signavi.ln
757 4418 914 4472 iidem
950 4428 1004 4471 et
1036 4420 1407 4473 testimonium
1442 4422 1681 4475 onmium

132 4516 181 4558 et
200 4508 525 4577 singulorum
560 4510 960 4578 prannissorum
1008 4519 1224 4581 regatns
1279 4520 1335 4565 et
1386 4512 1683 4580 requisitus

127 4610 219 4663 ego
253 4599 392 4653 idem
430 4600 697 4662 notarius,
732 4600 823 4668 qui
858 4600 1094 4666 approbo
1148 4614 1307 4670 supra
1362 4612 1418 4657 et
1468 4613 1685 4659 constat

131 4689 251 4744 mihi
278 4691 347 4745 de
383 4691 563 4748 verbis
596 4692 736 4746 rasis
774 4691 827 4745 in
860 4691 1045 4746 ultima
1073 4691 1216 4747 linea
1260 4694 1434 4747 ultimi
1460 4694 1684 4763 capituli

130 4781 439 4850 praiuserti,
500 4785 730 4848 scilicet,
768 4783 885 4850 sed,
928 4792 983 4837 ut
1035 4784 1400 4852 praediximus,
1441 4785 1685 4854 bene,'ct

130 4870 407 4943 diligenter
440 4877 687 4929 attendat
719 4883 775 4927 ut
801 4876 1173 4945 responsiOues
1205 4876 1313 4927 sint
1337 4875 1489 4929 bona:
1513 4856 1685 4932 et‘se-

130 4977 287 5030 ραι-κ,
313 4976 368 5021 et
392 4966 445 5019 in
474 4966 655 5029 bonis,
686 4969 889 5021 securis
934 4981 995 5019 ac
1028 4966 1162 5018 tutis
1200 4964 1330 5019 locis
1358 4968 1685 5031 Consistanl,

132 5058 269 5119 quod
300 5066 571 5125 protestor
603 5072 760 5107 manu
797 5059 1011 5124 propria
1042 5073 1139 5126 ego
1171 5056 1309 5110 idem
1336 5054 1575 5111 Joannes
1620 5060 1686 5111 de

129 5143 437 5214 llcesboetu,
470 5148 701 5203 clericus
739 5157 792 5201 et
828 5149 1085 5215 notarius.

759 5280 918 5354 ιω
945 5282 1050 5336 νιιι

127 5370 450 5447 Brssariouis
479 5378 736 5447 diploma,
770 5378 961 5447 ironicg
989 5378 1053 5428 ab
1087 5393 1147 5430 eo
1178 5376 1450 5441 scriptum.
1477 5376 1530 5430 in
1562 5393 1686 5447 gra-

192 5445 321 5495 tiam
354 5448 603 5504 poetastri
632 5446 790 5497 Pauli
823 5448 885 5497 de
921 5445 1119 5507 Codiis,
1141 5452 1228 5512 qui
1252 5452 1319 5497 ab
1352 5463 1409 5498 co
1442 5445 1685 5500 coronari

192 5512 449 5567 soluerat.
511 5515 595 5567 Ea:
630 5517 803 5567 codice
847 5515 1093 5568 Vaticano
1149 5516 1399 5568 Urbiuate
1457 5534 1511 5569 ιι.
1560 5518 1684 5581 G92,

194 5586 508 5645 membrum,
544 5585 701 5643 iit-4',
729 5602 782 5650 p.
826 5587 919 5638 l8?
949 5602 1057 5654 sqq.

198 5692 255 5747 in
288 5698 523 5761 nomine,
563 5707 670 5750 ctc.
690 5695 804 5770 ~Nos
833 5696 1139 5764 Bussarinn,
1187 5700 1275 5753 Dpi
1303 5710 1354 5753 et
1382 5698 1688 5765 apostolica:

131 5785 270 5839 sedis
301 5791 467 5859 gratia
494 5775 782 5860 cpiseti'l‘l'lt's
811 5776 1142 5843 Tusculanus
1170 5811 1227 5841 an
1272 5792 1561 5848 cardinalis
1596 5790 1679 5842 Ni-

738 368 1041 433 ALOYSII
1083 370 1435 453 BANDlNlI
1476 372 2109 436 COMMENTARIUS.
2149 399 2219 412 -
2248 362 2665 440 APPENDIX.‘
2734 364 2737 365 ί

3083 401 3092 418 “
3139 389 3323 429 ιιχκη

1757 506 1964 557 camus,
1995 491 2268 546 universis
2310 501 2367 546 et
2392 489 2617 559 singulis
2649 490 3095 546 Christilidclibus
3121 500 3175 547 et
3202 489 3325 545 aliis

1753 583 2165 653 quibuscuuque
2205 583 2272 636 ad
2306 595 2445 651 quos
2484 590 2773 652 praesentes
2806 582 3148 648 advenerim,-
3179 583 3325 638 salu-

1756 683 1863 729 tem
1893 672 1949 727 in
1976 673 2227 729 Domino.

1829 759 1903 815 Ut
1933 762 2135 817 clarius
2178 763 2482 818 innotescat
2510 763 2744 830 qualiter
2787 762 2859 816 ad
2896 771 3134 815 nostram
3186 763 3324 817 ποιτ-

1757 854 1884 907 tiam
1921 854 2161 923 pervenit
2183 870 2245 909 ex
2282 855 2384 910 fide
2416 854 2590 924 dignis
2615 854 2906 923 privilegiis
2929 852 3081 907 nobis
3105 853 3319 918 uir-latis,

1754 944 1895 1008 quod
1924 942 2161 996 eximius
2183 944 2378 997 artium
2405 942 2688 997 medicina:
2710 943 3047 1009 aliarumque
3076 939 3320 991 omnium

1756 1032 2054 1084 liberalium
2075 1033 2269 1084 artium
2292 1032 2482 1084 ductor
2501 1029 2563 1085 D.
2583 1028 2839 1098 magister
2858 1026 3054 1080 Paulus
3075 1025 3317 1079 Joannes
3342 1066 3371 1078 ..

1757 1125 1820 1178 de
1848 1122 2051 1187 Godiis,
2076 1122 2434 1192 Pergulautrs,
2464 1122 2533 1177 ob
2560 1122 2678 1191 eius
2710 1121 2969 1191 plurimas
2997 1126 3051 1169 et
3084 1117 3316 1169 immen-

1757 1230 1846 1269 sas
1871 1215 2096 1268 virtutes
2118 1230 2149 1266 a
2175 1206 2447 1268 nonnullis
2474 1212 2801 1282 principibus
2828 1220 2884 1265 et
2917 1207 3321 1271 marchi‘onibus

1757 1313 1987 1375 quatuor
2018 1305 2292 1361 laureatus
2319 1319 2384 1360 ac
2420 1319 2611 1359 aureas
2661 1317 2891 1358 coronas
2924 1302 2977 1355 in
3017 1302 3189 1368 capite
3222 1314 3323 1351 suo

1756 1397 1915 1465 digne
1940 1407 2105 1464 atque
2130 1397 2447 1467 dignissime
2497 1396 2808 1465 acquisivit,
2843 1403 2898 1449 et
2937 1393 3067 1447 visis
3094 1391 3291 1460 publici

1756 1488 2214 1557 diipntationibus
2229 1505 2413 1544 coram
2435 1487 2593 1542 nobis
2614 1488 2819 1557 sparsis
2840 1500 2960 1541 cum
2994 1482 3326 1554 argumentis

1756 1579 2191 1646 sophismaticis,
2240 1581 2706 1651 philosophando,
2766 1578 3104 1639 musicando,
3157 1577 3327 1644 tripu-

1758 1656 1966 1724 diando'
1988 1686 2110 1725 cum
2140 1650 2321 1740 puutis
2352 1650 2546 1740 pedum
2581 1670 2879 1725 novissimo
2909 1668 3013 1722 ritu
3045 1684 3168 1724 cum
3207 1682 3324 1719 ma-
3385 1650 3392 1660 ’

1761 1757 1907 1814 xima
1941 1755 2846 1825 delectatione-circumstantium,
2900 1758 3105 1826 Spiritu
3148 1757 3330 1811 divino

1762 1852 2037 1913 commoti.
2062 1863 2118 1905 ut
2153 1853 2289 1906 idem
2324 1853 2469 1907 dom.
2506 1862 2559 1905 ct
2592 1853 2850 1919 magister
2879 1849 3193 1919 pmlibatus
3215 1849 3332 1915 glu-

1766 1943 1894 1998 riari
1923 1944 2104 1997 valeat
2150 1944 2475 1998 abundantia
2516 1942 2857 2011 dignitatum,
2908 1941 3153 1993 manibus
3199 1954 3331 2006 pro-

1767 2037 1919 2105 priis.
1954 2036 2278 2089 auctoritate
2302 2051 2408 2103 qua
2444 2033 2716 2101 fungimur
2738 2074 2753 2096 ,
2782 2034 2956 2101 ipsum
2997 2031 3334 2083 decrevimus

1766 2126 2028 2181 laurearc.
2082 2125 2146 2178 Et
2178 2124 2339 2178 veluti
2396 2124 2486 2178 ille
2534 2131 2689 2191 pater
2731 2124 2985 2189 antiquus
3034 2120 3245 2188 Moyses
3299 2132 3327 2168 a

1761 2217 2023 2272 Creatore
2054 2224 2240 2270 nostro
2278 2217 2327 2267 in
2365 2215 2475 2269 alto
2522 2225 2701 2268 montc
2743 2214 2892 2267 Sinai
2923 2213 3089 2282 legem
3124 2223 3332 2262 assum-

1764 2309 1891 2379 psit,
1928 2308 2008 2383 ita
2032 2315 2085 2360 ct
2114 2322 2212 2359 nos
2243 2307 2292 2357 in
2335 2304 2599 2358 altissimo
2639 2312 2820 2359 monte
2851 2302 3034 2357 Italico
3074 2301 3266 2356 Calri“

1764 2413 1886 2454 cum
1909 2398 2101 2453 cannis
2132 2406 2187 2451 et
2220 2396 2367 2451 foliis
2389 2394 2524 2449 lauri
2562 2396 2668 2448 uati
2709 2396 2763 2448 in
2790 2395 3099 2449 sumtnitate
3136 2411 3273 2445 tituli
3316 2414 3325 2437 ς

1749 2476 1910 2545 illius
1938 2489 1992 2542 in
2009 2486 2189 2558 capite
2204 2497 2258 2542 et
2281 2488 2347 2542 ad
2378 2486 2627 2553 teutplas,
2661 2502 2807 2541 more
2838 2495 3142 2556 poetarum,
3178 2501 3333 2540 eum-

1768 2583 1889 2638 dem
1926 2579 1989 2635 D.
2019 2592 2075 2637 et
2108 2583 2426 2652 magistrum
2470 2579 2691 2634 Paulum
2732 2591 3051 2650 praesentem
3085 2589 3141 2634 et
3186 2579 3337 2632 fluxis

1770 2676 2000 2747 genibus
2051 2674 2291 2744 procliva
2359 2673 2649 2728 devotione
2731 2681 3037 2741 poscentem
3095 2671 3329 2740 legitime

1772 2764 2156 2833 laureavimus‘,
2198 2767 2441 2822 volentes
2486 2764 2627 2819 utin
2672 2774 2955 2831 posterum
3010 2765 3339 2817 auctoritate

1772 2868 1959 2914 nostra
2009 2859 2187 2914 valeat
2232 2873 2329 2929 per
2361 2872 2552 2913 omnes
2580 2866 2765 2925 partes
2812 2852 3021 2907 italicas
3073 2862 3129 2907 et
3182 2861 3336 2906 extra

1772 2949 2003 3014 italiam,
2038 2951 2090 3004 in
2127 2951 2410 3014 Achaiam,
2434 2947 2772 3017 Corinthum,
2807 2945 3080 3010 Athenas,
3114 2946 3165 2999 in
3192 2961 3340 2998 mare

1775 3041 1995 3110 Abydos
2017 3054 2189 3108 usque
2222 3039 2748 3109 Constantinopolim
2785 3048 2840 3094 et
2878 3039 3012 3094 citra
3046 3053 3191 3111 mare
3230 3038 3343 3090 Aia-

1771 3148 1936 3204 gnttm
1984 3131 2128 3203 quod
2184 3130 2468 3187 Ponticum
2523 3130 2763 3195 dicitur,
2841 3132 3194 3183 discurrendo
3245 3145 3341 3191 per

1774 3225 1989 3280 Latiam
2018 3225 2312 3294 regionem,
2348 3222 2714 3281 Antiochiam.
2748 3220 3049 3275 Caesaream
3085 3220 3338 3287 Philippi,

1772 3318 2052 3380 Achaiam,
2082 3316 2441 3377 Palaestinam,
2477 3314 2673 3369 Laetam
2696 3312 2957 3376 Graecam,
2982 3312 3338 3371 Ascaloniam,

1776 3410 2064 3466 Feniceam
2110 3421 2165 3463 et
2208 3408 2510 3473 Albaniam,
2552 3421 2647 3477 per
2680 3404 3058 3461 Alexandriam
3082 3411 3137 3457 ct
3169 3413 3339 3455 totum

1779 3517 1925 3555 mare
1961 3499 2414 3554 Mediterraneum
2460 3511 2631 3566 usque
2668 3497 2735 3550 ad
2776 3503 3010 3549 montem
3055 3494 3341 3547 Cathafor-

1778 3602 1910 3655 met,
1956 3603 2010 3645 et
2056 3606 2150 3658 per
2179 3590 2355 3645 Sirtes
2405 3590 2660 3657 majores.
2693 3600 2744 3642 et
2772 3597 3056 3655 portatam
3100 3587 3340 3638 Africam

1781 3697 1945 3753 atque
1980 3697 2074 3750 per
2099 3692 2264 3735 totam
2315 3680 3005 3749 Tripolitanamregionem
3053 3692 3221 3741 usque
3275 3681 3342 3727 ad

1779 3775 1953 3829 Sirtes
1995 3770 2249 3833 minores,
2272 3776 2326 3822 et
2358 3782 2455 3836 per
2496 3775 2665 3820 totum
2706 3781 2926 3835 regnum
2953 3764 3336 3829 Carthaginien-

1778 3864 1942 3924 siunt,
1982 3870 2035 3915 ct
2071 3874 2166 3930 per
2191 3859 2439 3929 regiones
2468 3855 2791 3927 Bysantimu
2816 3853 3084 3909 Numidiae
3112 3864 3163 3907 et
3179 3855 3343 3909 Gelu—

1782 3954 1975 4017 Iorum,
2009 3960 2062 4005 ct
2092 3950 2232 4004 ultra
2254 3949 2449 4002 flumen
2473 3945 2770 4000 Nulcanum
2797 3944 2889 4014 qui
2910 3943 3075 3997 intrat
3098 3944 3147 3996 in
3168 3958 3338 4007 mare,

1779 4055 1832 4099 et
1864 4059 1959 4112 per
1996 4052 2162 4094 totam
2211 4038 2582 4094 Mauritaniam
2612 4037 3000 4092 Cmsarienseut
3032 4036 3342 4089 discurren-

1780 4138 1852 4196 do'
1895 4154 2016 4193 cum
2070 4138 2285 4193 fortuna
2321 4151 2416 4207 per
2461 4138 2629 4191 tutum
2678 4148 2826 4189 mare
2876 4123 3168 4188 Oceanum'
3208 4132 3341 4184 inci-

1781 4233 1974 4300 piendo
2018 4230 2086 4282 ab
2112 4227 2409 4284 Occidente
2438 4242 2535 4296 per
2586 4226 3017 4295 Septentrionem
3065 4238 3234 4291 usque
3287 4222 3339 4275 in

1782 4321 2057 4376 Otientem
2102 4319 2238 4373 ultra
2267 4318 2423 4390 141
2452 4317 2779 4385 Hispaniam,
2813 4316 3045 4372 Scotiam
3072 4355 3085 4377 ,
3136 4316 3344 4368 Br'tan—

1784 4414 1949 4475 niam,
1985 4405 2237 4473 Galliam,
2273 4410 2677 4474 Norutandiam,
2712 4406 3040 4469 Flandriam,
3071 4421 3235 4470 usque
3275 4407 3341 4458 ad

1774 4507 2031 4560 Rhenum
2058 4501 2277 4569 ﬂumen,
2318 4511 2373 4555 et
2419 4500 2559 4553 ultra
2587 4514 2756 4566 usque
2782 4501 2845 4551 ad
2880 4508 3089 4549 Ilionles
3139 4497 3341 4559 llirnos,

1782 4610 1836 4651 et
1869 4606 2051 4665 postea
2084 4596 2135 4647 in
2179 4594 2400 4646 civitate
2427 4589 2713 4644 Jaushouze
2737 4599 2790 4642 et
2818 4602 2911 4656 per
2950 4596 3113 4637 tutam
3140 4584 3341 4637 Barba-

1789 4690 1945 4750 riam,
1978 4697 2031 4759 ct
2060 4700 2153 4755 per
2185 4683 2532 4738 Germaniam
2560 4680 2891 4747 superiorem
2929 4688 2979 4727 et
3012 4674 3340 4733 inferiorem,

1789 4778 2055 4839 Svetiam,
2093 4776 2339 4838 Daciam,
2373 4771 2584 4842 Syriam
2619 4780 2671 4823 et
2702 4784 2871 4834 usque
2902 4764 3097 4818 ﬂumen
3146 4763 3345 4817 Tanais

1784 4876 1876 4939 qui
1914 4870 2081 4921 intrat
2128 4867 2180 4920 in
2227 4882 2378 4919 mare
2406 4864 2707 4922 Ponticum,
2756 4869 2809 4913 ct
2855 4859 2990 4911 ultra
3044 4856 3343 4909 Danubium

1784 4978 1880 5033 per
1916 4970 2083 5014 tutam
2113 4958 2440 5026 llungariatu
2473 4968 2641 5020 usque
2672 4960 2737 5005 ad
2785 4949 2974 5004 Pafeos
3017 4962 3347 5007 tuoutcsxc-

1790 5052 2124 5108 ιτιιθαιειιάο
2151 5052 2202 5103 in
2230 5047 2566 5103 Pannoniam
2599 5056 2652 5097 et
2705 5040 3068 5095 Macedoniam
3101 5050 3154 5093 et
3178 5040 3348 5093 Thra-

1785 5131 1947 5207 ciam,
1999 5153 2055 5196 et
2104 5157 2197 5211 per
2238 5155 2387 5192 mare
2424 5140 2683 5191 vitubeum
2730 5150 2898 5203 usque
2953 5135 3018 5187 ad
3072 5134 3359 5197 columnas

1788 5234 2032 5290 Herculis
2064 5225 2455 5287 circumeundo
2484 5242 2674 5281 omnes
2720 5228 2855 5282 alias
2887 5228 3133 5297 regiones
3178 5241 3349 5292 usque

1787 5329 1854 5382 ad
1891 5325 2203 5379 l’aradisutn
2228 5322 2578 5387 deliciarum;
2610 5331 2665 5373 ct
2703 5335 2809 5388 iper
2845 5320 3029 5372 Asiam
3063 5316 3347 5378 Minorem,

1787 5421 1915 5475 etin
1951 5418 2037 5471 illa
2079 5417 2415 5471 nobilissima
2464 5414 2682 5467 civitate
2733 5414 2926 5473 Assur,
2952 5418 3008 5462 ct
3052 5423 3148 5476 per
3193 5405 3351 5482 Chal-

1789 5515 1955 5565 daeum
2002 5522 2056 5564 rt
2099 5509 2446 5581 Babyloniam
2497 5517 2660 5559 totam
2701 5502 3049 5557 discurrendo
3084 5500 3134 5551 in
3175 5497 3353 5550 flumi-

1792 5606 1946 5657 nibus
1964 5604 2143 5670 Tigris
2175 5612 2230 5655 et
2252 5599 2559 5667 Euphratis,
2591 5591 2657 5650 ac
2678 5594 2931 5647 Arabiam
2951 5600 3002 5645 et
3033 5589 3351 5644 Damascum

1789 5706 1842 5749 rt
1880 5710 2048 5762 usque
2072 5695 2137 5747 ad
2165 5703 2373 5745 montes
2405 5690 2592 5745 Libani
2624 5689 2690 5742 ad
2726 5685 2877 5755 cujus
2931 5685 3141 5738 radices
3176 5686 3355 5736 nasci-

1792 5802 1875 5839 ltt!‘
1903 5786 2190 5852 lortlancs,
2216 5793 2269 5839 ct
2306 5784 2442 5839 ultra
2469 5780 2865 5853 Jurdancmpcr
2892 5780 3160 5859 regionem
3200 5779 3345 5832 vide-
