4138 6328
145 238 310 278 LXXIV
360 268 363 271 η

148 339 237 393 Dei
267 340 661 409 misericordia,
697 345 802 398 vita
838 350 991 402 nobis
1017 354 1325 423 prolongata
1348 396 1365 421 .
1389 359 1476 413 vel
1518 363 1681 428 majo-

143 446 246 485 rem
275 442 477 499 parlcm
506 450 693 490 eorum
728 441 1153 513 cetuplevimus;
1189 458 1241 501 et
1279 452 1525 516 quamvis
1561 456 1685 509 olim

141 538 235 589 pro
262 526 382 578 dote
432 526 605 591 ipsius
638 532 857 599 capella:
884 536 1123 603 quinque
1171 548 1349 608 partes
1386 558 1448 597 ex
1482 546 1692 600 duode-

139 618 239 670 cim
268 618 510 685 partibus
544 621 875 691 infrascripti
911 629 1110 698 casulis
1141 641 1198 685 et
1222 642 1371 687 certa
1424 635 1529 690 alia
1567 646 1692 693 tunc

140 722 383 777 expressa
419 712 561 765 bona
597 714 750 767 dictae
780 717 991 784 capellze
1022 721 1422 789 donaverimus.
1447 726 1572 781 ideo
1602 729 1689 783 illa

140 798 420 856 donatione
439 811 494 856 et
519 804 929 875 quibuscumque
960 810 1080 863 aliis
1129 815 1494 872 anterioribus
1516 818 1691 872 dona-

142 889 364 943 tionibus
395 902 455 945 et
480 875 855 953 instrumentis
881 902 1169 962 revocatis.
1202 904 1691 977 hancdispositio—

140 996 256 1035 nem
289 986 757 1043 etordinationem
786 1000 1034 1060 tanquam
1077 993 1415 1065 fecundiores
1450 997 1517 1054 de
1546 1006 1688 1057 noro

140 1073 361 1130 facimus
399 1086 454 1130 ct
491 1080 822 1135 ordinamus.

207 1164 272 1219 Et
306 1168 354 1220 in
414 1171 627 1238 primis,
680 1180 927 1241 personis
961 1182 1012 1233 in
1069 1174 1209 1237 dicta
1241 1184 1488 1248 basilica.
1548 1186 1688 1242 sicut

140 1258 436 1322 praefertur.
471 1264 689 1318 mutatis
719 1276 773 1317 et
815 1269 1060 1335 ampliori
1106 1273 1368 1327 bonorum
1410 1274 1568 1346 144
1606 1276 1687 1330 fu-

139 1356 329 1411 cultate
355 1360 511 1415 nobis
534 1378 563 1416 a
594 1364 699 1418 Deo
734 1373 1006 1425 concessa,
1044 1374 1260 1438 propter
1294 1382 1452 1434 quam
1487 1371 1687 1424 delibe-

135 1450 369 1505 ravimus
400 1454 596 1509 dictam
625 1459 882 1525 capellam
915 1464 1106 1532 majori
1140 1476 1191 1519 et
1234 1465 1529 1520 fecundiovi
1556 1470 1688 1529 dote

140 1556 295 1608 quam
326 1544 473 1611 prius
522 1547 767 1613 fecimus,
806 1552 1013 1619 dotare,
1038 1556 1182 1611 unde
1211 1566 1263 1611 et
1314 1560 1532 1615 Fratres
1559 1562 1684 1615 dicti

136 1634 334 1690 ordinis
360 1634 651 1702 llinorum,
687 1656 824 1710 quos
863 1644 915 1699 in
956 1645 1069 1710 ipsa
1115 1650 1315 1717 capella
1344 1652 1481 1706 infra
1525 1653 1684 1709 insti-

139 1728 351 1796 tuimus,
395 1745 462 1784 es
514 1747 577 1786 ea
625 1743 679 1785 et
724 1750 821 1801 pro
857 1738 975 1805 ejus
1025 1742 1285 1797 oneribus
1325 1744 1686 1812 infrasrriptis

138 1822 561 1879 commoditatem
606 1826 838 1894 aliquam
888 1829 939 1883 in
983 1842 1301 1903 perpetuum
1349 1838 1716 1905 suscipiant,

138 1914 216 1966 Vel
247 1915 291 1969 si
334 1930 440 1984 quo
488 1933 615 1975 casu
664 1920 951 1989 aliquando
976 1925 1317 1996 contingeret
1356 1930 1498 1997 quod
1557 1930 1685 1984 dicti

140 2005 353 2062 Fratres
390 2010 457 2061 ab
484 2011 672 2065 eadem
716 2013 936 2067 basilica
961 2016 1289 2073 decederent
1317 2033 1545 2095 eamque
1598 2022 1681 2074 di-

138 2098 428 2162 mitterent.
462 2115 528 2154 ac
558 2102 672 2170 ipsa
718 2103 784 2157 ad
815 2105 1132 2160 clericorum
1180 2110 1508 2178 regularium
1538 2111 1686 2179 regi-

135 2202 253 2243 men
288 2190 655 2257 reduceretur,
686 2202 746 2246 ut
788 2204 913 2249 tunc
938 2207 992 2249 et
1024 2211 1090 2250 eo
1118 2212 1243 2252 casu
1284 2199 1392 2255 duo
1420 2202 1680 2268 capellaui

136 2278 186 2330 in
212 2293 273 2332 ea
308 2277 458 2345 juxta
491 2281 880 2336 ordinationem
907 2282 1303 2365 i’nfrascriptam
1344 2288 1677 2358 instituendi,
1715 2326 1721 2331 -

136 2369 358 2423 habeant
388 2374 531 2423 unde
553 2371 809 2426 decenter
837 2374 1017 2429 vivere
1045 2386 1098 2430 et
1129 2392 1189 2432 se
1227 2388 1530 2435 sustentare
1555 2395 1681 2449 pos-

136 2461 240 2515 sint
269 2472 322 2517 et
354 2464 589 2530 valeant,
637 2466 880 2523 volumus
903 2478 957 2524 et
979 2469 1425 2538 deliberavimus,
1451 2473 1502 2527 id
1537 2477 1679 2542 quod

139 2553 285 2621 longo
312 2562 553 2624 tempore
599 2572 809 2613 summe
852 2561 1307 2628 desideravimus,
1353 2566 1577 2632 exsequi
1625 2576 1681 2621 et

138 2645 370 2712 implere,
416 2647 667 2705 videlicet
696 2650 866 2717 ipsam
900 2654 1161 2721 capellam
1215 2657 1372 2711 nobis
1406 2657 1581 2712 adhuc
1627 2660 1679 2713 in
1729 2713 1743 2727 ,

139 2737 373 2793 humanis
404 2741 693 2809 agentibus
744 2742 1073 2799 sttlﬁcienter
1108 2758 1206 2814 pro
1250 2748 1683 2805 deservientibus

134 2827 297 2880 ridem
325 2829 515 2885 dotare
546 2845 609 2886 ac
647 2832 925 2900 calicibus,
946 2834 1121 2901 libris,
1151 2840 1477 2905 paramentis
1493 2852 1547 2895 et
1562 2841 1684 2896 aliis

135 2920 512 2978 ecclesiasticis
563 2926 899 2979 ornamentis
952 2927 1133 2983 divino
1180 2929 1347 2984 cultui
1396 2935 1538 3000 aptis
1587 2934 1684 2989 dev-

133 3018 313 3064 eenter
328 3010 519 3067 fulcire
539 3020 597 3067 et
622 3027 842 3069 ornare.

136 3126 142 3131 -
190 3102 553 3171 Quapropter,
608 3113 949 3172 revocantes,
989 3118 1049 3165 ut
1075 3111 1386 3180 pradictum
1422 3124 1523 3179 est.
1560 3131 1681 3170 om-

138 3206 228 3246 nes
246 3203 299 3247 et
320 3195 563 3264 singulas
590 3197 980 3263 ordinationes.
1012 3203 1322 3259 dotaliones
1361 3216 1414 3260 et
1458 3221 1679 3261 conces-

142 3286 331 3362 sion‘cs,
364 3298 565 3354 praeter
592 3289 1093 3362 lnfrascriptamper
1116 3310 1212 3350 nos
1245 3298 1389 3352 circa
1417 3299 1596 3354 dotem
1625 3306 1679 3353 et

140 3356 268 3431 horia
301 3392 637 3447 quaecunque
678 3356 894 3437 mobilia
921 3394 977 3438 et
998 3356 1303 3441 immobilia
1332 3388 1435 3456 ipsi
1462 3388 1680 3455 capelhe

136 3470 526 3541 quomodolibet
551 3470 746 3538 factas,
788 3474 857 3528 de
884 3475 1081 3540 quibus
1130 3491 1272 3530 nunc
1297 3485 1353 3530 et
1396 3476 1451 3530 in
1497 3485 1678 3544 poste-

139 3574 245 3612 rmn
272 3559 501 3616 fortasse
537 3577 755 3630 quoquo
785 3564 943 3617 modo
960 3575 1207 3619 constare
1240 3574 1441 3632 posset,
1470 3575 1678 3619 attento

143 3655 425 3717 pmertim
481 3656 623 3721 quod
676 3654 834 3707 nobis
885 3663 1209 3724 potestatem
1264 3656 1391 3709 talia
1444 3657 1579 3710 bona
1623 3660 1672 3711 in

80 3746 83 3747 '
141 3740 335 3793 utiliora
370 3751 426 3794 et
473 3742 834 3795 fructuosiora
877 3745 1242 3797 commutandi
1288 3747 1370 3798 vel
1406 3746 1673 3801 alienandi

138 3839 333 3895 semper
352 3829 791 3895 'reservavimus,
832 3833 913 3883 vel
964 3819 1153 3886 saltem
1199 3833 1311 3889 haec
1362 3846 1549 3889 nostra
1588 3838 1673 3890 iu-

142 3922 292 3974 teotio
320 3920 506 3981 fuerit.
533 3921 785 3991 quodque
817 3922 870 3975 in
906 3922 1095 3977 melius
1115 3932 1167 3975 et
1197 3923 1560 3980 abundantius
1582 3942 1675 3995 per

140 4009 221 4064 Dei
246 4012 473 4081 gratiam
514 4010 694 4065 omnia
737 4012 997 4081 disposita
1038 4021 1092 4066 et
1119 4014 1363 4068 ordinata
1402 4022 1547 4081 sunt,
1600 4028 1677 4070 te-

139 4116 258 4155 noro
280 4103 624 4173 prasentium
657 4119 722 4159 ex
761 4119 924 4168 nunc,
954 4119 1023 4160 ea
1061 4116 1240 4160 nostra
1279 4121 1425 4163 mera
1448 4110 1674 4170 scientia

138 4201 181 4243 et
216 4192 529 4248 liberalitate
546 4208 609 4247 ac
634 4204 926 4260 spontanea
970 4195 1263 4261 voluntate,
1293 4199 1359 4250 ad
1396 4199 1674 4263 honorem,

139 4283 343 4347 gloriam
396 4295 450 4339 et
496 4285 704 4337 laudem
752 4286 1135 4349 omnipotentis
1187 4286 1315 4349 Dei,
1377 4288 1440 4341 Β.
1497 4289 1677 4343 Maria:

143 4371 375 4443 Virginis.
407 4376 527 4442 ejus
557 4376 866 4436 Genitricis,
896 4374 999 4430 SS.
1034 4374 1309 4433 Michaelis
1337 4388 1391 4432 et
1452 4379 1676 4434 Joannis

138 4460 391 4527 Baptistae.
456 4470 521 4520 ac
577 4465 636 4520 S.
704 4466 986 4532 Eugeniae,
1032 4469 1286 4522 omnibus
1340 4469 1669 4532 melioribus,

138 4554 300 4617 modo,
327 4556 429 4621 via,
466 4555 603 4621 iure.
635 4570 796 4609 causa
831 4564 886 4608 et
926 4556 1131 4619 forma.
1167 4561 1367 4626 quibus
1401 4562 1589 4615 melius
1621 4571 1670 4613 et

138 4642 387 4700 eﬂicacius
418 4658 699 4714 possumus
745 4657 799 4698 et
825 4646 1101 4710 debemus.
1128 4650 1393 4715 capellam
1436 4652 1672 4717 praedic-

139 4744 231 4788 tam
251 4737 698 4801 possessionibus.
734 4738 889 4790 bonis
929 4746 983 4789 et
1016 4738 1176 4790 rebus
1211 4740 1572 4808 iufrascriptis
1606 4755 1669 4794 ex

141 4840 263 4882 nunc
289 4836 344 4881 et
399 4828 451 4880 in
508 4835 815 4894 perpetuum
839 4827 1129 4892 donamus,
1162 4843 1362 4895 easque
1397 4842 1448 4883 et
1496 4848 1556 4883 ea
1584 4847 1672 4884 ca-

139 4916 269 4979 pella
294 4918 559 4985 praedicta:
587 4916 638 4969 in
670 4920 845 4970 dotem
897 4927 1205 4984 perpetuam
1242 4933 1396 4985 pure.
1433 4920 1597 4973 libere
1620 4930 1673 4972 et

139 5004 431 5072 simpliciter
460 5021 527 5062 ex
558 5021 703 5061 nunc
736 5006 1016 5071 donamus.
1052 5007 1426 5061 transierimus
1449 5018 1500 5060 et
1535 5010 1671 5062 assi-

139 5108 363 5159 goamus.
394 5098 448 5151 In
484 5097 669 5166 primis
691 5106 864 5150 autem
900 5098 1159 5152 donamus
1183 5096 1375 5149 dictam
1412 5099 1667 5164 capellam

141 5191 185 5237 et
208 5187 253 5238 ei
284 5187 334 5240 in
368 5175 546 5241 do'tem
579 5196 884 5256 perpetuam
917 5190 1119 5250 damus.
1139 5191 1191 5239 et
1211 5202 1273 5238 ex
1294 5177 1435 5239 nunc
1464 5193 1667 5242 consti-

141 5274 316 5331 tuimus
346 5286 517 5331 totum
540 5278 804 5346 integrum
838 5276 1016 5330 casale
1045 5283 1290 5328 vocatum
1326 5275 1464 5329 delia
1517 5278 1667 5332 Cico-

140 5369 273 5433 gaola
301 5387 435 5424 uoco
459 5378 515 5424 et
551 5369 667 5435 ejus
688 5378 861 5424 totum
913 5379 967 5422 et
1001 5370 1261 5436 integrum
1293 5370 1660 5436 tenimentum,

142 5459 263 5523 quod
287 5469 499 5515 constat
530 5473 596 5511 es
629 5457 903 5509 duodecim
928 5457 1099 5508 unciis
1139 5456 1520 5525 principalibus
1542 5476 1667 5529 par-

139 5546 261 5604 tibus
300 5552 469 5621 ipsius
500 5546 690 5603 casulis
720 5557 775 5601 et
805 5546 921 5619 ejus
951 5546 1225 5600 tenimenti
1262 5562 1366 5617 per
1396 5565 1494 5605 nos
1544 5566 1666 5605 suc-

141 5638 319 5696 cessive
344 5639 540 5707 emptis
590 5652 621 5692 a
669 5632 899 5693 diversis
947 5636 1211 5702 personis,
1264 5646 1322 5692 ut.
1372 5642 1655 5702 sequitur:

836 239 1131 302 ALOYSII
1167 245 1514 310 BANDINII
1554 252 1704 312 COM

1780 256 2025 322 ENTAR
2038 263 2181 328 lUS.
2225 293 2297 306 --
2330 270 2729 339 ΛΡΡΕΝΒῙΧ.

3154 298 3353 343 ικανῐ

1796 366 2033 428 Emimus
2080 378 2223 430 cnim
2262 395 2423 435 unam
2462 387 2940 466 rterliampartem‘
2978 387 3214 466 Quinque
3248 416 3353 453 uo-

1797 465 2004 518 ciarum
2040 467 2209 537 ipsius
2230 470 2425 528 casulis
2451 484 2505 528 et
2540 476 2657 544 eius
2699 458 2979 537 tenimcnti
3005 500 3034 537 a
3062 486 3185 561 Dna.
3220 486 3352 546 Bar-

1783 554 2084 617 ‘tltolomea.
2133 561 2240 617 lilia
2290 566 2561 632 quondam
2618 560 2811 624 Palutii
2842 556 3185 639 V'Casale'..eti
3216 580 3352 634 duas

1794 646 1928 700 alias
1959 649 2117 721 155
2148 650 2331 721 partes
2362 650 2673 742 earumdem
2703 652 2937 758 quinque
2977 650 3258 743 unciarum
3282 673 3377 745 ab,

1794 741 2017 795 honesta
2048 741 2158 796 Dna
2188 744 2441 814 Jenepra,
2477 748 2668 805 relicta
2699 741 2973 831 quondam
2997 756 3216 827 Thomas
3248 762 3352 815 Ca-

1789 839 1905 882 sate
1955 832 2019 884 de
2052 833 2258 898 Fuscis,
2296 832 2554 895 matr-eet
2582 844 2772 898 tutricc
2794 832 3047 902 Mariana:
3075 846 3353 906 chathe—

1791 920 1944 987 rinze,
1973 922 2199 978 filiarum
2233 928 2359 981 dicti
2392 927 2644 995 Tltomze;
2699 950 2761 988 ac
2801 943 2934 994 duas
2968 926 3099 1007 alias
3156 947 3347 1000 uncias

1789 1019 1841 1063 et
1888 1012 2117 1097 mediam
2178 1033 2204 1068 a
2268 1021 2488 1086 praefata
2553 1022 2880 1092 Catherina,
2947 1006 3346 1099 lilia‘praedictl
3396 1088 3398 1091 ,

1792 1094 2035 1165 Thomas,
2066 1114 2121 1159 et
2162 1104 2491 1180 Hieronymo
2524 1128 2577 1181 q.
2612 1113 2884 1170 Laurentii
2914 1117 3064 1173 Pauli
3106 1094 3344 1191 ejusdem
3431 1186 3435 1191 ε

1788 1192 2094 1249 Catherinaa
2121 1199 2338 1262 marito.
2377 1211 2530 1266 prout
2565 1204 2618 1256 in
2654 1206 2824 1261 tribus
2858 1211 3229 1269 instrumentis
3250 1230 3346 1283 pu-

1789 1285 1944 1339 blicis
1991 1288 2224 1358 desuper
2272 1293 2543 1349 confectis
2588 1307 2643 1351 ct
2676 1312 2772 1363 per
2819 1300 3109 1356 discretum
3169 1305 3343 1359 virum

1791 1370 2005 1427 Petrum
2063 1377 2133 1431 de
2195 1378 2436 1446 Millinis;
2482 1383 2749 1438 notarium
2782 1390 3141 1456 pnblicumde
3201 1392 3347 1450 Urbe

1788 1463 2129 1535 subscriptis.
2186 1473 2486 1539 respective
2541 1476 2751 1541 plenius
2824 1481 3149 1537 continetur.
3212 1485 3345 1538 Item
3417 1553 3420 1557 ι

1784 1555 2016 1610 emimus
2052 1558 2216 1613 etiam
2252 1558 2386 1613 duas
2415 1562 2550 1615 alias
2572 1566 2773 1620 uncias
2797 1576 2851 1621 et
2875 1570 3106 1624 mediam
3131 1588 3157 1624 ιι
3178 1571 3348 1627 Fran-

1786 1646 1932 1700 cisco
1977 1646 2199 1701 Abhatis
2246 1645 2467 1702 Joannis
2501 1651 2564 1703 de
2616 1648 3040 1719 Framapanibtts
3095 1659 3159 1711 de
3207 1660 3345 1712 Bra-

1786 1736 2003 1800 chiano.
2030 1737 2223 1791 marito
2253 1738 2409 1792 dictae
2442 1737 2714 1802 Mariana».
2735 1755 2801 1795 ac
2832 1737 2977 1798 duas
3005 1743 3136 1797 alias
3158 1743 3347 1801 uncias

1784 1827 1853 1881 ab
1882 1829 2109 1903 honesto
2126 1829 2243 1885 viro
2262 1828 2428 1897 Paulo
2448 1832 2512 1884 de
2533 1831 2738 1899 Fuscis,
2764 1832 2880 1887 cive
2910 1832 3169 1899 Romano,
3186 1847 3348 1905 prout

1784 1920 1837 1975 in
1863 1900 2069 1979 duobus
2092 1922 2466 1977 instrumentis
2491 1923 2720 1992 publicis
2742 1939 2837 1993 per
2862 1925 3150 1979 discretum
3169 1926 3344 1981 virum

1782 2013 2003 2066 Petrum
2031 2013 2096 2066 de
2122 2012 2475 2081 Caputgallis,
2503 2015 2770 2067 notarium
2803 2014 3069 2083 publicum
3087 2002 3344 2084 deUrbe.

1782 2103 2124 2171 subscriptis,
2156 2105 2316 2157 etiam
2360 2105 2656 2170 respective
2682 2106 2893 2172 plenius
2924 2108 3248 2163 continetur.
3279 2110 3343 2165 Et

1782 2191 1836 2263 in
1863 2193 2205 2265 venditiones
2235 2194 2516 2259 pra-dictas
2564 2209 2593 2247 a
2633 2196 2861 2263 praefato
2914 2196 3211 2253 Francisco
3240 2215 3341 2267 pro

1779 2282 1989 2335 duabus
2018 2291 2071 2336 et
2112 2283 2309 2347 media,
2339 2292 2395 2337 et
2427 2299 2456 2336 a
2508 2284 2669 2340 dictis
2700 2284 3024 2356 Hieronymo
3052 2297 3105 2340 et
3140 2289 3341 2343 Cathe-

1782 2376 1897 2426 rina
1934 2373 2030 2442 pro
2052 2375 2174 2428 aliis
2204 2375 2410 2429 duabus
2452 2385 2508 2429 et
2550 2376 2723 2431 media
2755 2378 2931 2432 unciis
2965 2377 3137 2433 factas
3179 2380 3339 2436 dictat

1776 2461 2025 2534 Jeneprae
2050 2479 2117 2518 ac
2137 2464 2402 2519 dictorum
2427 2463 2700 2520 Francisci
2723 2506 2738 2530 ,
2764 2467 3073 2538 Hieronymi
3094 2509 3109 2534 ,
3137 2468 3337 2525 Cathe-

1782 2556 1913 2609 rinte
1936 2565 1990 2609 et
2025 2556 2297 2619 Marinum,
2330 2546 2556 2626 quarum
2582 2559 2749 2613 altera
2773 2542 2927 2614 alteri
2954 2561 3003 2613 in
3028 2562 3181 2617 honis
3213 2570 3339 2630 post
3375 2571 3379 2575 '

1782 2655 2007 2700 mortem
2048 2648 2309 2711 succedit,
2365 2657 2583 2701 mutuus
2614 2663 2903 2719 expressus
2942 2665 3235 2708 consensus
3280 2664 3338 2709 et

1782 2737 2074 2791 ratiﬁcatio
2103 2748 2469 2803 accesserunt.
2487 2752 2651 2817 prout
2681 2756 2745 2795 ex
2770 2742 2942 2796 tribus
2966 2745 3338 2803 instrumentis

1781 2830 2010 2899 publicis
2038 2830 2272 2900 desuper
2306 2832 2586 2893 confectis.
2608 2841 2663 2887 et
2685 2847 2781 2902 per
2805 2833 3065 2889 Joannem
3093 2836 3157 2891 de
3173 2836 3339 2894 Heca-

1778 2920 1959 2984 boem,
1989 2921 2262 2975 notarium
2290 2922 2560 2989 publicum
2579 2922 3338 2996 iufrascriptum,subscriplis

1777 3016 2080 3083 respective
2098 3016 2426 3070 continetur.
2459 3015 2525 3070 Et
2581 3020 2648 3070 de
2690 3018 2811 3086 jure
2842 3021 3138 3087 supradicti
3183 3020 3333 3077 Pauli
3406 3026 3411 3029 “

1778 3108 1845 3162 de
1865 3106 2052 3163 Fascis
2081 3107 2149 3162 ad
2202 3108 2375 3162 dictas
2400 3108 2754 3164 duasuncias
2794 3110 2969 3174 nobis,
3011 3121 3067 3165 ut
3114 3113 3335 3181 praefer-

1780 3206 1891 3263 tur,
1923 3213 2018 3266 per
2047 3214 2171 3253 eutn
2195 3198 2438 3253 venditas
2462 3208 2673 3253 constat
2696 3200 2852 3268 plene
2887 3216 2950 3256 ex
2976 3204 3333 3259 instrumento

1774 3289 2062 3355 emptionis
2086 3290 2387 3344 earumdem
2419 3291 2695 3344 nnciarum
2737 3293 2989 3359 pradicto
3009 3291 3172 3348 Paulo
3193 3304 3247 3349 et
3274 3312 3328 3361 q.

1778 3379 1940 3433 Petro
1974 3382 2040 3434 de
2073 3380 2288 3443 Fuscis,
2316 3382 2403 3435 cui
2428 3381 2685 3451 praefatus
2717 3381 2914 3437 Paulus
2942 3385 2997 3436 in
3030 3385 3184 3439 bonis
3206 3401 3334 3440 suc-

1774 3472 1939 3525 cessit
1989 3485 2089 3538 per
2120 3471 2412 3525 discretum
2444 3474 2617 3524 virum
2672 3472 3017 3526 Laurentium
3052 3472 3331 3541 Venantii,

1773 3561 2051 3613 notarium
2100 3560 2169 3613 de
2195 3558 2389 3629 .Urbe,
2417 3560 2742 3629 subscripto.
2774 3563 2902 3626 Quae
2925 3577 3111 3616 omnes
3156 3569 3334 3621 uncia

1772 3648 1962 3710 sic.~ut
1988 3650 2286 3715 praefertur,
2313 3663 2407 3715 per
2430 3663 2529 3704 nos
2550 3662 2740 3718 emptae
2759 3652 3092 3703 constituunt
3121 3652 3333 3708 dictum

1771 3737 1952 3791 casale
1983 3737 2036 3790 di
2062 3736 2349 3807 Cicognola
2377 3752 2512 3790 nova
2543 3748 2599 3791 et
2625 3739 2743 3805 ejus
2770 3739 3122 3792 lenimentum
3157 3750 3330 3796 totum

1771 3841 1828 3889 ct
1853 3832 2117 3900 integrum
2143 3845 2242 3900 per
2274 3844 2391 3891 nos.
2428 3839 2486 3883 ut
2513 3830 2849 3898 praemittitur
2871 3868 2887 3894 ,
2920 3830 2970 3881 in
2994 3830 3169 3886 dotem
3199 3848 3325 3902 per-

1772 3934 1986 3992 petuam
2006 3924 2163 3977 dicta}
2188 3922 2409 3990 capella:
2430 3922 2632 3973 datum.
2658 3919 2808 3984 Quod
2838 3920 3049 3987 quidem
3074 3923 3249 3976 easale
3267 3935 3322 3978 et

1772 4016 1891 4085 ejus
1928 4016 2281 4069 tenimentum
2316 4014 2547 4082 positum
2572 4018 2653 4063 est
2698 4012 2750 4063 in
2811 4011 3078 4063 territorio
3134 4012 3320 4078 Urbis,

1771 4119 1923 4161 extra
1956 4115 2165 4173 portam
2193 4105 2436 4173 Appiam,
2470 4102 2524 4155 in
2580 4102 2820 4169 partibus
2848 4100 3007 4164 Latii,
3041 4102 3176 4156 inter
3221 4106 3321 4159 hos

1776 4201 1909 4252 lines
1940 4214 1955 4249 :
1991 4198 2081 4249 cui
2136 4196 2203 4248 ab
2245 4210 2351 4248 uno
2380 4194 2548 4246 latere
2577 4203 2723 4247 tenet
2759 4202 2811 4246 et
2848 4205 2932 4247 est
2974 4197 3321 4251 tenimentum

1774 4288 1967 4343 casalis
1998 4286 2057 4341 S.
2094 4284 2264 4337 Alexii
2284 4301 2310 4349 ς
2332 4285 2399 4338 ab
2431 4284 2536 4336 alio
2565 4284 2914 4337 tenimenlum
2948 4285 3143 4339 casalis
3168 4286 3323 4339 Cico-

1773 4383 1943 4451 gnolm
1964 4380 2162 4435 veteris
2192 4379 2295 4443 ;ab
2322 4378 2423 4429 alio
2448 4377 2792 4429 tenimentnm
2825 4377 3016 4429 casalis
3051 4378 3315 4445 Pignotti;

1732 4493 1740 4502 ί
1768 4473 1905 4525 etalt
1927 4470 2031 4523 alio
2060 4476 2208 4522 tenet
2232 4475 2389 4521 etest
2413 4467 2763 4519 tenimentum
2795 4467 2989 4519 easalis
3021 4466 3059 4519 S
3098 4466 3319 4521 Joannis

1770 4573 1896 4615 ante
1919 4562 2138 4614 Portant
2172 4558 2411 4611 Latinam
2443 4557 2559 4623 gvel
2590 4557 2634 4608 si
2681 4556 2766 4621 qui
2795 4556 2899 4607 sint
2933 4568 3021 4609 aut
3055 4572 3177 4611 esse
3196 4574 3317 4624 pos-

1772 4659 1896 4706 sunt
1929 4651 2107 4717 plures
2146 4657 2239 4699 aut
2290 4649 2529 4700 veriores
2565 4646 2803 4698 confines
2836 4646 3041 4711 antiqui
3089 4656 3144 4701 et
3202 4664 3319 4702 ιιιοο

1769 4742 1921 4794 derni
1982 4739 2043 4791 ad
2097 4735 2373 4803 pratfatum
2404 4736 2580 4789 casale
2637 4737 2702 4787 de
2741 4736 3025 4801 Cicognola
3055 4752 3210 4800 nova,
3262 4748 3315 4791 et

1768 4831 1885 4897 ejus
1916 4830 2268 4880 lt‘ltllnf'lllttm
2302 4809 2626 4888 spectantes,
2660 4833 2770 4874 tam
2806 4824 2868 4876 de
2894 4822 3013 4888 jure
3059 4839 3216 4889 quam
3249 4827 3315 4877 de

1766 4914 2174 4973 consuetudine,
2212 4910 2605 4962 communibus
2636 4921 2690 4961 et
2721 4911 2941 4978 singulis
2968 4912 3315 4977 terriscultis,

1767 4999 3137 5071 incultis.pralis,pratat-itiis.pascu.triis,monlibus,
3160 5003 3315 5056 colli-

1766 5101 1884 5161 bus,
1904 5094 2185 5162 stirpariis.
2221 5091 2393 5156 aquis,
2416 5089 2575 5158 1‘6
2606 5089 2838 5141 fontibus
2868 5100 2918 5142 et
2945 5106 3199 5154 aquarum
3220 5093 3314 5145 tle-

1763 5188 2009 5243 cursibus
2028 5179 2561 5246 cmlerisquejuribus
2593 5188 2646 5228 ct
2672 5178 3003 5243 pertinentiis
3027 5178 3309 5231 universis.

1834 5277 1961 5328 l:cm
1993 5272 2242 5326 similiter
2278 5270 2330 5320 in
2360 5267 2536 5319 dotem
2585 5275 2896 5330 perpetuam
2926 5279 2990 5317 cx
3045 5280 3182 5316 nunc
3214 5266 3309 5317 do«

1764 5380 1955 5421 namus
1982 5374 2029 5416 et
2076 5359 2448 5415 constituimus
2484 5355 2635 5408 dicta
2666 5355 2881 5420 capella:
2911 5354 3198 5422 quamdnn
3231 5355 3313 5408 vi-

1744 5471 1919 5511 'neam
1956 5464 2159 5521 septem
2190 5444 2455 5516 petiarutn
2490 5444 2611 5512 plus
2638 5444 2720 5498 vel
2769 5444 2946 5497 minus
2976 5456 3176 5512 quanta
3208 5456 3311 5511 est,

1767 5547 2017 5600 videlicet
2068 5542 2253 5593 vitium
2310 5548 2365 5591 et
2417 5535 2671 5589 arborum
2725 5535 2889 5605 ipsius
2946 5552 3063 5589 cum
3117 5553 3311 5602 t-asca,

1769 5635 1985 5698 vasculi,
2027 5632 2159 5699 tino,
2186 5628 2348 5685 statio
2380 5638 2435 5683 et
2463 5634 2628 5695 puteo
2662 5624 2799 5683 intra
2843 5641 2922 5694 se.
2950 5635 3003 5682 et
3036 5628 3155 5683 aliis
3185 5628 3306 5693 ejus
