4138 6328
738 239 956 282 ικεινιι

737 333 953 399 iui-ibus
999 340 1054 386 et
1083 331 1480 398 'pertinentiis;
1529 346 1691 400 quam
1733 333 1948 386 vineam
1995 332 2231 386 emimus
2277 345 2307 383 a

748 424 859 476 nua
886 422 1047 484 Cilla,
1075 423 1178 477 lilia
1207 423 1475 490 quondam
1520 423 1762 490 magistri
1811 420 2042 478 Joannis
2066 421 2310 476 Barberii

745 513 814 568 de
844 513 1062 582 regione
1085 514 1287 575 Pontia.
1319 524 1447 569 tunc
1478 529 1646 569 uxore
1665 506 1898 568 Nannini
1929 510 2309 566 Bartbolomaai

745 602 830 656 de-
862 605 1097 661 Cliecbis
1147 606 1214 660 de
1258 604 1520 670 Bononia,
1572 621 1697 662 eum
1742 617 2014 672 consensu
2066 601 2312 671 ejusdem

741 693 1004 757 Naunini,
1033 706 1191 765 prout
1221 697 1274 750 iu
1307 695 1668 752 instrumento
1715 697 1949 762 desuper
1972 693 2232 748 confecto
2256 699 2314 746 et

745 797 844 852 per
890 781 1114 839 Paulum
1143 783 1369 839 Joannis
1427 786 1642 840 Antonii
1689 785 1758 839 de
1788 781 2096 852 Capitibus,
2150 787 2310 834 nota-

743 872 881 926 rium
912 873 1238 944 imperiales:
1275 875 1341 929 de
1363 875 1527 941 Urbe,
1563 875 1892 943 subscripto,
1934 873 2147 943 plenius
2179 885 2314 926 con-

747 963 971 1016 tinetur.
1011 963 1079 1018 Et
1100 979 1221 1032 qua
1245 964 1402 1029 vinea
1429 967 1603 1036 posita
1642 973 1728 1020 est
1747 963 1889 1018 infra
1913 964 2111 1018 mania
2140 962 2310 1025 urbis,

746 1055 802 1107 in
831 1053 952 1109 loco
1003 1054 1100 1124 qul
1130 1055 1332 1110 dicitur
1357 1053 1417 1110 8.
1463 1055 1684 1116 Caesar-il
1747 1056 1803 1110 in
1834 1054 2019 1119 Turri,
2051 1053 2151 1110 sub
2185 1067 2314 1122 pro-

745 1146 975 1212 prietate
1003 1146 1249 1215 ejusdem
1279 1148 1592 1200 monasterii
1650 1146 1710 1200 S.
1740 1143 1960 1201 Ccsarii
1987 1145 2054 1199 ad
2083 1158 2313 1214 respon-

705 1231 709 1235 ’
746 1236 982 1290 dendum
1035 1241 1210 1294 eidem
1259 1239 1422 1292 annis
1458 1238 1691 1308 singulis
1727 1247 1967 1305 tempore
2013 1237 2312 1292 vindemia-

747 1340 866 1378 rum
901 1327 1037 1381 duas
1061 1327 1353 1382 caballatas
1371 1342 1494 1382 eum
1523 1328 1743 1383 dimidia
1769 1328 1931 1382 musti
1955 1329 2138 1382 mundi
2167 1329 2310 1397 quod

749 1417 1053 1472 excreveril
1081 1432 1147 1472 ex
1178 1417 1320 1472 dicta
1349 1418 1526 1482 vinea,
1549 1430 1600 1472 et
1630 1435 1790 1474 uuam
1814 1429 2062 1488 quartam
2086 1433 2310 1474 uvarum

753 1520 904 1560 more
929 1506 1172 1561 Romano
1203 1509 1344 1563 inter
1371 1509 1467 1563 bos
1496 1509 1663 1574 ﬁnes;
1703 1511 1789 1564 cui
1817 1511 1884 1565 ab
1907 1526 2020 1564 uno
2043 1512 2210 1566 latere
2227 1518 2309 1566 est

754 1597 957 1648 dictum
991 1601 1419 1666 monasterium;
1460 1611 1584 1655 ante
1630 1611 1713 1655 est
1751 1609 1922 1656 strata
1961 1586 2213 1671 publica;
2247 1601 2314 1655 ab

756 1687 862 1742 alio
894 1688 1062 1743 latere
1110 1699 1250 1744 tenet
1298 1699 1351 1745 et
1398 1702 1524 1745 sunt
1562 1707 1646 1751 res
1691 1694 1965 1748 societatis
1998 1693 2315 1750 Fraticello-

756 1795 876 1834 rum
937 1783 1076 1835 tertii
1134 1783 1347 1848 ordinis
1385 1782 1443 1839 ὃ.
1485 1783 1746 1838 Douiinici
1775 1784 1841 1838 de
1875 1795 2056 1841 monte
2099 1786 2316 1856 Magna-

759 1875 972 1941 napoli;
1020 1875 1088 1929 ab
1115 1876 1222 1929 alio
1271 1862 1436 1930 latere
1472 1886 1619 1932 tenet
1645 1886 1699 1930 et
1745 1885 1873 1932 sunt
1919 1893 2004 1932 res
2038 1878 2314 1934 Tbomasii

753 1964 818 2015 de
839 1962 1248 2028 Cesariuis;vel
1275 1964 1320 2018 si
1342 1965 1442 2035 ‘qui
1470 1976 1598 2019 sunt
1616 1973 1711 2024 aut
1738 1980 1860 2021 esse
1884 1977 2110 2039 possunt
2132 1967 2318 2036 plutes

751 2054 1096 2109 autveriores
1124 2057 1368 2112 contines
1390 2057 1596 2125 antiqui
1637 2057 1724 2112 vel
1757 2057 2001 2114 moderui
2032 2059 2099 2114 ad
2117 2058 2315 2113 dictam

753 2145 966 2199 vineam
1021 2155 1330 2215 spectantes
1391 2163 1488 2202 seu
1542 2150 1874 2218 pertinentes
1923 2160 2029 2205 tam
2095 2151 2162 2206 de
2195 2151 2318 2220 jure

757 2239 1012 2305 quamde
1051 2240 1482 2302 consuetudine;
1522 2255 1644 2294 cum
1682 2242 1948 2296 "omnibus
1987 2252 2046 2297 et
2089 2243 2317 2311 singulis

755 2323 1086 2395 iutroitibus,
1131 2327 1389 2394 exitibus,
1426 2328 1644 2399 usibus,-
1692 2332 2047 2398 utilitatibus,
2079 2332 2317 2403 juribus,

758 2423 1101 2490 pertinentiis
1146 2423 1348 2478 easalis
1399 2431 1455 2478 et
1505 2426 1590 2478 sui
1617 2427 1896 2481 tenimeuti
1931 2428 1997 2482 de
2023 2425 2317 2496 Cicognola

724 2519 918 2576 'nova,
952 2523 1006 2566 et
1028 2516 1182 2569 vinea
1233 2514 1692 2583 supradictorum,
1731 2504 1828 2571 seu
1872 2518 2098 2573 alterius
2127 2530 2318 2572 eorum

759 2608 826 2663 ad
856 2621 919 2661 ea
962 2607 1140 2662 omnia
1193 2614 1253 2662 et
1296 2606 1507 2677 singula
1547 2621 1577 2661 a
1608 2607 1866 2664 fratribus
1893 2608 2318 2665 dicttebasilica:

692 2763 701 2766 _
761 2714 860 2769 per
900 2713 1087 2752 eorum
1123 2708 1511 2768 procuratores
1555 2713 1648 2753 seu
1684 2700 1959 2768 syndieos,
2009 2709 2065 2754 et
2108 2700 2162 2754 in
2197 2714 2317 2755 eam

763 2789 1245 2845 reintrnductionis
1280 2789 1604 2857 pradietaaa
1631 2789 1841 2844 duobus
1861 2789 2157 2860 capellanis
2192 2800 2320 2847 tunc

678 2933 679 2936 η
760 2897 860 2954 pro
883 2893 1150 2951 tempore,
1178 2890 1242 2935 ut
1259 2879 1582 2949 praefertur,
1608 2881 1891 2951 eligendis,
1918 2880 1972 2936 in
2002 2890 2318 2952 perpetuum

761 2973 1094 3035 habendum,
1126 2967 1441 3034 tenendum,
1489 2970 1899 3036 possidendum,
1944 2968 2318 3035 laborandum,

715 3068 725 3078 '
761 3059 1226 3124 frtictiiicandum,
1254 3057 1783 3123 administrandum;
1842 3059 2050 3114 fructus
2087 3071 2318 3130 quoque,

760 3154 970 3209 reditus
1002 3159 1059 3205 et
1094 3156 1388 3219 proventus
1435 3161 1620 3203 eorum
1669 3147 1953 3203 levandum
1994 3159 2051 3208 et
2091 3165 2124 3205 a
2165 3151 2323 3206 dictis

761 3243 1046 3298 Fratribus
1075 3241 1129 3296 in
1157 3255 1316 3295 usum
1361 3239 1442 3294 eis
1466 3253 1497 3293 a
1534 3238 1664 3294 sede
1689 3238 1982 3308 apostolica
2018 3240 2327 3310 permitten-

765 3335 862 3387 dos
888 3339 945 3386 et
965 3329 1369 3391 concedendos;
1387 3328 1459 3384 ab
1476 3329 1608 3398 ipsis
1636 3343 1766 3384 vero
1792 3328 2006 3384 duobus
2029 3331 2326 3399 capellanls

767 3423 823 3474 in
853 3433 1038 3474 casum
1095 3418 1410 3488 praedictum
1465 3417 1519 3471 iu
1577 3417 1825 3488 pr0prios
1874 3419 2130 3475 honestos
2191 3434 2327 3475 usus

766 3509 1083 3577 simpliciter
1105 3507 1527 3562 convertendum
1581 3521 1708 3565 etse
1738 3524 1804 3562 ex
1829 3508 1935 3564 illis
1965 3518 2329 3565 manuteneu-

765 3603 890 3655 dum
915 3609 969 3655 ct
999 3593 1429 3663 sustentandum.
1460 3597 1526 3652 Et
1569 3614 1666 3669 pro
1712 3600 2004 3669 praemissis
2049 3603 2326 3658 renuntia-

769 3708 889 3746 mus
915 3685 974 3746 et
1019 3693 1256 3762 plenarie
1305 3692 1684 3749 transierimus
1726 3707 1792 3750 ex
1825 3709 1974 3750 nunc
2027 3695 2081 3750 in
2126 3699 2325 3752 dictam

765 3785 1024 3854 capellam
1049 3797 1115 3838 ac
1147 3781 1364 3837 Fratres
1417 3785 1741 3852 praedictos;
1775 3796 1829 3840 et
1875 3785 1929 3839 iu
1961 3801 2148 3842 casum
2177 3791 2326 3845 rein-

768 3875 1123 3930 troductiOnis
1148 3874 1416 3943 praedictae
1445 3875 1581 3930 duos
1617 3877 1926 3946 capellanos
1953 3894 2054 3949 pro
2091 3890 2329 3951 tempore

768 3968 1063 4036 eligendos,
1088 3965 1264 4020 omnia
1296 3974 1347 4016 et
1391 3965 1600 4033 singula
1630 3967 1776 4035 jura,
1796 3969 2036 4034 nomina,
2064 3971 2326 4036 actiones,

769 4060 1008 4110 rationes
1037 4054 1208 4109 realcs
1237 4064 1290 4107 et
1317 4056 1647 4121 personales,
1693 4055 1870 4119 utiles,
1912 4056 2168 4121 directas,
2207 4062 2331 4114 taci-

774 4159 880 4210 tas,
912 4161 1214 4212 expressas,
1237 4146 1672 4213 bypotberarias.
1693 4147 2099 4214 pignoratieias,
2118 4150 2327 4214 mistas,

775 4237 979 4303 civiles,
1012 4235 1290 4303 praatorias
1325 4235 1376 4287 in
1399 4249 1524 4287 .reni
1570 4234 1724 4304 147
1760 4237 1988 4304 scriptas
2017 4247 2071 4292 et
2101 4239 2331 4294 omcintn

774 4328 993 4396 iudicis,
1032 4341 1094 4380 ac
1118 4325 1397 4389 interesse,
1433 4339 1570 4392 quae,
1600 4341 1736 4393 quas
1763 4337 1814 4379 et
1847 4329 1989 4394 quod
2026 4328 2079 4382 in
2098 4340 2149 4384 et
2170 4346 2333 4394 super

774 4420 937 4474 easali
970 4427 1026 4472 et
1050 4416 1165 4485 ejus
1201 4415 1594 4470 tenimento.de
1624 4417 1912 4485 (licognola
1951 4434 2084 4475 nova
2125 4421 2332 4490 integro

775 4528 836 4566 ac
887 4512 1046 4564 vinea
1098 4509 1435 4579 supradicta,
1490 4509 1753 4574 nobisque
1808 4509 1858 4562 in
1901 4510 1980 4564 eis
2021 4520 2077 4566 et
2129 4513 2193 4566 ad
2241 4529 2334 4568 eas

775 4613 1077 4672 competere
1125 4610 1419 4670 potuerunt
1460 4616 1603 4653 nunc
1631 4609 1686 4654 et
1722 4603 2126 4670 quomodolibet
2166 4603 2218 4657 in
2254 4605 2336 4658 fu-

778 4706 983 4745 turuttl.

846 4783 1357 4858 Insuper'donamus
1377 4798 1444 4837 ex
1473 4801 1613 4837 nunc
1639 4785 1954 4854 simpliciter
1982 4796 2033 4841 et
2068 4787 2118 4841 in
2146 4803 2338 4860 perpe-

780 4887 930 4927 tuum
962 4873 1178 4940 capella:
1208 4873 1528 4941 supradictae
1561 4887 1899 4943 paramenta,
1928 4876 2148 4946 jocalia,
2183 4894 2266 4939 res
2284 4891 2338 4935 et

783 4968 920 5017 bona
972 4963 1362 5032 inlrascripta:
1416 4965 1682 5031 videlicet,
1750 4983 1912 5022 unum
1959 4983 2332 5039 paramentum

781 5072 878 5124 pro
905 5056 1216 5123 quotidiano
1253 5058 1497 5117 servitio.
1538 5059 1733 5113 coloris
1779 5062 1909 5123 albi,
1939 5062 2008 5118 de
2039 5065 2206 5134 drapo
2250 5055 2340 5119 da-

786 5154 1063 5219 mascino;
1101 5154 1225 5206 item
1259 5169 1420 5207 unum
1462 5153 1607 5207 aliud
1648 5153 1842 5208 coloris
1898 5156 2054 5220 bisei,
2093 5159 2344 5213 similiter

784 5243 848 5294 de
872 5244 1184 5297 damascino
1213 5224 1396 5313 plano,
1427 5255 1479 5297 et
1503 5246 1684 5308 stolas,
1717 5246 1981 5314 manipula
2001 5253 2340 5317 etcatniscs;

790 5335 913 5384 item
936 5333 1185 5400 plumalia
1222 5335 1347 5400 tria,
1374 5337 1535 5389 videl.
1578 5339 1751 5390 albuvn
1801 5339 2079 5393 brocatum
2113 5343 2180 5396 de
2211 5360 2343 5398 auro

791 5432 840 5469 et
876 5421 1036 5473 alium
1078 5427 1457 5493 pavonalgium
1494 5427 1559 5479 de
1606 5429 1920 5482 datnasciuo
1961 5430 2190 5498 simpiici
2222 5450 2340 5486 cum

793 5515 953 5564 armis
985 5516 1205 5576 nostris,
1234 5525 1288 5568 et
1316 5518 1583 5584 quoddam
1622 5519 1759 5573 aliud
1797 5523 2006 5590 nigrum
2037 5525 2100 5576 de
2135 5525 2342 5578 damas-

795 5605 941 5668 cino.
973 5609 1149 5663 omnia
1187 5622 1305 5664 cum
1344 5610 1579 5679 pulchris
1607 5613 1815 5683 frigiis;
1859 5616 1985 5670 item
2042 5630 2198 5672 unam
2232 5619 2343 5688 pla-

1594 223 1696 286 ΠΕ
1733 221 1914 286 VITA
1953 223 2051 284 ET
2091 222 2342 285 BEBUS
2377 219 2647 284 GBSTIS
2703 219 3196 285 BE$SARIONIS

3746 222 3991 266 uxan

2416 342 2594 386 netam
2629 332 2698 388 de
2728 332 3044 387 damascino
3074 325 3392 401 parouatgio
3414 341 3538 383 cum
3560 325 3717 398 irigio
3744 326 3813 381 de
3832 324 3996 380 {oleis

2421 421 2615 475 aureis
2667 422 3004 488 ret-amatis;
3064 421 3196 475 item
3239 434 3405 473 unum
3458 418 3682 474 calicem
3729 428 3992 482 maguum

2411 520 2468 564 et
2497 525 2658 564 unam
2688 518 2934 578 patenam
2968 495 3244 579 magnam;
3285 504 3410 560 item
3437 521 3603 561 unum
3653 506 3816 560 alium
3850 504 3993 558 cali-

2413 615 2529 656 cem
2557 603 2824 662 minorem
2847 612 2902 657 et
2923 617 3084 658 unam
3111 611 3359 672 patenam
3392 602 3655 656 minorem
3698 609 3994 670 argenteos

2419 691 2765 760 deauratos;
2821 693 2948 748 item
2998 693 3263 762 ampullas
3309 702 3591 762 argenteas
3644 692 3815 757 duas;
3858 690 3993 744 item

2415 802 2629 843 crucem
2685 801 2851 843 unam
2909 786 3187 855 pulchram
3242 793 3296 838 et
3341 790 3997 854 magnam'argenteam;

2421 881 2548 935 item
2595 879 2780 935 thecas
2801 877 3162 948 corporalium
3201 875 3357 942 duas,
3378 890 3541 930 unam
3578 875 3630 929 in
3647 888 3753 944 qua
3777 882 3865 928 est
3894 888 3998 927 no-

2418 986 2537 1027 men
2566 970 2693 1026 Jesu
2726 985 2848 1025 cum
2879 970 3068 1040 periis,
3098 980 3153 1024 et
3176 969 3336 1023 aliam
3369 970 3438 1023 de
3475 967 3652 1022 veluto
3669 966 3838 1021 rubeo
3863 979 3994 1020 cum

2419 1061 2797 1133 corporalibus
2836 1063 2986 1130 suis;
3019 1062 3144 1117 item
3170 1060 3542 1132 superpellieia
3568 1067 3832 1130 quatuor;
3858 1055 3992 1108 item

2414 1155 2484 1210 de
2507 1154 2769 1223 paniculis
2793 1154 3034 1225 pulcbris
3055 1153 3264 1208 ornatis
3295 1153 3470 1208 serico
3490 1165 3591 1220 pro
3625 1145 4000 1218 cooperiendo

2416 1245 2582 1302 calice
2603 1246 2771 1310 duos;
2799 1245 2930 1300 item
2955 1246 3186 1300 tobalias
3211 1231 3447 1312 majores
3474 1241 3540 1297 ad
3562 1239 3994 1308 cooperiendnm

2415 1339 2585 1394 altare
2615 1337 2884 1411 ,pulcbras
2925 1337 3147 1403 decem;
3207 1339 3335 1390 item
3401 1343 3638 1405 tapetum
3684 1333 3886 1387 bonum
3922 1331 3997 1382 ad

2416 1430 2720 1501 ponendum
2753 1439 2877 1484 ante
2909 1429 3108 1492 altare;
3131 1429 3256 1486 item
3291 1443 3456 1481 unum
3487 1413 3702 1480 missale
3730 1436 3994 1490 magnum

2415 1531 2465 1576 et
2483 1522 2710 1586 bonum;
2731 1522 2856 1575 item
2881 1534 3045 1572 unum
3075 1518 3393 1572 breviarium
3420 1531 3668 1590 magnum
3691 1526 3743 1572 et
3762 1515 3994 1579 bonum,

2417 1622 2732 1683 coopertum
2766 1611 2968 1666 tabulis
3003 1620 3059 1666 et
3087 1613 3235 1665 corio
3267 1611 3434 1665 rubro
3463 1610 3688 1678 antiquo
3709 1623 3832 1662 cum
3852 1621 4003 1676 qua-

2419 1714 2542 1762 tuor
2597 1704 3004 1769 seramiuibus;
3052 1703 3184 1756 item
3236 1717 3403 1756 unum
3444 1701 3656 1755 dossale
3694 1713 3787 1753 seu
3825 1709 3999 1766 para—

2384 1814 2387 1816 ·
2421 1808 2666 1854 mentum
2698 1815 2798 1869 pro
2825 1801 2979 1852 altari
3005 1797 3244 1868 ejusdem
3278 1794 3494 1862 capella:
3520 1794 3586 1845 tie
3617 1793 3799 1847 veluto
3823 1790 4002 1845 rubea

2423 1893 2652 1963 figurato
2674 1893 2898 1948 ﬂoribus
2931 1907 3026 1947 seu
3078 1891 3263 1958 figuris
3296 1889 3630 1944 diversorum
3656 1887 4002 1951 colorum,et

2419 1986 2774 2040 subornatum
2801 1983 3152 2039 circumcirca
3193 1986 3398 2036 subena
3430 1980 3724 2036 damasciui
3756 1978 3952 2032 viridis
3979 1994 3998 2042 ;

2421 2078 2544 2129 item
2586 2073 2728 2126 aliud
2767 2075 2979 2129 dossale
3028 2062 3092 2126 de
3146 2072 3457 2127 damascino
3510 2069 3680 2122 ruben
3735 2067 4000 2134 figurato.

2423 2165 2773 2219 Subornatum
2810 2163 3161 2218 circumcirca
3198 2163 3399 2216 subena
3441 2157 3735 2214 damascini
3765 2157 4002 2220 viridis;

2336 2312 2343 2319 _
2426 2257 2553 2311 item
2591 2272 2755 2310 unum
2812 2256 2956 2309 aliud
2990 2255 3205 2310 dossale
3249 2271 3349 2324 pro
3376 2252 3692 2320 quotidiano
3720 2266 3822 2305 usu
3847 2248 4003 2314 ejus-

2422 2347 2540 2401 dem
2581 2347 2801 2415 capelle
2831 2350 2896 2401 de
2923 2348 3096 2403 serico
3126 2345 3326 2402 coloris
3356 2346 3502 2399 rnbei
3547 2344 3828 2411 ﬁguratum
3863 2354 3999 2394 cum

2423 2436 2564 2491 foliis
2595 2437 2779 2491 aureis
2808 2424 3120 2503 antiquum;
3156 2438 3280 2491 item
3312 2451 3472 2491 unam
3499 2434 3788 2502 plauetam,
3824 2445 3997 2485 uram

2423 2527 2732 2581 tunieellam
2781 2543 2879 2595 pro
2922 2529 3273 2592 snbdiacono,
3319 2541 3479 2579 unam
3507 2525 3849 2578 dalmaticam
3887 2535 3999 2590 pro

2423 2618 2648 2674 diacono
2669 2620 2735 2674 de
2762 2620 2931 2690 drapo
2950 2620 3262 2674 dantascino
3288 2618 3408 2671 albo
3426 2615 3493 2669 de
3516 2629 3646 2669 auro
3669 2629 3791 2668 cum
3813 2611 3998 2678 i'rigiil

2421 2711 2644 2782 quadris
2689 2720 2746 2766 et
2795 2711 3021 2766 manicis
3055 2709 3349 2781 pretiosis;
3379 2706 3706 2763 itcm'stolas
3752 2705 3888 2758 duas
3935 2710 4005 2759 es

2421 2800 2727 2870 manipulos
2756 2809 2866 2856 tres
2893 2802 2958 2856 de
2987 2800 3174 2855 eadem
3197 2800 3448 2868 drapode
3479 2810 3642 2860 auro;
3671 2795 3797 2850 item
3821 2807 4000 2847 unum

2422 2892 2680 2947 vexillum
2703 2905 2802 2960 pro
2825 2904 2986 2949 cruce
3013 2893 3080 2945 de
3109 2891 3424 2947 damascino
3460 2889 3583 2944 albo
3619 2889 3688 2943 de
3714 2902 3845 2941 auro
3864 2899 3997 2939 eum

2421 3000 2528 3040 uua
2552 2986 2690 3054 pelia
2713 2995 2975 3039 recamata
3006 2987 3073 3040 de
3102 2986 3266 3055 ﬁgura
3302 2983 3360 3038 S.
3392 2982 3638 3049 Georgii;
3666 2981 3791 3034 item
3820 2992 4000 3033 unum

2425 3071 2766 3125 tburibulum
2814 3083 3128 3141 argenteum
3168 3074 3424 3141 ponderis
3467 3073 3727 3126 librarum
3759 3069 4003 3125 duarum

2425 3163 2711 3216 unciarum
2750 3171 2988 3230 septem;
3018 3163 3149 3217 item
3183 3169 3318 3219 duas
3350 3164 3578 3218 tobalias
3604 3163 3775 3217 bonas
3804 3161 4008 3230 longas

2426 3251 2700 3308 laboratas
2732 3253 2906 3308 serico
2937 3269 3033 3322 pro
3051 3255 3410 3323 cooperiendo
3445 3255 3606 3324 legio.

2499 3343 2781 3400 Postremo
2815 3345 3010 3401 damus
3051 3346 3224 3401 eidem
3267 3345 3486 3412 capella:
3522 3359 3586 3398 es
3629 3358 3772 3398 nunc
3822 3345 4000 3397 dona-

2428 3436 2575 3490 tione
2605 3451 2728 3504 qua:
2780 3437 2838 3492 lit
2881 3436 3025 3491 inter
3061 3439 3212 3492 vivos
3243 3439 3380 3492 bona
3429 3435 3770 3505 infrascripta
3829 3436 4005 3508 1‘8

2427 3541 2652 3595 quorum
2694 3543 2851 3581 usum
2902 3527 3057 3582 nobis
3087 3541 3430 3582 reservamus
3478 3541 3763 3595 quousque
3789 3525 4002 3580 vixeri-

2428 3633 2572 3683 mus,
2602 3617 2886 3672 ridelicet:
2910 3619 2962 3671 in
2999 3619 3189 3688 primis
3215 3619 3475 3672 donamus
3497 3618 3634 3672 inter
3661 3618 3808 3671 viros
3833 3618 4004 3671 dicta

2428 3711 2638 3779 capella
2658 3696 2970 3766 navicellam
2999 3721 3052 3765 et
3074 3704 3164 3763 vas
3195 3721 3501 3777 argenteum
3531 3725 3629 3778 pro
3655 3724 3791 3779 aqua
3828 3711 4003 3762 bene-

2431 3804 2570 3857 dicta
2599 3817 2720 3856 cum
2757 3817 2854 3856 suo
2889 3803 3240 3870 asprrsorio;
3280 3804 3405 3857 item
3449 3804 3558 3856 duo‘
3585 3791 3912 3856 candelabra
3928 3800 4000 3853 de

2431 3891 2636 3960 capella
2681 3901 2861 3945 nostra
2911 3906 3031 3944 cum
3073 3892 3235 3944 armis
3275 3894 3494 3956 nostris,
3537 3892 3731 3959 quibus
3788 3887 4038 3944 utimur

2433 3981 2486 4034 in
2511 3982 2695 4034 eadem
2722 3982 2882 4046 ;item
2912 3997 3143 4048 pannum
3171 3984 3235 4036 de
3271 3987 3452 4038 velutu
3477 3983 3860 4046 Alexandrino,
3891 3998 4003 4048 quo

2433 4071 2635 4123 utimur
2666 4071 2718 4123 in
2747 4071 2947 4137 capella
2975 4083 3154 4125 nostra
3206 4083 3334 4127 ante
3364 4076 3554 4139 altare,
3585 4084 3637 4126 et
3673 4055 3998 4140 superpelli—

2438 4173 2620 4223 ceum;
2660 4160 2785 4212 item
2825 4161 2930 4212 duo
2961 4160 3198 4216 banralia
3249 4166 3317 4218 de
3361 4178 3537 4233 panno
3569 4165 3635 4216 de
3671 4165 3838 4232 ratgia
3876 4180 4004 4230 quae

2446 4249 2648 4303 habent
2681 4248 2781 4303 SS.
2829 4251 3215 4319 Apostolos,ct
3256 4254 3388 4308 alios
3435 4267 3664 4321 quatuor
3703 4269 3906 4322 pannos
3936 4256 4005 4309 de

2449 4340 2616 4407 ratgia
2653 4353 2863 4407 parvos,
2888 4356 3114 4409 quorum
3137 4351 3242 4396 tres
3273 4343 3469 4396 habent
3498 4344 4002 4406 Aununtiationem,

2438 4440 2661 4495 quartus
2696 4444 2824 4481 vero
2860 4429 3224 4495 Cruciﬁxum;
3261 4435 3383 4484 item
3433 4443 3639 4500 tapetes
3678 4445 3819 4497 tres;
3869 4434 4002 4488 item

2439 4522 2546 4574 dno
2575 4521 2893 4575 candelabra
2936 4537 3123 4585 magna
3178 4521 3380 4585 ferrea;
3420 4525 3544 4576 item
3595 4527 3696 4577 duo
3740 4526 3840 4576 alia
3875 4540 4006 4578 can-

2439 4617 2655 4670 delabra
2692 4613 2892 4681 majora
2921 4622 2973 4666 et
3001 4614 3241 4682 longiora
3268 4616 3330 4667 de
3363 4625 3608 4683 argento;
3643 4616 3778 4670 duos
3807 4616 4007 4671 calices

2439 4720 2495 4763 et
2554 4708 2691 4760 duas
2748 4715 2990 4774 patenas,
3025 4720 3251 4773 quorum
3317 4709 3487 4774 major
3543 4708 3804 4776 ponderat
3838 4708 4008 4761 libras

2440 4800 2612 4862 duas;
2657 4798 2897 4865 planetas
2937 4809 3191 4864 quatuor,
3238 4797 3483 4851 videlicet
3528 4813 3692 4850 unam
3729 4798 3907 4852 albam
3938 4802 4004 4852 de

2443 4890 2756 4943 damascino
2796 4887 3048 4956 simplici,
3103 4889 3257 4941 aliam
3293 4889 3658 4956 pavonatziam
3689 4889 3756 4943 de
3785 4893 4004 4943 demas-

2443 4982 2564 5034 cino
2605 4978 2833 5045 simplici
2867 4997 2879 5042 ;
2915 4978 3071 5029 aliam
3107 4979 3317 5032 celestri
3367 4980 3481 5046 (sic)
3518 4981 3714 5034 coloris
3753 4986 3815 5034 de
3856 4991 4002 5043 seta;

2444 5072 2599 5124 aliam
2631 5073 2694 5123 de
2724 5079 2835 5123 seta
2869 5071 3061 5124 coloris
3094 5072 3222 5122 varii
3255 5086 3374 5123 cum
3425 5071 3676 5137 ﬂoribus;
3705 5075 4004 5127 albasduss

2444 5178 2564 5216 eum
2600 5164 2752 5216 stolis
2783 5173 2835 5216 et
2868 5162 3156 5229 manipulis
3190 5164 3342 5226 suis;
3400 5164 3652 5231 plumalia
3683 5168 3806 5229 duo,
3836 5181 4003 5219 unum

2445 5256 2646 5317 album,
2702 5254 2846 5308 aliud
2894 5255 3268 5324 pammiziuzn
3310 5256 3376 5308 de
3406 5256 3718 5310 damascino
3774 5258 4010 5325 simplici

2446 5361 2565 5398 cum
2619 5346 2787 5415 l'rigiis
2834 5347 2899 5399 de
2930 5346 3058 5408 drst.
3087 5373 3089 5376 -
3144 5346 3371 5414 Cyprio;
3400 5346 3524 5401 item
3567 5349 3702 5401 alias
3731 5349 3867 5401 duas
3901 5364 4008 5400 am-

2448 5437 2618 5506 pullas
2671 5449 2723 5490 et
2784 5437 2951 5491 barile
2987 5454 3207 5505 μίτρη-εις
3236 5479 3248 5502 ,
3295 5451 3347 5491 et
3397 5440 3612 5494 missale
3665 5453 3827 5491 unum
3861 5480 3874 5501 ,
3909 5455 4017 5508 quo

2450 5529 2618 5581 utitur
2647 5529 2883 5596 quotidie
2923 5531 3158 5596 capciiw
3268 5531 3319 5583 .in
3371 5532 3572 5601 capella
3629 5541 3814 5583 nostra
3843 5549 3856 5595 ;
3887 5531 4016 5585 item

2455 5637 2612 5674 unum
2660 5620 2986 5675 tlturibulum
3029 5620 3168 5676 {item
3209 5639 3271 5674 =:n
3333 5621 3547 5690 planbm
3594 5635 3716 5675 cum
3763 5624 4016 5690 manica;
