4138 6328
242 200 452 243 ιιίιιι

242 281 378 357 ἰαί
398 300 505 354 duo
529 311 634 354 ma
658 298 727 361 de
749 300 956 359 strusio
995 307 1183 352 ornata
1214 304 1437 364 argento
1460 309 1477 358 ;
1515 291 1642 346 item
1676 288 1816 358 legia

238 374 391 453 duo;
424 386 555 443 item
584 384 950 442 faldistorium
990 383 1327 457 pontiﬁcale.

311 473 605 540 Caeterum,
635 478 762 547 quia
793 487 914 547 Mi
946 475 1357 531 emanationem
1396 473 1635 545 priorum
1674 470 1819 524 litte-

235 584 432 624 rarum
482 567 865 637 pradictarum
904 566 1034 622 dicti
1084 567 1180 621 Dni
1239 565 1343 632 Pii,
1389 566 1533 621 dicta
1587 562 1809 617 basilica

236 659 484 730 prafatis
513 659 772 714 fratribus
798 658 1005 715 ordinis
1056 656 1327 712 uiuorum
1374 669 1630 729 concessa
1657 662 1711 709 et
1742 653 1809 708 ad

228 765 429 806 eorum
456 752 713 819 ordinent
743 754 959 806 reducta
990 749 1223 815 exstitit,
1259 756 1318 802 ut
1344 744 1651 817 praefertur,
1684 759 1805 811 nos,

198 843 615 900 'existimantes
659 858 759 913 per
789 844 1008 898 eosdem
1050 841 1243 896 fratres
1294 854 1455 907 posse
1505 836 1667 893 dicta
1721 852 1816 890 ca-

230 934 392 1003 pella
431 936 485 990 in
523 935 725 990 divinis
748 934 1157 989 convenientius
1181 941 1233 986 et
1273 931 1484 985 facilius
1517 943 1679 997 quam
1713 943 1812 998 per

228 1027 529 1081 saculares
588 1027 938 1097 presbyteros
978 1023 1263 1089 deserviri,
1318 1023 1371 1076 in
1401 1035 1663 1093 personas
1690 1035 1810 1089 quae

225 1116 412 1171 eidem
442 1116 676 1187 capellae
720 1115 1013 1189 deservire
1086 1115 1280 1170 debent
1327 1114 1609 1184 religiosos
1663 1113 1811 1187 vit-os

226 1206 433 1262 fratres
461 1208 590 1261 dicti
628 1207 833 1262 ordinis
854 1206 1121 1261 Minorum
1154 1205 1209 1260 in
1243 1206 1381 1260 dicta
1405 1204 1631 1261 basilica
1665 1220 1810 1259 nunc

222 1310 287 1355 et
324 1300 382 1354 in
419 1307 693 1368 posterum
754 1299 1142 1354 babitantes'in
1198 1306 1521 1366 perpetuum
1553 1312 1619 1351 ex
1664 1310 1808 1377 nunc

226 1391 569 1445 instituimus
616 1399 675 1445 et
716 1398 905 1443 tenore
951 1388 1299 1457 praesentium
1340 1402 1439 1457 pro
1482 1389 1743 1442 institutis
1773 1402 1805 1442 a

224 1483 463 1538 nobisin
493 1495 812 1553 perpetuum
854 1480 1040 1536 haberi
1075 1479 1347 1545 volumus,
1381 1481 1624 1535 volentes
1641 1480 1806 1535 etiam

221 1582 283 1629 et
307 1573 626 1629 ordinantes
658 1574 802 1644 quod
859 1571 957 1663 ipsi
1014 1571 1207 1627 fratres
1235 1570 1676 1663 jurepatronatus
1718 1569 1827 1646 εει-ι,

221 1668 391 1721 terim
440 1681 468 1718 a
514 1664 678 1722 dictis
719 1654 931 1718 abbate
958 1673 1013 1717 et
1054 1663 1237 1730 priore
1268 1654 1481 1731 penitus
1532 1659 1802 1727 abdicato,

226 1756 511 1825 przfatam
541 1756 798 1826 capellam
829 1763 882 1810 et
912 1769 1007 1826 per
1034 1756 1274 1823 ipsorum
1318 1764 1690 1823 procuratores
1720 1754 1803 1808 vel

216 1845 483 1916 syndicos
519 1846 818 1917 ejus,bona
871 1856 1107 1911 teneant,
1157 1854 1209 1899 et
1257 1845 1311 1897 in
1358 1843 1542 1897 eadem
1597 1843 1801 1914 capella

217 1938 379 1991 οηιηί
412 1936 497 1992 die
518 1952 681 1991 unam
715 1938 937 1991 missam
968 1935 1245 1991 celebrent
1300 1935 1381 1989 vel
1428 1935 1687 1990 celebrari
1716 1935 1800 1990 fa-

219 2026 379 2079 ciant
408 2026 509 2079 ltoc
543 2027 721 2090 modo,
760 2010 923 2078 videi.
956 2024 1148 2078 diebus
1182 2024 1455 2089 Mercurii,
1497 2024 1719 2078 Veneris
1746 2035 1801 2078 et

219 2114 479 2183 sabbati,
509 2116 730 2168 missam
766 2128 862 2183 pro
888 2114 1189 2179 defunctis;
1230 2114 1313 2166 die
1343 2128 1469 2167 vero
1498 2112 1797 2176 Dominica,

214 2204 450 2263 missam
487 2212 834 2268 currentem;
864 2203 950 2258 die
982 2201 1165 2267 Lutum,
1200 2202 1413 2255 missam
1453 2201 1510 2255 S.
1565 2202 1794 2270 Angeli;

214 2295 315 2350 die
360 2308 489 2349 vero
537 2292 747 2358 Martis,
800 2292 1021 2346 missam
1071 2290 1128 2346 S.
1164 2291 1384 2346 Joannis
1421 2291 1703 2360 Baptistae:
1743 2300 1797 2346 et

212 2387 313 2442 die
350 2383 514 2452 Jovis,
557 2385 775 2439 missam
806 2384 865 2439 S.
895 2384 1177 2439 Trinitatis
1224 2399 1345 2438 cum
1405 2399 1796 2438 commemora-

215 2479 373 2532 tione
395 2475 453 2531 S.
485 2476 755 2546 Eugeniae,
793 2487 845 2530 et
873 2470 1034 2529 etiam
1058 2489 1181 2528 cum
1218 2474 1440 2529 collecta
1471 2474 1524 2527 in
1559 2476 1798 2544 qualibet

216 2582 331 2636 pro
384 2566 655 2622 dciuumis
689 2555 971 2621 referendo
999 2580 1093 2636 pro
1119 2566 1257 2620 vivis
1303 2580 1493 2620 nomen
1528 2576 1795 2629 nostrum,

216 2675 324 2732 pro
383 2658 607 2714 mortuis
633 2673 754 2729 post
788 2658 946 2730 15.9
983 2667 1211 2712 mortem
1268 2672 1462 2711 nomen
1524 2667 1792 2721 nostrum,

211 2748 419 2805 lsidori
468 2757 523 2803 et
554 2746 791 2803 Dosithei
821 2748 1197 2817 episcoporum
1224 2762 1239 2812 ;
1274 2747 1400 2801 item
1445 2744 1711 2801 Theodori
1742 2759 1797 2803 et

211 2839 539 2904 Theodore,
573 2853 637 2894 ac
676 2837 955 2892 Michaelis
988 2836 1301 2905 cthorgii,
1326 2831 1795 2906 etaliorum’quos

212 2916 274 2987 in
305 2931 604 2986 intentione
654 2939 838 3007 nostra
878 2929 1159 2995 habemus,
1194 2943 1293 2983 nec
1335 2926 1450 2983 non”
1471 2931 1610 2999 quod
1637 2930 1794 2985 annis

209 3022 465 3092 singulis,
498 3021 707 3076 decima
756 3028 844 3075 die
879 3021 1081 3077 mensis
1118 3020 1474 3090 Septembris,
1506 3032 1795 3076 teneantur

210 3113 417 3169 fratres
447 3112 549 3182 ipsi
594 3123 821 3173 cantare
867 3113 1076 3181 vigilias
1103 3104 1436 3166 mertuorum
1470 3122 1525 3166 et
1572 3114 1789 3167 missam

195 3194 513 3284 solemnem
567 3220 665 3273 pro
695 3204 961 3261 defunctis
1016 3207 1215 3261 nostris
1272 3207 1689 3276 prmnoininatis.
1735 3208 1792 3263 Si

210 3307 401 3353 tamen
458 3311 587 3353 casu
618 3298 797 3367 aliquo
839 3298 1122 3366 aliquando
1177 3297 1611 3367 contingerethut
1656 3313 1793 3367 prte-

208 3390 422 3443 dictum
455 3398 558 3453 est,
599 3389 740 3459 quod
788 3388 914 3443 dicti
965 3387 1161 3441 fratres
1200 3385 1463 3440 Minorum
1500 3388 1567 3440 ab
1598 3389 1786 3441 eadem

210 3478 443 3533 basilica
476 3480 789 3533 recederent
836 3491 1061 3546 eamque
1089 3477 1443 3539 dimitterent,
1468 3490 1532 3528 ac
1572 3464 1685 3543 ipsa
1718 3476 1786 3530 ad

207 3570 539 3624 clericorum
600 3569 921 3638 regularium
983 3568 1218 3637 regimen
1253 3566 1632 3629 reduceretur,
1661 3576 1789 3621 tunc

208 3668 268 3713 et
319 3673 387 3712 eo
417 3674 546 3713 casu
579 3660 779 3713 dicmm
828 3658 917 3727 jus
955 3666 1274 3727 patronatus
1326 3666 1378 3712 et
1427 3658 1788 3725 praesentandi

207 3749 395 3804 locum
454 3750 651 3804 habere
680 3749 923 3817 illudque
968 3749 1039 3811 ad
1066 3748 1317 3802 abbatem
1374 3748 1691 3802 monasterii
1725 3748 1784 3803 S.

207 3839 369 3895 Pauli
415 3851 469 3894 et
519 3842 748 3909 priorem
782 3840 972 3894 domus
1016 3838 1072 3893 S.
1102 3839 1281 3895 Maria:
1316 3840 1380 3894 de
1414 3839 1614 3908 Populo
1644 3854 1785 3907 pra:-

206 3934 394 3987 dictos
436 3932 485 3985 in
528 3940 844 4001 perpetuum
880 3931 1153 4000 pertinere
1185 3932 1433 3985 volumus
1462 3938 1516 3984 et
1568 3930 1786 3985 ordina-

208 4041 364 4090 mus,
419 4026 509 4093 qui
567 4024 732 4079 abbas
763 4034 817 4078 et
848 4024 993 4092 prior
1040 4038 1137 4093 pro
1171 4033 1409 4091 tempore
1440 4023 1783 4082 exsistcntes.

207 4126 423 4172 attento
458 4117 598 4184 quod
650 4117 764 4183 ipsa
816 4115 1021 4183 capella
1062 4129 1159 4181 pro
1192 4130 1343 4175 nunc
1393 4129 1423 4168 a
1488 4114 1640 4167 nobis
1688 4127 1785 4181 pro

206 4215 424 4269 duobus
469 4211 759 4279 capellanis
791 4208 1119 4264 sullicienter
1170 4210 1351 4263 dotata
1404 4218 1510 4273 est,
1556 4209 1786 4262 debeant

211 4316 327 4357 tam
376 4304 544 4371 prima
606 4303 722 4355 vice
776 4314 935 4368 quam
1001 4300 1209 4367 quoties
1261 4315 1424 4354 casus
1486 4301 1782 4354 vacationis

205 4394 360 4449 illius
395 4393 708 4456 occurrerit,
774 4392 906 4445 duas
955 4405 1211 4457 personas
1248 4391 1470 4453 idoneas
1502 4393 1559 4463 in
1594 4406 1777 4445 sacer-

204 4482 363 4538 dotio
413 4483 731 4535 constitutas
779 4479 1039 4534 cardinali
1091 4479 1328 4547 ejusdem
1392 4482 1625 4535 basilicae
1686 4496 1782 4548 pro

204 4584 456 4641 tempore
480 4570 758 4627 exsistenti
784 4587 878 4641 per
908 4587 1028 4626 eum
1073 4571 1427 4625 instituendas
1458 4581 1783 4640 praesentare

192 4666 361 4736 juxta
390 4662 795 4732 dispesitionem
828 4663 881 4714 in
911 4661 1071 4715 dictis
1102 4662 1371 4729 prioribus
1407 4662 1501 4712 Dni
1534 4660 1611 4712 Pii
1642 4661 1780 4713 litte-

202 4759 287 4811 ris
333 4754 471 4807 circa
513 4765 678 4806 unum
736 4751 1067 4819 capellanum
1130 4750 1345 4803 iactam.
1399 4749 1503 4814 Qui
1557 4753 1775 4817 quidem

200 4843 469 4914 capellani
500 4840 736 4911 qualibet
757 4832 1050 4909 septimana
1078 4851 1278 4905 septem
1309 4840 1520 4902 missas,
1552 4841 1778 4913 singulis

198 4934 460 4991 videlicet
493 4933 679 4987 diebus
714 4932 765 4985 in
808 4934 992 4984 eadem
1050 4930 1251 4997 capella
1288 4928 1552 4993 vicissim,
1614 4931 1776 4984 modo

198 5038 263 5084 et
292 5024 485 5080 ordine
533 5022 782 5093 superius
814 5021 1076 5076 ordinatis
1100 5032 1153 5073 et
1184 5021 1482 5090 expressis,
1526 5032 1579 5073 et
1632 5038 1772 5090 prae-

199 5121 349 5173 dicta
409 5116 613 5170 decima
664 5114 751 5168 die
804 5114 1009 5183 vigilias
1062 5119 1398 5165 mortuorum
1445 5114 1760 5181 etoﬂicium

190 5198 378 5264 totum
426 5220 490 5259 ac
520 5205 737 5260 missam
792 5220 888 5273 pro
928 5200 1192 5256 defunctis
1240 5202 1425 5271 legere
1462 5214 1773 5260 teneantur.

197 5300 431 5367 Insuper
498 5293 693 5348 casalis
724 5303 777 5347 et
810 5295 976 5347 vinea:
1016 5308 1081 5345 ac
1130 5291 1356 5345 aliorum
1412 5290 1678 5348 bonownt
1722 5309 1775 5349 ct

189 5392 454 5463 jocalium
490 5385 865 5456 praedictorum
900 5383 999 5452 ipsi
1033 5385 1272 5453 capellre,
1322 5394 1379 5437 ut
1434 5387 1771 5454 praedicitur,

196 5497 295 5552 pcr
332 5493 431 5534 nos
467 5477 805 5539 donaturum,
831 5480 884 5525 et
922 5486 1365 5539 quorumcunque
1408 5474 1627 5527 aliorum
1662 5477 1767 5529 vita

193 5573 351 5633 nobis
404 5567 614 5627 comite
661 5579 754 5635 per
803 5580 899 5621 nos
932 5562 981 5618 in
1034 5572 1301 5631 posterum
1364 5564 1750 5635 donandorum,

951 185 1249 249 ALOYSII
1290 181 1649 245 BANDINII
1677 180 1791 242 C0]

1898 179 2327 245 summos.
2363 160 2871 249 --ΛΡΡΕΝῡὶΧέ
3428 204 3493 246 ις

1924 289 2301 346 alienationem
2334 294 2583 363 cujusvis
2630 298 2828 365 speciei
2858 304 2951 351 aut
2981 298 3197 368 generis
3221 305 3327 351 tam
3381 298 3548 369 fra-._

1925 381 2098 434 tribus
2153 382 2358 437 ordinis
2399 384 2673 439 Minorum
2702 393 2755 438 ct
2796 399 2988 441 eorum
3020 386 3282 457 syndicis,
3331 401 3489 455 qnam

1921 473 1976 526 in
2007 488 2192 527 casum
2228 477 2565 542 praemissum
2600 476 2893 545 capellanis
2946 476 3221 544 praedictis
3262 485 3318 531 et
3371 477 3493 545 qui-
3586 512 3591 518 ι

1924 564 2237 633 buscunquc
2285 569 2407 620 aliis
2443 568 2600 623 dicta!
2630 569 2849 638 capella-
2866 576 2916 622 et
2943 566 3062 635 ejus
3092 567 3357 622 bonorum
3387 568 3490 621 ad-

1927 654 2388 712 ministratoribus
2444 668 2704 727 perpetuo
2738 657 3109 713 interdicimus
3139 667 3302 727 atque
3350 671 3488 727 pro-

1918 746 2190 811 hibemus,
2210 749 2449 827 volentes
2478 748 2830 802 alienationes
2858 750 3024 817 ipsas,
3045 748 3090 801 si
3118 762 3240 816 qua
3267 749 3483 815 iicreat,

1918 838 2119 891 nullius
2170 852 2290 891 esse
2347 839 2555 891 rohoris
2604 840 2686 891 vel
2761 839 3039 902 momenti,
3088 836 3184 891 sed
3222 838 3485 893 adversus

1914 933 2188 991 emptores
2216 935 2308 977 aut
2356 923 2490 978 alios
2518 924 2755 993 ipsorum
2794 926 3011 988 casalis,
3030 925 3202 979 vinea
3227 934 3284 981 et
3314 925 3482 983 bono-

1920 1025 2041 1064 rum
2067 1026 2387 1081 quocunque
2442 1014 2595 1068 titulo
2633 1023 2944 1084 receptores
2992 1029 3088 1081 pro
3113 1016 3272 1069 dictis
3298 1014 3477 1070 fratri-
3514 1002 3518 1007 ’

1913 1102 2017 1181 bus
2055 1102 2138 1155 vel
2172 1102 2463 1172 capellanis
2491 1118 2813 1175 quocunque
2848 1112 3090 1174 tempore
3122 1102 3238 1159 fore
3265 1105 3330 1159 ad
3384 1106 3472 1160 illa

1916 1207 2246 1264 regressum.

1979 1327 2110 1393 Quae
2132 1328 2315 1381 omnia
2344 1335 2398 1381 et
2431 1326 2643 1397 singula
2695 1329 3068 1401 suprascripta
3113 1340 3168 1385 et
3200 1332 3477 1401 quodlibet

1908 1434 2097 1475 eorum
2145 1436 2244 1474 nos
2281 1420 2572 1488 Bessarion
2630 1422 2939 1490 cpiscopus,
2971 1422 3259 1476 cardinalis
3300 1434 3355 1475 et
3388 1437 3479 1491 pa-

1907 1510 2142 1563 triarcha
2171 1510 2479 1578 praedictus,
2501 1520 2692 1579 sponte
2712 1519 2766 1564 et
2786 1527 2849 1565 ex
2878 1526 3023 1565 mera
3052 1521 3231 1565 nostra
3254 1511 3475 1567 scientia

1918 1615 1982 1655 ac
2032 1601 2375 1663 liberalitate,
2411 1613 2467 1654 ut
2500 1601 2862 1669 praemittitur,
2893 1600 3190 1665 donamus,
3222 1601 3478 1656 concedi-

1908 1708 2053 1758 mus,
2112 1694 2507 1759 renuntiamus,
2546 1692 2799 1758 facimus,
2851 1696 3013 1762 atque
3076 1708 3235 1747 manu
3292 1700 3475 1747 nostra

1908 1784 2117 1853 pectori
2178 1798 2328 1839 more
2377 1782 2720 1852 praelatorum
2780 1785 3051 1855 apposita,
3108 1784 3475 1852 promittimus

1904 1874 2064 1929 dicta:
2103 1874 2321 1944 capellae
2351 1875 2549 1943 eteius
2571 1875 2863 1942 capellauis
2894 1873 3055 1944 150
3094 1863 3476 1941 suprascriptis

1905 1965 2265 2033 omnibusque
2302 1965 2421 2020 aliis
2474 1974 2529 2020 et
2585 1966 2815 2033 singulis
2845 1983 3077 2036 quorum
3126 1970 3351 2025 interest
3391 1971 3473 2024 vel

1903 2056 2165 2107 interesse
2218 2055 2418 2121 poterit
2475 2056 2879 2123 quomodolibet
2900 2050 2964 2111 in
2999 2058 3257 2119 futurum.
3282 2075 3343 2113 ac
3378 2076 3473 2114 no-

1898 2142 2041 2208 tario
2095 2142 2309 2209 publico
2370 2141 2758 2210 infrascripto,
2813 2152 3071 2212 tanquam
3139 2147 3367 2215 publica:
3416 2156 3472 2202 et

1900 2232 2224 2286 authentica‘.
2261 2247 2503 2301 personae
2562 2234 2664 2287 rite
2704 2243 2758 2288 et
2812 2235 3047 2304 legitime
3101 2238 3378 2305 stipulanti
3415 2248 3472 2293 et

1898 2323 2177 2391 recipienti
2214 2325 2330 2378 vice
2376 2335 2430 2379 et
2468 2326 2691 2380 nomine
2749 2329 2986 2383 omnium
3035 2339 3089 2382 et
3133 2330 3467 2399 singulorum

1904 2415 2329 2483 praedictorum,
2375 2423 2644 2483 perpetuo
2700 2418 2979 2472 attendere
3026 2427 3081 2473 et
3131 2421 3471 2475 inviolabiter
3522 2484 3524 2487 τ

1901 2506 2216 2569 observare,
2258 2521 2355 2559 nec
2386 2508 2438 2560 in
2469 2507 2651 2576 aliquo
2688 2507 2893 2562 directe
2940 2510 3020 2564 vel
3072 2510 3331 2565 indirecte
3371 2526 3470 2579 per

1909 2611 2010 2651 nos
2041 2598 2123 2650 vel
2158 2595 2320 2650 alium
2354 2612 2450 2653 seu
2494 2598 2628 2653 alios
2655 2612 2867 2668 quoquo
2902 2603 3060 2654 modo
3090 2603 3465 2657 contravenire

1898 2687 2058 2741 velle.
2093 2685 2151 2740 lu
2183 2701 2410 2755 quorum
2454 2691 2692 2744 omnium
2724 2699 2777 2743 et
2829 2690 3164 2757 singulorum
3197 2692 3353 2746 fidem
3411 2702 3467 2749 et

1898 2778 2265 2833 testimonium
2315 2781 2715 2848 praemissorum
2751 2792 3042 2851 praesentes
3081 2791 3292 2838 nostras
3323 2784 3466 2838 litte-

1899 2886 2011 2938 ras,
2042 2870 2159 2924 sive
2202 2885 2437 2939 praesens
2478 2871 2747 2939 publicum
2800 2874 3211 2931 instrumentum
3244 2890 3339 2944 per
3369 2892 3465 2949 no-

1900 2964 2096 3017 tarium
2143 2961 2551 3030 inlrascriptnm
2604 2963 2741 3027 ﬁeri,
2777 2964 3047 3019 subscribi
3080 2958 3137 3020 et
3175 2967 3461 3035 publicari,

1895 3053 2173 3121 nostrique
2230 3051 2387 3120 sigilli
2439 3050 2708 3121 iussimus
2767 3062 2820 3108 et
2879 3054 3105 3129 fecimus
3131 3058 3462 3126 appensione

1895 3158 2241 3201 communiri.

1964 3259 2157 3313 Datum
2189 3269 2241 3313 et
2269 3270 2447 3315 actum
2482 3260 2664 3315 Roma
2697 3262 2750 3315 in
2787 3261 3039 3315 domibus
3072 3261 3272 3316 nostris
3309 3261 3453 3330 apud

1898 3349 2000 3405 SS.
2020 3352 2329 3419 Apostolos,
2350 3367 2490 3405 anno
2512 3367 2542 3405 a
2567 3354 2732 3405 nativ.
2750 3352 2961 3407 Domini
2982 3351 3140 3416 “67,
3157 3352 3338 3406 indict.
3365 3368 3456 3417 xv,

1891 3439 1982 3492 die
2020 3453 2149 3491 vero
2180 3438 2402 3491 Veneris
2446 3438 2649 3491 decima
2690 3437 2889 3490 tnensis
2935 3438 3150 3502 Aprilis,
3178 3436 3457 3503 pontiﬁca-

1890 3535 1978 3581 tus
2011 3525 2111 3579 SS.
2155 3526 2208 3578 in
2237 3525 2456 3578 Christo
2493 3526 2662 3577 Patris
2708 3539 2773 3577 ac
2803 3524 2900 3577 Dui
2932 3524 3103 3576 nostri
3152 3524 3251 3575 Dni
3280 3522 3449 3587 Pauli,

1890 3617 2067 3671 divina
2110 3615 2443 3683 providentia
2479 3625 2628 3681 papa:
2668 3613 2911 3674 [Latino
2938 3614 3135 3677 tertio;
3167 3614 3448 3679 praesenti-

1890 3708 1991 3762 bus
2047 3707 2245 3761 ibidem
2298 3704 2517 3775 provido
2578 3718 2640 3756 ac
2687 3702 2935 3756 discretis
2988 3702 3121 3756 viris
3188 3703 3450 3771 magistro

1888 3798 2093 3854 Joanne
2118 3796 2300 3867 Knyﬂ‘,
2330 3797 2666 3849 decretorum
2711 3794 2951 3858 doctore,
2994 3793 3237 3869 auditore
3275 3803 3327 3846 ct
3358 3808 3447 3847 ca-

1889 3892 2129 3961 pellano;
2158 3888 2365 3944 Joanne
2395 3886 2588 3951 Lenss,
2619 3900 2814 3939 canon.
2857 3885 3096 3939 ecclesite
3131 3885 3187 3937 S.
3220 3884 3447 3939 Andreae

1887 3983 2190 4045 Colonien.,
2223 3980 2431 4035 Joanne
2470 3979 2661 4033 Franc.
2690 3980 2754 4032 de
2792 3976 3203 4045 Bentltevogliis,
3242 3977 3446 4030 littera-

1890 4091 2007 4129 rnm
2058 4089 2226 4128 sacrae
2274 4058 2693 4126 l’oenitentiariae
2730 4070 3039 4137 apostolicae
3066 4069 3349 4138 scriptore,
3392 4080 3447 4124 et

1887 4167 2186 4241 Raphaele‘
2216 4162 2459 4225 Baldulo,
2522 4162 2719 4217 clerico
2775 4160 3135 4241 Fulginatenz,
3178 4162 3447 4215 scutifcris

1887 4259 2107 4315 nostris,
2142 4234 2365 4307 testibus
2400 4254 2463 4305 ad
2494 4254 2767 4320 praemissa
2808 4253 3012 4307 vocatis
3046 4234 3352 4319 specialiter
3391 4265 3442 4306 et

1887 4346 2103 4415 rogatis.

1957 4478 2019 4531 Et
2048 4492 2145 4544 ego
2184 4478 2419 4531 Joannes
2450 4476 2515 4529 de
2561 4460 2881 4540 Ileesboem,
2909 4476 3053 4529 clerii
3075 4491 3133 4527 ns
3194 4476 3441 4529 Camera-

1882 4572 2351 4650 censisdicecesis,
2378 4568 2620 4638 publicus
2650 4571 2805 4621 sacra
2837 4567 3097 4635 imperiali
3126 4572 3440 4624 auctoritate

1882 4663 2147 4725 notarius,
2183 4664 2304 4730 quia
2334 4659 2626 4731 prtemissis
2678 4660 2925 4713 omnibus
2962 4671 3011 4713 et
3042 4660 3287 4730 singulis,
3318 4664 3437 4715 dum

1880 4752 1978 4815 sic,
2006 4764 2061 4805 ut
2094 4753 2433 4821 praemittitur
2456 4791 2471 4813 ,
2494 4764 2585 4817 per
2620 4751 2898 4817 praefatum
2921 4750 3109 4803 [intum
3145 4753 3191 4803 in
3226 4752 3439 4805 Christo

1878 4842 2093 4897 Patrem
2134 4855 2189 4897 et
2244 4844 2303 4897 Ο.
2338 4843 2732 4908 Bessarionem,
2774 4836 3080 4912 cpiscOputn
3112 4845 3435 4897 cardinalem

1878 4942 1931 4987 et
1956 4936 2342 5000 patriarcham,
2387 4933 2569 4986 fierent
2602 4940 2654 4987 et
2686 4948 2990 5001 agerentur,
3024 4949 3123 4985 una
3154 4949 3271 4987 cum
3306 4949 3438 5001 prac-

1890 5028 2182 5079 nominatis
2232 5028 2456 5081 testibus
2483 5025 2723 5090 interfui,
2754 5041 2920 5093 eaque
2959 5026 3035 5077 sic
3068 5026 3180 5078 ﬁeri
3230 5024 3334 5078 vidi
3384 5034 3435 5076 et

1887 5117 2103 5181 audivi;
2140 5118 2258 5169 ideo
2288 5119 2385 5170 hoc
2434 5132 2670 5185 praesens
2721 5116 2985 5183 publicum
3022 5116 3432 5166 instrumentum

1881 5223 2044 5261 manu
2082 5210 2324 5271 alterius,
2372 5224 2455 5260 me
2493 5208 2612 5259 aliis
2644 5206 2873 5271 legitime
2896 5216 3153 5270 ocmzpsto
3184 5205 3433 5269 negotiis,

1881 5300 2108 5351 ﬁdeliter
2139 5298 2394 5363 scriptum
2423 5297 2614 5347 exinde
2648 5292 2872 5356 confeci,
2930 5291 3219 5353 subscripsi
3255 5303 3301 5343 et
3341 5308 3435 5360 pa-

1874 5389 2068 5443 blicavi
2122 5398 2171 5439 et
2216 5389 2264 5438 in
2317 5387 2452 5437 hanc
2479 5384 2745 5450 publicam
2776 5382 2997 5434 formam
3044 5382 3240 5449 redegi,
3282 5384 3436 5449 signo

1874 5488 1926 5531 et
1956 5477 2166 5529 nomine
2198 5489 2311 5528 meo
2344 5473 2511 5525 solitis
2543 5482 2595 5525 et
2625 5473 2915 5535 consuetis,
2944 5488 3039 5523 una
3076 5488 3193 5525 cum.
3232 5475 3432 5541 taurini

1878 5568 1997 5622 limi
2052 5566 2149 5619 Dni
2202 5566 2489 5619 caidinalis
2537 5563 2693 5633 sigilli
2740 5564 3067 5635 appensionc
3104 5566 3305 5633 signa-ti
3340 5584 3347 5617 ;
3380 5566 3431 5621 i1:
