4138 6328
664 272 749 310 ιρι

664 373 825 427 iidem
859 379 915 423 et
947 369 1312 423 testimonium
1344 368 1585 421 omnium
1613 376 1667 421 et
1711 363 2045 432 singulorum
2088 372 2230 426 prae-

652 459 959 516 tnissortttn
987 470 1202 528 rogatus
1235 469 1288 511 et
1318 458 1639 526 requisitos.

1316 594 1470 663 151
1508 592 1576 646 Χ·

673 689 831 743 Bulla
864 707 967 758 qua
1009 688 1205 741 Paulus
1244 687 1295 741 Η
1336 686 1675 758 donationem
1734 678 2023 758 sacelli_S.
2064 677 2231 758 Euge-

743 763 843 811 m‘a:
868 751 900 810 ἱι
930 759 1190 810 cardinult'
1241 758 1573 821 Bassaricas,
1592 755 1784 821 factum
1817 751 2116 815 conﬁrmat,
2152 762 2240 797 sa-

740 828 1027 894 ccllnmqnc
1056 830 1223 893 ipsum
1256 841 1373 877 cum
1402 822 1521 877 dote
1553 818 1666 894 PP.
1704 818 1994 873 Minoribus
2021 829 2239 868 conven-

746 892 973 949 tuulibu's
1006 894 1063 949 S.
1094 894 1369 947 Fruncisci
1394 892 1662 945 attribuit.

746 1011 944 1065 Paulus
976 1012 1277 1078 episcopus,
1314 1022 1504 1061 servus
1538 1020 1819 1060 servorum
1872 1002 1987 1061 Dei,
2049 1000 2115 1054 ad
2152 998 2240 1052 fu-

592 1165 598 1170 η
683 1114 855 1155 Iuram
884 1101 956 1155 rei
995 1098 1333 1153 memoriam.
1367 1097 1423 1150 In
1473 1094 1729 1149 eminenti
1765 1091 2073 1161 apostolica
2096 1090 2243 1144 ’scdis

680 1189 899 1258 speculo
925 1188 1224 1251 constituti,
1262 1201 1379 1254 quze
1420 1200 1517 1251 pro
1572 1184 1921 1237 ecclesiarum
1962 1182 2156 1235 decore
2187 1190 2240 1233 et

682 1278 848 1330 divini
885 1276 1061 1330 cultus
1091 1284 1376 1343 augmento
1434 1275 1725 1339 praisertim
1781 1287 1876 1340 per
1907 1271 2243 1324 venerabiles

685 1370 877 1423 fratres
908 1377 1121 1421 nostros
1174 1366 1231 1418 S.
1284 1365 1538 1418 Romana;
1578 1364 1829 1419 Ecclesia:
1886 1357 2240 1417 eardiualium

685 1457 907 1526 provide
938 1466 1083 1525 gesta
1112 1465 1258 1517 sunt,
1292 1455 1481 1520 placidi
1534 1456 1765 1521 pastoris
1796 1463 2015 1523 aspectu
2056 1440 2259 1520 benig-V

683 1548 809 1601 nius
836 1547 1125 1608 intuemur,
1162 1554 1218 1598 ut
1245 1561 1311 1597 ne
1343 1546 1428 1597 illa
1457 1545 1684 1612 alicujus
1711 1544 2079 1613 ambiguitatis
2108 1544 2235 1598 sub-

681 1636 938 1702 jiciantur
988 1637 1262 1704 scrupulo.
1320 1635 1412 1691 sed
1458 1647 1711 1703 perpetuo
1771 1637 1975 1689 illibata
2026 1650 2246 1705 perma-

689 1739 868 1791 neant,
903 1744 1058 1797 opem
1083 1736 1137 1780 et
1163 1742 1379 1797 operam
1409 1727 1694 1781 eﬂicaeiter
1715 1728 2072 1793 impartimur.
2101 1724 2247 1779 Sane

687 1836 808 1875 cum
845 1821 1045 1874 dudum
1079 1819 1167 1872 fel.
1202 1818 1409 1872 record.
1436 1816 1564 1872 Pius
1601 1831 1734 1886 papa
1781 1817 1846 1881 ll,
1885 1818 2248 1883 praedecessor

691 1920 896 1979 noster,
931 1926 1053 1967 ven.
1079 1910 1234 1965 fratri
1264 1920 1449 1965 nostro
1487 1910 1819 1973 Bessarioni,
1844 1892 2097 1979 episeopo
2136 1907 2251 1961 Tu-

692 2004 939 2066 sculano,
996 2002 1253 2057 cardiuali
1301 2001 1516 2056 Nion-no
1566 2011 1893 2070 nuncupato,
1939 2002 2033 2069 qui
2086 2001 2246 2054 etiam

696 2106 821 2151 tunc
878 2097 1091 2149 titulum
1150 2093 1443 2162 presbyteri
1511 2094 1799 2147 cardinaiis
1855 2092 2093 2147 basilicae
2150 2089 2251 2143 Xll

695 2187 1067 2254 Apostolorum
1098 2184 1166 2238 de
1216 2182 1363 2237 Urbe
1424 2183 1479 2237 in
1532 2183 1907 2237 continendam
1951 2180 2248 2245 obtinebat,

696 2287 850 2341 prout
876 2278 1117 2340 obtinet',
1154 2285 1210 2328 ut
1243 2274 1503 2342 capellam
1550 2276 1652 2327 sub
1693 2274 2033 2328 invocatione
2060 2272 2255 2327 S.’Eu-

696 2368 890 2435 genia,
922 2369 1081 2418 sitam
1114 2369 1167 2419 in
1197 2367 1383 2418 eadem
1413 2365 1657 2425 basilica,
1697 2380 1819 2429 quze
1868 2366 2109 2418 indotata
2139 2375 2258 2421 erat

695 2468 751 2511 et
778 2456 1175 2510 restauratione
1204 2454 1497 2519 indigebat,
1523 2468 1789 2519 quamque
1813 2454 1925 2519 ipse
1974 2454 2257 2506 Bessarion

697 2545 982 2611 cpiscopus
1039 2556 1136 2609 pro
1177 2556 1289 2595 sua:
1316 2542 1826 2609 progenitorumquc
1875 2553 2095 2592 suorum
2144 2544 2262 2590 ant-

701 2649 909 2688 marum
940 2633 1115 2686 salute
1142 2648 1238 2699 pro
1269 2648 1373 2685 uno
1398 2632 1677 2698 capellano
1721 2630 2047 2684 sumeienter
2078 2630 2264 2682 dotare

701 2726 1067 2785 desiderabat,
1115 2731 1181 2777 ad
1235 2722 1621 2787 omnipotentis
1673 2720 1765 2773 Dei
1822 2721 2033 2775 laudem
2065 2731 2117 2772 et
2146 2721 2264 2789 glo-

708 2822 841 2868 tiam
887 2828 1139 2883 reparare
1184 2828 1248 2867 ac
1304 2812 1402 2866 sub
1453 2797 1787 2865 invocatione
1841 2810 1941 2867 SS.
1980 2812 2265 2872 Michaelis

703 2908 1011 2974 archangeli
1048 2917 1103 2960 et
1119 2905 1343 2959 Joannis
1374 2904 1623 2971 Baptista:
1648 2920 1709 2958 ac
1737 2905 1796 2960 S.
1847 2904 2098 2973 Eugenix
2141 2904 2265 2956 inti-

706 2998 900 3059 tulare,
932 3011 1030 3049 nec
1056 3010 1164 3049 non
1195 2996 1366 3060 libris,
1408 2996 1742 3060 paramentls
1774 3004 1829 3049 et
1862 2997 1986 3049 aliis
2009 2995 2266 3049 ecclesia-

708 3089 862 3144 sticis
888 3088 1221 3143 ornamentis
1256 3087 1441 3141 divino
1467 3088 1633 3141 cultui
1688 3086 2007 3141 necessariis
2053 3086 2265 3153 fulcire,

711 3192 762 3237 et
797 3170 1225 3247 competentibus
1250 3196 1345 3250 pro
1376 3194 1484 3233 uno
1510 3180 1850 3249 presbytero
1891 3178 2021 3232 inibi
2072 3181 2268 3234 missas

710 3286 761 3327 et
820 3273 999 3325 divina
1052 3271 1222 3325 cilicia
1281 3272 1619 3324 celebraturo
1680 3270 1939 3325 reditibus
1990 3271 2058 3325 de
2114 3271 2271 3328 bonis

712 3365 825 3418 suis
854 3364 1017 3417 etiam
1047 3377 1141 3429 per
1184 3360 1476 3414 Eeclesiam
1518 3360 1800 3428 acquisitis
1850 3361 2037 3414 dotare
2067 3371 2264 3428 pesset,

714 3458 986 3513 licentiam
1023 3464 1078 3507 ct
1114 3454 1419 3508 facultatem
1452 3468 1545 3520 per
1570 3468 1697 3505 suas
1731 3454 1939 3506 litteras
1966 3453 2270 3507 concessis-

713 3556 817 3609 set,
848 3564 911 3601 ac
943 3547 1109 3615 ipsius
1138 3546 1356 3613 capella:
1378 3546 1466 3611 jus
1496 3554 1809 3613 patronatus
1837 3554 1894 3598 et
1914 3536 2273 3612 praesentandi

713 3638 973 3692 cardinali
1029 3636 1183 3689 dicta:
1241 3634 1475 3687 basilicae
1531 3649 1630 3702 pro
1694 3644 1932 3702 tempore
1984 3634 2267 3687 exsistenti

644 3774 647 3775 ,
714 3744 1002 3797 personam
1037 3725 1282 3779 idoneam
1312 3724 1378 3777 ad
1413 3725 1559 3776 illam
1592 3737 1698 3776 tam
1753 3724 1924 3793 prima
1959 3725 2073 3777 vice
2107 3737 2268 3791 quam

714 3819 929 3887 quoties
966 3832 1084 3870 eam
1130 3829 1322 3869 vacare
1366 3816 1721 3882 centingeret,
1771 3815 1871 3867 sibi
1916 3824 1971 3868 et
2001 3824 2119 3881 post
2147 3827 2272 3868 eun

714 3910 897 3967 abbati
944 3905 1253 3961 meuasterii
1305 3904 1364 3957 S.
1402 3905 1546 3958 l’auli
1590 3917 1742 3957 estra
1794 3920 1977 3960 muros
2010 3906 2184 3971 Urbis,
2220 3917 2276 3959 et

718 4001 883 4070 priori
932 3998 1125 4051 domus
1156 3995 1214 4051 S.
1252 3994 1430 4048 Maria:
1465 3997 1533 4047 de
1563 3992 1765 4062 Populo
1804 3997 1871 4049 de
1897 3998 2088 4049 eadem
2120 3998 2271 4063 urbe,

719 4091 776 4145 S.
814 4088 1085 4142 Benedicti
1114 4097 1169 4141 et
1198 4084 1561 4138 Ercmitarutu
1589 4082 1654 4137 S.
1694 4085 1968 4153 Augustini
2001 4084 2277 4153 ordinum,

721 4182 884 4235 etiam
940 4192 1047 4246 pro
1086 4187 1325 4245 tempore
1376 4177 1782 4241 exsistentibus,
1836 4176 1889 4229 in
1930 4190 2273 4246 perpetuum,

722 4270 822 4322 nisi
863 4268 1019 4320 aliter
1049 4277 1174 4319 ante
1214 4276 1439 4318 mortem
1469 4280 1616 4316 suam
1648 4264 1976 4330 disponeret,
2017 4268 2154 4320 idem
2191 4268 2279 4335 jus

720 4369 1036 4427 patronatns
1095 4366 1147 4410 et
1214 4358 1567 4424 prmscntandi
1633 4360 1946 4425 presbytero
2018 4358 2279 4411 eardinali

723 4452 959 4505 basilica:
999 4450 1262 4517 prmdictze
1300 4464 1394 4517 pro
1428 4458 1666 4517 tempttte
1695 4450 1972 4503 exsistcnti
2012 4462 2284 4501 rcserws-

722 4552 826 4605 set,
858 4557 921 4594 ac
957 4542 1206 4611 prximus
1251 4539 1529 4593 Bcssarion
1584 4542 1777 4592 dictum
1818 4543 2080 4607 capellam
2121 4556 2280 4609 repa-

724 4645 841 4685 rare
868 4639 921 4684 et
954 4646 1149 4684 ornare
1176 4632 1447 4698 (cpisset,
1481 4633 1633 4699 eique
1681 4630 1835 4701 152
1866 4650 1962 4700 pro
1995 4636 2117 4687 dote
2147 4650 2297 4703 ηουσ-¹

725 4724 866 4774 nulla
907 4731 1036 4773 tunc
1085 4734 1337 4787 expressa
1376 4722 1511 4773 bona
1551 4725 1773 4775 emisset
1799 4726 2273 4790 atque'donasset,

728 4810 979 4878 prtefatns
1014 4811 1371 4874 praedecessor
1420 4810 1756 4871 postmodum
1784 4811 1857 4860 ad
1893 4812 2061 4877 ipsius
2089 4811 2280 4866 Bessa-

730 4902 897 4954 rionis
947 4898 1281 4962 instantiam,
1332 4908 1387 4951 ct
1415 4912 1481 4951 ex
1508 4900 1671 4951 certis
1707 4900 2055 4957 rationalibus
2101 4890 2280 4960 causis

731 5005 851 5045 tunc
880 4994 1168 5058 expressis,
1206 5002 1261 5044 et
1295 4991 1595 5058 praesertim
1629 5001 1685 5043 ut
1718 4992 1769 5064 in
1822 4992 1937 5060 ipsa
1972 4995 2190 5049 basilica
2224 5000 2275 5050 in

728 5085 921 5137 divinis
957 5097 1187 5151 congrue
1215 5080 1531 5143 servit-ctum
1572 5080 1713 5140 illam
1743 5082 1809 5134 de
1838 5085 2083 5137 stecnlari
2108 5088 2280 5141 ecele-

729 5180 806 5233 sia
833 5179 897 5229 ad
930 5178 1169 5230 ordinem
1202 5174 1446 5227 Fratrum
1480 5175 1742 5227 minorum
1770 5175 1952 5228 reduci
1975 5178 2277 5245 intendens,

731 5283 825 5337 per
853 5270 1111 5335 quasdam
1146 5267 1278 5319 tilias
1305 5280 1433 5319 suas
1471 5266 1677 5320 litteras
1725 5269 1979 5320 venerab.
2010 5267 2135 5321 frat.
2181 5286 2277 5321 nu-

733 5372 845 5413 stro
900 5359 1121 5413 Nicolao
1164 5360 1564 5425 archiepiscopo
1618 5357 1899 5429 Sipontino
1946 5360 2097 5414 dedit
2146 5364 2281 5417 inter

736 5461 923 5504 t‘mtera
954 5453 1006 5505 in
1053 5450 1319 5505 mandatis
1347 5463 1407 5503 ιιι
1441 5450 1607 5518 ipsam
1650 5451 1924 5506 basilicam
1957 5452 2281 5522 professori-

736 5544 834 5596 bus
862 5544 989 5595 dicti
1020 5541 1223 5596 ordinis
1250 5541 1493 5594 Fratrum
1541 5539 1804 5595 ﬂinorum
1856 5542 2199 5607 concederet,
2230 5557 2285 5600 et

736 5644 813 5687 tot
847 5636 1039 5687 fratres
1071 5634 1123 5685 in
1161 5646 1223 5687 ea
1258 5633 1557 5688 institueret
1610 5644 1739 5703 quot
1770 5649 1837 5689 ea
1871 5636 1988 5704 ejus
2019 5633 2281 5694 fructibus

1486 253 1585 314 DE
1622 254 1800 313 VITA
1837 250 1934 310 ET
1975 243 2232 309 assus
2275 194 2552 305 castris
2589 245 3095 310 BESSARIONIS

3769 257 3868 324 ,χει
3878 265 3901 305 ι

2336 347 2573 422 congrue
2621 363 2915 416 sustentari
2945 370 3188 433 possent,
3228 375 3329 415 nec
3376 375 3483 416 non
3550 366 3817 415 statueret
3840 365 3906 427 et

2334 452 2610 506 ordinaret
2646 454 2791 521 quod
2829 468 3017 507 omnes
3072 462 3126 507 et
3154 451 3347 520 singuli
3408 450 3637 513 fructus,
3669 450 3909 511 reditus,

2336 554 2647 611 proventus,
2663 547 3030 612 possessiones
3045 553 3098 597 et
3128 547 3263 597 bona
3295 544 3464 613 ipsius
3491 542 3730 597 basilica:
3747 556 3906 595 com-

2339 637 2540 698 munia,
2574 651 2635 689 ac
2665 636 2750 690 illa
2784 653 2902 704 quae
2928 636 2995 690 ad
3042 640 3423 691 canonicatum
3469 644 3525 689 et
3552 632 3905 703 praebendam

2339 724 2630 779 cardinalis
2658 739 2754 793 pro
2786 737 3026 796 tempore
3055 726 3366 780 cxsistentis
3399 723 3727 791 supradicta
3748 720 3907 776 basi-

2337 817 2456 869 lica:
2486 831 2555 869 ex
2589 826 2737 881 tunc,
2767 817 2872 870 alia
2925 830 3059 871 vero
3114 830 3245 884 quas:
3276 816 3343 869 ad
3379 814 3513 868 alios
3546 816 3913 867 canOnicatus

2338 906 2733 975 et'prtebendas
2758 922 2822 961 ac
2857 906 3115 962 beneﬁcia
3161 908 3327 975 ipsius
3376 905 3611 959 basilicae
3664 890 3914 968 pertine-

2340 996 2487 1059 bant,
2523 1013 2682 1067 quam
2707 1002 2936 1067 primum
2957 999 3246 1053 canonicos
3272 999 3354 1051 vel
3385 996 3729 1051 henetieiatos
3758 995 3918 1061 (jus-

2315 1087 2461 1145 ;dem
2509 1090 2751 1143 ecclesiae
2810 1090 3003 1144 cedere
3057 1090 3139 1143 vel
3195 1088 3482 1155 decedere,
3526 1096 3617 1140 aut
3668 1100 3732 1139 ea
3768 1086 3911 1137 alias

2346 1195 2568 1249 quoque
2603 1182 2761 1241 modo
2786 1182 3060 1236 dimittere
3092 1183 3447 1250 contingeret,
3478 1178 3683 1232 eisdem
3717 1170 3912 1227 fratri-
3946 1224 3950 1231 _

2346 1273 2443 1324 bus
2475 1288 2769 1341 eorumque
2798 1273 2973 1327 ordini
3017 1271 3282 1332 Minorem
3308 1256 3627 1340 applicaret.
3660 1264 3906 1331 Quarum

2344 1361 2559 1428 quidem
2613 1364 2974 1431 posteriorum
3040 1363 3342 1417 litterarum
3414 1361 3603 1426 vigore
3647 1356 3914 1424 praefatus

2344 1451 2597 1508 Nicolatts
2635 1453 3072 1521 archiepiscopus
3103 1454 3378 1507 basilicam
3424 1452 3593 1517 ipsam
3623 1447 3916 1502 Fratribus

2350 1546 2642 1610 concessit,
2672 1559 2737 1598 ac
2772 1546 2959 1598 statuit
3003 1554 3062 1598 et
3109 1544 3380 1600 ordinavit
3427 1542 3652 1601 fructus,
3707 1536 3926 1590 reditus

2316 1668 2325 1677 -
2350 1646 2404 1688 ct
2425 1646 2735 1701 proventus,
2767 1650 2829 1689 ac
2860 1636 3227 1704 possessiones
3254 1642 3309 1687 et
3337 1634 3474 1687 bona
3503 1632 3754 1700 praedicta
3779 1626 3925 1695 ipsis

2349 1743 2649 1798 eorumque
2682 1729 2863 1783 ordini
2902 1730 3164 1782 uiuorum
3195 1727 3475 1794 applicari.

2422 1820 2555 1873 Cum
2611 1821 2814 1888 itaque,
2876 1820 3015 1874 sicut
3064 1817 3316 1887 pratiatns
3379 1817 3668 1871 Bessarion
3724 1828 3922 1869 coram

2354 1914 2507 1965 nobis
2536 1926 2705 1977 nuper
2735 1911 3014 1976 exposuit,
3044 1920 3099 1963 ct
3131 1908 3209 1978 rei
3223 1906 3399 1960 'etiam
3437 1906 3705 1961 evidentia
3736 1904 3929 1957 mani-

2355 2003 2534 2069 festat,
2586 2002 2756 2071 ipsam
2789 2001 2985 2054 dictam
3030 1998 3286 2065 capellam
3335 1996 3708 2065 reparaverit,
3745 2002 3799 2050 et
3828 1994 3930 2049 di-

2355 2095 2471 2164 gnis
2507 2094 2729 2164 picturis
2753 2108 2816 2147 ac
2860 2090 3187 2162 paramcntis
3210 2098 3265 2143 et
3296 2086 3630 2143 ornamentis
3670 2097 3773 2140 tam
3819 2102 3929 2142 se-

2355 2186 2516 2241 riceis
2553 2201 2715 2253 quam
2742 2184 3013 2259 argenteis
3059 2182 3238 2259 divino
3288 2180 3454 2235 cultui
3484 2180 3625 2249 aptis
3658 2180 3931 2233 decenter

2354 2279 2651 2339 ornaverit,
2699 2285 2754 2330 et
2804 2278 2855 2328 in
2886 2256 2958 2328 ea
2997 2256 3148 2327 suam
3198 2274 3527 2343 sepulturam
3578 2273 3821 2342 elegerit,
3868 2279 3934 2325 et

2356 2369 2602 2433 quamvis
2622 2366 2749 2418 olim
2786 2381 2882 2431 pro
2907 2366 3032 2418 dote
3066 2367 3237 2433 ipsius
3278 2364 3499 2433 capella:
3528 2357 3763 2433 quinque
3797 2377 3937 2430 par-

2361 2465 2443 2511 tes
2490 2472 2555 2511 ex
2608 2456 3179 2524 duodeeinwpartibus
3230 2456 3555 2525 infrascripti
3604 2454 3838 2517 casalis,
3875 2462 3938 2508 et

2365 2555 2511 2599 certa
2542 2547 2644 2599 alia
2683 2556 2808 2598 tunc
2846 2558 3104 2611 expressa
3142 2548 3280 2598 bona
3311 2546 3467 2600 dicta!
3489 2546 3705 2614 capella:
3756 2547 3941 2599 dona-

2365 2626 2524 2696 verit,
2554 2646 2732 2689 tamen
2765 2650 2936 2703 nuper
2972 2646 3073 2687 suo
3116 2635 3296 2688 animo
3334 2635 3387 2687 in
3434 2636 3634 2688 bonum
3686 2636 3940 2703 quotidie

2368 2727 2536 2791 magis
2565 2722 2911 2790 fervescente,
2940 2726 3137 2791 emptis
3175 2724 3243 2777 ab
3262 2740 3326 2777 eo
3354 2740 3382 2777 a
3414 2725 3646 2779 diversis
3676 2728 3944 2794 personis

2366 2816 2590 2884 reliquis
2642 2827 2843 2884 septem
2895 2818 3141 2886 partibus
3180 2816 3376 2873 casalis
3426 2816 3726 2887 Cicoytolte
3753 2832 3942 2884 novae,

2368 2906 2457 2960 siti
2496 2907 2549 2958 in
2577 2905 2727 2959 Latio
2752 2915 2899 2960 extra
2933 2917 3141 2975 portam
3179 2905 3405 2973 Appiam
3454 2906 3608 2960 alma
3654 2905 3832 2971 Urbis,
3880 2917 3946 2962 et

2368 2998 2474 3053 alia
2508 2999 2798 3053 donatione
2831 2999 3103 3065 przedicta,
3156 3007 3410 3066 tanquam
3468 3001 3647 3054 minus
3674 2998 3937 3066 fecunda,

2370 3105 2465 3160 per
2499 3105 2625 3143 eum
2674 3099 2944 3152 revocata,
2992 3099 3161 3143 tetum
3216 3090 3417 3143 dictutn
3453 3090 3632 3144 casale
3659 3105 3780 3144 cum
3809 3094 3936 3143 eur-

2371 3182 2527 3237 nibus
2555 3193 2608 3234 et
2639 3181 2864 3257 singulis
2890 3180 3218 3246 tenimentis,
3266 3182 3427 3235 terris
3456 3181 3614 3235 cultis
3646 3192 3701 3235 et
3740 3181 3938 3236 incul-

2372 3276 2463 3341 tis,
2497 3276 2688 3347 pratis,
2720 3275 2900 3343 aquis,
2928 3289 3186 3342 aquarum
3242 3273 3555 3329 decursibus
3584 3274 3810 3341 aliisque
3835 3272 3941 3343 ju-

2370 3366 2519 3421 ribus
2569 3376 2625 3419 et
2656 3365 2996 3433 pet-tinentiis
3048 3364 3183 3425 suis,
3234 3378 3337 3417 nec
3395 3378 3499 3416 non
3531 3363 3813 3432 quamdam
3842 3363 3930 3417 vi-

2372 3473 2535 3513 neam
2557 3471 2822 3512 mensura:
2867 3466 3071 3523 septem
3132 3453 3419 3523 petiarum,
3450 3454 3534 3508 vel
3566 3454 3736 3519 circa,
3774 3454 3940 3509 sitam

2374 3547 2512 3601 iul'ra
2540 3547 2741 3601 mania
2769 3545 2933 3602 Urbis
2954 3546 3011 3599 in
3046 3541 3167 3599 loco
3194 3544 3248 3599 S.
3278 3541 3501 3600 Caesarii
3537 3544 3588 3598 in
3617 3544 3775 3598 Turri
3808 3560 3943 3599 nun-

2372 3648 2591 3708 cupata,
2620 3638 2868 3692 similiter
2903 3652 2932 3690 a
2966 3652 3026 3691 se
3070 3648 3349 3706 emptam;
3398 3637 3612 3705 aliaque
3654 3636 3845 3703 joeslia
3879 3644 3941 3691 et

2372 3738 2686 3789 ornamenta
2746 3730 2999 3797 pradicta
3045 3730 3220 3783 cidem
3274 3729 3494 3796 capella:
3542 3730 3766 3783 donavit
3793 3737 3847 3781 et
3878 3728 3935 3781 in

2376 3819 2557 3873 dotem
2602 3819 2884 3871 constituit
2918 3832 2981 3870 ae
3029 3817 3343 3885 assignavit.
3373 3817 3436 3871 Et
3464 3818 3588 3885 quia
3620 3826 3743 3883 post
3776 3816 3937 3887 153

2376 3908 2765 3963 emanatiooem
2845 3908 3083 3976 priorum
3164 3908 3464 3961 litterarum
3555 3899 3933 3978 praedictarum

2378 3997 2495 4065 ipsa
2524 3997 2745 4051 basilica
2776 3995 2933 4049 dictis
2959 3995 3239 4049 Fratribus
3259 3996 3469 4050 ordinis
3503 3995 3768 4052 Minorum
3792 4012 3931 4053 con-

2379 4101 2529 4140 cessa
2583 4096 2637 4139 et
2695 4089 2759 4139 ad
2818 4101 3007 4141 eorum
3065 4087 3308 4140 ordinem
3362 4089 3582 4142 reducta
3620 4090 3849 4151 exstitit,
3878 4100 3943 4143 ut

2382 4181 2685 4250 praefertur,
2720 4181 2860 4235 idem
2884 4182 3194 4247 eardiualis,
3251 4182 3565 4237 existimans
3595 4198 3692 4251 per
3724 4181 3945 4237 eosdem

2387 4275 2608 4329 Fratres
2650 4286 2810 4342 posse
2863 4274 3020 4327 dicta:
3054 4275 3276 4343 capellae
3319 4274 3373 4327 in
3402 4274 3595 4327 divinis
3622 4274 3953 4328 convenien—

2384 4368 2563 4419 tiuset
2588 4365 2796 4417 facilius
2820 4380 2979 4431 quam
3013 4378 3107 4430 per
3158 4365 3447 4417 sceculares
3477 4365 3817 4434 presbyteros
3844 4362 3947 4418 de-

2382 4457 2773 4527 serriri,ipsos
2816 4454 3033 4508 Fratres
3086 4455 3138 4507 in
3167 4458 3307 4510 dicta
3358 4456 3559 4522 capella
3594 4455 3838 4516 instituit,
3876 4470 3948 4510 ae

2380 4550 2548 4602 voluit
2573 4558 2621 4601 et
2664 4547 2952 4609 ordinavit,
2976 4547 3115 4613 quod
3142 4546 3242 4612 ipsi
3299 4544 3519 4599 Fratres
3547 4546 3739 4598 dictam
3764 4548 3950 4613 capel—

2328 4656 2353 4692 .·
2389 4642 2492 4694 iam
2520 4648 2573 4694 et
2605 4654 2700 4707 per
2735 4638 2972 4706 ipsorum
3006 4634 3375 4704 procuratores
3434 4636 3514 4688 vel
3543 4636 3793 4705 syndicos
3826 4635 3948 4702 eius

2389 4732 2525 4785 bona
2568 4737 2830 4791 tenerent,
2856 4736 2906 4781 ct
2932 4728 2983 4780 itt
3014 4726 3201 4780 eadem
3228 4726 3429 4793 capella
3470 4727 3615 4781 omni
3654 4727 3744 4781 die
3782 4742 3946 4783 unam

2390 4825 2608 4876 missam
2670 4822 3013 4876 celebrarent
3051 4820 3134 4871 vel
3191 4821 3453 4873 cdebrari
3517 4820 3782 4885 facerent,
3840 4821 3949 4882 hoc

2390 4914 2546 4968 modo
2582 4912 2849 4976 videlicet,
2868 4912 3055 4965 diebus
3087 4911 3358 4970 Mercurii,
3384 4910 3604 4965 Veneris
3624 4923 3677 4965 et
3696 4911 3947 4980 Sabbati,

2388 5008 2601 5058 missam
2634 5019 2729 5071 pro
2764 5005 3066 5070 defunctis,
3100 5004 3187 5055 die
3240 5018 3365 5056 vero
3406 5003 3683 5058 Dominico
3716 5005 3944 5060 missam

2389 5108 2716 5160 currentem,
2786 5108 2841 5151 et
2885 5096 2971 5150 die
3034 5096 3197 5149 Lutue
3255 5096 3470 5150 missam
3500 5082 3581 5151 "S.
3617 5096 3829 5168 Angeli,
3856 5097 3949 5153 die

2392 5204 2514 5240 vero
2542 5188 2726 5241 Martis
2756 5190 2973 5242 missam
3006 5186 3061 5240 S.
3094 5187 3315 5241 Joannis
3343 5188 3610 5255 Baptism,
3646 5202 3702 5245 et
3746 5194 3832 5247 die
3851 5190 3953 5247 Jo-

2390 5282 2470 5333 vis
2511 5281 2729 5333 missam
2757 5277 2816 5331 S.
2849 5276 3128 5331 Trinitatis
3171 5294 3293 5332 cum
3336 5283 3849 5337 commemoratione
3875 5283 3943 5340 S.

2392 5369 2658 5437 [iugi-nite,
2689 5379 2741 5422 et
2766 5370 2928 5423 etiam
2966 5384 3086 5421 cum
3114 5369 3335 5424 collecta
3368 5372 3419 5425 in
3441 5374 3689 5443 qualibet
3722 5388 3821 5444 pro
3849 5378 3947 5430 de-

2391 5458 2588 5511 functis
2635 5456 2913 5511 rel‘erendo
2937 5473 3034 5527 pro
3062 5462 3224 5513 certis
3246 5476 3342 5528 per
3372 5462 3541 5529 ipsum
3567 5463 3947 5520 Bessarioncm

2391 5550 2706 5603 nominatim
2735 5551 3022 5616 espreSsis,
3054 5566 3152 5604 nec
3184 5566 3288 5605 non
3341 5552 3484 5621 quod
3514 5554 3672 5607 annis
3694 5553 3950 5625 singulis,

2391 5642 2596 5696 dctima
2642 5641 2726 5695 dic
2766 5640 2963 5697 mensis
3009 5640 3361 5710 Septembris,
3421 5650 3705 5697 teneantur
3751 5644 3957 5704 fratres
