4138 6328
220 306 361 346 XCIII

222 414 328 481 ipsi
362 420 587 464 cantare
620 408 825 479 vigilias
853 406 1208 481 mortuorum,
1258 422 1312 465 et
1344 394 1561 465 missam
1595 414 1791 465 solem-

152 516 153 519 ‘
218 520 350 559 nem
386 517 484 570 pro
534 501 811 556 defunctis
868 505 1144 570 expressis
1198 503 1471 570 prmdictis
1522 518 1584 556 ac
1624 504 1790 559 voluit

218 595 368 649 idem
400 594 707 648 Bessarion.
738 593 894 660 Quod
938 597 985 648 si
1030 610 1136 664 quo
1166 612 1296 651 casu
1339 597 1627 667 aliquando
1662 614 1792 653 con-

219 685 458 755 tingeret
498 686 642 754 quod
672 686 799 739 dicti
847 687 1042 740 fratres
1072 688 1139 742 ab
1166 689 1352 743 eadem
1385 690 1601 743 basilica
1640 704 1792 742 recc--

212 778 417 830 derent
453 790 683 854 eamque
725 777 1080 840 dimitterent,
1137 780 1386 847 dictaque
1440 781 1663 861 basilica
1721 784 1787 833 εει

214 866 489 922 dictorum
515 870 853 929 saecularium
890 871 1125 941 regimen
1170 874 1552 945 reduceretur,
1586 884 1713 928 tunc
1738 884 1792 928 ct

212 972 288 1015 eo
324 976 452 1013 casu
477 960 679 1015 dictum
705 964 799 1031 jus
828 973 1147 1035 patronatus
1177 965 1352 1019 locum
1382 966 1600 1033 habere,
1639 969 1786 1022 illud-

212 1067 334 1120 que
360 1053 427 1106 ad
468 1054 716 1131 abbatem
774 1055 1087 1111 monasterii
1138 1048 1381 1129 S.lPauli
1438 1068 1493 1114 et
1545 1062 1785 1129 priorem

212 1145 418 1200 domus
450 1145 511 1202 S.
538 1147 719 1203 Maria
747 1148 817 1202 de
842 1149 1043 1217 Populo
1069 1152 1451 1218 praedictorum
1487 1157 1781 1223 pertinere.

216 1236 286 1289 Et
310 1238 436 1307 quia
455 1240 569 1308 ipsa
597 1241 800 1309 capella
832 1257 929 1309 pro
956 1224 1166 1298 duobus
1194 1244 1487 1313 capellanis
1512 1246 1784 1302 suﬂicien-

214 1332 306 1379 ter
337 1343 431 1396 per
467 1328 750 1396 prefatum
810 1330 1184 1386 Bessarionem
1253 1335 1438 1389 dutata
1494 1343 1612 1399 est,
1639 1336 1784 1405 quod

213 1424 356 1472 tunc
396 1426 451 1470 et
494 1433 561 1472 eo
617 1432 748 1471 casn
799 1418 898 1486 ipsi
944 1422 1112 1475 abbas
1163 1432 1218 1477 et
1276 1412 1441 1490 prior,
1477 1433 1581 1483 tam
1612 1424 1787 1491 prima

210 1508 348 1561 vice
375 1524 533 1576 quam
568 1513 777 1577 quoties
804 1522 964 1566 caSus
1014 1514 1156 1567 illius
1208 1515 1505 1569 vacationis
1534 1531 1789 1570 oecurre-

214 1600 313 1661 rit,
347 1600 478 1653 duas
508 1617 769 1667 personas
797 1604 850 1656 in
899 1594 1206 1661 sacerdotio
1254 1610 1578 1662 constitutas
1608 1610 1788 1661 cardi-

209 1696 332 1747 nali
367 1696 486 1762 eius
519 1696 750 1751 basilica:
796 1712 894 1766 pro
935 1708 1173 1767 tempore
1214 1702 1493 1754 exsistenti
1538 1716 1637 1769 per
1662 1715 1785 1755 eum

212 1787 603 1871 instituendas)
623 1799 952 1856 praesentare
1000 1791 1266 1859 debeant;
1295 1793 1383 1861 qui
1444 1794 1661 1861 quidem
1693 1806 1783 1847 ca-

207 1878 421 1946 pellani
449 1880 687 1949 qualibet
715 1882 1020 1950 septimana
1074 1894 1279 1953 septem
1310 1884 1527 1948 missas,
1556 1885 1790 1953 singulis

209 1968 472 2021 videlicet
499 1970 686 2024 dielms
711 1972 950 2042 singulas
977 1974 1030 2026 in
1073 1976 1264 2028 eadem
1310 1976 1515 2044 capella
1544 1975 1787 2029 vicissim

206 2062 385 2116 modo
431 2070 481 2114 et
525 2064 715 2117 ordine
761 2067 1014 2131 superius
1060 2069 1364 2135 expressis,
1415 2076 1472 2122 et
1524 2067 1788 2136 praedicta

206 2151 427 2204 decima
460 2152 548 2207 die
580 2155 789 2223 vigilias
848 2168 1181 2225 mortuorum
1233 2170 1289 2213 et
1350 2138 1581 2212 otiicinm
1616 2166 1786 2214 totum

203 2250 269 2292 et
304 2244 527 2296 missam
567 2258 664 2310 pro
705 2242 976 2299 defunctis
1002 2245 1199 2314 legere
1245 2255 1551 2301 teneantur.
1578 2247 1789 2300 Casalis

202 2344 352 2383 vero
379 2342 435 2385 et
466 2334 635 2387 vineae
660 2344 715 2387 et
736 2334 961 2390 aliorum
991 2334 1255 2389 honorum
1284 2344 1337 2389 et
1358 2337 1616 2406 jocalium
1651 2349 1788 2402 prae-

203 2421 484 2474 dictonnn
514 2424 614 2492 ipsi
651 2424 900 2493 capellae,
958 2435 1017 2481 ut
1054 2427 1391 2495 prardicitur,
1438 2416 1785 2491 donatorum,

198 2525 269 2565 et
297 2527 747 2584 quorumcunque
778 2516 1001 2569 aliorum
1035 2518 1108 2582 ei,
1144 2518 1254 2571 vita
1288 2518 1508 2581 comite,
1531 2519 1583 2570 in
1606 2522 1787 2581 peste-

206 2619 342 2657 rum
383 2606 756 2659 donandorum
810 2607 1189 2663 alienationem
1238 2608 1475 2681 cujusvis
1499 2606 1699 2676 speciei
1725 2621 1787 2659 ac

204 2697 433 2762 generis
462 2696 599 2750 idem
627 2696 931 2766 Bessarion,
967 2706 1075 2753 tam
1102 2698 1354 2754 Fratrum
1386 2699 1625 2769 ipsorum
1660 2712 1787 2766 syn-

201 2774 357 2842 dici‘s
384 2802 543 2857 quam
576 2789 628 2842 in
662 2789 990 2857 promissum
1050 2800 1296 2845 eventum
1330 2789 1620 2857 capellanis
1646 2803 1785 2857 prae-

196 2879 401 2944 dictis,
436 2889 490 2934 et
536 2880 945 2950 quibuscunque
985 2881 1106 2935 aliis
1146 2874 1301 2937 dicta:
1331 2882 1550 2951 capella:
1583 2892 1634 2935 et
1669 2880 1786 2949 ejus

132 2994 135 2995 ν
200 2971 484 3026 bonorum
538 2970 1102 3038 administratoribus,
1179 2968 1437 3042 perpetuo
1494 2972 1787 3026 ‘interdixit

200 3073 386 3132 atque
410 3062 701 3131 prohibuit,
729 3064 914 3121 volens
942 3063 1103 3136 154
1150 3065 1504 3120 alienationes
1533 3064 1701 3133 ipsas,
1738 3063 1783 3117 si

198 3171 341 3226 quae
387 3138 584 3211 intoto
608 3148 693 3211 vel
733 3158 784 3211 in
819 3168 991 3225 parte,
1045 3156 1187 3227 quod
1230 3156 1392 3218 absit,
1424 3156 1637 3216 tierent,
1668 3154 1787 3209 nul-

203 3249 325 3305 lius
352 3263 474 3304 esse
518 3249 730 3306 roboris
768 3250 851 3305 vel
876 3250 1184 3319 truculenti,
1218 3249 1315 3303 sed
1344 3247 1603 3303 adversus
1632 3260 1784 3319 emp-

196 3347 368 3392 tores
397 3348 489 3391 aut
516 3338 651 3393 alias
684 3330 924 3407 ipsorum
977 3338 1193 3402 casalis,
1228 3337 1394 3391 vineae
1430 3346 1488 3392 et
1516 3337 1780 3392 bonorum

192 3444 540 3501 quocunque
581 3430 738 3484 titulo
764 3437 1066 3509 receptores
1099 3431 1373 3499 praedictis
1408 3429 1669 3484 fratribus
1698 3428 1782 3488 vel

191 3519 508 3589 cxpellanis
550 3532 870 3589 quocunque
912 3530 1151 3588 tempore
1207 3519 1320 3574 fore
1353 3520 1421 3574 ad
1451 3521 1540 3574 illa
1574 3538 1782 3594 regres-

191 3624 360 3672 sum,
389 3618 547 3676 prout
572 3618 681 3663 tam
713 3610 765 3661 in
795 3608 1063 3677 praedictis
1091 3608 1287 3661 litteris
1316 3622 1476 3676 quam
1508 3624 1772 3678 processu

193 3714 309 3769 per
342 3700 518 3768 ipsum
551 3698 1013 3767 archiepiscopum
1035 3713 1202 3767 super
1228 3700 1431 3753 eisdem
1462 3704 1780 3767 posteriori-

190 3790 310 3841 bus
336 3788 532 3842 litteris
577 3786 780 3850 habito,
802 3797 859 3840 et
903 3788 1134 3856 quodam
1178 3790 1393 3858 publico
1420 3792 1775 3847 instrumento

186 3894 377 3949 super
426 3880 722 3933 donatione
765 3888 820 3933 et
874 3880 926 3933 in
954 3876 1133 3933 dotem
1186 3881 1595 3949 constitutione,
1637 3886 1775 3939 assi-

188 3972 485 4043 gnatione,
515 3970 813 4037 voluntate,
856 3962 1194 4035 Ordinatione
1230 3981 1285 4026 et
1333 3971 1453 4027 aliis
1483 3975 1775 4040 praemissis

185 4061 477 4139 confecto,
501 4076 729 4131 quorum
756 4064 995 4118 omnium
1030 4072 1243 4119 tenores
1280 4063 1772 4136 diligenterinspici

183 4164 256 4211 et
313 4154 617 4208 examinari
685 4154 931 4221 fecimus,
982 4170 1036 4211 et
1072 4172 1164 4213 eos
1204 4172 1268 4211 ac
1325 4160 1372 4211 si
1403 4160 1469 4213 de
1514 4160 1679 4213 verbo
1707 4152 1781 4215 ad'

182 4241 431 4302 verbum
456 4249 810 4316 prmsentibus
867 4252 1250 4317 insererentur,
1311 4253 1496 4309 haberi
1526 4258 1781 4325 volumus
1862 4274 1869 4291 ·

185 4353 304 4407 pro
330 4340 622 4406 expressis,
671 4340 880 4408 plenius
921 4345 1251 4398 continetur.
1302 4346 1481 4409 Quare
1519 4348 1774 4416 praefatus

182 4430 498 4483 Bessarion
535 4430 689 4484 nobis
718 4432 994 4488 humiliter
1035 4439 1354 4506 supplicavit
1387 4450 1443 4492 ut
1482 4444 1771 4507 praemissis

183 4518 461 4573 omnibus
481 4530 536 4573 et
564 4521 789 4590 singulis
817 4541 911 4592 pro
944 4525 1152 4579 illorum
1176 4531 1520 4584 subsistentia
1545 4534 1783 4601 firmiori,

186 4608 377 4659 robur
420 4610 727 4674 aposmlica:
774 4616 1201 4669 confirmationis
1249 4619 1481 4687 adjicere
1528 4622 1780 4691 aliasque

179 4713 371 4767 super
406 4698 488 4751 his
517 4712 815 4767 opportune
860 4708 1143 4773 providere
1189 4710 1257 4763 de
1290 4711 1615 4779 benignitate
1640 4731 1769 4783 apo-

184 4784 398 4843 swlica
425 4788 789 4856 dignarentur.

265 4877 387 4931 Nos
422 4878 605 4947 igitur,
642 4884 731 4948 qui
766 4882 1062 4949 hujusmodi
1128 4890 1472 4945 laudabilium
1516 4912 1763 4962 operum,

179 4984 295 5037 per
320 4985 444 5039 qua:
476 4973 691 5027 divinus
718 4977 895 5030 cultus
929 4993 1179 5047 augetur,
1232 4987 1585 5039 ecclesiarum
1620 4990 1764 5041 basi-

178 5067 318 5139 lica
378 5066 722 5127 decorantur,
762 5066 830 5121 et
864 5070 1161 5126 animarum
1214 5086 1318 5139 tam
1368 5078 1758 5136 instituentinm

179 5171 363 5225 quam
409 5158 640 5211 aliorum
693 5159 928 5217 fidelium
978 5167 1138 5219 saluti
1191 5171 1409 5233 provide
1440 5172 1758 5234 consulitur,

175 5255 668 5303 commendatores
696 5262 858 5320 atque
880 5254 1119 5311 fautores
1161 5260 1390 5313 libenter
1423 5265 1754 5329 exsistimns,

176 5344 246 5388 ct
274 5346 341 5387 ut
370 5350 689 5403 perpetuum
724 5358 957 5412 vigorem
991 5347 1244 5416 hat-eaut,
1286 5366 1541 5417 quantum
1574 5367 1756 5408 nostra

177 5428 339 5483 valet
382 5420 620 5515 pmvisio
652 5473 669 5496 ,
712 5436 1003 5505 efficaciter
1036 5454 1390 5515 ‘Operatnur,
1446 5448 1753 5515 hnjnsntodi

164 5514 681 5601 supplicationibus
728 5514 1003 5595 inclinati,
1046 5514 1436 5599 reparationem
1483 5553 1536 5591 et
1596 5558 1754 5605 orna-

174 5620 433 5660 mentum
463 5611 683 5675 capellze
710 5617 990 5679 praedictae,
1021 5623 1220 5673 endem
1257 5624 1531 5681 Fratribus
1558 5606 1753 5684 fectant

173 5701 597 5755 concessionem
646 5718 939 5773 eorumque
990 5711 1040 5761 in
1101 5714 1185 5765 illa
1236 5718 1642 5789 institutionem,
1695 5736 1749 5780 et,

673 5805 931 5882 Pataot.
976 5802 1082 5859 Gn.
1117 5804 1312 5869 CLXI,

930 300 1227 369 uersu
1266 266 1619 360 BANDiNll
1655 301 2265 363 communes
2320 306 2407 337 --ί
2432 300 2840 361 APPENDIX.
2876 316 2879 317 ί

1840 4570 1915 4675 /;1

3327 308 3450 349 XCIV

1900 396 2093 463 eaSaIis
2138 422 2191 463 et
2233 406 2418 475 vineae,
2457 406 2557 464 nec
2600 420 2705 465 non
2746 396 3004 477 jocalium
3035 417 3087 461 et
3116 408 3459 462 ornamento-

1896 517 2012 554 rum
2045 504 2107 555 ac
2137 485 2396 556 bonorum
2440 484 2818 572 prmitictornin
2857 502 2970 570 ipsi'
2996 492 3235 570 capella!
3260 500 3456 579 factam

1891 594 2240 659 posteriorem
2267 580 2630 657 donationem,
2655 610 2717 647 ac
2738 592 2829 659 jus
2863 598 3177 667 patranatus
3200 591 3255 643 in
3278 596 3447 644 even-

1892 693 2005 736 tum
2037 686 2343 751 praerlielum
2376 672 2641 737 ‘tltintaxat
2690 672 3099 739 concessionem
3128 674 3131 675 ν
3157 681 3457 749 priorisque

1892 778 2313 853 revocationem,
2346 793 2441 830 nec
2468 782 2594 838 _non
2634 776 2997 841 interdictum,
3048 781 3099 828 et
3134 768 3454 842 prohibitio-

1891 884 2013 924 nem
2044 886 2107 924 ac
2140 873 2463 926 voluntatem
2490 881 2541 924 et
2571 864 3158 936 ordinationem'ipsius
3175 863 3457 947 Bessario-

1891 971 1973 1023 nis
2005 956 2301 1022 cardinalis
2352 969 2562 1034 aliaque
2621 963 2896 1031 praemissa
2950 968 3068 1013 rata
3122 958 3380 1012 habentes
3402 967 3459 1011 et

1890 1042 2066 1129 grata,
2098 1058 2185 1111 illa
2220 1058 2398 1111 omnia
2435 1052 2495 1108 et
2535 1038 2742 1124 singula
2781 1054 2831 1106 in
2868 1053 3070 1129 “litteris
3117 1058 3171 1103 et
3200 1062 3451 1116 processu

1890 1167 1954 1205 ac
1984 1153 2346 1205 instrumento
2378 1147 2648 1217 prtedietis
2686 1153 2937 1200 contenta
2973 1153 3027 1197 et
3059 1141 3295 1211 qualibet
3329 1140 3453 1192 inde

1889 1251 2076 1297 secuta
2127 1241 2448 1311 auctoritate
2496 1237 2793 1315 apostolica
2842 1247 2894 1290 et
2932 1252 2995 1290 ex
3038 1244 3187 1288 certa
3224 1232 3451 1286 seieutia

1892 1343 2074 1395 tenore
2105 1314 2451 1402 praesentium
2487 1331 2870 1385 confirmamus
2898 1338 2952 1381 et
2978 1327 3357 1396 approbantus,
3386 1340 3449 1376 ac

1889 1408 2108 1495 plenum
2133 1410 2569 1487 robur,obtinere
2592 1416 2954 1485 decernimus,
2992 1421 3302 1490 supplentes
3334 1434 3453 1469 nm-

1890 1534 1987 1574 nes
2024 1530 2079 1573 et
2114 1518 2370 1587 singulos
2403 1517 2669 1581 defectus,
2728 1516 2773 1569 si
2802 1515 2891 1584 qui
2918 1506 3097 1571 forsan
3149 1512 3454 1565 intervene-

1889 1612 2001 1669 rint
2060 1612 2113 1664 iu
2163 1611 2391 1677 eisdem,
2454 1624 2552 1664 nec
2613 1624 2717 1663 non
2774 1624 2895 1662 cum
2926 1606 3087 1660 dictis
3115 1592 3370 1659 fratribus
3394 1610 3454 1655 ut

1891 1688 2199 1775 pmdictam
2254 1703 2536 1771 capellam,
2583 1710 2637 1783 et
2695 1702 2837 1755 illius
2897 1715 2963 1754 ac
3025 1700 3181 1753 dicta:
3218 1696 3451 1773 basilicae

1889 1796 2257 1864 possessiones
2287 1805 2341 1855 et,
2367 1794 2469 1846 alia
2512 1793 2648 1847 bona
2674 1793 2929 1861 praedicta
2962 1805 3058 1860 pro
3089 1790 3447 1859 paramentis,

1890 1886 2068 1949 libris,
2114 1884 2465 1946 ornamentis,
2520 1883 2902 1945 luminaribus,
2960 1896 3081 1936 cera
3125 1890 3175 1935 et
3213 1879 3333 1933 aliis
3363 1893 3454 1931 sa-

1891 1979 2091 2032 cristia:
2116 1978 2286 2048 ipsius
2312 1976 2568 2049 basilicae,
2605 1976 2921 2032 earumdem
2952 1988 3164 2042 quoque
3195 1970 3444 2033 Fratrum

1892 2070 2321 2129 necessitatibus,
2352 2068 2396 2121 si
2436 2069 2650 2123 aliunde
2682 2069 2808 2133 vita:
2848 2065 3151 2137 necessaria
3194 2061 3447 2129 consequi

1890 2168 2182 2227 nequeant,
2217 2160 2474 2221 retinere,
2504 2174 2569 2213 ac
2601 2158 2970 2226 possessiones
2998 2166 3063 2223 et
3091 2159 3227 2209 bona
3260 2156 3451 2221 hujus-

1847 2270 1850 2274 λ
1889 2250 2031 2304 ntodi
2087 2263 2182 2317 per
2231 2263 2569 2307 inconsutam
2628 2248 2715 2318 vel
2744 2256 3145 2314 procuratorem
3194 2239 3475 2297 idoneum'

1888 2351 1982 2395 aut
2011 2341 2286 2410 syndicnm
2314 2340 2510 2413 laicum
2542 2338 2944 2400 administrare,
2987 2337 3195 2390 illorum
3230 2348 3444 2402 qucque

1887 2434 2136 2496 fructus,
2186 2433 2388 2487 reditus
2436 2440 2491 2485 et
2538 2439 2840 2500 proventus
2887 2431 2939 2484 in
2988 2444 3115 2482 usus
3160 2427 3447 2497 praedictos

1887 2533 2202 2587 convertere
2234 2525 2397 2579 libere
2426 2536 2489 2583 ac
2522 2522 2665 2576 licite
2694 2522 2932 2586 valeant,
2959 2521 3277 2575 auctoritate
3305 2535 3446 2587 pra-

1888 2617 2029 2671 divta
2056 2626 2240 2673 tenore
2257 2615 2598 2685 praesentium
2623 2615 2778 2685 155
2799 2615 2867 2669 de
2890 2614 3106 2684 speciali
3131 2600 3304 2684 gratia
3332 2614 3445 2671 dis-

1889 2721 2206 2772 pensamus;
2226 2708 2549 2760 mandantes
2577 2706 2797 2773 insuper
2827 2697 3143 2776 presbytero
3181 2707 3439 2765 cardinali

1886 2796 2041 2852 dictae
2068 2797 2307 2852 basilica:
2332 2796 2422 2866 qui
2457 2811 2552 2864 pro
2586 2806 2827 2863 tempore
2875 2796 3055 2865 fuerit,
3088 2809 3153 2852 ut
3169 2799 3443 2867 praemissa

1884 2892 2065 2944 omnia
2105 2901 2159 2947 et
2196 2888 2405 2958 singula
2440 2888 2605 2945 faciat
2649 2904 2744 2957 per
2773 2889 2992 2944 eosdem
3036 2890 3254 2945 Fratres
3277 2890 3362 2943 vel
3382 2892 3440 2942 in

1886 2982 2195 3053 praedictum
2231 2995 2483 3038 eventum
2529 2985 2839 3053 eapellanos
2886 2988 3041 3041 dictat
3081 2986 3299 3054 capellae
3350 2975 3445 3050 qui

1884 3091 1983 3144 pro
2017 3090 2257 3148 tempore
2308 3076 2527 3141 fuerint,
2562 3080 2835 3145 perpetuis
2891 3079 3085 3132 futuris
3115 3080 3445 3148 temporibus

1885 3169 2270 3225 inviolabiliter
2315 3170 2614 3236 observari,
2679 3172 3107 3226 contradictores
3130 3187 3226 3240 per
3254 3184 3443 3225 censu-

1882 3279 1999 3317 ram
2055 3262 2505 3328 ecclesiasticam,
2540 3263 2897 3333 appellatione
2924 3269 3267 3335 postposita,
3296 3280 3444 3320 com-

1882 3355 2150 3423 pescendo
2182 3371 2197 3408 z
2229 3369 2337 3409 non
2373 3356 2714 3409 obSIantihus
2763 3356 3240 3415 constitutionibus
3272 3368 3327 3411 et
3351 3372 3445 3410 or-
3492 3390 3499 3396 ε

1881 3445 2246 3500 diuationibus
2286 3447 2594 3514 apostolicis
2646 3462 2709 3500 ac
2753 3448 3065 3510 eorumdem
3119 3449 3357 3507 basilica:
3386 3459 3444 3503 et

1878 3536 2087 3591 ordinis
2119 3530 2366 3591 Fratruni
2407 3537 2669 3593 Minornm
2697 3540 2919 3594 statutis
2949 3552 3005 3595 et
3033 3543 3440 3595 consuetudini-

1878 3622 1997 3685 bus,
2023 3624 2355 3690 juramento,
2380 3625 2783 3680 confirmatione
2816 3628 3105 3698 apostolica
3135 3631 3214 3682 vel
3248 3632 3438 3695 quavis

1878 3718 2133 3773 ﬁrmitate
2159 3718 2260 3771 alia
2304 3718 2588 3780 roboratis,
2646 3720 2936 3773 contrariis
2986 3721 3434 3792 quibuscumque;

1876 3821 1968 3865 aut
2000 3811 2044 3865 si
2081 3811 2349 3881 aliquibus
2381 3812 2735 3864 connuuniter
2755 3812 2836 3863 vel
2876 3813 3085 3866 divisim
3116 3828 3144 3867 a
3172 3817 3423 3883 prmdicta

1874 3900 1945 3955 sit
1994 3900 2123 3955 sede
2173 3901 2459 3963 indultum,
2511 3902 2651 3972 quod
2713 3903 2999 3967 interdici,
3046 3908 3299 3974 suspendi
3347 3909 3433 3961 vel

1865 3993 2339 4069 {excommunicari
2368 4010 2471 4045 non
2500 3994 2705 4061 possint
2753 4009 2847 4061 per
2878 3996 3082 4051 litteras
3112 3999 3433 4064 apostolicus
3496 4010 3499 4013 λ

1864 4074 1983 4139 ἠοη
2039 4084 2295 4157 facientes
2336 4085 2543 4153 plenam
2574 4096 2627 4139 et
2665 4100 2977 4155 expressam
3007 4088 3072 4141 de
3094 4087 3297 4143 iudnlto
3329 4089 3432 4141 hu-

1871 4174 2106 4243 jusmodi
2145 4177 2492 4230 mentionem.
2803 4191 2806 4203 ‘
3352 4168 3357 4174 ’

1941 4268 2081 4321 Nulli
2111 4284 2238 4337 ergo
2271 4270 2492 4325 omnino
2531 4270 2808 4325 hominum
2843 4273 3021 4338 liceat,
3057 4285 3161 4327 etc.

1945 4358 2134 4411 Datum
2167 4357 2369 4422 Rorme,
2396 4361 2535 4428 apud
2588 4362 2644 4414 ὃ.
2696 4362 2953 4425 Marcum,
2989 4381 3128 4415 anno
3163 4363 3426 4419 iucarnat.

1873 4448 2090 4503 Dutnin.
2115 4450 2274 4514 146⁸7,
2294 4466 2381 4503 ινι
2398 4450 2501 4504 kal.
2525 4452 2768 4521 Octobr.,
2794 4454 2980 4521 pontii.
3003 4458 3167 4519 nostri
3188 4472 3331 4517 anno
3355 4475 3426 4510 tv.

2520 4602 2523 4605 ς
2606 4565 2698 4618 XI.

1870 4652 2027 4706 Breve
2078 4654 2405 4707 Bcssnrionis
2459 4658 2701 4723 elogium,
2770 4658 2834 4707 ab
2890 4668 3098 4708 auclore
3154 4675 3414 4724 anonymo

1937 4724 2193 4790 eicoa'ro,
2222 4727 2490 4791 scriptum.
2525 4726 2806 4777 [impudice
2854 4726 2979 4793 bibl,
3050 4728 3313 4793 Vaticana:
3365 4746 3419 4778 ιι.

1938 4793 2096 4857 562i,
2133 4794 2302 4859 p.10.
2394 4863 2395 4867 γ
2786 4868 2789 4871 _

1937 4907 2241 4964 Cardinalis
2264 4907 2569 4970 Bessarton,
2591 4909 2859 4971 Μωυιευς,
2892 4917 3033 4978 temp
3058 4926 3130 4962 rre
3151 4915 3419 4979 pantittcis

1866 4998 2015 5050 Pauli
2048 4998 2089 5050 ll
2121 4998 2354 5051 maxime
2390 4998 2539 5053 ﬂoret
2570 5011 2624 5063 et
2663 5002 2713 5053 in
2747 5004 2919 5069 pretio
2951 5020 3052 5055 nun
3084 5018 3245 5070 parvo
3299 5020 3419 5069 esse

1867 5092 2222 5163 pernoscitur,
2266 5091 2392 5144 licet
2423 5104 2474 5144 et
2501 5102 2656 5146 antea
2690 5096 2827 5147 cxsti
2857 5095 2957 5147 erit
2986 5113 3002 5160 ;
3044 5111 3147 5157 nec
3185 5099 3418 5150 immeri—

1867 5190 1941 5240 to,
1968 5198 2085 5240 Itmn
2126 5183 2548 5236 litteratissimus
2580 5192 2683 5249 est,
2715 5198 2770 5238 et
2813 5188 3076 5249 ontttilms,
3120 5188 3326 5242 Latinis
3353 5203 3416 5242 ac

1864 5270 2090 5329 Cra-cis.
2121 5276 2286 5326 multo
2318 5275 2719 5338 dilectissimus,
2761 5291 3112 5345 praeterquam
3182 5280 3417 5347 Georgio

1862 5363 2253 5441 'l'rapezuntiu,‘
2272 5368 2394 5420 odio
2425 5364 2656 5435 quodam
2700 5374 2930 5439 privato.
2992 5373 3085 5425 llic
3122 5376 3416 5428 cardinalis

1860 5455 2163 5507 litteratura
2187 5471 2408 5524 semper
2435 5460 2758 5522 oblectatur,
2799 5474 2850 5517 et
2885 5464 3111 5517 lectione
3135 5474 3242 5517 tum
3266 5466 3415 5521 Crte-

1859 5559 1943 5606 ca,
1978 5555 2088 5595 tum
2131 5546 2317 5612 Latina
2338 5562 2551 5615 semper
2585 5552 2788 5618 aliquid
2820 5556 3091 5620 componit
3120 5563 3212 5605 aut
3237 5564 3414 5607 trans.

1858 5640 1983 5692 fert.
2028 5640 2176 5691 Nunc
2208 5650 2285 5691 est
2308 5639 2498 5705 inejus
2527 5640 2774 5695 inanibus
2803 5660 2937 5711 opus
2964 5644 3037 5695 De
3064 5648 3418 5713 comparatio-

1860 5744 1920 5781 ne
1958 5728 2193 5781 I‘l..-lonis
2225 5738 2272 5781 ει
2299 5729 2611 5796 Αγὶδίοιτίὶδ,
2640 5731 2690 5783 in
2748 5746 2855 5798 quo
2884 5734 2965 5783 sui
3030 5734 3168 5786 vires
3216 5735 3415 5801 ingenii

2904 5827 2951 5889 ἁ
