4138 6328
662 254 763 297 ην

614 409 619 414 ,
667 360 950 418 evidenter
980 348 1252 420 ostendit;
1293 366 1439 419 nam,
1496 349 1638 405 bone
1678 345 1858 401 Deus!
1895 345 2233 414 qa-anta‘est

673 450 1035 519 intelligentia.
1058 450 1175 519 ejus
1210 445 1266 500 iu
1295 459 1361 500 eo
1404 442 1591 498 codice
1649 446 1834 508 atque
1862 430 2231 507 profunditas!

677 540 839 611 156
865 540 1004 608 quod
1031 528 1210 590 tamen
1239 534 1480 590 nondum
1535 529 1768 586 absolvit
1822 541 1993 596 opus;
2037 530 2238 593 quanta

676 632 968 704 maiestas!
999 629 1138 696 Quid
1171 627 1345 680 dicam
1374 626 1440 679 de
1465 621 1716 678 acumine
1751 615 1977 704 ingenii,
2010 612 2141 682 quid
2175 612 2240 664 de

677 700 938 793 elegantia
999 720 1281 786 utriusque
1320 711 1639 779 sermonis!
1687 707 1787 762 llic
1839 703 1988 760 enim
2055 700 2243 755 Latine

680 787 1036 883 proloquitur,
1066 807 1190 861 utsi
1224 810 1295 859 ab
1320 802 1448 872 ipsis
1474 796 1815 855 incunabulis
1842 809 1872 848 a
1890 788 2098 846 Latinis
2122 787 2247 843 Mu-

680 878 755 959 sis
784 878 927 959 esset
953 901 1237 955 educatus.
1268 894 1467 950 Grandi
1499 889 1730 961 consilio
1753 886 1833 940 vir
1861 892 1944 940 est
1996 878 2140 952 quod
2169 878 2249 932 vi-

679 998 872 1050 delicet
898 992 1153 1048 Bononiae
1182 986 1316 1042 satis
1347 982 1534 1047 eluxit,
1558 979 1649 1035 ubi
1682 978 1774 1033 diu
1803 964 2249 1044 legatus.’bomi-

675 1102 785 1141 «nes
810 1086 959 1141 dure
990 1081 1217 1137 cervicis
1247 1072 1651 1146 sapientissime
1680 1064 1997 1122 moderatus
2026 1058 2147 1123 fuit,
2198 1066 2253 1112 et

685 1177 827 1244 apud
850 1146 1149 1229 Germanos
1203 1173 1419 1237 gentem
1450 1159 1736 1217 barbaram
1772 1160 1826 1209 et
1854 1150 2073 1208 eieram
2107 1150 2263 1244 legam

686 1214 718 1236 η
759 1214 827 1231 ι...
853 1214 1148 1229 -......_..--
1242 1214 1417 1221 ηπ--
1452 1214 1475 1217 ἡ
2164 1214 2184 1218 ἡ

686 1214 836 1320 ti‘one
862 1264 1115 1324 iunctus,
1152 1214 1293 1327 apud
1326 1267 1468 1323 quos
1492 1250 1688 1304 mirum
1719 1254 1983 1313 estquam
2000 1214 2253 1312 pruden-

691 1369 852 1412 terse
882 1351 1134 1425 gesserit,
1160 1357 1433 1417 quamque
1472 1340 1606 1395 mire
1637 1336 1705 1391 ab
1734 1337 1815 1425 eis
1847 1348 1909 1389 se
1964 1330 2256 1386 excluserit

692 1450 855 1516 atque
878 1413 1209 1510 dissolverit.
1233 1413 1371 1491 Eum
1404 1446 1530 1487 vero
1569 1413 1787 1485 censuit
1811 1427 2102 1495 imperator
2131 1419 2253 1475 Fri-

697 1512 936 1596 dericus,
975 1528 1212 1592 censuit,
1274 1526 1518 1592 inquam,
1568 1515 2029 1588 sapientissimum
2079 1512 2259 1567 domi-

695 1638 823 1678 num
852 1621 1117 1689 uniceque
1140 1615 1348 1670 dilexit.
1398 1611 1502 1678 Qui
1562 1610 1691 1664 licet
1745 1606 1801 1660 in
1862 1605 2067 1675 legatos
2121 1600 2261 1656 alios
2304 1652 2308 1657 .

698 1728 885 1769 amore
909 1723 961 1767 et
994 1706 1299 1765 reverentia
1334 1703 1570 1774 quadam
1618 1697 1777 1754 luerit
1809 1711 1961 1763 usus,
2024 1694 2078 1749 in
2112 1692 2260 1748 hunc

703 1805 940 1857 maxime
971 1802 1119 1855 cultu
1166 1797 1340 1867 primo
1366 1782 1498 1847 usus
1532 1786 1921 1857 est;secundo
1967 1798 2095 1839 vero
2138 1784 2260 1839 loco

698 1898 750 1947 in
783 1892 1089 1962 episcopum
1116 1885 1515 1948 Torcellanum,
1557 1894 1703 1935 nunc
1739 1876 2118 1941 Brixiensem;
2151 1881 2262 1929 ter-

700 1984 775 2039 tio
812 1985 865 2037 in
923 1980 1401 2049 archiepiscopum
1436 1971 1779 2043 Sipontinum
1829 1968 2109 2049 Nicolaum
2156 1962 2262 2021 Ile-

698 2076 852 2137 lium,
884 2087 1039 2141 quem
1071 2038 1535 2126 secum-Nicienu‘s
1560 2063 1687 2117 illuc
1722 2059 1790 2114 ab
1809 2056 1957 2113 Urbe
2009 2038 2262 2119 abduxit.

698 2165 924 2220 consilio
948 2173 1001 2217 et
1033 2162 1213 2230 lingua
1247 2159 1464 2211 mirum.
1494 2152 1539 2209 Ο
1557 2165 1718 2222 quam
1742 2150 1922 2221 largus
1944 2144 2262 2201 muniﬁcus—

698 2268 805 2323 que
823 2260 907 2306 est
932 2251 986 2306 in
1020 2266 1140 2306 eum
1170 2240 1380 2305 Paulus.
1401 2246 1481 2299 ll!
1513 2254 1749 2299 attamen
1778 2255 1843 2296 ea
1879 2242 1998 2310 lege
2050 2248 2266 2296 servata

702 2353 771 2394 ne
793 2340 922 2409 quid
950 2338 1016 2391 ab
1040 2339 1154 2405 ipso
1171 2347 1365 2406 prater
1385 2337 1582 2389 bonum
1608 2333 2002 2398 honestumque
2025 2335 2262 2397 petatur,

707 2430 850 2500 quod
878 2442 1087 2495 semper
1111 2427 1352 2482 servavit
1367 2422 1682 2486 cardinalis,
1704 2422 1903 2489 quippe
1931 2418 2266 2472 modestissi-

708 2534 830 2574 mus
858 2530 962 2573 est.
981 2516 1157 2572 Taceo
1178 2528 1431 2584 quanam
1459 2512 1719 2566 librorum
1748 2509 1945 2577 lingua
1964 2505 2265 2573 atriusque,

708 2608 907 2665 Graeca
938 2606 1243 2675 Latinaeque
1268 2600 1675 2657 multitudinem
1702 2595 2058 2664 comparavit.
2090 2591 2271 2648 Taceo

709 2703 851 2771 quod
884 2700 1167 2770 pleresque
1189 2698 1417 2767 juvenes
1455 2694 1573 2758 alit,
1599 2699 1653 2746 et
1681 2697 1742 2743 ut
1769 2686 1988 2745 discant
2030 2698 2273 2755 praecep-

713 2793 923 2848 toribus
953 2792 1171 2846 abunde
1229 2788 1561 2859 persolvens.
1602 2782 1866 2849 Equidem
1922 2779 2107 2848 paucis
2150 2792 2272 2833 eum

711 2893 988 2951 comparo.
1030 2880 1128 2935 llic
1169 2877 1376 2933 calculo
1432 2875 1623 2930 vesica:
1668 2884 1967 2938 renumque
2007 2868 2275 2922 sinistime

714 2984 871 3027 antea
919 2973 1279 3035 laboraverat,
1330 2981 1471 3022 nunc
1527 2979 1736 3033 sospes.
1783 2961 1973 3029 Qualia
2030 2959 2275 3014 convivia

718 3067 949 3118 instruat
971 3062 1383 3133 spectatissimis
1406 3071 1462 3115 et
1515 3057 1837 3113 clarissimis
1872 3054 2004 3107 viris
2050 3050 2275 3121 legatis-

716 3173 823 3226 que
860 3170 1017 3212 nemo
1045 3168 1125 3211 est
1150 3157 1244 3225 qui
1266 3155 1334 3209 ad
1365 3166 1600 3222 unguem
1632 3135 1944 3205 describere
1968 3146 2127 3201 facile
2155 3158 2281 3215 pos-

719 3254 813 3306 sit.
851 3248 972 3313 Hic,
1003 3262 1059 3303 ut
1083 3248 1226 3302 dulci
1273 3255 1327 3313 et
1361 3259 1550 3300 serena
1582 3252 1667 3297 est
1708 3239 1847 3294 facie
1894 3241 2153 3307 vultuque
2187 3236 2278 3307 ju-

719 3338 917 3401 cunde,
953 3339 1031 3392 sic
1065 3349 1315 3391 sermone
1342 3346 1398 3389 et
1431 3330 1674 3387 moribus
1697 3329 1963 3383 humanus
1996 3339 2051 3383 et
2074 3325 2267 3383 comis.

720 3429 1101 3484 Bibliotliecain
1124 3427 1384 3498 grandem
1408 3425 1690 3493 utriusque
1720 3420 1915 3493 linguae
1937 3430 2022 3475 est
2052 3428 2149 3472 aut
2174 3416 2283 3485 ilo—

678 3516 683 3522 ’
723 3539 839 3590 inm,
868 3532 959 3576 aut
1005 3520 1313 3583 Florentiae,
1374 3528 1467 3572 aut
1520 3518 1699 3586 potius
1738 3513 1976 3570 Venetiis
2009 3514 2077 3568 ad
2121 3504 2281 3567 usum

726 3612 1001 3689 publicum
1029 3616 1375 3670 dimissurus.
1405 3610 1500 3677 llic
1526 3613 1594 3664 ab
1621 3606 1865 3680 Eugenio
1890 3616 1976 3661 est
2029 3605 2283 3660 cardina~

726 3716 816 3779 lis,
844 3712 1057 3767 nemine
1089 3712 1428 3772 adversante,
1456 3714 1772 3767 creatus,ex
1803 3699 2005 3771 ingenii
2035 3700 2285 3754 acumine

726 3818 885 3874 atque
913 3803 1177 3867 doctrina,
1214 3798 1466 3868 adiutore
1522 3793 1951 3867 prudentissimo
2008 3789 2284 3846 cardinale

725 3898 1005 3951 Cesarino.

1440 3981 1555 4038 XII.

732 4078 973 4150 Elogium
996 4080 1239 4139 alterum,
1281 4075 1549 4150 uernacula
1570 4072 1841 4150 scriptam.
1874 4069 1956 4125 Ex
1975 4066 2096 4123 cod.
2127 4066 2286 4121 Vatic.

1282 4145 1453 4212 .3224,
1492 4162 1547 4215 ρ.
1584 4143 1709 4197 m.

800 4260 1031 4316 Iessere
1087 4258 1416 4319 Bissarione.
1482 4256 1655 4310 Greco
1684 4254 1736 4307 di
1771 4252 2018 4315 natione,
2064 4262 2293 4305 vescovo

734 4353 1025 4416 rardinale,
1060 4350 1111 4401 l'u
1156 4362 1314 4401 uomo
1357 4347 1408 4400 di
1459 4343 1820 4413 grandissima
1848 4338 2103 4395 ὐυιοτίιδ
2153 4339 2293 4393 ttella

733 4446 929 4498 Cbiesa
960 4444 1009 4496 di
1034 4442 1152 4493 Dio.
1186 4439 1261 4490 Fu
1327 4448 1553 4489 monaco
1603 4432 1723 4487 dell‘
1774 4431 1966 4485 ordine
2012 4429 2064 4480 di
2118 4425 2287 4480 Santo

741 4536 958 4617 tiasiliq,
985 4548 1015 4587 e
1048 4547 1220 4586 venite
1256 4530 1308 4581 in
1366 4526 1517 4580 Italia
1559 4524 1795 4592 quando
1837 4517 1995 4588 157
2048 4519 2095 4571 ci
2132 4532 2299 4570 venne

738 4600 1112 4695 l’nnpe'radore
1136 4621 1218 4676 de‘
1249 4621 1444 4683 Greci;
1484 4620 1551 4671 de
1605 4615 1771 4686 pritni
1806 4610 2066 4681 singulari
2097 4600 2326 4663 nemini“

738 4727 839 4773 rue
869 4721 917 4773 vi
942 4718 1209 4771 venissino
1250 4717 1302 4767 l‘u
1333 4715 1427 4766 lui.
1489 4711 1662 4779 Dipoi,
1721 4708 1850 4760 latta
1911 4704 2147 4757 i’unione
2217 4701 2297 4756 de’

738 4812 895 4867 Greci
932 4825 1025 4878 per
1052 4812 1097 4862 le
1132 4820 1229 4861 sue
1276 4803 1534 4873 singulari
1573 4800 1718 4855 viruit
1760 4800 1812 4851 lu
1866 4795 1999 4850 [atto
2028 4796 2299 4850 cardinale

740 4924 795 4956 III
822 4902 1045 4956 Firenze
1070 4900 1136 4954 da
1171 4912 1303 4966 papa
1318 4894 1556 4963 Eugenio
1592 4894 1821 4948 insieme
1852 4904 1951 4945 con
2008 4889 2074 4942 18
2122 4888 2301 4939 Cardi-

741 4992 849 5046 nali
879 4993 979 5045 cbe
1015 4988 1129 5043 leue
1150 4989 1204 5039 in
1232 4983 1459 5039 Fiienze
1480 4998 1497 5050 ;
1522 4997 1584 5035 ve
1616 4982 1761 5035 n‘era
1790 4995 1899 5035 uno
1931 4979 2070 5033 altro
2120 4976 2298 5031 Greco

740 5089 843 5139 cbe
894 5096 985 5137 era
1038 5074 1315 5134 cardinale
1366 5075 1711 5128 arcivescovo
1750 5071 1803 5123 di
1850 5067 2069 5130 Rossia,
2116 5068 2214 5119 cbe
2254 5068 2298 5119 si

740 5180 1022 5230 clnamava
1052 5167 1327 5227 cardinale
1355 5164 1581 5218 Ruteuo.
1613 5159 1695 5215 Fu
1722 5160 1775 5214 di
1818 5157 2177 5229 grandissima
2233 5156 2302 5208 ri-

744 5267 1027 5338 putaaiene
1055 5262 1195 5316 bella
1224 5259 1413 5314 Chiesa
1444 5257 1496 5312 di
1530 5254 1649 5321 Dio,
1673 5268 1705 5308 e
1762 5262 1897 5305 tutte
1953 5250 2003 5301 le
2035 5262 2160 5301 cose
2216 5261 2303 5297 ar-

746 5364 850 5413 due
874 5373 907 5410 e
939 5357 1138 5411 dillicili
1168 5355 1271 5407 cite
1297 5361 1665 5407 occerrevano
1689 5347 1739 5398 al
1776 5357 1953 5410 tempe
1982 5356 2101 5404 suo,
2134 5342 2300 5391 ricor-

748 5464 943 5504 revauo
982 5449 1125 5502 alui.
1170 5444 1245 5498 Fu
1288 5456 1514 5497 vescovo
1535 5438 1883 5499 Tusculano;
1916 5431 2059 5486 endo
2124 5432 2299 5498 legato

750 5544 801 5593 in
834 5540 922 5607 pii:
957 5540 1160 5609 luoglii,
1200 5550 1229 5589 e
1266 5549 1477 5604 sempre
1514 5532 1653 5587 ebbe
1698 5527 2057 5597 grandissimo
2092 5524 2300 5575 honore

750 5630 1115 5700 dov‘eghando
1142 5647 1233 5701 pet
1255 5643 1433 5684 essere
1468 5639 1627 5681 uonio
1657 5624 1832 5691 giustu
1874 5629 1925 5673 ct
1955 5619 2006 5672 di
2040 5612 2294 5669 laudabili

1410 234 1419 247 ³
1528 230 1628 292 ΒΕ
1663 227 1837 291 νιτΑ
2001 217 2252 313 REBUS
2292 213 2560 278 GESTIS
2595 206 3098 283 BESSARIONIS

3777 197 3955 242 κατ

2345 334 2597 389 costumi.
2618 331 2694 384 Fu
2727 333 2902 399 legato
2930 310 3249 396 dirliologna
3280 321 3369 390 p'i‘t
3402 332 3576 393 temp.»
3624 326 3679 371 et
3708 326 3909 384 gover-

2346 429 2418 479 no
2449 422 3032 492 inaravigliosamente,
3067 427 3124 472 et
3153 414 3345 471 ebbevi
3376 408 3741 482 grandissimo
3778 421 3919 461 uno.

2348 529 2406 567 re
2435 525 2529 582 per
2563 512 2612 564 le
2643 526 2749 566 suo
2765 508 2943 579 giusto
2976 519 3237 577 govemo.
3260 501 3375 557 Non
3414 514 3612 571 pareva
3641 498 3779 552 nella
3809 508 3910 550 sua

2349 605 2480 668 vita,
2509 612 2566 658 et
2595 603 2922 657 costunti....
2944 614 3032 655 ma
3052 597 3137 653 ne'
3161 593 3443 667 principali
3469 591 3650 661 Inoghi
3678 586 3917 644 d'Italia.

2349 690 2505 749 Audo
2531 694 2711 763 legato
2746 694 2802 761 in
2827 674 3080 756 Francia,
3120 687 3258 743 dove
3279 684 3417 741 ebbe
3445 680 3804 755 grandissima
3836 675 3916 731 ri-

2353 786 2640 856 putaaione
2668 786 2726 839 in
2756 764 2937 853 quello
2952 781 3091 836 ebbe
3112 796 3145 834 a
3178 777 3314 833 lare.
3344 776 3425 831 Fu
3450 772 3755 856 dottissimo
3775 767 3932 825 κει.

2357 880 2540 957 lingua
2592 877 2767 935 Greca
2827 884 2899 941 et,
2933 872 3073 929 nella
3109 870 3340 934 Latina;
3382 866 3437 923 iu
3469 855 3739 921 "amatore
3774 858 3934 916 delle

2355 954 2548 1025 lettere
2585 978 2639 1023 et
2682 967 2808 1025 aelii
2837 966 3042 1022 nomini
3073 962 3311 1026 literati;
3341 961 3396 1015 in
3432 958 3603 1015 multo
3630 954 3932 1011 aleaiona—

2360 1073 2415 1120 to
2442 1055 2543 1119 alla
2566 1063 2799 1120 dottrina
2826 1062 2879 1117 di
2912 1056 3163 1125 Platone;
3192 1064 3248 1112 et
3287 1054 3411 1110 altri
3442 1067 3612 1109 erano
3660 1066 3690 1105 a
3741 1048 3930 1116 queila

2361 1156 2739 1221 d‘Aristotele;
2774 1163 2828 1209 et
2854 1152 3053 1224 pcrcbe
3085 1165 3254 1207 erano
3283 1147 3459 1202 alcuni
3483 1146 3587 1200 cbe
3641 1143 3933 1212 impugna-

2362 1261 2504 1300 vano
2532 1245 2580 1298 la
2614 1244 2855 1317 dottrina
2891 1242 3207 1307 di‘Platone,
3250 1240 3287 1295 il
3334 1237 3615 1293 cardinale
3666 1235 3717 1289 la
3748 1232 3933 1288 difen-

2363 1338 2673 1401 deva,etin
2716 1350 2815 1391 sua
2848 1334 3146 1390 difensione
3200 1340 3462 1399 compose‘
3505 1343 3574 1385 un
3628 1324 3937 1380 bellissima

2368 1429 2522 1493 libro,
2548 1429 2583 1482 il
2611 1427 2769 1481 titulo
2797 1426 2881 1481 dei
2899 1422 3062 1495 quale
3096 1423 3159 1479 ἐς
3185 1420 3251 1475 1n
3280 1421 3567 1491 difemione
3586 1418 3643 1470 di
3681 1416 3937 1476 Platone,

2366 1536 2530 1591 opera
2560 1521 2726 1576 multo
2746 1521 2917 1591 degna
2946 1527 3001 1573 et
3046 1517 3100 1571 di
3163 1513 3518 1586 grandissima
3566 1510 3937 1582 riputaaione.

2368 1614 2639 1669 Tradusse
2672 1627 2743 1666 un
2781 1594 2923 1673 libro
2951 1608 3026 1663 De
3056 1608 3208 1678 factis
3236 1613 3285 1658 et
3312 1604 3469 1657 dictis
3498 1601 3939 1657 memorabilibus

2368 1706 2620 1762 Socratis.
2655 1702 2844 1758 Venae
2870 1701 2925 1756 in
2944 1708 3095 1755 tanta
3122 1696 3466 1767 riputazione
3495 1705 3753 1762 appresso
3788 1701 3941 1744 tntto

2368 1798 2406 1851 n
2445 1796 2673 1867 collegio
2732 1792 2816 1849 de’
2852 1789 3138 1857 cardinali,
3187 1789 3288 1842 cbe
3342 1770 3510 1842 sendo
3570 1791 3744 1838 murto
3793 1796 3943 1849 papa

2368 1887 2487 1951 Pio,
2543 1884 2860 1939 lstette’una
2903 1890 3053 1936 notte
3090 1891 3249 1948 papa,
3302 1871 3501 1943 percbe
3543 1874 3711 1926 sendo
3767 1869 3945 1921 istato

2370 1977 2534 2033 eietto
2554 1988 2761 2031 sommo
2788 1972 3056 2043 pontetlce
3106 1970 3160 2023 in
3188 1963 3458 2031 conclavi,
3508 1961 3546 2017 il
3581 1960 3816 2016 secundo
3852 1961 3944 2011 is-

2372 2069 2600 2138 quitlnio
2628 2067 2727 2123 cbe
2748 2079 2858 2123 non
2882 2064 3068 2117 voleva
3085 2062 3188 2116 cbe
3216 2057 3361 2113 Iesse
3384 2070 3543 2125 papa,
3568 2053 3745 2109 disse:
3772 2051 3888 2119 Egi:
3905 2050 3947 2105 ἑ

2372 2176 2507 2233 papa
2534 2177 2550 2226 ;
2579 2174 2611 2213 a
2641 2159 2730 2213 noi
2762 2171 2872 2212 non
2911 2164 3094 2210 menta
3118 2152 3294 2233 nulla;
3324 2149 3621 2205 domattina
3647 2148 3731 2202 nel
3764 2147 3947 2214 primo

2374 2230 2653 2318 isquitinio
2669 2258 2723 2302 et
2740 2247 2828 2301 noi
2851 2245 2903 2301 lo
2920 2230 3315 2315 publicaremo.
3336 2236 3629 2293 Rimasono
3656 2237 3947 2290 d’accorcfo

2376 2358 2406 2396 a
2440 2351 2633 2411 questo
2660 2338 2824 2393 modo
2883 2347 2939 2391 et
2968 2344 3107 2390 tutta
3136 2334 3189 2389 ia
3229 2342 3377 2386 notte
3442 2343 3549 2385 non
3596 2328 3644 2383 si
3679 2327 3793 2381 iece
3829 2326 3948 2379 mai

2378 2433 2517 2485 altro
2547 2431 2646 2484 che
2674 2429 2992 2497 adoperare,
3026 2424 3130 2481 cbe
3159 2439 3267 2478 non
3286 2424 3430 2477 fusse
3479 2435 3656 2492 papa;
3702 2420 3802 2472 cbe
3851 2417 3950 2470 clii

2379 2526 2449 2575 ne
2506 2519 2591 2591 l'u_
2638 2519 2846 2588 cagime
2897 2514 3076 2584 cupito
3125 2515 3179 2567 di
3239 2515 3328 2582 poi
3364 2512 3503 2569 male
3534 2552 3552 2578 ,
3599 2520 3656 2567 et
3724 2524 3831 2564 non
3902 2512 3951 2563 si

2379 2613 2662 2664 attendeva
2707 2605 2772 2661 ad
2845 2606 3004 2670 aItro,
3055 2604 3157 2659 cbe
3209 2603 3410 2658 andare
3464 2602 3701 2657 dall‘uno
3768 2602 3950 2655 card-

2382 2703 2504 2757 nale
2562 2700 2791 2754 all‘altro
2835 2712 2865 2751 a
2939 2696 3057 2751 dire
3130 2696 3287 2750 loro:
3353 2693 3524 2749 E’non
3604 2709 3739 2749 sono
3790 2697 3954 2749 molli

2382 2793 2509 2849 anni
2538 2794 2640 2848 clie
2680 2790 2884 2845 Niceno
2913 2804 3006 2844 era
3046 2789 3271 2847 eretico.
3307 2785 3583 2856 Vogliamo
3618 2779 3724 2841 noi'
3752 2787 3855 2839 clie
3903 2786 3955 2839 si

2383 2889 2499 2943 dica
2534 2887 2634 2941 cbe
2666 2885 2754 2939 noi
2781 2884 3027 2938 abbiamo
3067 2881 3204 2937 fatto
3242 2894 3351 2935 uno
3381 2862 3621 2942 cretico,
3663 2878 3765 2932 clie
3820 2878 3957 2931 sar‘a

2384 2992 2487 3030 una
2511 2974 2803 3046 vergogna?
2826 2972 2890 3027 Et
2910 2973 3047 3028 bene
3067 2971 3171 3026 cbe
3192 2966 3463 3025 dicessino
3487 2983 3516 3022 a
3537 2979 3735 3038 questo
3764 2968 3958 3024 modo.

2385 3063 2673 3134 l‘opinione
2752 3063 2868 3117 loro
2907 3074 3001 3117 era
3044 3075 3143 3130 per
3193 3057 3306 3114 fare
3349 3073 3419 3111 un
3460 3057 3713 3127 pontiﬁce
3764 3072 3792 3109 a
3834 3059 3961 3111 ιοιο

2386 3156 2571 3219 modo,
2599 3166 2756 3209 come
2786 3152 2838 3206 l‘u
2868 3150 3023 3218 l‘atto;
3052 3152 3298 3207 venendo
3330 3148 3385 3203 di
3416 3150 3504 3218 poi
3538 3148 3576 3202 il
3604 3148 3661 3202 di
3690 3162 3962 3215 seguenle

2389 3264 2417 3303 a
2439 3246 2555 3302 fare
2576 3245 2614 3301 il
2636 3242 2899 3312 pontetiee
2926 3242 3136 3298 ieciono
3152 3239 3368 3311 Pagolo,
3394 3253 3425 3294 e
3440 3239 3496 3291 l'u
3525 3239 3702 3293 buona
3728 3239 3965 3304 lesione,

2388 3356 2421 3396 e
2459 3339 2685 3396 andovvi
2724 3335 3169 3394 canonicamente
3215 3332 3517 3396 senz’altra
3571 3331 3964 3400 intelligentia,

2389 3450 2420 3489 e
2450 3433 2754 3489 lasciarono
2804 3428 2880 3483 lui
2911 3440 3068 3483 come
3114 3438 3274 3480 nomo
3304 3422 3608 3490 savissimo,
3645 3437 3676 3477 e
3701 3436 3805 3475 non
3837 3420 3971 3478 fere

2391 3522 3043 3597 ignunadimostrazione,
3060 3532 3090 3573 e
3103 3516 3340 3573 lasciolla
3350 3517 3392 3583 ι
3402 3514 3513 3584 58
3526 3512 3974 3569 correre.Niente

2390 3615 2446 3671 di
2473 3628 2633 3669 meno
2652 3612 2691 3667 il
2704 3609 2972 3681 ponteilce
3003 3608 3158 3677 perla
3179 3620 3280 3661 sua
3297 3606 3439 3660 virtu
3455 3604 3693 3659 l‘ebbein
3712 3607 3975 3674 grandis-

2389 3710 2527 3762 sima
2559 3702 3081 3775 riputasionegcome
3113 3713 3204 3755 era
3236 3698 3395 3752 istato
3428 3697 3608 3772 perio
3634 3704 3811 3762 lempn
3839 3710 3975 3763 pas-

2394 3806 2534 3853 sato.
2586 3792 2799 3849 Istando
2856 3808 2887 3846 a
2940 3800 3141 3860 questo
3174 3788 3336 3843 modo
3379 3802 3552 3843 venne
3590 3788 3639 3841 la
3682 3797 3860 3841 morte
3911 3790 3970 3841 di

2393 3903 2530 3958 papa
2550 3883 2751 3953 Pagolo
2767 3882 3142 3937 etsuccedette
3159 3879 3327 3934 Sisto.
3345 3876 3402 3932 In
3436 3888 3573 3932 tutlo
3602 3880 3647 3934 il
3671 3888 3849 3947 tempe
3874 3895 3925 3933 ea
3940 3897 3973 3932 a

2397 3976 2560 4055 istato
2590 3980 2645 4033 in
2668 3962 2826 4032 Icorte
2848 3974 2903 4029 di
2932 3972 3101 4028 Roma
3119 3987 3333 4041 sempre
3360 3986 3391 4025 a
3418 3970 3804 4026 lareiscrivere
3839 3972 3979 4026 libri

2400 4074 2455 4126 in
2487 4071 2613 4141 ognl
2642 4067 2837 4123 Iacolta
2858 4067 2971 4122 eosi
2990 4064 3229 4131 in,Greco
3247 4077 3402 4118 come
3422 4064 3474 4117 in
3512 4064 3738 4127 Latino;
3780 4074 3836 4117 et
3860 4080 3978 4116 non

2401 4165 2514 4220 solo
2559 4161 2843 4224 iscriveva,
2894 4171 2980 4212 ma
3017 4169 3340 4225 comperava
3390 4155 3513 4209 tntti
3554 4154 3571 4207 i
3618 4153 3739 4207 libri
3774 4156 3979 4226 ch’egii

2404 4270 2508 4310 non
2545 4267 2731 4317 aveva,
2762 4265 2792 4306 e
2824 4247 3026 4320 grande
3060 4256 3212 4315 parte
3253 4247 3303 4299 di
3344 4245 3522 4314 quello
3567 4245 3639 4313 gli
3690 4259 3978 4298 avanzava

2403 4346 2541 4400 delle
2582 4358 2683 4399 sne
2753 4341 2967 4396 tendite
3004 4338 3321 4407 isprendeva
3354 4337 3407 4391 in
3446 4337 3568 4391 libri
3634 4351 3662 4389 a
3710 4352 3778 4389 nn
3839 4339 3978 4389 line.

2404 4435 2627 4492 Avendo
2648 4433 2736 4505 gia
2762 4431 3013 4487 condotta
3038 4427 3662 4499 grandissima;quantita
3686 4427 3741 4481 di
3768 4430 3979 4480 velunii

2406 4528 2515 4581 cosi
2546 4526 2701 4581 Greci
2725 4538 2878 4595 come
2908 4520 3106 4587 Latini,
3132 4530 3185 4573 et
3210 4520 3348 4572 sacri
3377 4534 3528 4573 come
3552 4520 3758 4588 gentili,
3791 4519 3984 4572 deter-

2408 4611 2556 4668 mino
2598 4611 2650 4665 di
2687 4609 2952 4677 mettergli
2990 4608 3044 4661 in
3077 4607 3303 4677 qualche
3338 4607 3497 4676 luogo
3529 4610 3700 4676 degno
3733 4618 3786 4660 et
3822 4621 3983 4659 mas-

2407 4706 2543 4758 sime
2573 4702 2586 4755 i
2617 4700 2737 4754 libri
2764 4699 2945 4764 Greci,
2976 4700 3077 4753 clie
3111 4712 3167 4752 se
3202 4697 3308 4750 mai
3340 4698 3516 4765 quella
3550 4696 3763 4751 infelice
3797 4700 3985 4765 patria

2409 4804 2652 4847 tornasse
2684 4789 2731 4845 a’
2768 4790 2979 4843 termini
3012 4789 3153 4853 suoi,
3186 4801 3217 4840 e
3250 4788 3349 4841 cbe
3374 4789 3541 4839 sendo
3588 4786 3639 4839 di
3677 4786 3725 4838 la
3764 4789 3989 4855 perduti

2410 4888 2422 4939 i
2450 4887 2595 4951 libri,
2627 4884 2828 4937 fossino
2859 4885 2908 4934 in
2941 4882 3099 4949 luogo
3130 4894 3231 4933 ove
3259 4877 3529 4947 potessino
3569 4890 3727 4931 avere
3748 4878 3995 4945 qualclie

2408 4976 2696 5038 comodita;
2732 4986 2788 5028 et
2836 4987 2939 5026 non
2973 4971 3041 5040 gli
3088 4984 3252 5037 parve
3295 4968 3437 5022 losse
3467 4969 3625 5035 luogo
3674 4969 3880 5037 ignuuo
3932 4970 3991 5020 in

2408 5068 2561 5121 Italia
2590 5066 2681 5134 piii
2705 5070 2931 5119 comodo
2961 5062 3061 5115 cbe
3091 5060 3311 5113 Venetia
3354 5058 3523 5111 sendo
3569 5060 3726 5126 luogo
3768 5057 3821 5110 di
3866 5074 4001 5110 nia-

2419 5160 2535 5211 rina
2566 5166 2619 5209 et
2647 5154 2749 5208 cbe
2774 5156 2861 5207 citi
2896 5152 3050 5206 viene
3073 5149 3128 5203 di
3160 5149 3208 5201 la
3238 5150 3413 5216 capita
3446 5148 3619 5215 quivi.
3642 5146 3708 5202 Et
3732 5164 3827 5218 per
3847 5166 4000 5216 quc.

2410 5260 2494 5303 sto
2523 5245 2729 5299 avendo
2756 5242 3115 5312 grandissima
3142 5236 3475 5305 amicitiapo’
3496 5238 3783 5293 Veneziani
3810 5242 4003 5293 deter-

2412 5337 2562 5393 mino
2590 5337 2644 5391 di
2679 5334 2793 5388 lare
2821 5334 2965 5402 quivi
3002 5347 3107 5386 una
3126 5329 3349 5383 libraria
3380 5330 3619 5398 publica,
3643 5331 3743 5385 cbe
3768 5344 4008 5400 ognuno

2412 5436 2461 5485 vi
2494 5440 2703 5498 potesse
2734 5428 2942 5481 andare
2969 5436 3021 5478 et
3052 5440 3210 5477 avere
3250 5423 3545 5477 coinoilita.
3576 5419 3639 5474 Et
3674 5416 3768 5490 per
3799 5435 4007 5490 questo

2412 5518 2604 5575 ordino
2639 5518 2772 5571 colla
2794 5515 3044 5583 Signuria
3072 5523 3123 5566 et
3149 5511 3231 5565 col
3253 5511 3411 5579 dogc,
3447 5511 3547 5563 cbe
3581 5513 3625 5563 si
3657 5510 3866 5564 lacesse
3898 5526 4009 5580 per

2419 5611 2636 5682 solenne
2672 5607 3091 5669 deliberazione,
3130 5605 3230 5657 clie
3265 5602 3308 5657 si
3340 5613 3583 5655 mut-asse
3613 5613 3720 5653 una
3772 5601 4015 5657 libraria
