  <div class='ocr_page' id='page_1' title='image "/cluster/home/n/w/nwhite01/storage/ocr_20150623/161/pst.000005714834/066.png"; bbox 0 0 4138 6328; ppageno 0'>
   <div class='ocr_carea' id='block_1_1' title="bbox 170 332 2328 399">
    <p class='ocr_par' dir='ltr' id='par_1_1' title="bbox 170 332 2328 399">
     <span class='ocr_line' id='line_1_1' title="bbox 170 332 2328 399; baseline 0.011 -24"><span class='ocrx_word' id='word_1_1' title='bbox 170 332 257 375; x_wconf 69' lang='grc' dir='ltr'><strong>ατ</strong></span> <span class='ocrx_word' id='word_1_2' title='bbox 1222 335 1313 396; x_wconf 79' lang='grc' dir='ltr'><strong>ΡΑ</strong></span> <span class='ocrx_word' id='word_1_3' title='bbox 1324 335 1765 399; x_wconf 69' lang='lat' dir='ltr'><strong>NEGYRICUS</strong></span> <span class='ocrx_word' id='word_1_4' title='bbox 1805 333 2328 399; x_wconf 68' lang='lat' dir='ltr'><strong>BESSARIONIS.</strong></span> 
     </span>
    </p>
   </div>
   <div class='ocr_carea' id='block_1_2' title="bbox 173 435 1734 510">
    <p class='ocr_par' dir='ltr' id='par_1_2' title="bbox 173 435 1734 510">
     <span class='ocr_line' id='line_1_2' title="bbox 173 435 1734 510; baseline 0.008 -23"><span class='ocrx_word' id='word_1_5' title='bbox 173 435 321 499; x_wconf 89' lang='lat' dir='ltr'><strong>titur,</strong></span> <span class='ocrx_word' id='word_1_6' title='bbox 360 437 632 493; x_wconf 72' lang='lat' dir='ltr'><strong>celebrem</strong></span> <span class='ocrx_word' id='word_1_7' title='bbox 660 442 932 510; x_wconf 88' lang='lat' dir='ltr'><strong>quondam</strong></span> <span class='ocrx_word' id='word_1_8' title='bbox 966 442 1152 499; x_wconf 81' lang='lat' dir='ltr'><strong>urbem</strong></span> <span class='ocrx_word' id='word_1_9' title='bbox 1192 456 1245 499; x_wconf 85' lang='lat' dir='ltr'><strong>et</strong></span> <span class='ocrx_word' id='word_1_10' title='bbox 1277 447 1605 503; x_wconf 74' lang='lat' dir='ltr'><strong>doctissimis</strong></span> <span class='ocrx_word' id='word_1_11' title='bbox 1637 447 1734 500; x_wconf 80' lang='lat' dir='ltr'><strong>bo-</strong></span> 
     </span>
    </p>
   </div>
   <div class='ocr_carea' id='block_1_3' title="bbox 173 527 1739 603">
    <p class='ocr_par' dir='ltr' id='par_1_3' title="bbox 173 527 1739 603">
     <span class='ocr_line' id='line_1_3' title="bbox 173 527 1739 603; baseline 0.004 -22"><span class='ocrx_word' id='word_1_12' title='bbox 173 527 409 582; x_wconf 77' lang='lat' dir='ltr'><strong>minibus</strong></span> <span class='ocrx_word' id='word_1_13' title='bbox 470 530 887 603; x_wconf 56' lang='lat' dir='ltr'><strong>liberalibusq&#39;tte</strong></span> <span class='ocrx_word' id='word_1_14' title='bbox 940 534 1133 590; x_wconf 85' lang='lat' dir='ltr'><strong>studiis</strong></span> <span class='ocrx_word' id='word_1_15' title='bbox 1188 534 1514 590; x_wconf 80' lang='lat' dir='ltr'><strong>aﬂlucntem.</strong></span> <span class='ocrx_word' id='word_1_16' title='bbox 1549 535 1739 591; x_wconf 83' lang='lat' dir='ltr'><strong>Gram.-</strong></span> 
     </span>
    </p>
   </div>
   <div class='ocr_carea' id='block_1_4' title="bbox 171 619 1738 696">
    <p class='ocr_par' dir='ltr' id='par_1_4' title="bbox 171 619 1738 696">
     <span class='ocr_line' id='line_1_4' title="bbox 171 619 1738 696; baseline 0.006 -25"><span class='ocrx_word' id='word_1_17' title='bbox 171 619 372 673; x_wconf 80' lang='lat' dir='ltr'><strong>natica</strong></span> <span class='ocrx_word' id='word_1_18' title='bbox 424 621 675 677; x_wconf 79' lang='lat' dir='ltr'><strong>celeriter</strong></span> <span class='ocrx_word' id='word_1_19' title='bbox 744 627 815 680; x_wconf 92' lang='lat' dir='ltr'><strong>ob</strong></span> <span class='ocrx_word' id='word_1_20' title='bbox 869 640 1093 680; x_wconf 81' lang='lat' dir='ltr'><strong>acumen</strong></span> <span class='ocrx_word' id='word_1_21' title='bbox 1169 628 1366 696; x_wconf 77' lang='lat' dir='ltr'><strong>ingenii</strong></span> <span class='ocrx_word' id='word_1_22' title='bbox 1425 626 1738 696; x_wconf 87' lang='lat' dir='ltr'><strong>poeticaque</strong></span> 
     </span>
    </p>
   </div>
   <div class='ocr_carea' id='block_1_5' title="bbox 177 707 1735 783">
    <p class='ocr_par' dir='ltr' id='par_1_5' title="bbox 177 707 1735 783">
     <span class='ocr_line' id='line_1_5' title="bbox 177 707 1735 783; baseline 0.006 -22"><span class='ocrx_word' id='word_1_23' title='bbox 177 708 440 773; x_wconf 80' lang='lat' dir='ltr'><strong>imbutus,</strong></span> <span class='ocrx_word' id='word_1_24' title='bbox 487 713 795 781; x_wconf 83' lang='lat' dir='ltr'><strong>posthabita</strong></span> <span class='ocrx_word' id='word_1_25' title='bbox 820 729 947 771; x_wconf 85' lang='lat' dir='ltr'><strong>cura</strong></span> <span class='ocrx_word' id='word_1_26' title='bbox 992 730 1167 771; x_wconf 86' lang='lat' dir='ltr'><strong>rerum</strong></span> <span class='ocrx_word' id='word_1_27' title='bbox 1221 719 1575 772; x_wconf 89' lang='lat' dir='ltr'><strong>humanarum</strong></span> <span class='ocrx_word' id='word_1_28' title='bbox 1602 707 1606 713; x_wconf 62' lang='grc'>’</span> <span class='ocrx_word' id='word_1_29' title='bbox 1633 731 1735 783; x_wconf 87' lang='lat' dir='ltr'><strong>qua</strong></span> 
     </span>
    </p>
   </div>
   <div class='ocr_carea' id='block_1_6' title="bbox 174 799 1738 873">
    <p class='ocr_par' dir='ltr' id='par_1_6' title="bbox 174 799 1738 873">
     <span class='ocr_line' id='line_1_6' title="bbox 174 799 1738 873; baseline 0.005 -21"><span class='ocrx_word' id='word_1_30' title='bbox 174 799 422 868; x_wconf 88' lang='lat' dir='ltr'><strong>impediri</strong></span> <span class='ocrx_word' id='word_1_31' title='bbox 471 805 856 873; x_wconf 70' lang='lat' dir='ltr'><strong>contemplatio</strong></span> <span class='ocrx_word' id='word_1_32' title='bbox 898 805 1202 861; x_wconf 80' lang='lat' dir='ltr'><strong>divinarum</strong></span> <span class='ocrx_word' id='word_1_33' title='bbox 1254 808 1410 869; x_wconf 88' lang='lat' dir='ltr'><strong>solet,</strong></span> <span class='ocrx_word' id='word_1_34' title='bbox 1449 819 1617 861; x_wconf 87' lang='lat' dir='ltr'><strong>totum</strong></span> <span class='ocrx_word' id='word_1_35' title='bbox 1678 821 1738 860; x_wconf 89' lang='lat' dir='ltr'><strong>se</strong></span> 
     </span>
    </p>
   </div>
   <div class='ocr_carea' id='block_1_7' title="bbox 174 888 1754 965">
    <p class='ocr_par' dir='ltr' id='par_1_7' title="bbox 174 888 1754 965">
     <span class='ocr_line' id='line_1_7' title="bbox 174 888 1754 965; baseline 0.002 -21"><span class='ocrx_word' id='word_1_36' title='bbox 174 888 421 960; x_wconf 82' lang='lat' dir='ltr'><strong>religioni</strong></span> <span class='ocrx_word' id='word_1_37' title='bbox 449 894 678 953; x_wconf 84' lang='lat' dir='ltr'><strong>addixit.</strong></span> <span class='ocrx_word' id='word_1_38' title='bbox 706 894 907 951; x_wconf 84' lang='lat' dir='ltr'><strong>Christi</strong></span> <span class='ocrx_word' id='word_1_39' title='bbox 936 912 1166 965; x_wconf 80' lang='lat' dir='ltr'><strong>namque</strong></span> <span class='ocrx_word' id='word_1_40' title='bbox 1201 898 1447 951; x_wconf 90' lang='lat' dir='ltr'><strong>militiam</strong></span> <span class='ocrx_word' id='word_1_41' title='bbox 1495 906 1754 960; x_wconf 57' lang='lat' dir='ltr'><strong>secutus,</strong></span> 
     </span>
    </p>
   </div>
   <div class='ocr_carea' id='block_1_8' title="bbox 172 982 1733 1057">
    <p class='ocr_par' dir='ltr' id='par_1_8' title="bbox 172 982 1733 1057">
     <span class='ocr_line' id='line_1_8' title="bbox 172 982 1733 1057; baseline 0.003 -24"><span class='ocrx_word' id='word_1_42' title='bbox 172 990 237 1034; x_wconf 74' lang='lat' dir='ltr'><strong>ut</strong></span> <span class='ocrx_word' id='word_1_43' title='bbox 262 996 448 1035; x_wconf 75' lang='lat' dir='ltr'><strong>veram</strong></span> <span class='ocrx_word' id='word_1_44' title='bbox 493 982 717 1054; x_wconf 85' lang='lat' dir='ltr'><strong>gloriam</strong></span> <span class='ocrx_word' id='word_1_45' title='bbox 763 1000 1035 1057; x_wconf 84' lang='lat' dir='ltr'><strong>verosque</strong></span> <span class='ocrx_word' id='word_1_46' title='bbox 1083 986 1382 1055; x_wconf 84' lang='lat' dir='ltr'><strong>triumphos</strong></span> <span class='ocrx_word' id='word_1_47' title='bbox 1419 986 1733 1054; x_wconf 83' lang='lat' dir='ltr'><strong>parituram,</strong></span> 
     </span>
    </p>
   </div>
   <div class='ocr_carea' id='block_1_9' title="bbox 174 1070 1735 1146">
    <p class='ocr_par' dir='ltr' id='par_1_9' title="bbox 174 1070 1735 1146">
     <span class='ocr_line' id='line_1_9' title="bbox 174 1070 1735 1146; baseline 0.001 -19"><span class='ocrx_word' id='word_1_48' title='bbox 174 1070 455 1140; x_wconf 84' lang='lat' dir='ltr'><strong>Dositheo,</strong></span> <span class='ocrx_word' id='word_1_49' title='bbox 510 1076 922 1146; x_wconf 71' lang='lat' dir='ltr'><strong>archiepiscopo</strong></span> <span class='ocrx_word' id='word_1_50' title='bbox 988 1077 1254 1138; x_wconf 84' lang='lat' dir='ltr'><strong>Doriensi.</strong></span> <span class='ocrx_word' id='word_1_51' title='bbox 1317 1076 1460 1131; x_wconf 81' lang='lat' dir='ltr'><strong>unici</strong></span> <span class='ocrx_word' id='word_1_52' title='bbox 1506 1076 1735 1144; x_wconf 88' lang='lat' dir='ltr'><strong>exempli</strong></span> 
     </span>
    </p>
   </div>
   <div class='ocr_carea' id='block_1_10' title="bbox 172 1164 1737 1235">
    <p class='ocr_par' dir='ltr' id='par_1_10' title="bbox 172 1164 1737 1235">
     <span class='ocr_line' id='line_1_10' title="bbox 172 1164 1737 1235; baseline 0.003 -20"><span class='ocrx_word' id='word_1_53' title='bbox 172 1164 418 1219; x_wconf 84' lang='lat' dir='ltr'><strong>moribus</strong></span> <span class='ocrx_word' id='word_1_54' title='bbox 439 1174 492 1219; x_wconf 90' lang='lat' dir='ltr'><strong>et</strong></span> <span class='ocrx_word' id='word_1_55' title='bbox 518 1168 803 1222; x_wconf 90' lang='lat' dir='ltr'><strong>sanctitate</strong></span> <span class='ocrx_word' id='word_1_56' title='bbox 846 1168 987 1231; x_wconf 78' lang='lat' dir='ltr'><strong>viro;</strong></span> <span class='ocrx_word' id='word_1_57' title='bbox 1012 1168 1064 1221; x_wconf 90' lang='lat' dir='ltr'><strong>in</strong></span> <span class='ocrx_word' id='word_1_58' title='bbox 1090 1168 1264 1235; x_wconf 84' lang='lat' dir='ltr'><strong>primo</strong></span> <span class='ocrx_word' id='word_1_59' title='bbox 1301 1166 1548 1220; x_wconf 90' lang='lat' dir='ltr'><strong>tirocinio</strong></span> <span class='ocrx_word' id='word_1_60' title='bbox 1577 1175 1737 1220; x_wconf 70' lang='lat' dir='ltr'><strong>tanta!</strong></span> 
     </span>
    </p>
   </div>
   <div class='ocr_carea' id='block_1_11' title="bbox 168 1254 1734 1327">
    <p class='ocr_par' dir='ltr' id='par_1_11' title="bbox 168 1254 1734 1327">
     <span class='ocr_line' id='line_1_11' title="bbox 168 1254 1734 1327; baseline 0.001 -20"><span class='ocrx_word' id='word_1_61' title='bbox 168 1254 539 1324; x_wconf 78' lang='lat' dir='ltr'><strong>expeditionis</strong></span> <span class='ocrx_word' id='word_1_62' title='bbox 577 1256 712 1312; x_wconf 83' lang='lat' dir='ltr'><strong>doce</strong></span> <span class='ocrx_word' id='word_1_63' title='bbox 749 1273 880 1313; x_wconf 88' lang='lat' dir='ltr'><strong>usus</strong></span> <span class='ocrx_word' id='word_1_64' title='bbox 928 1266 1052 1312; x_wconf 90' lang='lat' dir='ltr'><strong>est:</strong></span> <span class='ocrx_word' id='word_1_65' title='bbox 1089 1257 1247 1327; x_wconf 83' lang='lat' dir='ltr'><strong>cujus</strong></span> <span class='ocrx_word' id='word_1_66' title='bbox 1287 1257 1561 1321; x_wconf 83' lang='lat' dir='ltr'><strong>virtutem,</strong></span> <span class='ocrx_word' id='word_1_67' title='bbox 1613 1257 1734 1310; x_wconf 90' lang='lat' dir='ltr'><strong>reli-</strong></span> 
     </span>
    </p>
   </div>
   <div class='ocr_carea' id='block_1_12' title="bbox 171 1347 1737 1413">
    <p class='ocr_par' dir='ltr' id='par_1_12' title="bbox 171 1347 1737 1413">
     <span class='ocr_line' id='line_1_12' title="bbox 171 1347 1737 1413; baseline 0.001 -14"><span class='ocrx_word' id='word_1_68' title='bbox 171 1347 414 1413; x_wconf 67' lang='lat' dir='ltr'><strong>gionem,</strong></span> <span class='ocrx_word' id='word_1_69' title='bbox 469 1347 775 1403; x_wconf 85' lang='lat' dir='ltr'><strong>doctrinam</strong></span> <span class='ocrx_word' id='word_1_70' title='bbox 826 1348 957 1404; x_wconf 82' lang='lat' dir='ltr'><strong>adeo</strong></span> <span class='ocrx_word' id='word_1_71' title='bbox 1012 1349 1225 1404; x_wconf 83' lang='lat' dir='ltr'><strong>imbibit</strong></span> <span class='ocrx_word' id='word_1_72' title='bbox 1277 1360 1335 1403; x_wconf 90' lang='lat' dir='ltr'><strong>ut</strong></span> <span class='ocrx_word' id='word_1_73' title='bbox 1387 1347 1526 1401; x_wconf 89' lang='lat' dir='ltr'><strong>idem</strong></span> <span class='ocrx_word' id='word_1_74' title='bbox 1588 1347 1737 1401; x_wconf 92' lang='lat' dir='ltr'><strong>brevi</strong></span> 
     </span>
    </p>
   </div>
   <div class='ocr_carea' id='block_1_13' title="bbox 174 1433 1735 1509">
    <p class='ocr_par' dir='ltr' id='par_1_13' title="bbox 174 1433 1735 1509">
     <span class='ocr_line' id='line_1_13' title="bbox 174 1433 1735 1509; baseline 0.003 -22"><span class='ocrx_word' id='word_1_75' title='bbox 174 1433 360 1491; x_wconf 77' lang='lat' dir='ltr'><strong>factus</strong></span> <span class='ocrx_word' id='word_1_76' title='bbox 385 1437 681 1493; x_wconf 79' lang='lat' dir='ltr'><strong>videretur.</strong></span> <span class='ocrx_word' id='word_1_77' title='bbox 715 1439 1054 1495; x_wconf 85' lang='lat' dir='ltr'><strong>Bessarionis</strong></span> <span class='ocrx_word' id='word_1_78' title='bbox 1084 1439 1357 1509; x_wconf 90' lang='lat' dir='ltr'><strong>ingenium</strong></span> <span class='ocrx_word' id='word_1_79' title='bbox 1410 1449 1464 1492; x_wconf 93' lang='lat' dir='ltr'><strong>et</strong></span> <span class='ocrx_word' id='word_1_80' title='bbox 1504 1446 1735 1492; x_wconf 87' lang='lat' dir='ltr'><strong>mentem</strong></span> 
     </span>
    </p>
   </div>
   <div class='ocr_carea' id='block_1_14' title="bbox 170 1517 1740 1605">
    <p class='ocr_par' dir='ltr' id='par_1_14' title="bbox 170 1517 1740 1605">
     <span class='ocr_line' id='line_1_14' title="bbox 170 1517 1740 1605; baseline 0.003 -29"><span class='ocrx_word' id='word_1_81' title='bbox 170 1539 353 1594; x_wconf 81' lang='lat' dir='ltr'><strong>prope</strong></span> <span class='ocrx_word' id='word_1_82' title='bbox 368 1528 603 1582; x_wconf 80' lang='lat' dir='ltr'><strong>divinam</strong></span> <span class='ocrx_word' id='word_1_83' title='bbox 638 1530 704 1582; x_wconf 92' lang='lat' dir='ltr'><strong>ad</strong></span> <span class='ocrx_word' id='word_1_84' title='bbox 720 1529 1079 1605; x_wconf 85' lang='lat' dir='ltr'><strong>cnguitionem</strong></span> <span class='ocrx_word' id='word_1_85' title='bbox 1109 1543 1291 1584; x_wconf 88' lang='lat' dir='ltr'><strong>rerum</strong></span> <span class='ocrx_word' id='word_1_86' title='bbox 1321 1517 1653 1584; x_wconf 84' lang='lat' dir='ltr'><strong>occultarum</strong></span> <span class='ocrx_word' id='word_1_87' title='bbox 1685 1536 1740 1583; x_wconf 89' lang='lat' dir='ltr'><strong>et</strong></span> 
     </span>
    </p>
   </div>
   <div class='ocr_carea' id='block_1_15' title="bbox 170 1617 1739 1688">
    <p class='ocr_par' dir='ltr' id='par_1_15' title="bbox 170 1617 1739 1688">
     <span class='ocr_line' id='line_1_15' title="bbox 170 1617 1739 1688; baseline 0.001 -18"><span class='ocrx_word' id='word_1_88' title='bbox 170 1617 576 1674; x_wconf 73' lang='lat' dir='ltr'><strong>admirabilium</strong></span> <span class='ocrx_word' id='word_1_89' title='bbox 616 1621 695 1674; x_wconf 91' lang='lat' dir='ltr'><strong>vir</strong></span> <span class='ocrx_word' id='word_1_90' title='bbox 739 1621 1117 1676; x_wconf 83' lang='lat' dir='ltr'><strong>sanctissimus</strong></span> <span class='ocrx_word' id='word_1_91' title='bbox 1158 1619 1570 1688; x_wconf 86' lang='lat' dir='ltr'><strong>contemplatus,</strong></span> <span class='ocrx_word' id='word_1_92' title='bbox 1611 1619 1739 1673; x_wconf 88' lang='lat' dir='ltr'><strong>ado-</strong></span> 
     </span>
    </p>
   </div>
   <div class='ocr_carea' id='block_1_16' title="bbox 168 1704 1734 1782">
    <p class='ocr_par' dir='ltr' id='par_1_16' title="bbox 168 1704 1734 1782">
     <span class='ocr_line' id='line_1_16' title="bbox 168 1704 1734 1782; baseline 0.002 -20"><span class='ocrx_word' id='word_1_93' title='bbox 168 1710 465 1765; x_wconf 80' lang='lat' dir='ltr'><strong>lescentem</strong></span> <span class='ocrx_word' id='word_1_94' title='bbox 484 1712 656 1779; x_wconf 87' lang='lat' dir='ltr'><strong>ipsum</strong></span> <span class='ocrx_word' id='word_1_95' title='bbox 681 1712 748 1767; x_wconf 88' lang='lat' dir='ltr'><strong>ad</strong></span> <span class='ocrx_word' id='word_1_96' title='bbox 765 1704 1227 1782; x_wconf 73' lang='lat' dir='ltr'><strong>archiepiscopum</strong></span> <span class='ocrx_word' id='word_1_97' title='bbox 1255 1711 1734 1781; x_wconf 81' lang='lat' dir='ltr'><strong>Selymbrieusem,</strong></span> 
     </span>
    </p>
   </div>
   <div class='ocr_carea' id='block_1_17' title="bbox 167 1802 1742 1875">
    <p class='ocr_par' dir='ltr' id='par_1_17' title="bbox 167 1802 1742 1875">
     <span class='ocr_line' id='line_1_17' title="bbox 167 1802 1742 1875; baseline 0.003 -23"><span class='ocrx_word' id='word_1_98' title='bbox 167 1802 354 1856; x_wconf 69' lang='lat' dir='ltr'><strong>virum</strong></span> <span class='ocrx_word' id='word_1_99' title='bbox 376 1804 635 1871; x_wconf 88' lang='lat' dir='ltr'><strong>optimum</strong></span> <span class='ocrx_word' id='word_1_100' title='bbox 665 1815 827 1875; x_wconf 89' lang='lat' dir='ltr'><strong>atque</strong></span> <span class='ocrx_word' id='word_1_101' title='bbox 880 1806 1281 1866; x_wconf 87' lang='lat' dir='ltr'><strong>doctissimum,</strong></span> <span class='ocrx_word' id='word_1_102' title='bbox 1311 1805 1475 1869; x_wconf 82' lang='lat' dir='ltr'><strong>misit,</strong></span> <span class='ocrx_word' id='word_1_103' title='bbox 1518 1804 1660 1859; x_wconf 87' lang='lat' dir='ltr'><strong>unde</strong></span> <span class='ocrx_word' id='word_1_104' title='bbox 1688 1812 1742 1856; x_wconf 90' lang='lat' dir='ltr'><strong>et</strong></span> 
     </span>
    </p>
   </div>
   <div class='ocr_carea' id='block_1_18' title="bbox 168 1894 1740 1964">
    <p class='ocr_par' dir='ltr' id='par_1_18' title="bbox 168 1894 1740 1964">
     <span class='ocr_line' id='line_1_18' title="bbox 168 1894 1740 1964; baseline 0.001 -19"><span class='ocrx_word' id='word_1_105' title='bbox 168 1894 472 1947; x_wconf 80' lang='lat' dir='ltr'><strong>oratoriam</strong></span> <span class='ocrx_word' id='word_1_106' title='bbox 522 1904 693 1949; x_wconf 85' lang='lat' dir='ltr'><strong>artem</strong></span> <span class='ocrx_word' id='word_1_107' title='bbox 733 1903 786 1948; x_wconf 87' lang='lat' dir='ltr'><strong>et</strong></span> <span class='ocrx_word' id='word_1_108' title='bbox 817 1894 1206 1963; x_wconf 83' lang='lat' dir='ltr'><strong>philosOphiam</strong></span> <span class='ocrx_word' id='word_1_109' title='bbox 1240 1895 1589 1964; x_wconf 80' lang='lat' dir='ltr'><strong>perdisceret,</strong></span> <span class='ocrx_word' id='word_1_110' title='bbox 1642 1894 1740 1948; x_wconf 86' lang='lat' dir='ltr'><strong>sub</strong></span> 
     </span>
    </p>
   </div>
   <div class='ocr_carea' id='block_1_19' title="bbox 167 1980 1744 2051">
    <p class='ocr_par' dir='ltr' id='par_1_19' title="bbox 167 1980 1744 2051">
     <span class='ocr_line' id='line_1_19' title="bbox 167 1980 1744 2051; baseline 0 -17"><span class='ocrx_word' id='word_1_111' title='bbox 167 1996 285 2051; x_wconf 88' lang='lat' dir='ltr'><strong>quo</strong></span> <span class='ocrx_word' id='word_1_112' title='bbox 309 1992 454 2039; x_wconf 89' lang='lat' dir='ltr'><strong>certe</strong></span> <span class='ocrx_word' id='word_1_113' title='bbox 491 1994 702 2038; x_wconf 86' lang='lat' dir='ltr'><strong>tantum</strong></span> <span class='ocrx_word' id='word_1_114' title='bbox 734 1983 1218 2051; x_wconf 81' lang='lat' dir='ltr'><strong>profecitadhibita</strong></span> <span class='ocrx_word' id='word_1_115' title='bbox 1247 1983 1397 2038; x_wconf 88' lang='lat' dir='ltr'><strong>omni</strong></span> <span class='ocrx_word' id='word_1_116' title='bbox 1430 1980 1493 2036; x_wconf 85' lang='lat' dir='ltr'><strong>ad</strong></span> <span class='ocrx_word' id='word_1_117' title='bbox 1529 1984 1744 2036; x_wconf 82' lang='lat' dir='ltr'><strong>imitan-</strong></span> 
     </span>
    </p>
   </div>
   <div class='ocr_carea' id='block_1_20' title="bbox 169 2073 1744 2145">
    <p class='ocr_par' dir='ltr' id='par_1_20' title="bbox 169 2073 1744 2145">
     <span class='ocr_line' id='line_1_20' title="bbox 169 2073 1744 2145; baseline -0.001 -20"><span class='ocrx_word' id='word_1_118' title='bbox 169 2080 307 2127; x_wconf 55' lang='lat' dir='ltr'><strong>ilum</strong></span> <span class='ocrx_word' id='word_1_119' title='bbox 344 2074 617 2131; x_wconf 88' lang='lat' dir='ltr'><strong>hominem</strong></span> <span class='ocrx_word' id='word_1_120' title='bbox 657 2092 810 2141; x_wconf 84' lang='lat' dir='ltr'><strong>cura,</strong></span> <span class='ocrx_word' id='word_1_121' title='bbox 840 2076 1022 2133; x_wconf 90' lang='lat' dir='ltr'><strong>studio</strong></span> <span class='ocrx_word' id='word_1_122' title='bbox 1068 2092 1132 2131; x_wconf 90' lang='lat' dir='ltr'><strong>ac</strong></span> <span class='ocrx_word' id='word_1_123' title='bbox 1179 2076 1474 2145; x_wconf 81' lang='lat' dir='ltr'><strong>diligentia,</strong></span> <span class='ocrx_word' id='word_1_124' title='bbox 1508 2084 1564 2126; x_wconf 92' lang='lat' dir='ltr'><strong>ut</strong></span> <span class='ocrx_word' id='word_1_125' title='bbox 1605 2073 1744 2142; x_wconf 85' lang='lat' dir='ltr'><strong>judi-</strong></span> 
     </span>
    </p>
   </div>
   <div class='ocr_carea' id='block_1_21' title="bbox 165 2160 1738 2234">
    <p class='ocr_par' dir='ltr' id='par_1_21' title="bbox 165 2160 1738 2234">
     <span class='ocr_line' id='line_1_21' title="bbox 165 2160 1738 2234; baseline -0.003 -14"><span class='ocrx_word' id='word_1_126' title='bbox 165 2179 304 2220; x_wconf 87' lang='lat' dir='ltr'><strong>care</strong></span> <span class='ocrx_word' id='word_1_127' title='bbox 338 2178 521 2234; x_wconf 88' lang='lat' dir='ltr'><strong>postea</strong></span> <span class='ocrx_word' id='word_1_128' title='bbox 550 2166 829 2223; x_wconf 77' lang='lat' dir='ltr'><strong>difﬁcilius</strong></span> <span class='ocrx_word' id='word_1_129' title='bbox 851 2160 1015 2221; x_wconf 79' lang='lat' dir='ltr'><strong>fuerit</strong></span> <span class='ocrx_word' id='word_1_130' title='bbox 1055 2167 1315 2221; x_wconf 90' lang='lat' dir='ltr'><strong>meliorne</strong></span> <span class='ocrx_word' id='word_1_131' title='bbox 1360 2166 1639 2219; x_wconf 81' lang='lat' dir='ltr'><strong>Bessarion</strong></span> <span class='ocrx_word' id='word_1_132' title='bbox 1671 2177 1738 2216; x_wconf 84' lang='lat' dir='ltr'><strong>an</strong></span> 
     </span>
    </p>
   </div>
   <div class='ocr_carea' id='block_1_22' title="bbox 163 2253 1740 2322">
    <p class='ocr_par' dir='ltr' id='par_1_22' title="bbox 163 2253 1740 2322">
     <span class='ocr_line' id='line_1_22' title="bbox 163 2253 1740 2322; baseline -0.003 -12"><span class='ocrx_word' id='word_1_133' title='bbox 163 2258 396 2311; x_wconf 78' lang='lat' dir='ltr'><strong>doctior</strong></span> <span class='ocrx_word' id='word_1_134' title='bbox 453 2258 765 2311; x_wconf 84' lang='lat' dir='ltr'><strong>haberetur.</strong></span> <span class='ocrx_word' id='word_1_135' title='bbox 821 2258 1105 2313; x_wconf 88' lang='lat' dir='ltr'><strong>Postremo</strong></span> <span class='ocrx_word' id='word_1_136' title='bbox 1164 2262 1370 2320; x_wconf 86' lang='lat' dir='ltr'><strong>autem,</strong></span> <span class='ocrx_word' id='word_1_137' title='bbox 1428 2268 1494 2307; x_wconf 90' lang='lat' dir='ltr'><strong>ne</strong></span> <span class='ocrx_word' id='word_1_138' title='bbox 1542 2253 1740 2322; x_wconf 83' lang='lat' dir='ltr'><strong>aliquid</strong></span> 
     </span>
    </p>
   </div>
   <div class='ocr_carea' id='block_1_23' title="bbox 168 2344 1740 2424">
    <p class='ocr_par' dir='ltr' id='par_1_23' title="bbox 168 2344 1740 2424">
     <span class='ocr_line' id='line_1_23' title="bbox 168 2344 1740 2424; baseline -0.004 -27"><span class='ocrx_word' id='word_1_139' title='bbox 168 2357 332 2401; x_wconf 80' lang='lat' dir='ltr'><strong>tanto</strong></span> <span class='ocrx_word' id='word_1_140' title='bbox 388 2348 634 2415; x_wconf 59' lang='lat' dir='ltr'><strong>ingenio‘</strong></span> <span class='ocrx_word' id='word_1_141' title='bbox 656 2349 890 2424; x_wconf 74' lang='lat' dir='ltr'><strong>deesset,</strong></span> <span class='ocrx_word' id='word_1_142' title='bbox 921 2345 1197 2400; x_wconf 79' lang='lat' dir='ltr'><strong>Platonem</strong></span> <span class='ocrx_word' id='word_1_143' title='bbox 1234 2344 1371 2423; x_wconf 41' lang='lat' dir='ltr'><strong>.(leg.</strong></span> <span class='ocrx_word' id='word_1_144' title='bbox 1404 2344 1740 2410; x_wconf 75' lang='lat' dir='ltr'><strong>Plethonem)</strong></span> 
     </span>
    </p>
   </div>
   <div class='ocr_carea' id='block_1_24' title="bbox 164 2437 1743 2515">
    <p class='ocr_par' dir='ltr' id='par_1_24' title="bbox 164 2437 1743 2515">
     <span class='ocr_line' id='line_1_24' title="bbox 164 2437 1743 2515; baseline -0.001 -25"><span class='ocrx_word' id='word_1_145' title='bbox 164 2454 341 2506; x_wconf 77' lang='lat' dir='ltr'><strong>quem</strong></span> <span class='ocrx_word' id='word_1_146' title='bbox 370 2439 458 2492; x_wconf 92' lang='lat' dir='ltr'><strong>alii</strong></span> <span class='ocrx_word' id='word_1_147' title='bbox 486 2438 762 2494; x_wconf 85' lang='lat' dir='ltr'><strong>Gemiston</strong></span> <span class='ocrx_word' id='word_1_148' title='bbox 789 2449 1012 2515; x_wconf 77' lang='lat' dir='ltr'><strong>vocant,</strong></span> <span class='ocrx_word' id='word_1_149' title='bbox 1054 2437 1423 2493; x_wconf 82' lang='lat' dir='ltr'><strong>doctissimum</strong></span> <span class='ocrx_word' id='word_1_150' title='bbox 1451 2443 1743 2505; x_wconf 66' lang='lat' dir='ltr'><strong>praecepto-</strong></span> 
     </span>
    </p>
   </div>
   <div class='ocr_carea' id='block_1_25' title="bbox 166 2526 1740 2598">
    <p class='ocr_par' dir='ltr' id='par_1_25' title="bbox 166 2526 1740 2598">
     <span class='ocr_line' id='line_1_25' title="bbox 166 2526 1740 2598; baseline -0.001 -18"><span class='ocrx_word' id='word_1_151' title='bbox 166 2546 291 2581; x_wconf 86' lang='lat' dir='ltr'><strong>rem</strong></span> <span class='ocrx_word' id='word_1_152' title='bbox 322 2543 371 2583; x_wconf 89' lang='lat' dir='ltr'><strong>et</strong></span> <span class='ocrx_word' id='word_1_153' title='bbox 402 2544 559 2598; x_wconf 85' lang='lat' dir='ltr'><strong>quem</strong></span> <span class='ocrx_word' id='word_1_154' title='bbox 588 2543 778 2585; x_wconf 88' lang='lat' dir='ltr'><strong>omnes</strong></span> <span class='ocrx_word' id='word_1_155' title='bbox 803 2530 1098 2584; x_wconf 87' lang='lat' dir='ltr'><strong>secundum</strong></span> <span class='ocrx_word' id='word_1_156' title='bbox 1142 2543 1175 2583; x_wconf 89' lang='lat' dir='ltr'><strong>a</strong></span> <span class='ocrx_word' id='word_1_157' title='bbox 1210 2526 1428 2581; x_wconf 85' lang='lat' dir='ltr'><strong>Platone</strong></span> <span class='ocrx_word' id='word_1_158' title='bbox 1449 2536 1662 2591; x_wconf 90' lang='lat' dir='ltr'><strong>vocant,</strong></span> <span class='ocrx_word' id='word_1_159' title='bbox 1689 2526 1740 2579; x_wconf 92' lang='lat' dir='ltr'><strong>iu</strong></span> 
     </span>
    </p>
   </div>
   <div class='ocr_carea' id='block_1_26' title="bbox 168 2618 1741 2689">
    <p class='ocr_par' dir='ltr' id='par_1_26' title="bbox 168 2618 1741 2689">
     <span class='ocr_line' id='line_1_26' title="bbox 168 2618 1741 2689; baseline 0 -18"><span class='ocrx_word' id='word_1_160' title='bbox 168 2618 572 2688; x_wconf 84' lang='lat' dir='ltr'><strong>Peloponneso,</strong></span> <span class='ocrx_word' id='word_1_161' title='bbox 622 2635 728 2689; x_wconf 91' lang='lat' dir='ltr'><strong>quo</strong></span> <span class='ocrx_word' id='word_1_162' title='bbox 786 2635 844 2675; x_wconf 88' lang='lat' dir='ltr'><strong>se</strong></span> <span class='ocrx_word' id='word_1_163' title='bbox 901 2620 1204 2676; x_wconf 85' lang='lat' dir='ltr'><strong>contulerat</strong></span> <span class='ocrx_word' id='word_1_164' title='bbox 1256 2622 1510 2675; x_wconf 70' lang='lat' dir='ltr'><strong>doctrinae</strong></span> <span class='ocrx_word' id='word_1_165' title='bbox 1557 2634 1741 2681; x_wconf 85' lang='lat' dir='ltr'><strong>causa,</strong></span> 
     </span>
    </p>
   </div>
   <div class='ocr_carea' id='block_1_27' title="bbox 170 2710 1743 2781">
    <p class='ocr_par' dir='ltr' id='par_1_27' title="bbox 170 2710 1743 2781">
     <span class='ocr_line' id='line_1_27' title="bbox 170 2710 1743 2781; baseline 0 -18"><span class='ocrx_word' id='word_1_166' title='bbox 170 2724 395 2775; x_wconf 84' lang='lat' dir='ltr'><strong>nactus,</strong></span> <span class='ocrx_word' id='word_1_167' title='bbox 436 2712 833 2767; x_wconf 75' lang='lat' dir='ltr'><strong>mathematicis</strong></span> <span class='ocrx_word' id='word_1_168' title='bbox 886 2721 1142 2766; x_wconf 87' lang='lat' dir='ltr'><strong>accurate</strong></span> <span class='ocrx_word' id='word_1_169' title='bbox 1186 2711 1463 2765; x_wconf 86' lang='lat' dir='ltr'><strong>imbuitur.</strong></span> <span class='ocrx_word' id='word_1_170' title='bbox 1526 2710 1743 2781; x_wconf 76' lang='lat' dir='ltr'><strong>Vulgari</strong></span> 
     </span>
    </p>
   </div>
   <div class='ocr_carea' id='block_1_28' title="bbox 168 2799 1745 2872">
    <p class='ocr_par' dir='ltr' id='par_1_28' title="bbox 168 2799 1745 2872">
     <span class='ocr_line' id='line_1_28' title="bbox 168 2799 1745 2872; baseline -0.001 -16"><span class='ocrx_word' id='word_1_171' title='bbox 168 2814 292 2856; x_wconf 87' lang='lat' dir='ltr'><strong>tum</strong></span> <span class='ocrx_word' id='word_1_172' title='bbox 357 2804 567 2858; x_wconf 83' lang='lat' dir='ltr'><strong>demum</strong></span> <span class='ocrx_word' id='word_1_173' title='bbox 619 2805 749 2860; x_wconf 90' lang='lat' dir='ltr'><strong>tanti</strong></span> <span class='ocrx_word' id='word_1_174' title='bbox 786 2805 1020 2859; x_wconf 81' lang='lat' dir='ltr'><strong>hominis</strong></span> <span class='ocrx_word' id='word_1_175' title='bbox 1060 2818 1256 2858; x_wconf 88' lang='lat' dir='ltr'><strong>nomen</strong></span> <span class='ocrx_word' id='word_1_176' title='bbox 1286 2812 1369 2858; x_wconf 87' lang='lat' dir='ltr'><strong>est</strong></span> <span class='ocrx_word' id='word_1_177' title='bbox 1398 2799 1655 2872; x_wconf 71' lang='lat' dir='ltr'><strong>emptum,</strong></span> <span class='ocrx_word' id='word_1_178' title='bbox 1688 2812 1745 2856; x_wconf 91' lang='lat' dir='ltr'><strong>ut</strong></span> 
     </span>
    </p>
   </div>
   <div class='ocr_carea' id='block_1_29' title="bbox 167 2897 1742 2967">
    <p class='ocr_par' dir='ltr' id='par_1_29' title="bbox 167 2897 1742 2967">
     <span class='ocr_line' id='line_1_29' title="bbox 167 2897 1742 2967; baseline -0.001 -17"><span class='ocrx_word' id='word_1_179' title='bbox 167 2915 288 2967; x_wconf 84' lang='lat' dir='ltr'><strong>quo</strong></span> <span class='ocrx_word' id='word_1_180' title='bbox 322 2898 755 2967; x_wconf 82' lang='lat' dir='ltr'><strong>proﬁcisceretur</strong></span> <span class='ocrx_word' id='word_1_181' title='bbox 801 2900 999 2953; x_wconf 73' lang='lat' dir='ltr'><strong>famam</strong></span> <span class='ocrx_word' id='word_1_182' title='bbox 1058 2897 1413 2965; x_wconf 77' lang='lat' dir='ltr'><strong>exspectatio,</strong></span> <span class='ocrx_word' id='word_1_183' title='bbox 1465 2905 1742 2964; x_wconf 80' lang='lat' dir='ltr'><strong>exspecta-</strong></span> 
     </span>
    </p>
   </div>
   <div class='ocr_carea' id='block_1_30' title="bbox 167 2987 1747 3061">
    <p class='ocr_par' dir='ltr' id='par_1_30' title="bbox 167 2987 1747 3061">
     <span class='ocr_line' id='line_1_30' title="bbox 167 2987 1747 3061; baseline -0.004 -14"><span class='ocrx_word' id='word_1_184' title='bbox 167 2992 384 3047; x_wconf 86' lang='lat' dir='ltr'><strong>tionem</strong></span> <span class='ocrx_word' id='word_1_185' title='bbox 410 2992 529 3060; x_wconf 89' lang='lat' dir='ltr'><strong>ejus</strong></span> <span class='ocrx_word' id='word_1_186' title='bbox 576 2989 898 3061; x_wconf 84' lang='lat' dir='ltr'><strong>Optatissirui</strong></span> <span class='ocrx_word' id='word_1_187' title='bbox 949 2989 1213 3043; x_wconf 81' lang='lat' dir='ltr'><strong>adventus</strong></span> <span class='ocrx_word' id='word_1_188' title='bbox 1270 2987 1555 3041; x_wconf 84' lang='lat' dir='ltr'><strong>admiratio</strong></span> <span class='ocrx_word' id='word_1_189' title='bbox 1588 3001 1747 3055; x_wconf 81' lang='lat' dir='ltr'><strong>supe-</strong></span> 
     </span>
    </p>
   </div>
   <div class='ocr_carea' id='block_1_31' title="bbox 168 3070 1747 3141">
    <p class='ocr_par' dir='ltr' id='par_1_31' title="bbox 168 3070 1747 3141">
     <span class='ocr_line' id='line_1_31' title="bbox 168 3070 1747 3141; baseline -0.006 -2"><span class='ocrx_word' id='word_1_190' title='bbox 168 3096 350 3141; x_wconf 82' lang='lat' dir='ltr'><strong>rarct.</strong></span> <span class='ocrx_word' id='word_1_191' title='bbox 381 3070 780 3139; x_wconf 79' lang='lat' dir='ltr'><strong>Existimabam</strong></span> <span class='ocrx_word' id='word_1_192' title='bbox 815 3092 925 3135; x_wconf 92' lang='lat' dir='ltr'><strong>tum</strong></span> <span class='ocrx_word' id='word_1_193' title='bbox 962 3080 1209 3136; x_wconf 81' lang='lat' dir='ltr'><strong>homines</strong></span> <span class='ocrx_word' id='word_1_194' title='bbox 1238 3093 1355 3133; x_wconf 90' lang='lat' dir='ltr'><strong>eam</strong></span> <span class='ocrx_word' id='word_1_195' title='bbox 1378 3079 1590 3133; x_wconf 89' lang='lat' dir='ltr'><strong>demum</strong></span> <span class='ocrx_word' id='word_1_196' title='bbox 1612 3078 1747 3133; x_wconf 81' lang='lat' dir='ltr'><strong>civi-</strong></span> 
     </span>
    </p>
   </div>
   <div class='ocr_carea' id='block_1_32' title="bbox 169 3168 1747 3241">
    <p class='ocr_par' dir='ltr' id='par_1_32' title="bbox 169 3168 1747 3241">
     <span class='ocr_line' id='line_1_32' title="bbox 169 3168 1747 3241; baseline -0.005 -10"><span class='ocrx_word' id='word_1_197' title='bbox 169 3187 348 3231; x_wconf 81' lang='lat' dir='ltr'><strong>tatem</strong></span> <span class='ocrx_word' id='word_1_198' title='bbox 406 3176 615 3230; x_wconf 88' lang='lat' dir='ltr'><strong>beatam</strong></span> <span class='ocrx_word' id='word_1_199' title='bbox 655 3173 772 3230; x_wconf 85' lang='lat' dir='ltr'><strong>l&#39;ore</strong></span> <span class='ocrx_word' id='word_1_200' title='bbox 818 3172 887 3227; x_wconf 87' lang='lat' dir='ltr'><strong>ad</strong></span> <span class='ocrx_word' id='word_1_201' title='bbox 938 3186 1097 3241; x_wconf 91' lang='lat' dir='ltr'><strong>quam</strong></span> <span class='ocrx_word' id='word_1_202' title='bbox 1126 3168 1747 3225; x_wconf 80' lang='lat' dir='ltr'><strong>venissetBessarionis</strong></span> 
     </span>
    </p>
   </div>
   <div class='ocr_carea' id='block_1_33' title="bbox 168 3261 1744 3333">
    <p class='ocr_par' dir='ltr' id='par_1_33' title="bbox 168 3261 1744 3333">
     <span class='ocr_line' id='line_1_33' title="bbox 168 3261 1744 3333; baseline -0.007 -11"><span class='ocrx_word' id='word_1_203' title='bbox 168 3268 364 3322; x_wconf 81' lang='lat' dir='ltr'><strong>divina</strong></span> <span class='ocrx_word' id='word_1_204' title='bbox 387 3270 592 3332; x_wconf 76' lang='lat' dir='ltr'><strong>virtus;</strong></span> <span class='ocrx_word' id='word_1_205' title='bbox 644 3267 789 3321; x_wconf 87' lang='lat' dir='ltr'><strong>hunc</strong></span> <span class='ocrx_word' id='word_1_206' title='bbox 814 3266 997 3333; x_wconf 85' lang='lat' dir='ltr'><strong>itaque</strong></span> <span class='ocrx_word' id='word_1_207' title='bbox 1035 3277 1227 3317; x_wconf 89' lang='lat' dir='ltr'><strong>omnes</strong></span> <span class='ocrx_word' id='word_1_208' title='bbox 1261 3261 1511 3316; x_wconf 89' lang='lat' dir='ltr'><strong>certatim</strong></span> <span class='ocrx_word' id='word_1_209' title='bbox 1545 3270 1603 3314; x_wconf 89' lang='lat' dir='ltr'><strong>ut</strong></span> <span class='ocrx_word' id='word_1_210' title='bbox 1646 3275 1744 3312; x_wconf 85' lang='lat' dir='ltr'><strong>eo-</strong></span> 
     </span>
    </p>
   </div>
   <div class='ocr_carea' id='block_1_34' title="bbox 168 3353 1748 3429">
    <p class='ocr_par' dir='ltr' id='par_1_34' title="bbox 168 3353 1748 3429">
     <span class='ocr_line' id='line_1_34' title="bbox 168 3353 1748 3429; baseline -0.004 -16"><span class='ocrx_word' id='word_1_211' title='bbox 168 3359 438 3429; x_wconf 78' lang='lat' dir='ltr'><strong>gnitiouis</strong></span> <span class='ocrx_word' id='word_1_212' title='bbox 473 3369 526 3413; x_wconf 90' lang='lat' dir='ltr'><strong>et</strong></span> <span class='ocrx_word' id='word_1_213' title='bbox 557 3358 791 3427; x_wconf 84' lang='lat' dir='ltr'><strong>hospitio</strong></span> <span class='ocrx_word' id='word_1_214' title='bbox 837 3358 1058 3426; x_wconf 80' lang='lat' dir='ltr'><strong>dignum</strong></span> <span class='ocrx_word' id='word_1_215' title='bbox 1091 3353 1479 3425; x_wconf 85' lang='lat' dir='ltr'><strong>suscipiebant,</strong></span> <span class='ocrx_word' id='word_1_216' title='bbox 1525 3369 1748 3407; x_wconf 89' lang='lat' dir='ltr'><strong>venera-</strong></span> 
     </span>
    </p>
   </div>
   <div class='ocr_carea' id='block_1_35' title="bbox 170 3437 1750 3517">
    <p class='ocr_par' dir='ltr' id='par_1_35' title="bbox 170 3437 1750 3517">
     <span class='ocr_line' id='line_1_35' title="bbox 170 3437 1750 3517; baseline -0.006 -9"><span class='ocrx_word' id='word_1_217' title='bbox 170 3442 407 3517; x_wconf 82' lang='lat' dir='ltr'><strong>bantur,</strong></span> <span class='ocrx_word' id='word_1_218' title='bbox 436 3450 813 3507; x_wconf 81' lang='lat' dir='ltr'><strong>observabant.</strong></span> <span class='ocrx_word' id='word_1_219' title='bbox 838 3437 1160 3510; x_wconf 85' lang='lat' dir='ltr'><strong>Conciones,</strong></span> <span class='ocrx_word' id='word_1_220' title='bbox 1178 3455 1231 3503; x_wconf 91' lang='lat' dir='ltr'><strong>et</strong></span> <span class='ocrx_word' id='word_1_221' title='bbox 1250 3448 1466 3517; x_wconf 78' lang='lat' dir='ltr'><strong>quidem</strong></span> <span class='ocrx_word' id='word_1_222' title='bbox 1498 3446 1750 3513; x_wconf 80' lang='lat' dir='ltr'><strong>frequen-</strong></span> 
     </span>
    </p>
   </div>
   <div class='ocr_carea' id='block_1_36' title="bbox 170 3536 1747 3614">
    <p class='ocr_par' dir='ltr' id='par_1_36' title="bbox 170 3536 1747 3614">
     <span class='ocr_line' id='line_1_36' title="bbox 170 3536 1747 3614; baseline -0.004 -17"><span class='ocrx_word' id='word_1_223' title='bbox 170 3553 263 3599; x_wconf 81' lang='lat' dir='ltr'><strong>tes</strong></span> <span class='ocrx_word' id='word_1_224' title='bbox 298 3553 463 3612; x_wconf 88' lang='lat' dir='ltr'><strong>atque</strong></span> <span class='ocrx_word' id='word_1_225' title='bbox 493 3544 790 3614; x_wconf 73' lang='lat' dir='ltr'><strong>elegantes,</strong></span> <span class='ocrx_word' id='word_1_226' title='bbox 824 3543 889 3596; x_wconf 92' lang='lat' dir='ltr'><strong>ad</strong></span> <span class='ocrx_word' id='word_1_227' title='bbox 934 3540 1161 3610; x_wconf 88' lang='lat' dir='ltr'><strong>populos</strong></span> <span class='ocrx_word' id='word_1_228' title='bbox 1202 3537 1389 3591; x_wconf 88' lang='lat' dir='ltr'><strong>habuit</strong></span> <span class='ocrx_word' id='word_1_229' title='bbox 1418 3538 1540 3603; x_wconf 85' lang='lat' dir='ltr'><strong>(has</strong></span> <span class='ocrx_word' id='word_1_230' title='bbox 1574 3536 1747 3590; x_wconf 85' lang='lat' dir='ltr'><strong>Graeci</strong></span> 
     </span>
    </p>
   </div>
   <div class='ocr_carea' id='block_1_37' title="bbox 170 3628 1748 3703">
    <p class='ocr_par' dir='ltr' id='par_1_37' title="bbox 170 3628 1748 3703">
     <span class='ocr_line' id='line_1_37' title="bbox 170 3628 1748 3703; baseline -0.005 -14"><span class='ocrx_word' id='word_1_231' title='bbox 170 3634 440 3689; x_wconf 83' lang='lat' dir='ltr'><strong>bomilias</strong></span> <span class='ocrx_word' id='word_1_232' title='bbox 484 3633 697 3703; x_wconf 87' lang='lat' dir='ltr'><strong>vocant)</strong></span> <span class='ocrx_word' id='word_1_233' title='bbox 755 3642 907 3687; x_wconf 90' lang='lat' dir='ltr'><strong>tanto</strong></span> <span class='ocrx_word' id='word_1_234' title='bbox 934 3644 1203 3685; x_wconf 87' lang='lat' dir='ltr'><strong>concursu</strong></span> <span class='ocrx_word' id='word_1_235' title='bbox 1258 3637 1317 3681; x_wconf 89' lang='lat' dir='ltr'><strong>ut</strong></span> <span class='ocrx_word' id='word_1_236' title='bbox 1376 3628 1571 3694; x_wconf 89' lang='lat' dir='ltr'><strong>templa</strong></span> <span class='ocrx_word' id='word_1_237' title='bbox 1631 3629 1748 3695; x_wconf 89' lang='lat' dir='ltr'><strong>ipsa</strong></span> 
     </span>
    </p>
   </div>
   <div class='ocr_carea' id='block_1_38' title="bbox 171 3715 1748 3794">
    <p class='ocr_par' dir='ltr' id='par_1_38' title="bbox 171 3715 1748 3794">
     <span class='ocr_line' id='line_1_38' title="bbox 171 3715 1748 3794; baseline -0.006 -16"><span class='ocrx_word' id='word_1_238' title='bbox 171 3738 477 3792; x_wconf 79' lang='lat' dir='ltr'><strong>permagna</strong></span> <span class='ocrx_word' id='word_1_239' title='bbox 526 3732 729 3777; x_wconf 83' lang='lat' dir='ltr'><strong>tantam</strong></span> <span class='ocrx_word' id='word_1_240' title='bbox 778 3718 1176 3774; x_wconf 89' lang='lat' dir='ltr'><strong>multitudinem</strong></span> <span class='ocrx_word' id='word_1_241' title='bbox 1207 3716 1290 3769; x_wconf 83' lang='lat' dir='ltr'><strong>vix</strong></span> <span class='ocrx_word' id='word_1_242' title='bbox 1334 3725 1610 3794; x_wconf 80' lang='lat' dir='ltr'><strong>caperent.</strong></span> <span class='ocrx_word' id='word_1_243' title='bbox 1645 3715 1748 3769; x_wconf 90' lang='lat' dir='ltr'><strong>Po-</strong></span> 
     </span>
    </p>
   </div>
   <div class='ocr_carea' id='block_1_39' title="bbox 171 3801 1748 3891">
    <p class='ocr_par' dir='ltr' id='par_1_39' title="bbox 171 3801 1748 3891">
     <span class='ocr_line' id='line_1_39' title="bbox 171 3801 1748 3891; baseline -0.007 -20"><span class='ocrx_word' id='word_1_244' title='bbox 171 3817 345 3886; x_wconf 80' lang='lat' dir='ltr'><strong>pulos</strong></span> <span class='ocrx_word' id='word_1_245' title='bbox 374 3817 440 3869; x_wconf 90' lang='lat' dir='ltr'><strong>ad</strong></span> <span class='ocrx_word' id='word_1_246' title='bbox 491 3801 827 3883; x_wconf 73' lang='lat' dir='ltr'><strong>religionem,</strong></span> <span class='ocrx_word' id='word_1_247' title='bbox 859 3812 927 3866; x_wconf 87' lang='lat' dir='ltr'><strong>ad</strong></span> <span class='ocrx_word' id='word_1_248' title='bbox 954 3808 1252 3891; x_wconf 65' lang='lat' dir='ltr'><strong>justitiam,</strong></span> <span class='ocrx_word' id='word_1_249' title='bbox 1284 3808 1351 3862; x_wconf 89' lang='lat' dir='ltr'><strong>ad</strong></span> <span class='ocrx_word' id='word_1_250' title='bbox 1413 3810 1748 3879; x_wconf 63' lang='lat' dir='ltr'><strong>aequitatem,</strong></span> 
     </span>
    </p>
   </div>
   <div class='ocr_carea' id='block_1_40' title="bbox 171 3902 1751 3972">
    <p class='ocr_par' dir='ltr' id='par_1_40' title="bbox 171 3902 1751 3972">
     <span class='ocr_line' id='line_1_40' title="bbox 171 3902 1751 3972; baseline -0.004 -7"><span class='ocrx_word' id='word_1_251' title='bbox 171 3911 248 3965; x_wconf 88' lang='lat' dir='ltr'><strong>ad</strong></span> <span class='ocrx_word' id='word_1_252' title='bbox 311 3907 631 3962; x_wconf 78' lang='lat' dir='ltr'><strong>modestiam</strong></span> <span class='ocrx_word' id='word_1_253' title='bbox 689 3905 1026 3967; x_wconf 82' lang='lat' dir='ltr'><strong>hortabatur,</strong></span> <span class='ocrx_word' id='word_1_254' title='bbox 1076 3902 1235 3957; x_wconf 88' lang='lat' dir='ltr'><strong>bonis</strong></span> <span class='ocrx_word' id='word_1_255' title='bbox 1300 3903 1539 3972; x_wconf 74' lang='lat' dir='ltr'><strong>prmmia,</strong></span> <span class='ocrx_word' id='word_1_256' title='bbox 1596 3904 1751 3958; x_wconf 85' lang='lat' dir='ltr'><strong>malis</strong></span> 
     </span>
    </p>
   </div>
   <div class='ocr_carea' id='block_1_41' title="bbox 170 3994 1751 4072">
    <p class='ocr_par' dir='ltr' id='par_1_41' title="bbox 170 3994 1751 4072">
     <span class='ocr_line' id='line_1_41' title="bbox 170 3994 1751 4072; baseline -0.003 -18"><span class='ocrx_word' id='word_1_257' title='bbox 170 4013 376 4072; x_wconf 65' lang='lat' dir='ltr'><strong>peltas</strong></span> <span class='ocrx_word' id='word_1_258' title='bbox 404 3998 707 4067; x_wconf 88' lang='lat' dir='ltr'><strong>propositas</strong></span> <span class='ocrx_word' id='word_1_259' title='bbox 758 3994 1074 4063; x_wconf 71' lang='lat' dir='ltr'><strong>ostendens,</strong></span> <span class='ocrx_word' id='word_1_260' title='bbox 1101 4004 1155 4049; x_wconf 88' lang='lat' dir='ltr'><strong>et</strong></span> <span class='ocrx_word' id='word_1_261' title='bbox 1177 4009 1314 4064; x_wconf 91' lang='lat' dir='ltr'><strong>quos</strong></span> <span class='ocrx_word' id='word_1_262' title='bbox 1344 4009 1559 4051; x_wconf 89' lang='lat' dir='ltr'><strong>movere</strong></span> <span class='ocrx_word' id='word_1_263' title='bbox 1614 3995 1751 4050; x_wconf 86' lang='lat' dir='ltr'><strong>inte-</strong></span> 
     </span>
    </p>
   </div>
   <div class='ocr_carea' id='block_1_42' title="bbox 170 4086 1750 4163">
    <p class='ocr_par' dir='ltr' id='par_1_42' title="bbox 170 4086 1750 4163">
     <span class='ocr_line' id='line_1_42' title="bbox 170 4086 1750 4163; baseline -0.004 -16"><span class='ocrx_word' id='word_1_264' title='bbox 170 4094 387 4162; x_wconf 58' lang='lat' dir='ltr'><strong>(rit-ate</strong></span> <span class='ocrx_word' id='word_1_265' title='bbox 432 4090 573 4154; x_wconf 55' lang='lat' dir='ltr'><strong>vita,</strong></span> <span class='ocrx_word' id='word_1_266' title='bbox 609 4088 915 4163; x_wconf 67' lang='lat' dir='ltr'><strong>rationibus</strong></span> <span class='ocrx_word' id='word_1_267' title='bbox 959 4096 1013 4143; x_wconf 91' lang='lat' dir='ltr'><strong>et</strong></span> <span class='ocrx_word' id='word_1_268' title='bbox 1061 4086 1323 4157; x_wconf 78' lang='lat' dir='ltr'><strong>exemplis</strong></span> <span class='ocrx_word' id='word_1_269' title='bbox 1372 4102 1478 4142; x_wconf 92' lang='lat' dir='ltr'><strong>non</strong></span> <span class='ocrx_word' id='word_1_270' title='bbox 1518 4097 1750 4158; x_wconf 84' lang='lat' dir='ltr'><strong>poterat,</strong></span> 
     </span>
    </p>
   </div>
   <div class='ocr_carea' id='block_1_43' title="bbox 168 4176 1753 4247">
    <p class='ocr_par' dir='ltr' id='par_1_43' title="bbox 168 4176 1753 4247">
     <span class='ocr_line' id='line_1_43' title="bbox 168 4176 1753 4247; baseline -0.004 -10"><span class='ocrx_word' id='word_1_271' title='bbox 168 4184 405 4242; x_wconf 72' lang='lat' dir='ltr'><strong>eosdem</strong></span> <span class='ocrx_word' id='word_1_272' title='bbox 455 4178 970 4243; x_wconf 85' lang='lat' dir='ltr'><strong>obtestationibus,-</strong></span> <span class='ocrx_word' id='word_1_273' title='bbox 1001 4178 1292 4247; x_wconf 82' lang='lat' dir='ltr'><strong>precibus,</strong></span> <span class='ocrx_word' id='word_1_274' title='bbox 1354 4176 1630 4247; x_wconf 80' lang='lat' dir='ltr'><strong>lacrymis,</strong></span> <span class='ocrx_word' id='word_1_275' title='bbox 1695 4186 1753 4231; x_wconf 92' lang='lat' dir='ltr'><strong>ut</strong></span> 
     </span>
    </p>
   </div>
   <div class='ocr_carea' id='block_1_44' title="bbox 170 4264 1751 4344">
    <p class='ocr_par' dir='ltr' id='par_1_44' title="bbox 170 4264 1751 4344">
     <span class='ocr_line' id='line_1_44' title="bbox 170 4264 1751 4344; baseline -0.006 -16"><span class='ocrx_word' id='word_1_276' title='bbox 170 4288 357 4344; x_wconf 75' lang='lat' dir='ltr'><strong>vagos</strong></span> <span class='ocrx_word' id='word_1_277' title='bbox 385 4284 439 4327; x_wconf 89' lang='lat' dir='ltr'><strong>et</strong></span> <span class='ocrx_word' id='word_1_278' title='bbox 460 4282 724 4336; x_wconf 80' lang='lat' dir='ltr'><strong>errantes,</strong></span> <span class='ocrx_word' id='word_1_279' title='bbox 760 4270 813 4324; x_wconf 87' lang='lat' dir='ltr'><strong>in</strong></span> <span class='ocrx_word' id='word_1_280' title='bbox 844 4271 985 4324; x_wconf 79' lang='lat' dir='ltr'><strong>viam</strong></span> <span class='ocrx_word' id='word_1_281' title='bbox 1019 4268 1205 4323; x_wconf 87' lang='lat' dir='ltr'><strong>salutis</strong></span> <span class='ocrx_word' id='word_1_282' title='bbox 1225 4266 1533 4321; x_wconf 89' lang='lat' dir='ltr'><strong>reducebat.</strong></span> <span class='ocrx_word' id='word_1_283' title='bbox 1558 4264 1751 4319; x_wconf 70' lang='lat' dir='ltr'><strong>Multos</strong></span> 
     </span>
    </p>
   </div>
   <div class='ocr_carea' id='block_1_45' title="bbox 171 4357 1749 4423">
    <p class='ocr_par' dir='ltr' id='par_1_45' title="bbox 171 4357 1749 4423">
     <span class='ocr_line' id='line_1_45' title="bbox 171 4357 1749 4423; baseline -0.011 1"><span class='ocrx_word' id='word_1_284' title='bbox 171 4369 335 4423; x_wconf 73' lang='lat' dir='ltr'><strong>inter</strong></span> <span class='ocrx_word' id='word_1_285' title='bbox 372 4364 699 4419; x_wconf 82' lang='lat' dir='ltr'><strong>secivilibus</strong></span> <span class='ocrx_word' id='word_1_286' title='bbox 741 4370 796 4415; x_wconf 88' lang='lat' dir='ltr'><strong>et</strong></span> <span class='ocrx_word' id='word_1_287' title='bbox 839 4359 1113 4414; x_wconf 85' lang='lat' dir='ltr'><strong>intestinis</strong></span> <span class='ocrx_word' id='word_1_288' title='bbox 1137 4357 1277 4412; x_wconf 91' lang='lat' dir='ltr'><strong>odiis</strong></span> <span class='ocrx_word' id='word_1_289' title='bbox 1307 4358 1631 4411; x_wconf 81' lang='lat' dir='ltr'><strong>dissidentes</strong></span> <span class='ocrx_word' id='word_1_290' title='bbox 1657 4365 1749 4409; x_wconf 89' lang='lat' dir='ltr'><strong>aut</strong></span> 
     </span>
    </p>
   </div>
   <div class='ocr_carea' id='block_1_46' title="bbox 168 4440 1749 4517">
    <p class='ocr_par' dir='ltr' id='par_1_46' title="bbox 168 4440 1749 4517">
     <span class='ocr_line' id='line_1_46' title="bbox 168 4440 1749 4517; baseline -0.009 -5"><span class='ocrx_word' id='word_1_291' title='bbox 168 4472 374 4513; x_wconf 82' lang='lat' dir='ltr'><strong>coram</strong></span> <span class='ocrx_word' id='word_1_292' title='bbox 404 4453 673 4517; x_wconf 87' lang='lat' dir='ltr'><strong>oratione,</strong></span> <span class='ocrx_word' id='word_1_293' title='bbox 707 4440 796 4508; x_wconf 85' lang='lat' dir='ltr'><strong>aut</strong></span> <span class='ocrx_word' id='word_1_294' title='bbox 843 4449 1038 4502; x_wconf 85' lang='lat' dir='ltr'><strong>absens</strong></span> <span class='ocrx_word' id='word_1_295' title='bbox 1073 4446 1318 4514; x_wconf 87' lang='lat' dir='ltr'><strong>epistolis</strong></span> <span class='ocrx_word' id='word_1_296' title='bbox 1352 4443 1749 4513; x_wconf 85' lang='lat' dir='ltr'><strong>sapientissime</strong></span> 
     </span>
    </p>
   </div>
   <div class='ocr_carea' id='block_1_47' title="bbox 166 4536 1747 4615">
    <p class='ocr_par' dir='ltr' id='par_1_47' title="bbox 166 4536 1747 4615">
     <span class='ocr_line' id='line_1_47' title="bbox 166 4536 1747 4615; baseline -0.009 -9"><span class='ocrx_word' id='word_1_297' title='bbox 166 4562 235 4606; x_wconf 79' lang='lat' dir='ltr'><strong>et</strong></span> <span class='ocrx_word' id='word_1_298' title='bbox 263 4546 669 4615; x_wconf 70' lang='lat' dir='ltr'><strong>elegantissime</strong></span> <span class='ocrx_word' id='word_1_299' title='bbox 712 4540 931 4609; x_wconf 86' lang='lat' dir='ltr'><strong>scriptis</strong></span> <span class='ocrx_word' id='word_1_300' title='bbox 972 4539 1039 4592; x_wconf 83' lang='lat' dir='ltr'><strong>ad</strong></span> <span class='ocrx_word' id='word_1_301' title='bbox 1074 4538 1421 4592; x_wconf 89' lang='lat' dir='ltr'><strong>concordiam</strong></span> <span class='ocrx_word' id='word_1_302' title='bbox 1455 4536 1747 4591; x_wconf 85' lang='lat' dir='ltr'><strong>revocavit.</strong></span> 
     </span>
    </p>
   </div>
   <div class='ocr_carea' id='block_1_48' title="bbox 256 4626 1753 4697">
    <p class='ocr_par' dir='ltr' id='par_1_48' title="bbox 256 4626 1753 4697">
     <span class='ocr_line' id='line_1_48' title="bbox 256 4626 1753 4697; baseline -0.01 -2"><span class='ocrx_word' id='word_1_303' title='bbox 256 4640 373 4695; x_wconf 77' lang='lat' dir='ltr'><strong>Hac</strong></span> <span class='ocrx_word' id='word_1_304' title='bbox 396 4648 545 4690; x_wconf 88' lang='lat' dir='ltr'><strong>tanta</strong></span> <span class='ocrx_word' id='word_1_305' title='bbox 582 4633 779 4687; x_wconf 74' lang='lat' dir='ltr'><strong>virtute</strong></span> <span class='ocrx_word' id='word_1_306' title='bbox 813 4628 943 4683; x_wconf 87' lang='lat' dir='ltr'><strong>moti</strong></span> <span class='ocrx_word' id='word_1_307' title='bbox 970 4628 1324 4697; x_wconf 90' lang='lat' dir='ltr'><strong>imperatores</strong></span> <span class='ocrx_word' id='word_1_308' title='bbox 1347 4628 1450 4681; x_wconf 92' lang='lat' dir='ltr'><strong>duo</strong></span> <span class='ocrx_word' id='word_1_309' title='bbox 1488 4626 1753 4681; x_wconf 87' lang='lat' dir='ltr'><strong>Constan-</strong></span> 
     </span>
    </p>
   </div>
   <div class='ocr_carea' id='block_1_49' title="bbox 172 4719 1752 4799">
    <p class='ocr_par' dir='ltr' id='par_1_49' title="bbox 172 4719 1752 4799">
     <span class='ocr_line' id='line_1_49' title="bbox 172 4719 1752 4799; baseline -0.006 -14"><span class='ocrx_word' id='word_1_310' title='bbox 172 4727 575 4799; x_wconf 80' lang='lat' dir='ltr'><strong>tinopolitanus</strong></span> <span class='ocrx_word' id='word_1_311' title='bbox 608 4732 661 4779; x_wconf 89' lang='lat' dir='ltr'><strong>et</strong></span> <span class='ocrx_word' id='word_1_312' title='bbox 690 4719 1105 4791; x_wconf 77' lang='lat' dir='ltr'><strong>Trapezuntius,</strong></span> <span class='ocrx_word' id='word_1_313' title='bbox 1134 4722 1275 4773; x_wconf 92' lang='lat' dir='ltr'><strong>hunc</strong></span> <span class='ocrx_word' id='word_1_314' title='bbox 1320 4720 1459 4772; x_wconf 92' lang='lat' dir='ltr'><strong>ultro</strong></span> <span class='ocrx_word' id='word_1_315' title='bbox 1509 4720 1752 4789; x_wconf 92' lang='lat' dir='ltr'><strong>citroque</strong></span> 
     </span>
    </p>
   </div>
   <div class='ocr_carea' id='block_1_50' title="bbox 168 4812 1751 4892">
    <p class='ocr_par' dir='ltr' id='par_1_50' title="bbox 168 4812 1751 4892">
     <span class='ocr_line' id='line_1_50' title="bbox 168 4812 1751 4892; baseline -0.009 -15"><span class='ocrx_word' id='word_1_316' title='bbox 168 4827 418 4892; x_wconf 79' lang='lat' dir='ltr'><strong>legatum</strong></span> <span class='ocrx_word' id='word_1_317' title='bbox 476 4818 789 4885; x_wconf 79' lang='lat' dir='ltr'><strong>frequenter</strong></span> <span class='ocrx_word' id='word_1_318' title='bbox 836 4812 1145 4876; x_wconf 80' lang='lat' dir='ltr'><strong>mittentes,</strong></span> <span class='ocrx_word' id='word_1_319' title='bbox 1199 4812 1480 4879; x_wconf 87' lang='lat' dir='ltr'><strong>utriusque</strong></span> <span class='ocrx_word' id='word_1_320' title='bbox 1522 4812 1751 4879; x_wconf 82' lang='lat' dir='ltr'><strong>imperii</strong></span> 
     </span>
    </p>
   </div>
   <div class='ocr_carea' id='block_1_51' title="bbox 170 4901 1765 4972">
    <p class='ocr_par' dir='ltr' id='par_1_51' title="bbox 170 4901 1765 4972">
     <span class='ocr_line' id='line_1_51' title="bbox 170 4901 1765 4972; baseline -0.01 -3"><span class='ocrx_word' id='word_1_321' title='bbox 170 4916 331 4969; x_wconf 81' lang='lat' dir='ltr'><strong>vires</strong></span> <span class='ocrx_word' id='word_1_322' title='bbox 376 4906 844 4968; x_wconf 81' lang='lat' dir='ltr'><strong>concatenabant,</strong></span> <span class='ocrx_word' id='word_1_323' title='bbox 900 4916 1006 4972; x_wconf 87' lang='lat' dir='ltr'><strong>quo</strong></span> <span class='ocrx_word' id='word_1_324' title='bbox 1062 4901 1252 4956; x_wconf 75' lang='lat' dir='ltr'><strong>fortius</strong></span> <span class='ocrx_word' id='word_1_325' title='bbox 1310 4912 1364 4955; x_wconf 92' lang='lat' dir='ltr'><strong>et</strong></span> <span class='ocrx_word' id='word_1_326' title='bbox 1418 4901 1765 4954; x_wconf 74' lang='lat' dir='ltr'><strong>constantius</strong></span> 
     </span>
    </p>
   </div>
   <div class='ocr_carea' id='block_1_52' title="bbox 170 4994 1752 5085">
    <p class='ocr_par' dir='ltr' id='par_1_52' title="bbox 170 4994 1752 5085">
     <span class='ocr_line' id='line_1_52' title="bbox 170 4994 1752 5085; baseline -0.011 -24"><span class='ocrx_word' id='word_1_327' title='bbox 170 5005 504 5085; x_wconf 83' lang='lat' dir='ltr'><strong>propulsare</strong></span> <span class='ocrx_word' id='word_1_328' title='bbox 526 5000 824 5055; x_wconf 83' lang='lat' dir='ltr'><strong>Turcorum</strong></span> <span class='ocrx_word' id='word_1_329' title='bbox 859 4998 1089 5065; x_wconf 87' lang='lat' dir='ltr'><strong>impetus</strong></span> <span class='ocrx_word' id='word_1_330' title='bbox 1120 5002 1358 5065; x_wconf 84' lang='lat' dir='ltr'><strong>possent,</strong></span> <span class='ocrx_word' id='word_1_331' title='bbox 1380 4994 1471 5061; x_wconf 87' lang='lat' dir='ltr'><strong>qui</strong></span> <span class='ocrx_word' id='word_1_332' title='bbox 1499 5000 1752 5063; x_wconf 86' lang='lat' dir='ltr'><strong>tanquam</strong></span> 
     </span>
    </p>
   </div>
   <div class='ocr_carea' id='block_1_53' title="bbox 170 5084 1755 5164">
    <p class='ocr_par' dir='ltr' id='par_1_53' title="bbox 170 5084 1755 5164">
     <span class='ocr_line' id='line_1_53' title="bbox 170 5084 1755 5164; baseline -0.015 -5"><span class='ocrx_word' id='word_1_333' title='bbox 170 5098 361 5159; x_wconf 83' lang='lat' dir='ltr'><strong>rabidi</strong></span> <span class='ocrx_word' id='word_1_334' title='bbox 378 5095 489 5164; x_wconf 88' lang='lat' dir='ltr'><strong>lupi</strong></span> <span class='ocrx_word' id='word_1_335' title='bbox 519 5095 661 5148; x_wconf 87' lang='lat' dir='ltr'><strong>inter</strong></span> <span class='ocrx_word' id='word_1_336' title='bbox 681 5102 969 5160; x_wconf 86' lang='lat' dir='ltr'><strong>utrumque</strong></span> <span class='ocrx_word' id='word_1_337' title='bbox 997 5088 1175 5158; x_wconf 89' lang='lat' dir='ltr'><strong>positi,</strong></span> <span class='ocrx_word' id='word_1_338' title='bbox 1198 5085 1535 5141; x_wconf 86' lang='lat' dir='ltr'><strong>occasionem</strong></span> <span class='ocrx_word' id='word_1_339' title='bbox 1560 5084 1755 5138; x_wconf 88' lang='lat' dir='ltr'><strong>utrius-</strong></span> 
     </span>
    </p>
   </div>
   <div class='ocr_carea' id='block_1_54' title="bbox 168 5176 1752 5264">
    <p class='ocr_par' dir='ltr' id='par_1_54' title="bbox 168 5176 1752 5264">
     <span class='ocr_line' id='line_1_54' title="bbox 168 5176 1752 5264; baseline -0.015 -16"><span class='ocrx_word' id='word_1_340' title='bbox 168 5207 293 5264; x_wconf 84' lang='lat' dir='ltr'><strong>que</strong></span> <span class='ocrx_word' id='word_1_341' title='bbox 329 5187 539 5257; x_wconf 83' lang='lat' dir='ltr'><strong>imperii</strong></span> <span class='ocrx_word' id='word_1_342' title='bbox 570 5182 862 5255; x_wconf 83' lang='lat' dir='ltr'><strong>diripieudi</strong></span> <span class='ocrx_word' id='word_1_343' title='bbox 915 5179 1333 5250; x_wconf 80' lang='lat' dir='ltr'><strong>exspectabant,</strong></span> <span class='ocrx_word' id='word_1_344' title='bbox 1369 5176 1510 5245; x_wconf 84' lang='lat' dir='ltr'><strong>quod</strong></span> <span class='ocrx_word' id='word_1_345' title='bbox 1569 5181 1752 5264; x_wconf 83' lang='lat' dir='ltr'><strong>postea</strong></span> 
     </span>
    </p>
   </div>
   <div class='ocr_carea' id='block_1_55' title="bbox 171 5262 1756 5343">
    <p class='ocr_par' dir='ltr' id='par_1_55' title="bbox 171 5262 1756 5343">
     <span class='ocr_line' id='line_1_55' title="bbox 171 5262 1756 5343; baseline -0.015 -7"><span class='ocrx_word' id='word_1_346' title='bbox 171 5262 389 5335; x_wconf 76' lang='lat' dir='ltr'><strong>accidit</strong></span> <span class='ocrx_word' id='word_1_347' title='bbox 444 5291 567 5331; x_wconf 89' lang='lat' dir='ltr'><strong>cum</strong></span> <span class='ocrx_word' id='word_1_348' title='bbox 619 5287 816 5343; x_wconf 67' lang='lat' dir='ltr'><strong>magno</strong></span> <span class='ocrx_word' id='word_1_349' title='bbox 860 5276 1026 5327; x_wconf 85' lang='lat' dir='ltr'><strong>totius</strong></span> <span class='ocrx_word' id='word_1_350' title='bbox 1080 5268 1388 5335; x_wconf 77' lang='lat' dir='ltr'><strong>reipublicae</strong></span> <span class='ocrx_word' id='word_1_351' title='bbox 1438 5262 1756 5317; x_wconf 81' lang='lat' dir='ltr'><strong>Christianae</strong></span> 
     </span>
    </p>
   </div>
   <div class='ocr_carea' id='block_1_56' title="bbox 168 5353 1755 5431">
    <p class='ocr_par' dir='ltr' id='par_1_56' title="bbox 168 5353 1755 5431">
     <span class='ocr_line' id='line_1_56' title="bbox 168 5353 1755 5431; baseline -0.013 -4"><span class='ocrx_word' id='word_1_352' title='bbox 168 5370 456 5427; x_wconf 75' lang='lat' dir='ltr'><strong>dedecore</strong></span> <span class='ocrx_word' id='word_1_353' title='bbox 510 5380 575 5420; x_wconf 90' lang='lat' dir='ltr'><strong>ac</strong></span> <span class='ocrx_word' id='word_1_354' title='bbox 630 5365 972 5431; x_wconf 83' lang='lat' dir='ltr'><strong>detrimento.</strong></span> <span class='ocrx_word' id='word_1_355' title='bbox 1026 5359 1263 5414; x_wconf 87' lang='lat' dir='ltr'><strong>Sublatis</strong></span> <span class='ocrx_word' id='word_1_356' title='bbox 1338 5357 1479 5410; x_wconf 89' lang='lat' dir='ltr'><strong>enim</strong></span> <span class='ocrx_word' id='word_1_357' title='bbox 1546 5353 1755 5406; x_wconf 87' lang='lat' dir='ltr'><strong>duobus</strong></span> 
     </span>
    </p>
   </div>
   <div class='ocr_carea' id='block_1_57' title="bbox 172 5442 1752 5523">
    <p class='ocr_par' dir='ltr' id='par_1_57' title="bbox 172 5442 1752 5523">
     <span class='ocr_line' id='line_1_57' title="bbox 172 5442 1752 5523; baseline -0.016 -4"><span class='ocrx_word' id='word_1_358' title='bbox 172 5460 467 5523; x_wconf 76' lang='lat' dir='ltr'><strong>claustris,</strong></span> <span class='ocrx_word' id='word_1_359' title='bbox 503 5469 651 5510; x_wconf 87' lang='lat' dir='ltr'><strong>nunc</strong></span> <span class='ocrx_word' id='word_1_360' title='bbox 703 5468 825 5508; x_wconf 82' lang='lat' dir='ltr'><strong>sese</strong></span> <span class='ocrx_word' id='word_1_361' title='bbox 876 5454 930 5506; x_wconf 89' lang='lat' dir='ltr'><strong>in</strong></span> <span class='ocrx_word' id='word_1_362' title='bbox 988 5452 1192 5513; x_wconf 75' lang='lat' dir='ltr'><strong>Asiam,</strong></span> <span class='ocrx_word' id='word_1_363' title='bbox 1233 5461 1374 5500; x_wconf 87' lang='lat' dir='ltr'><strong>nunc</strong></span> <span class='ocrx_word' id='word_1_364' title='bbox 1402 5442 1752 5514; x_wconf 78' lang='lat' dir='ltr'><strong>quurOpam</strong></span> 
     </span>
    </p>
   </div>
   <div class='ocr_carea' id='block_1_58' title="bbox 174 5534 1758 5627">
    <p class='ocr_par' dir='ltr' id='par_1_58' title="bbox 174 5534 1758 5627">
     <span class='ocr_line' id='line_1_58' title="bbox 174 5534 1758 5627; baseline -0.015 -17"><span class='ocrx_word' id='word_1_365' title='bbox 174 5553 509 5627; x_wconf 79' lang='lat' dir='ltr'><strong>gravissima</strong></span> <span class='ocrx_word' id='word_1_366' title='bbox 534 5547 620 5603; x_wconf 84' lang='lat' dir='ltr'><strong>illa</strong></span> <span class='ocrx_word' id='word_1_367' title='bbox 650 5544 950 5619; x_wconf 78' lang='lat' dir='ltr'><strong>Turcorum</strong></span> <span class='ocrx_word' id='word_1_368' title='bbox 985 5534 1219 5612; x_wconf 79' lang='lat' dir='ltr'><strong>pr&#39;ocella</strong></span> <span class='ocrx_word' id='word_1_369' title='bbox 1260 5539 1474 5593; x_wconf 86' lang='lat' dir='ltr'><strong>nemine</strong></span> <span class='ocrx_word' id='word_1_370' title='bbox 1508 5538 1758 5592; x_wconf 85' lang='lat' dir='ltr'><strong>obstante</strong></span> 
     </span>
    </p>
   </div>
   <div class='ocr_carea' id='block_1_59' title="bbox 176 5626 1754 5707">
    <p class='ocr_par' dir='ltr' id='par_1_59' title="bbox 176 5626 1754 5707">
     <span class='ocr_line' id='line_1_59' title="bbox 176 5626 1754 5707; baseline -0.016 -4"><span class='ocrx_word' id='word_1_371' title='bbox 176 5626 248 5702; x_wconf 69' lang='lat' dir='ltr'><strong>se</strong></span> <span class='ocrx_word' id='word_1_372' title='bbox 274 5642 581 5703; x_wconf 70' lang='lat' dir='ltr'><strong>eﬂumletts,</strong></span> <span class='ocrx_word' id='word_1_373' title='bbox 626 5631 782 5707; x_wconf 73' lang='lat' dir='ltr'><strong>longe</strong></span> <span class='ocrx_word' id='word_1_374' title='bbox 821 5649 883 5689; x_wconf 88' lang='lat' dir='ltr'><strong>ac</strong></span> <span class='ocrx_word' id='word_1_375' title='bbox 926 5634 1031 5689; x_wconf 83' lang='lat' dir='ltr'><strong>late</strong></span> <span class='ocrx_word' id='word_1_376' title='bbox 1073 5632 1253 5687; x_wconf 88' lang='lat' dir='ltr'><strong>omnia</strong></span> <span class='ocrx_word' id='word_1_377' title='bbox 1294 5638 1484 5691; x_wconf 81' lang='lat' dir='ltr'><strong>vastat,</strong></span> <span class='ocrx_word' id='word_1_378' title='bbox 1536 5626 1754 5686; x_wconf 82' lang='lat' dir='ltr'><strong>obterit,</strong></span> 
     </span>
    </p>
   </div>
   <div class='ocr_carea' id='block_1_60' title="bbox 176 5719 1754 5799">
    <p class='ocr_par' dir='ltr' id='par_1_60' title="bbox 176 5719 1754 5799">
     <span class='ocr_line' id='line_1_60' title="bbox 176 5719 1754 5799; baseline -0.018 -3"><span class='ocrx_word' id='word_1_379' title='bbox 176 5735 526 5795; x_wconf 77' lang='lat' dir='ltr'><strong>concaleat:</strong></span> <span class='ocrx_word' id='word_1_380' title='bbox 583 5726 917 5799; x_wconf 52' lang='lat' dir='ltr'><strong>diritiuutur</strong></span> <span class='ocrx_word' id='word_1_381' title='bbox 957 5725 1116 5783; x_wconf 76' lang='lat' dir='ltr'><strong>urbes</strong></span> <span class='ocrx_word' id='word_1_382' title='bbox 1158 5719 1500 5793; x_wconf 79' lang='lat' dir='ltr'><strong>quantumvis</strong></span> <span class='ocrx_word' id='word_1_383' title='bbox 1529 5730 1754 5787; x_wconf 67' lang='lat' dir='ltr'><strong>magum,</strong></span> 
     </span>
    </p>
   </div>
   <div class='ocr_carea' id='block_1_61' title="bbox 3300 348 3386 387">
    <p class='ocr_par' dir='ltr' id='par_1_61' title="bbox 3300 348 3386 387">
     <span class='ocr_line' id='line_1_61' title="bbox 3300 348 3386 387; baseline -0.012 -1"><span class='ocrx_word' id='word_1_384' title='bbox 3300 348 3386 387; x_wconf 73' lang='lat' dir='ltr'><strong>CVI</strong></span> 
     </span>
    </p>
   </div>
   <div class='ocr_carea' id='block_1_62' title="bbox 1844 443 3389 514">
    <p class='ocr_par' dir='ltr' id='par_1_62' title="bbox 1844 443 3389 514">
     <span class='ocr_line' id='line_1_62' title="bbox 1844 443 3389 514; baseline -0.003 -17"><span class='ocrx_word' id='word_1_385' title='bbox 1844 443 2198 500; x_wconf 87' lang='lat' dir='ltr'><strong>incenduntur</strong></span> <span class='ocrx_word' id='word_1_386' title='bbox 2225 446 2383 508; x_wconf 56' lang='lat' dir='ltr'><strong>villae,</strong></span> <span class='ocrx_word' id='word_1_387' title='bbox 2412 454 2678 502; x_wconf 86' lang='lat' dir='ltr'><strong>necantur</strong></span> <span class='ocrx_word' id='word_1_388' title='bbox 2724 447 3006 511; x_wconf 84' lang='lat' dir='ltr'><strong>homines;</strong></span> <span class='ocrx_word' id='word_1_389' title='bbox 3044 443 3181 514; x_wconf 90' lang='lat' dir='ltr'><strong>quod</strong></span> <span class='ocrx_word' id='word_1_390' title='bbox 3227 444 3267 498; x_wconf 87' lang='lat' dir='ltr'><strong>si</strong></span> <span class='ocrx_word' id='word_1_391' title='bbox 3293 447 3389 495; x_wconf 80' lang='lat' dir='ltr'><strong>aii—</strong></span> 
     </span>
    </p>
   </div>
   <div class='ocr_carea' id='block_1_63' title="bbox 1838 536 3417 606">
    <p class='ocr_par' dir='ltr' id='par_1_63' title="bbox 1838 536 3417 606">
     <span class='ocr_line' id='line_1_63' title="bbox 1838 536 3417 606; baseline 0 -19"><span class='ocrx_word' id='word_1_392' title='bbox 1838 537 2033 601; x_wconf 89' lang='lat' dir='ltr'><strong>quibus</strong></span> <span class='ocrx_word' id='word_1_393' title='bbox 2057 537 2274 593; x_wconf 78' lang='lat' dir='ltr'><strong>fortuna</strong></span> <span class='ocrx_word' id='word_1_394' title='bbox 2302 539 2419 593; x_wconf 89' lang='lat' dir='ltr'><strong>belli</strong></span> <span class='ocrx_word' id='word_1_395' title='bbox 2453 540 2727 606; x_wconf 84' lang='lat' dir='ltr'><strong>pepercit,</strong></span> <span class='ocrx_word' id='word_1_396' title='bbox 2755 539 2791 593; x_wconf 89' lang='lat' dir='ltr'><strong>ii</strong></span> <span class='ocrx_word' id='word_1_397' title='bbox 2826 553 2929 593; x_wconf 89' lang='lat' dir='ltr'><strong>una</strong></span> <span class='ocrx_word' id='word_1_398' title='bbox 2960 552 3083 593; x_wconf 88' lang='lat' dir='ltr'><strong>cum</strong></span> <span class='ocrx_word' id='word_1_399' title='bbox 3114 536 3417 605; x_wconf 81' lang='lat' dir='ltr'><strong>pecoribus-</strong></span> 
     </span>
    </p>
   </div>
   <div class='ocr_carea' id='block_1_64' title="bbox 1836 627 3393 697">
    <p class='ocr_par' dir='ltr' id='par_1_64' title="bbox 1836 627 3393 697">
     <span class='ocr_line' id='line_1_64' title="bbox 1836 627 3393 697; baseline -0.002 -15"><span class='ocrx_word' id='word_1_400' title='bbox 1836 636 2189 682; x_wconf 86' lang='lat' dir='ltr'><strong>eoterrarum</strong></span> <span class='ocrx_word' id='word_1_401' title='bbox 2238 629 2526 697; x_wconf 88' lang='lat' dir='ltr'><strong>abiguntur</strong></span> <span class='ocrx_word' id='word_1_402' title='bbox 2557 630 2699 683; x_wconf 90' lang='lat' dir='ltr'><strong>unde</strong></span> <span class='ocrx_word' id='word_1_403' title='bbox 2753 644 3022 696; x_wconf 84' lang='lat' dir='ltr'><strong>nunquam</strong></span> <span class='ocrx_word' id='word_1_404' title='bbox 3065 629 3115 681; x_wconf 91' lang='lat' dir='ltr'><strong>in</strong></span> <span class='ocrx_word' id='word_1_405' title='bbox 3165 627 3393 695; x_wconf 72' lang='lat' dir='ltr'><strong>pati-inm</strong></span> 
     </span>
    </p>
   </div>
   <div class='ocr_carea' id='block_1_65' title="bbox 1838 716 3396 775">
    <p class='ocr_par' dir='ltr' id='par_1_65' title="bbox 1838 716 3396 775">
     <span class='ocr_line' id='line_1_65' title="bbox 1838 716 3396 775; baseline -0.001 -4"><span class='ocrx_word' id='word_1_406' title='bbox 1838 730 1963 773; x_wconf 87' lang='lat' dir='ltr'><strong>sunt</strong></span> <span class='ocrx_word' id='word_1_407' title='bbox 1998 718 2240 774; x_wconf 88' lang='lat' dir='ltr'><strong>redituri.</strong></span> <span class='ocrx_word' id='word_1_408' title='bbox 2280 719 2324 775; x_wconf 89' lang='grc' dir='ltr'><strong>Ο</strong></span> <span class='ocrx_word' id='word_1_409' title='bbox 2352 721 2573 775; x_wconf 86' lang='lat' dir='ltr'><strong>miseros</strong></span> <span class='ocrx_word' id='word_1_410' title='bbox 2604 728 2656 774; x_wconf 90' lang='lat' dir='ltr'><strong>et</strong></span> <span class='ocrx_word' id='word_1_411' title='bbox 2678 718 3038 773; x_wconf 80' lang='lat' dir='ltr'><strong>infortunatos</strong></span> <span class='ocrx_word' id='word_1_412' title='bbox 3069 717 3286 773; x_wconf 69' lang='lat' dir='ltr'><strong>Gnaeos</strong></span> <span class='ocrx_word' id='word_1_413' title='bbox 3314 716 3325 768; x_wconf 77' lang='grc' dir='ltr'>ε</span> <span class='ocrx_word' id='word_1_414' title='bbox 3363 733 3396 770; x_wconf 89' lang='lat' dir='ltr'><strong>o</strong></span> 
     </span>
    </p>
   </div>
   <div class='ocr_carea' id='block_1_66' title="bbox 1837 798 3393 876">
    <p class='ocr_par' dir='ltr' id='par_1_66' title="bbox 1837 798 3393 876">
     <span class='ocr_line' id='line_1_66' title="bbox 1837 798 3393 876; baseline -0.002 -13"><span class='ocrx_word' id='word_1_415' title='bbox 1837 809 2078 865; x_wconf 76' lang='lat' dir='ltr'><strong>infelices</strong></span> <span class='ocrx_word' id='word_1_416' title='bbox 2095 820 2149 865; x_wconf 88' lang='lat' dir='ltr'><strong>et</strong></span> <span class='ocrx_word' id='word_1_417' title='bbox 2180 809 2555 865; x_wconf 81' lang='lat' dir='ltr'><strong>calamitosos!</strong></span> <span class='ocrx_word' id='word_1_418' title='bbox 2593 824 2625 864; x_wconf 96' lang='lat' dir='ltr'><strong>o</strong></span> <span class='ocrx_word' id='word_1_419' title='bbox 2663 808 2825 864; x_wconf 80' lang='lat' dir='ltr'><strong>etiam</strong></span> <span class='ocrx_word' id='word_1_420' title='bbox 2860 808 3095 876; x_wconf 90' lang='lat' dir='ltr'><strong>ipsorum</strong></span> <span class='ocrx_word' id='word_1_421' title='bbox 3130 798 3393 862; x_wconf 87' lang='lat' dir='ltr'><strong>crmlelis-</strong></span> 
     </span>
    </p>
   </div>
   <div class='ocr_carea' id='block_1_67' title="bbox 1837 898 3395 972">
    <p class='ocr_par' dir='ltr' id='par_1_67' title="bbox 1837 898 3395 972">
     <span class='ocr_line' id='line_1_67' title="bbox 1837 898 3395 972; baseline -0.003 -17"><span class='ocrx_word' id='word_1_422' title='bbox 1837 901 2091 955; x_wconf 86' lang='lat' dir='ltr'><strong>simorum</strong></span> <span class='ocrx_word' id='word_1_423' title='bbox 2130 901 2638 972; x_wconf 81' lang='lat' dir='ltr'><strong>hostiumlacrymis</strong></span> <span class='ocrx_word' id='word_1_424' title='bbox 2659 898 3047 968; x_wconf 84' lang='lat' dir='ltr'><strong>deplorandos!</strong></span> <span class='ocrx_word' id='word_1_425' title='bbox 3101 899 3395 953; x_wconf 71' lang='lat' dir='ltr'><strong>detlistisne</strong></span> 
     </span>
    </p>
   </div>
   <div class='ocr_carea' id='block_1_68' title="bbox 1836 988 3466 1061">
    <p class='ocr_par' dir='ltr' id='par_1_68' title="bbox 1836 988 3466 1061">
     <span class='ocr_line' id='line_1_68' title="bbox 1836 988 3466 1061; baseline -0.003 -16"><span class='ocrx_word' id='word_1_426' title='bbox 1836 991 2085 1045; x_wconf 82' lang='lat' dir='ltr'><strong>omnibus</strong></span> <span class='ocrx_word' id='word_1_427' title='bbox 2120 991 2425 1045; x_wconf 80' lang='lat' dir='ltr'><strong>nationibus</strong></span> <span class='ocrx_word' id='word_1_428' title='bbox 2453 1006 2517 1046; x_wconf 89' lang='lat' dir='ltr'><strong>ac</strong></span> <span class='ocrx_word' id='word_1_429' title='bbox 2554 992 2803 1061; x_wconf 74' lang='lat' dir='ltr'><strong>gentibus</strong></span> <span class='ocrx_word' id='word_1_430' title='bbox 2839 989 3139 1043; x_wconf 87' lang='lat' dir='ltr'><strong>doctrinam</strong></span> <span class='ocrx_word' id='word_1_431' title='bbox 3165 997 3217 1041; x_wconf 92' lang='lat' dir='ltr'><strong>et</strong></span> <span class='ocrx_word' id='word_1_432' title='bbox 3243 988 3393 1056; x_wconf 88' lang='lat' dir='ltr'><strong>inge-</strong></span> <span class='ocrx_word' id='word_1_433' title='bbox 3460 1020 3466 1027; x_wconf 86' lang='lat'><strong>-</strong></span> 
     </span>
    </p>
   </div>
   <div class='ocr_carea' id='block_1_69' title="bbox 1838 1079 3397 1148">
    <p class='ocr_par' dir='ltr' id='par_1_69' title="bbox 1838 1079 3397 1148">
     <span class='ocr_line' id='line_1_69' title="bbox 1838 1079 3397 1148; baseline -0.002 -16"><span class='ocrx_word' id='word_1_434' title='bbox 1838 1080 1984 1133; x_wconf 90' lang='lat' dir='ltr'><strong>nium</strong></span> <span class='ocrx_word' id='word_1_435' title='bbox 2020 1086 2078 1133; x_wconf 92' lang='lat' dir='ltr'><strong>ut</strong></span> <span class='ocrx_word' id='word_1_436' title='bbox 2109 1080 2209 1148; x_wconf 91' lang='lat' dir='ltr'><strong>ipsi</strong></span> <span class='ocrx_word' id='word_1_437' title='bbox 2245 1082 2475 1136; x_wconf 87' lang='lat' dir='ltr'><strong>consilio</strong></span> <span class='ocrx_word' id='word_1_438' title='bbox 2525 1079 2819 1135; x_wconf 82' lang='lat' dir='ltr'><strong>careretis?</strong></span> <span class='ocrx_word' id='word_1_439' title='bbox 2869 1080 3092 1135; x_wconf 86' lang='lat' dir='ltr'><strong>dedistis</strong></span> <span class='ocrx_word' id='word_1_440' title='bbox 3138 1093 3287 1131; x_wconf 84' lang='lat' dir='ltr'><strong>arma</strong></span> <span class='ocrx_word' id='word_1_441' title='bbox 3337 1087 3397 1129; x_wconf 90' lang='lat' dir='ltr'><strong>ut</strong></span> 
     </span>
    </p>
   </div>
   <div class='ocr_carea' id='block_1_70' title="bbox 1836 1169 3398 1244">
    <p class='ocr_par' dir='ltr' id='par_1_70' title="bbox 1836 1169 3398 1244">
     <span class='ocr_line' id='line_1_70' title="bbox 1836 1169 3398 1244; baseline -0.002 -19"><span class='ocrx_word' id='word_1_442' title='bbox 1836 1171 2037 1226; x_wconf 85' lang='lat' dir='ltr'><strong>eisdem</strong></span> <span class='ocrx_word' id='word_1_443' title='bbox 2084 1181 2269 1241; x_wconf 88' lang='lat' dir='ltr'><strong>postea</strong></span> <span class='ocrx_word' id='word_1_444' title='bbox 2317 1186 2572 1227; x_wconf 89' lang='lat' dir='ltr'><strong>corruere</strong></span> <span class='ocrx_word' id='word_1_445' title='bbox 2637 1171 2943 1244; x_wconf 83' lang='lat' dir='ltr'><strong>videamini.</strong></span> <span class='ocrx_word' id='word_1_446' title='bbox 2992 1169 3254 1224; x_wconf 85' lang='lat' dir='ltr'><strong>Constans</strong></span> <span class='ocrx_word' id='word_1_447' title='bbox 3314 1178 3398 1222; x_wconf 88' lang='lat' dir='ltr'><strong>est</strong></span> 
     </span>
    </p>
   </div>
   <div class='ocr_carea' id='block_1_71' title="bbox 1835 1259 3392 1331">
    <p class='ocr_par' dir='ltr' id='par_1_71' title="bbox 1835 1259 3392 1331">
     <span class='ocr_line' id='line_1_71' title="bbox 1835 1259 3392 1331; baseline -0.004 -12"><span class='ocrx_word' id='word_1_448' title='bbox 1835 1273 2002 1329; x_wconf 89' lang='lat' dir='ltr'><strong>certe,</strong></span> <span class='ocrx_word' id='word_1_449' title='bbox 2058 1265 2314 1331; x_wconf 76' lang='lat' dir='ltr'><strong>Quirites,</strong></span> <span class='ocrx_word' id='word_1_450' title='bbox 2344 1266 2583 1319; x_wconf 90' lang='lat' dir='ltr'><strong>omnium</strong></span> <span class='ocrx_word' id='word_1_451' title='bbox 2632 1265 2767 1318; x_wconf 85' lang='lat' dir='ltr'><strong>bene</strong></span> <span class='ocrx_word' id='word_1_452' title='bbox 2804 1262 3149 1316; x_wconf 88' lang='lat' dir='ltr'><strong>sentientium</strong></span> <span class='ocrx_word' id='word_1_453' title='bbox 3192 1259 3392 1327; x_wconf 88' lang='lat' dir='ltr'><strong>opinio,</strong></span> 
     </span>
    </p>
   </div>
   <div class='ocr_carea' id='block_1_72' title="bbox 1838 1349 3397 1425">
    <p class='ocr_par' dir='ltr' id='par_1_72' title="bbox 1838 1349 3397 1425">
     <span class='ocr_line' id='line_1_72' title="bbox 1838 1349 3397 1425; baseline -0.004 -17"><span class='ocrx_word' id='word_1_454' title='bbox 1838 1366 2099 1409; x_wconf 87' lang='lat' dir='ltr'><strong>eteorum</strong></span> <span class='ocrx_word' id='word_1_455' title='bbox 2141 1356 2374 1410; x_wconf 88' lang='lat' dir='ltr'><strong>maxime</strong></span> <span class='ocrx_word' id='word_1_456' title='bbox 2398 1356 2491 1425; x_wconf 88' lang='lat' dir='ltr'><strong>qui</strong></span> <span class='ocrx_word' id='word_1_457' title='bbox 2527 1370 2625 1408; x_wconf 86' lang='lat' dir='ltr'><strong>suo</strong></span> <span class='ocrx_word' id='word_1_458' title='bbox 2656 1352 2891 1423; x_wconf 78' lang='lat' dir='ltr'><strong>periculo</strong></span> <span class='ocrx_word' id='word_1_459' title='bbox 2935 1353 3154 1406; x_wconf 85' lang='lat' dir='ltr'><strong>istarum</strong></span> <span class='ocrx_word' id='word_1_460' title='bbox 3176 1349 3397 1403; x_wconf 88' lang='lat' dir='ltr'><strong>calami-</strong></span> 
     </span>
    </p>
   </div>
   <div class='ocr_carea' id='block_1_73' title="bbox 1839 1442 3397 1518">
    <p class='ocr_par' dir='ltr' id='par_1_73' title="bbox 1839 1442 3397 1518">
     <span class='ocr_line' id='line_1_73' title="bbox 1839 1442 3397 1518; baseline -0.003 -20"><span class='ocrx_word' id='word_1_461' title='bbox 1839 1454 2006 1501; x_wconf 88' lang='lat' dir='ltr'><strong>tatum</strong></span> <span class='ocrx_word' id='word_1_462' title='bbox 2038 1450 2191 1518; x_wconf 85' lang='lat' dir='ltr'><strong>gnari</strong></span> <span class='ocrx_word' id='word_1_463' title='bbox 2225 1444 2504 1515; x_wconf 48' lang='lat' dir='ltr'><strong>sunt,‘duo</strong></span> <span class='ocrx_word' id='word_1_464' title='bbox 2532 1449 2619 1502; x_wconf 87' lang='lat' dir='ltr'><strong>illa</strong></span> <span class='ocrx_word' id='word_1_465' title='bbox 2670 1448 2891 1517; x_wconf 85' lang='lat' dir='ltr'><strong>imperia</strong></span> <span class='ocrx_word' id='word_1_466' title='bbox 2929 1458 3197 1514; x_wconf 89' lang='lat' dir='ltr'><strong>nunquam</strong></span> <span class='ocrx_word' id='word_1_467' title='bbox 3230 1442 3397 1496; x_wconf 79' lang='lat' dir='ltr'><strong>fuisse</strong></span> 
     </span>
    </p>
   </div>
   <div class='ocr_carea' id='block_1_74' title="bbox 1837 1532 3395 1609">
    <p class='ocr_par' dir='ltr' id='par_1_74' title="bbox 1837 1532 3395 1609">
     <span class='ocr_line' id='line_1_74' title="bbox 1837 1532 3395 1609; baseline -0.008 -16"><span class='ocrx_word' id='word_1_468' title='bbox 1837 1540 2139 1593; x_wconf 87' lang='lat' dir='ltr'><strong>corruitura</strong></span> <span class='ocrx_word' id='word_1_469' title='bbox 2176 1542 2219 1596; x_wconf 92' lang='lat' dir='ltr'><strong>si</strong></span> <span class='ocrx_word' id='word_1_470' title='bbox 2254 1540 2567 1601; x_wconf 77' lang='lat' dir='ltr'><strong>Bessarion,</strong></span> <span class='ocrx_word' id='word_1_471' title='bbox 2595 1539 2769 1609; x_wconf 87' lang='lat' dir='ltr'><strong>magni</strong></span> <span class='ocrx_word' id='word_1_472' title='bbox 2809 1538 2973 1591; x_wconf 85' lang='lat' dir='ltr'><strong>animi</strong></span> <span class='ocrx_word' id='word_1_473' title='bbox 3006 1545 3161 1604; x_wconf 86' lang='lat' dir='ltr'><strong>atque</strong></span> <span class='ocrx_word' id='word_1_474' title='bbox 3181 1532 3395 1596; x_wconf 87' lang='lat' dir='ltr'><strong>consilii</strong></span> 
     </span>
    </p>
   </div>
   <div class='ocr_carea' id='block_1_75' title="bbox 1840 1620 3397 1699">
    <p class='ocr_par' dir='ltr' id='par_1_75' title="bbox 1840 1620 3397 1699">
     <span class='ocr_line' id='line_1_75' title="bbox 1840 1620 3397 1699; baseline -0.007 -12"><span class='ocrx_word' id='word_1_475' title='bbox 1840 1633 1939 1699; x_wconf 82' lang='lat' dir='ltr'><strong>\ir,</strong></span> <span class='ocrx_word' id='word_1_476' title='bbox 1986 1634 2090 1689; x_wconf 89' lang='lat' dir='ltr'><strong>illis</strong></span> <span class='ocrx_word' id='word_1_477' title='bbox 2139 1635 2188 1689; x_wconf 92' lang='lat' dir='ltr'><strong>in</strong></span> <span class='ocrx_word' id='word_1_478' title='bbox 2248 1634 2379 1690; x_wconf 90' lang='lat' dir='ltr'><strong>locis</strong></span> <span class='ocrx_word' id='word_1_479' title='bbox 2423 1643 2532 1687; x_wconf 90' lang='lat' dir='ltr'><strong>tum</strong></span> <span class='ocrx_word' id='word_1_480' title='bbox 2576 1633 2767 1687; x_wconf 81' lang='lat' dir='ltr'><strong>fuisset</strong></span> <span class='ocrx_word' id='word_1_481' title='bbox 2815 1646 2936 1685; x_wconf 90' lang='lat' dir='ltr'><strong>cum</strong></span> <span class='ocrx_word' id='word_1_482' title='bbox 2982 1636 3267 1697; x_wconf 85' lang='lat' dir='ltr'><strong>tempestas</strong></span> <span class='ocrx_word' id='word_1_483' title='bbox 3309 1620 3397 1679; x_wconf 74' lang='lat' dir='ltr'><strong>illa</strong></span> 
     </span>
    </p>
   </div>
   <div class='ocr_carea' id='block_1_76' title="bbox 1837 1724 3399 1791">
    <p class='ocr_par' dir='ltr' id='par_1_76' title="bbox 1837 1724 3399 1791">
     <span class='ocr_line' id='line_1_76' title="bbox 1837 1724 3399 1791; baseline -0.006 -10"><span class='ocrx_word' id='word_1_484' title='bbox 1837 1737 2024 1782; x_wconf 90' lang='lat' dir='ltr'><strong>contra</strong></span> <span class='ocrx_word' id='word_1_485' title='bbox 2064 1742 2167 1781; x_wconf 92' lang='lat' dir='ltr'><strong>non</strong></span> <span class='ocrx_word' id='word_1_486' title='bbox 2228 1726 2446 1781; x_wconf 62' lang='lat' dir='ltr'><strong>Graecos</strong></span> <span class='ocrx_word' id='word_1_487' title='bbox 2499 1736 2729 1789; x_wconf 88' lang='lat' dir='ltr'><strong>tantum,</strong></span> <span class='ocrx_word' id='word_1_488' title='bbox 2771 1726 2865 1779; x_wconf 87' lang='lat' dir='ltr'><strong>sed</strong></span> <span class='ocrx_word' id='word_1_489' title='bbox 2908 1724 3200 1776; x_wconf 87' lang='lat' dir='ltr'><strong>humanum</strong></span> <span class='ocrx_word' id='word_1_490' title='bbox 3233 1735 3399 1791; x_wconf 83' lang='lat' dir='ltr'><strong>genus</strong></span> 
     </span>
    </p>
   </div>
   <div class='ocr_carea' id='block_1_77' title="bbox 1844 1811 3401 1882">
    <p class='ocr_par' dir='ltr' id='par_1_77' title="bbox 1844 1811 3401 1882">
     <span class='ocr_line' id='line_1_77' title="bbox 1844 1811 3401 1882; baseline -0.004 -12"><span class='ocrx_word' id='word_1_491' title='bbox 1844 1826 2030 1870; x_wconf 88' lang='lat' dir='ltr'><strong>exorta</strong></span> <span class='ocrx_word' id='word_1_492' title='bbox 2069 1826 2170 1872; x_wconf 89' lang='lat' dir='ltr'><strong>est.</strong></span> <span class='ocrx_word' id='word_1_493' title='bbox 2202 1816 2500 1872; x_wconf 85' lang='lat' dir='ltr'><strong>Excitasset</strong></span> <span class='ocrx_word' id='word_1_494' title='bbox 2527 1816 2671 1870; x_wconf 90' lang='lat' dir='ltr'><strong>enim</strong></span> <span class='ocrx_word' id='word_1_495' title='bbox 2722 1816 2801 1870; x_wconf 86' lang='lat' dir='ltr'><strong>vir</strong></span> <span class='ocrx_word' id='word_1_496' title='bbox 2827 1815 3069 1869; x_wconf 90' lang='lat' dir='ltr'><strong>omnium</strong></span> <span class='ocrx_word' id='word_1_497' title='bbox 3110 1811 3401 1882; x_wconf 79' lang='lat' dir='ltr'><strong>vigilantis-</strong></span> 
     </span>
    </p>
   </div>
   <div class='ocr_carea' id='block_1_78' title="bbox 1842 1903 3400 1972">
    <p class='ocr_par' dir='ltr' id='par_1_78' title="bbox 1842 1903 3400 1972">
     <span class='ocr_line' id='line_1_78' title="bbox 1842 1903 3400 1972; baseline -0.006 -11"><span class='ocrx_word' id='word_1_498' title='bbox 1842 1906 2015 1961; x_wconf 86' lang='lat' dir='ltr'><strong>simus</strong></span> <span class='ocrx_word' id='word_1_499' title='bbox 2043 1906 2401 1963; x_wconf 86' lang='lat' dir='ltr'><strong>dormientem</strong></span> <span class='ocrx_word' id='word_1_500' title='bbox 2428 1906 2690 1962; x_wconf 70' lang='lat' dir='ltr'><strong>Graeciam</strong></span> <span class='ocrx_word' id='word_1_501' title='bbox 2713 1945 2730 1972; x_wconf 94' lang='lat'><strong>,</strong></span> <span class='ocrx_word' id='word_1_502' title='bbox 2782 1905 3076 1959; x_wconf 89' lang='lat' dir='ltr'><strong>animasset</strong></span> <span class='ocrx_word' id='word_1_503' title='bbox 3108 1903 3271 1957; x_wconf 91' lang='lat' dir='ltr'><strong>nimio</strong></span> <span class='ocrx_word' id='word_1_504' title='bbox 3290 1904 3400 1955; x_wconf 84' lang='lat' dir='ltr'><strong>0tio</strong></span> 
     </span>
    </p>
   </div>
   <div class='ocr_carea' id='block_1_79' title="bbox 1841 1995 3402 2067">
    <p class='ocr_par' dir='ltr' id='par_1_79' title="bbox 1841 1995 3402 2067">
     <span class='ocr_line' id='line_1_79' title="bbox 1841 1995 3402 2067; baseline -0.001 -19"><span class='ocrx_word' id='word_1_505' title='bbox 1841 1997 2151 2067; x_wconf 81' lang='lat' dir='ltr'><strong>languentes</strong></span> <span class='ocrx_word' id='word_1_506' title='bbox 2170 1999 2413 2060; x_wconf 87' lang='lat' dir='ltr'><strong>animos;</strong></span> <span class='ocrx_word' id='word_1_507' title='bbox 2446 1998 2525 2052; x_wconf 90' lang='lat' dir='ltr'><strong>ire</strong></span> <span class='ocrx_word' id='word_1_508' title='bbox 2557 1998 2609 2051; x_wconf 90' lang='lat' dir='ltr'><strong>in</strong></span> <span class='ocrx_word' id='word_1_509' title='bbox 2646 1999 2829 2051; x_wconf 85' lang='lat' dir='ltr'><strong>hostes</strong></span> <span class='ocrx_word' id='word_1_510' title='bbox 2866 2009 2993 2051; x_wconf 84' lang='lat' dir='ltr'><strong>suos</strong></span> <span class='ocrx_word' id='word_1_511' title='bbox 3018 2003 3072 2049; x_wconf 90' lang='lat' dir='ltr'><strong>et</strong></span> <span class='ocrx_word' id='word_1_512' title='bbox 3109 2008 3137 2047; x_wconf 85' lang='lat' dir='ltr'><strong>a</strong></span> <span class='ocrx_word' id='word_1_513' title='bbox 3177 1995 3402 2049; x_wconf 83' lang='lat' dir='ltr'><strong>cervici-</strong></span> 
     </span>
    </p>
   </div>
   <div class='ocr_carea' id='block_1_80' title="bbox 1842 2085 3399 2153">
    <p class='ocr_par' dir='ltr' id='par_1_80' title="bbox 1842 2085 3399 2153">
     <span class='ocr_line' id='line_1_80' title="bbox 1842 2085 3399 2153; baseline -0.003 -13"><span class='ocrx_word' id='word_1_514' title='bbox 1842 2086 1942 2141; x_wconf 88' lang='lat' dir='ltr'><strong>bus</strong></span> <span class='ocrx_word' id='word_1_515' title='bbox 1973 2095 2175 2142; x_wconf 87' lang='lat' dir='ltr'><strong>tantam</strong></span> <span class='ocrx_word' id='word_1_516' title='bbox 2234 2088 2590 2142; x_wconf 84' lang='lat' dir='ltr'><strong>calamitatem</strong></span> <span class='ocrx_word' id='word_1_517' title='bbox 2645 2096 2893 2140; x_wconf 87' lang='lat' dir='ltr'><strong>avertere</strong></span> <span class='ocrx_word' id='word_1_518' title='bbox 2943 2093 3196 2153; x_wconf 83' lang='lat' dir='ltr'><strong>quantam</strong></span> <span class='ocrx_word' id='word_1_519' title='bbox 3255 2085 3399 2150; x_wconf 78' lang='lat' dir='ltr'><strong>passi</strong></span> 
     </span>
    </p>
   </div>
   <div class='ocr_carea' id='block_1_81' title="bbox 1841 2172 3396 2243">
    <p class='ocr_par' dir='ltr' id='par_1_81' title="bbox 1841 2172 3396 2243">
     <span class='ocr_line' id='line_1_81' title="bbox 1841 2172 3396 2243; baseline -0.005 -13"><span class='ocrx_word' id='word_1_520' title='bbox 1841 2186 1987 2241; x_wconf 87' lang='lat' dir='ltr'><strong>sunt,</strong></span> <span class='ocrx_word' id='word_1_521' title='bbox 2020 2190 2115 2243; x_wconf 91' lang='lat' dir='ltr'><strong>spe</strong></span> <span class='ocrx_word' id='word_1_522' title='bbox 2144 2191 2284 2229; x_wconf 72' lang='lat' dir='ltr'><strong>vera:</strong></span> <span class='ocrx_word' id='word_1_523' title='bbox 2303 2184 2356 2229; x_wconf 89' lang='lat' dir='ltr'><strong>et</strong></span> <span class='ocrx_word' id='word_1_524' title='bbox 2381 2176 2602 2241; x_wconf 71' lang='lat' dir='ltr'><strong>integrat</strong></span> <span class='ocrx_word' id='word_1_525' title='bbox 2632 2174 2807 2228; x_wconf 85' lang='lat' dir='ltr'><strong>laudis</strong></span> <span class='ocrx_word' id='word_1_526' title='bbox 2848 2172 3143 2241; x_wconf 87' lang='lat' dir='ltr'><strong>proposita,</strong></span> <span class='ocrx_word' id='word_1_527' title='bbox 3177 2187 3396 2237; x_wconf 77' lang='lat' dir='ltr'><strong>compu-</strong></span> 
     </span>
    </p>
   </div>
   <div class='ocr_carea' id='block_1_82' title="bbox 1841 2264 3399 2330">
    <p class='ocr_par' dir='ltr' id='par_1_82' title="bbox 1841 2264 3399 2330">
     <span class='ocr_line' id='line_1_82' title="bbox 1841 2264 3399 2330; baseline -0.001 -12"><span class='ocrx_word' id='word_1_528' title='bbox 1841 2266 2011 2320; x_wconf 90' lang='lat' dir='ltr'><strong>lisset.</strong></span> <span class='ocrx_word' id='word_1_529' title='bbox 2045 2264 2262 2329; x_wconf 84' lang='lat' dir='ltr'><strong>Verum,</strong></span> <span class='ocrx_word' id='word_1_530' title='bbox 2313 2280 2378 2320; x_wconf 85' lang='lat' dir='ltr'><strong>eo</strong></span> <span class='ocrx_word' id='word_1_531' title='bbox 2440 2267 2685 2330; x_wconf 88' lang='lat' dir='ltr'><strong>absente,</strong></span> <span class='ocrx_word' id='word_1_532' title='bbox 2736 2277 2859 2317; x_wconf 90' lang='lat' dir='ltr'><strong>cum</strong></span> <span class='ocrx_word' id='word_1_533' title='bbox 2922 2277 3078 2317; x_wconf 90' lang='lat' dir='ltr'><strong>nemo</strong></span> <span class='ocrx_word' id='word_1_534' title='bbox 3129 2272 3272 2319; x_wconf 81' lang='lat' dir='ltr'><strong>esset</strong></span> <span class='ocrx_word' id='word_1_535' title='bbox 3310 2278 3399 2330; x_wconf 78' lang='lat' dir='ltr'><strong>qui</strong></span> 
     </span>
    </p>
   </div>
   <div class='ocr_carea' id='block_1_83' title="bbox 1842 2352 3397 2421">
    <p class='ocr_par' dir='ltr' id='par_1_83' title="bbox 1842 2352 3397 2421">
     <span class='ocr_line' id='line_1_83' title="bbox 1842 2352 3397 2421; baseline -0.002 -14"><span class='ocrx_word' id='word_1_536' title='bbox 1842 2355 2135 2419; x_wconf 89' lang='lat' dir='ltr'><strong>monendo,</strong></span> <span class='ocrx_word' id='word_1_537' title='bbox 2168 2356 2544 2419; x_wconf 87' lang='lat' dir='ltr'><strong>consultando,</strong></span> <span class='ocrx_word' id='word_1_538' title='bbox 2584 2355 2848 2417; x_wconf 89' lang='lat' dir='ltr'><strong>docendo,</strong></span> <span class='ocrx_word' id='word_1_539' title='bbox 2875 2354 3205 2421; x_wconf 83' lang='lat' dir='ltr'><strong>cohortando</strong></span> <span class='ocrx_word' id='word_1_540' title='bbox 3250 2352 3397 2406; x_wconf 75' lang='lat' dir='ltr'><strong>Cra:-</strong></span> 
     </span>
    </p>
   </div>
   <div class='ocr_carea' id='block_1_84' title="bbox 1840 2443 3401 2514">
    <p class='ocr_par' dir='ltr' id='par_1_84' title="bbox 1840 2443 3401 2514">
     <span class='ocr_line' id='line_1_84' title="bbox 1840 2443 3401 2514; baseline -0.003 -13"><span class='ocrx_word' id='word_1_541' title='bbox 1840 2462 1934 2501; x_wconf 86' lang='lat' dir='ltr'><strong>cos</strong></span> <span class='ocrx_word' id='word_1_542' title='bbox 1961 2449 2014 2500; x_wconf 92' lang='lat' dir='ltr'><strong>in</strong></span> <span class='ocrx_word' id='word_1_543' title='bbox 2047 2446 2228 2501; x_wconf 86' lang='lat' dir='ltr'><strong>oliicio</strong></span> <span class='ocrx_word' id='word_1_544' title='bbox 2261 2448 2583 2513; x_wconf 88' lang='lat' dir='ltr'><strong>contineret,</strong></span> <span class='ocrx_word' id='word_1_545' title='bbox 2614 2456 2769 2514; x_wconf 90' lang='lat' dir='ltr'><strong>capta</strong></span> <span class='ocrx_word' id='word_1_546' title='bbox 2798 2460 2863 2500; x_wconf 88' lang='lat' dir='ltr'><strong>ac</strong></span> <span class='ocrx_word' id='word_1_547' title='bbox 2911 2444 3119 2512; x_wconf 90' lang='lat' dir='ltr'><strong>direpta</strong></span> <span class='ocrx_word' id='word_1_548' title='bbox 3152 2461 3177 2495; x_wconf 86' lang='lat' dir='ltr'><strong>a</strong></span> <span class='ocrx_word' id='word_1_549' title='bbox 3208 2443 3401 2497; x_wconf 85' lang='lat' dir='ltr'><strong>Turcis</strong></span> 
     </span>
    </p>
   </div>
   <div class='ocr_carea' id='block_1_85' title="bbox 1840 2536 3400 2608">
    <p class='ocr_par' dir='ltr' id='par_1_85' title="bbox 1840 2536 3400 2608">
     <span class='ocr_line' id='line_1_85' title="bbox 1840 2536 3400 2608; baseline -0.005 -15"><span class='ocrx_word' id='word_1_550' title='bbox 1840 2537 2333 2608; x_wconf 85' lang='lat' dir='ltr'><strong>Constantinopolis</strong></span> <span class='ocrx_word' id='word_1_551' title='bbox 2388 2546 2494 2602; x_wconf 89' lang='lat' dir='ltr'><strong>est,</strong></span> <span class='ocrx_word' id='word_1_552' title='bbox 2545 2552 2684 2591; x_wconf 71' lang='lat' dir='ltr'><strong>caesa</strong></span> <span class='ocrx_word' id='word_1_553' title='bbox 2737 2536 2903 2590; x_wconf 88' lang='lat' dir='ltr'><strong>multa</strong></span> <span class='ocrx_word' id='word_1_554' title='bbox 2952 2536 3148 2589; x_wconf 86' lang='lat' dir='ltr'><strong>civium</strong></span> <span class='ocrx_word' id='word_1_555' title='bbox 3214 2536 3400 2596; x_wconf 79' lang='lat' dir='ltr'><strong>millia,</strong></span> 
     </span>
    </p>
   </div>
   <div class='ocr_carea' id='block_1_86' title="bbox 1840 2623 3398 2695">
    <p class='ocr_par' dir='ltr' id='par_1_86' title="bbox 1840 2623 3398 2695">
     <span class='ocr_line' id='line_1_86' title="bbox 1840 2623 3398 2695; baseline -0.003 -16"><span class='ocrx_word' id='word_1_556' title='bbox 1840 2626 2194 2695; x_wconf 86' lang='lat' dir='ltr'><strong>obtruncatus</strong></span> <span class='ocrx_word' id='word_1_557' title='bbox 2244 2624 2537 2694; x_wconf 89' lang='lat' dir='ltr'><strong>imperator</strong></span> <span class='ocrx_word' id='word_1_558' title='bbox 2572 2625 2746 2678; x_wconf 89' lang='lat' dir='ltr'><strong>:idem</strong></span> <span class='ocrx_word' id='word_1_559' title='bbox 2776 2624 2972 2678; x_wconf 90' lang='lat' dir='ltr'><strong>accidit</strong></span> <span class='ocrx_word' id='word_1_560' title='bbox 3009 2623 3398 2691; x_wconf 81' lang='lat' dir='ltr'><strong>Trapezuntiis,</strong></span> 
     </span>
    </p>
   </div>
   <div class='ocr_carea' id='block_1_87' title="bbox 1844 2716 3403 2787">
    <p class='ocr_par' dir='ltr' id='par_1_87' title="bbox 1844 2716 3403 2787">
     <span class='ocr_line' id='line_1_87' title="bbox 1844 2716 3403 2787; baseline -0.001 -17"><span class='ocrx_word' id='word_1_561' title='bbox 1844 2716 1982 2771; x_wconf 89' lang='lat' dir='ltr'><strong>idem</strong></span> <span class='ocrx_word' id='word_1_562' title='bbox 2013 2716 2347 2787; x_wconf 71' lang='lat' dir='ltr'><strong>Mityleumis,</strong></span> <span class='ocrx_word' id='word_1_563' title='bbox 2383 2716 2520 2770; x_wconf 89' lang='lat' dir='ltr'><strong>idem</strong></span> <span class='ocrx_word' id='word_1_564' title='bbox 2556 2716 3026 2783; x_wconf 86' lang='lat' dir='ltr'><strong>Peloponnesiacis</strong></span> <span class='ocrx_word' id='word_1_565' title='bbox 3071 2717 3403 2782; x_wconf 81' lang='lat' dir='ltr'><strong>principibus</strong></span> 
     </span>
    </p>
   </div>
   <div class='ocr_carea' id='block_1_88' title="bbox 1842 2805 3401 2875">
    <p class='ocr_par' dir='ltr' id='par_1_88' title="bbox 1842 2805 3401 2875">
     <span class='ocr_line' id='line_1_88' title="bbox 1842 2805 3401 2875; baseline -0.004 -13"><span class='ocrx_word' id='word_1_566' title='bbox 1842 2815 1895 2861; x_wconf 88' lang='lat' dir='ltr'><strong>et</strong></span> <span class='ocrx_word' id='word_1_567' title='bbox 1929 2808 2155 2871; x_wconf 85' lang='lat' dir='ltr'><strong>civibus,</strong></span> <span class='ocrx_word' id='word_1_568' title='bbox 2181 2807 2319 2861; x_wconf 88' lang='lat' dir='ltr'><strong>idem</strong></span> <span class='ocrx_word' id='word_1_569' title='bbox 2354 2806 2569 2875; x_wconf 73' lang='lat' dir='ltr'><strong>reliqua:</strong></span> <span class='ocrx_word' id='word_1_570' title='bbox 2617 2805 2856 2869; x_wconf 66' lang='lat' dir='ltr'><strong>Grmcizr,</strong></span> <span class='ocrx_word' id='word_1_571' title='bbox 2890 2806 3026 2859; x_wconf 87' lang='lat' dir='ltr'><strong>idem</strong></span> <span class='ocrx_word' id='word_1_572' title='bbox 3062 2806 3401 2860; x_wconf 74' lang='lat' dir='ltr'><strong>Bossiuen‘si-</strong></span> 
     </span>
    </p>
   </div>
   <div class='ocr_carea' id='block_1_89' title="bbox 1845 2900 3397 2969">
    <p class='ocr_par' dir='ltr' id='par_1_89' title="bbox 1845 2900 3397 2969">
     <span class='ocr_line' id='line_1_89' title="bbox 1845 2900 3397 2969; baseline -0.002 -15"><span class='ocrx_word' id='word_1_573' title='bbox 1845 2901 1964 2966; x_wconf 90' lang='lat' dir='ltr'><strong>bus,</strong></span> <span class='ocrx_word' id='word_1_574' title='bbox 2009 2902 2098 2969; x_wconf 91' lang='lat' dir='ltr'><strong>qui</strong></span> <span class='ocrx_word' id='word_1_575' title='bbox 2119 2910 2170 2954; x_wconf 89' lang='lat' dir='ltr'><strong>et</strong></span> <span class='ocrx_word' id='word_1_576' title='bbox 2195 2917 2373 2969; x_wconf 86' lang='lat' dir='ltr'><strong>regem</strong></span> <span class='ocrx_word' id='word_1_577' title='bbox 2398 2909 2453 2955; x_wconf 87' lang='lat' dir='ltr'><strong>et</strong></span> <span class='ocrx_word' id='word_1_578' title='bbox 2474 2901 2698 2969; x_wconf 84' lang='lat' dir='ltr'><strong>patriam</strong></span> <span class='ocrx_word' id='word_1_579' title='bbox 2723 2908 2773 2953; x_wconf 89' lang='lat' dir='ltr'><strong>et</strong></span> <span class='ocrx_word' id='word_1_580' title='bbox 2794 2900 2953 2953; x_wconf 83' lang='lat' dir='ltr'><strong>vitam</strong></span> <span class='ocrx_word' id='word_1_581' title='bbox 2985 2913 3090 2953; x_wconf 91' lang='lat' dir='ltr'><strong>uno</strong></span> <span class='ocrx_word' id='word_1_582' title='bbox 3120 2901 3397 2953; x_wconf 62' lang='lat' dir='ltr'><strong>Saevissimi</strong></span> 
     </span>
    </p>
   </div>
   <div class='ocr_carea' id='block_1_90' title="bbox 1844 2990 3399 3059">
    <p class='ocr_par' dir='ltr' id='par_1_90' title="bbox 1844 2990 3399 3059">
     <span class='ocr_line' id='line_1_90' title="bbox 1844 2990 3399 3059; baseline -0.002 -13"><span class='ocrx_word' id='word_1_583' title='bbox 1844 2993 2079 3046; x_wconf 83' lang='lat' dir='ltr'><strong>hominis</strong></span> <span class='ocrx_word' id='word_1_584' title='bbox 2104 2993 2306 3059; x_wconf 86' lang='lat' dir='ltr'><strong>impetu</strong></span> <span class='ocrx_word' id='word_1_585' title='bbox 2336 2992 2592 3051; x_wconf 88' lang='lat' dir='ltr'><strong>amisere;</strong></span> <span class='ocrx_word' id='word_1_586' title='bbox 2635 2990 2950 3043; x_wconf 82' lang='lat' dir='ltr'><strong>Bessarione</strong></span> <span class='ocrx_word' id='word_1_587' title='bbox 2988 2990 3101 3058; x_wconf 89' lang='lat' dir='ltr'><strong>ipso</strong></span> <span class='ocrx_word' id='word_1_588' title='bbox 3130 2990 3399 3043; x_wconf 85' lang='lat' dir='ltr'><strong>clamante</strong></span> 
     </span>
    </p>
   </div>
   <div class='ocr_carea' id='block_1_91' title="bbox 1842 3080 3405 3152">
    <p class='ocr_par' dir='ltr' id='par_1_91' title="bbox 1842 3080 3405 3152">
     <span class='ocr_line' id='line_1_91' title="bbox 1842 3080 3405 3152; baseline -0.001 -15"><span class='ocrx_word' id='word_1_589' title='bbox 1842 3097 1905 3137; x_wconf 90' lang='lat' dir='ltr'><strong>ac</strong></span> <span class='ocrx_word' id='word_1_590' title='bbox 1937 3096 2178 3152; x_wconf 68' lang='lat' dir='ltr'><strong>persape</strong></span> <span class='ocrx_word' id='word_1_591' title='bbox 2205 3080 2477 3135; x_wconf 74' lang='lat' dir='ltr'><strong>Romanos</strong></span> <span class='ocrx_word' id='word_1_592' title='bbox 2515 3082 2795 3151; x_wconf 88' lang='lat' dir='ltr'><strong>pontitices</strong></span> <span class='ocrx_word' id='word_1_593' title='bbox 2836 3082 3161 3136; x_wconf 87' lang='lat' dir='ltr'><strong>admonente</strong></span> <span class='ocrx_word' id='word_1_594' title='bbox 3185 3090 3241 3135; x_wconf 89' lang='lat' dir='ltr'><strong>ut</strong></span> <span class='ocrx_word' id='word_1_595' title='bbox 3289 3081 3405 3135; x_wconf 73' lang='lat' dir='ltr'><strong>ila-</strong></span> 
     </span>
    </p>
   </div>
   <div class='ocr_carea' id='block_1_92' title="bbox 1844 3170 3397 3240">
    <p class='ocr_par' dir='ltr' id='par_1_92' title="bbox 1844 3170 3397 3240">
     <span class='ocr_line' id='line_1_92' title="bbox 1844 3170 3397 3240; baseline -0.003 -12"><span class='ocrx_word' id='word_1_596' title='bbox 1844 3172 2160 3234; x_wconf 78' lang='lat' dir='ltr'><strong>cethuibus.</strong></span> <span class='ocrx_word' id='word_1_597' title='bbox 2191 3171 2529 3238; x_wconf 86' lang='lat' dir='ltr'><strong>Dalmaticis,</strong></span> <span class='ocrx_word' id='word_1_598' title='bbox 2584 3170 2804 3240; x_wconf 81' lang='lat' dir='ltr'><strong>lllyriis,</strong></span> <span class='ocrx_word' id='word_1_599' title='bbox 2839 3170 3130 3226; x_wconf 86' lang='lat' dir='ltr'><strong>Pannoniis</strong></span> <span class='ocrx_word' id='word_1_600' title='bbox 3166 3171 3397 3224; x_wconf 84' lang='lat' dir='ltr'><strong>hostium</strong></span> 
     </span>
    </p>
   </div>
   <div class='ocr_carea' id='block_1_93' title="bbox 1846 3263 3408 3334">
    <p class='ocr_par' dir='ltr' id='par_1_93' title="bbox 1846 3263 3408 3334">
     <span class='ocr_line' id='line_1_93' title="bbox 1846 3263 3408 3334; baseline -0.001 -16"><span class='ocrx_word' id='word_1_601' title='bbox 1846 3265 2099 3334; x_wconf 87' lang='lat' dir='ltr'><strong>impetum</strong></span> <span class='ocrx_word' id='word_1_602' title='bbox 2128 3278 2269 3333; x_wconf 73' lang='lat' dir='ltr'><strong>aegre</strong></span> <span class='ocrx_word' id='word_1_603' title='bbox 2318 3263 2707 3317; x_wconf 83' lang='lat' dir='ltr'><strong>sustinentibus</strong></span> <span class='ocrx_word' id='word_1_604' title='bbox 2739 3263 2939 3318; x_wconf 89' lang='lat' dir='ltr'><strong>auxilio</strong></span> <span class='ocrx_word' id='word_1_605' title='bbox 2986 3270 3192 3323; x_wconf 85' lang='lat' dir='ltr'><strong>essent,</strong></span> <span class='ocrx_word' id='word_1_606' title='bbox 3225 3277 3408 3317; x_wconf 82' lang='lat' dir='ltr'><strong>nere-</strong></span> 
     </span>
    </p>
   </div>
   <div class='ocr_carea' id='block_1_94' title="bbox 1848 3348 3409 3427">
    <p class='ocr_par' dir='ltr' id='par_1_94' title="bbox 1848 3348 3409 3427">
     <span class='ocr_line' id='line_1_94' title="bbox 1848 3348 3409 3427; baseline -0.003 -17"><span class='ocrx_word' id='word_1_607' title='bbox 1848 3355 2028 3410; x_wconf 83' lang='lat' dir='ltr'><strong>fractis</strong></span> <span class='ocrx_word' id='word_1_608' title='bbox 2058 3356 2308 3410; x_wconf 88' lang='lat' dir='ltr'><strong>claustris</strong></span> <span class='ocrx_word' id='word_1_609' title='bbox 2350 3348 2494 3411; x_wconf 86' lang='lat' dir='ltr'><strong>illinc</strong></span> <span class='ocrx_word' id='word_1_610' title='bbox 2526 3371 2665 3411; x_wconf 82' lang='lat' dir='ltr'><strong>saeva</strong></span> <span class='ocrx_word' id='word_1_611' title='bbox 2699 3355 2787 3427; x_wconf 85' lang='lat' dir='ltr'><strong>illa</strong></span> <span class='ocrx_word' id='word_1_612' title='bbox 2833 3363 2884 3409; x_wconf 93' lang='lat' dir='ltr'><strong>et</strong></span> <span class='ocrx_word' id='word_1_613' title='bbox 2918 3354 3172 3409; x_wconf 84' lang='lat' dir='ltr'><strong>immanis</strong></span> <span class='ocrx_word' id='word_1_614' title='bbox 3208 3355 3409 3417; x_wconf 85' lang='lat' dir='ltr'><strong>bellua,</strong></span> 
     </span>
    </p>
   </div>
   <div class='ocr_carea' id='block_1_95' title="bbox 1846 3443 3401 3515">
    <p class='ocr_par' dir='ltr' id='par_1_95' title="bbox 1846 3443 3401 3515">
     <span class='ocr_line' id='line_1_95' title="bbox 1846 3443 3401 3515; baseline -0.001 -15"><span class='ocrx_word' id='word_1_615' title='bbox 1846 3446 2080 3500; x_wconf 87' lang='lat' dir='ltr'><strong>Eridano</strong></span> <span class='ocrx_word' id='word_1_616' title='bbox 2100 3446 2401 3509; x_wconf 85' lang='lat' dir='ltr'><strong>violentior,</strong></span> <span class='ocrx_word' id='word_1_617' title='bbox 2452 3443 2658 3500; x_wconf 89' lang='lat' dir='ltr'><strong>Italiam</strong></span> <span class='ocrx_word' id='word_1_618' title='bbox 2693 3445 3002 3505; x_wconf 86' lang='lat' dir='ltr'><strong>inundaret,</strong></span> <span class='ocrx_word' id='word_1_619' title='bbox 3036 3445 3175 3515; x_wconf 88' lang='lat' dir='ltr'><strong>quod</strong></span> <span class='ocrx_word' id='word_1_620' title='bbox 3209 3460 3401 3513; x_wconf 85' lang='lat' dir='ltr'><strong>prope-</strong></span> 
     </span>
    </p>
   </div>
   <div class='ocr_carea' id='block_1_96' title="bbox 1846 3535 3403 3604">
    <p class='ocr_par' dir='ltr' id='par_1_96' title="bbox 1846 3535 3403 3604">
     <span class='ocr_line' id='line_1_96' title="bbox 1846 3535 3403 3604; baseline -0.001 -15"><span class='ocrx_word' id='word_1_621' title='bbox 1846 3536 1985 3589; x_wconf 88' lang='lat' dir='ltr'><strong>diem</strong></span> <span class='ocrx_word' id='word_1_622' title='bbox 2006 3536 2234 3604; x_wconf 85' lang='lat' dir='ltr'><strong>(ntinam</strong></span> <span class='ocrx_word' id='word_1_623' title='bbox 2262 3535 2427 3590; x_wconf 80' lang='lat' dir='ltr'><strong>falsus</strong></span> <span class='ocrx_word' id='word_1_624' title='bbox 2463 3537 2561 3590; x_wconf 88' lang='lat' dir='ltr'><strong>sim</strong></span> <span class='ocrx_word' id='word_1_625' title='bbox 2593 3538 2772 3589; x_wconf 84' lang='lat' dir='ltr'><strong>vates!</strong></span> <span class='ocrx_word' id='word_1_626' title='bbox 2794 3536 2813 3604; x_wconf 84' lang='lat'>)</span> <span class='ocrx_word' id='word_1_627' title='bbox 2839 3536 3074 3590; x_wconf 74' lang='lat' dir='ltr'><strong>futurum</strong></span> <span class='ocrx_word' id='word_1_628' title='bbox 3104 3536 3403 3591; x_wconf 86' lang='lat' dir='ltr'><strong>videbimus</strong></span> 
     </span>
    </p>
   </div>
   <div class='ocr_carea' id='block_1_97' title="bbox 1848 3624 3401 3692">
    <p class='ocr_par' dir='ltr' id='par_1_97' title="bbox 1848 3624 3401 3692">
     <span class='ocr_line' id='line_1_97' title="bbox 1848 3624 3401 3692; baseline 0 -15"><span class='ocrx_word' id='word_1_629' title='bbox 1848 3626 1945 3678; x_wconf 91' lang='lat' dir='ltr'><strong>nisi</strong></span> <span class='ocrx_word' id='word_1_630' title='bbox 1998 3624 2126 3679; x_wconf 88' lang='lat' dir='ltr'><strong>huic</strong></span> <span class='ocrx_word' id='word_1_631' title='bbox 2177 3625 2574 3692; x_wconf 87' lang='lat' dir='ltr'><strong>sapientissimo</strong></span> <span class='ocrx_word' id='word_1_632' title='bbox 2602 3624 2758 3690; x_wconf 88' lang='lat' dir='ltr'><strong>viro,</strong></span> <span class='ocrx_word' id='word_1_633' title='bbox 2795 3634 3049 3691; x_wconf 90' lang='lat' dir='ltr'><strong>tanquam</strong></span> <span class='ocrx_word' id='word_1_634' title='bbox 3102 3640 3130 3677; x_wconf 90' lang='lat' dir='ltr'><strong>e</strong></span> <span class='ocrx_word' id='word_1_635' title='bbox 3183 3625 3401 3692; x_wconf 82' lang='lat' dir='ltr'><strong>speculo</strong></span> 
     </span>
    </p>
   </div>
   <div class='ocr_carea' id='block_1_98' title="bbox 1845 3713 3399 3779">
    <p class='ocr_par' dir='ltr' id='par_1_98' title="bbox 1845 3713 3399 3779">
     <span class='ocr_line' id='line_1_98' title="bbox 1845 3713 3399 3779; baseline 0 -14"><span class='ocrx_word' id='word_1_636' title='bbox 1845 3714 2025 3766; x_wconf 89' lang='lat' dir='ltr'><strong>omnia</strong></span> <span class='ocrx_word' id='word_1_637' title='bbox 2075 3714 2341 3776; x_wconf 89' lang='lat' dir='ltr'><strong>cernenti,</strong></span> <span class='ocrx_word' id='word_1_638' title='bbox 2374 3714 2653 3779; x_wconf 82' lang='lat' dir='ltr'><strong>clamanti,</strong></span> <span class='ocrx_word' id='word_1_639' title='bbox 2684 3713 2991 3765; x_wconf 87' lang='lat' dir='ltr'><strong>admonenti</strong></span> <span class='ocrx_word' id='word_1_640' title='bbox 3034 3714 3229 3765; x_wconf 85' lang='lat' dir='ltr'><strong>instare</strong></span> <span class='ocrx_word' id='word_1_641' title='bbox 3285 3727 3399 3765; x_wconf 88' lang='lat' dir='ltr'><strong>tua-</strong></span> 
     </span>
    </p>
   </div>
   <div class='ocr_carea' id='block_1_99' title="bbox 1845 3802 3438 3875">
    <p class='ocr_par' dir='ltr' id='par_1_99' title="bbox 1845 3802 3438 3875">
     <span class='ocr_line' id='line_1_99' title="bbox 1845 3802 3438 3875; baseline 0 -18"><span class='ocrx_word' id='word_1_642' title='bbox 1845 3819 2004 3875; x_wconf 88' lang='lat' dir='ltr'><strong>gnam</strong></span> <span class='ocrx_word' id='word_1_643' title='bbox 2054 3803 2370 3872; x_wconf 88' lang='lat' dir='ltr'><strong>perniciem,</strong></span> <span class='ocrx_word' id='word_1_644' title='bbox 2407 3802 2695 3871; x_wconf 90' lang='lat' dir='ltr'><strong>aliquando</strong></span> <span class='ocrx_word' id='word_1_645' title='bbox 2739 3802 2902 3857; x_wconf 78' lang='lat' dir='ltr'><strong>fuerit</strong></span> <span class='ocrx_word' id='word_1_646' title='bbox 2954 3803 3438 3871; x_wconf 64' lang='lat' dir='ltr'><strong>obtemperatum.</strong></span> 
     </span>
    </p>
   </div>
   <div class='ocr_carea' id='block_1_100' title="bbox 1848 3895 3402 3966">
    <p class='ocr_par' dir='ltr' id='par_1_100' title="bbox 1848 3895 3402 3966">
     <span class='ocr_line' id='line_1_100' title="bbox 1848 3895 3402 3966; baseline -0.003 -14"><span class='ocrx_word' id='word_1_647' title='bbox 1848 3896 2071 3952; x_wconf 72' lang='lat' dir='ltr'><strong>Multum</strong></span> <span class='ocrx_word' id='word_1_648' title='bbox 2098 3906 2245 3952; x_wconf 90' lang='lat' dir='ltr'><strong>certe</strong></span> <span class='ocrx_word' id='word_1_649' title='bbox 2283 3896 2409 3951; x_wconf 90' lang='lat' dir='ltr'><strong>huic</strong></span> <span class='ocrx_word' id='word_1_650' title='bbox 2461 3895 2795 3966; x_wconf 88' lang='lat' dir='ltr'><strong>amplissimo</strong></span> <span class='ocrx_word' id='word_1_651' title='bbox 2826 3895 2967 3950; x_wconf 84' lang='lat' dir='ltr'><strong>Patri</strong></span> <span class='ocrx_word' id='word_1_652' title='bbox 3010 3897 3299 3960; x_wconf 66' lang='lat' dir='ltr'><strong>debemus,</strong></span> <span class='ocrx_word' id='word_1_653' title='bbox 3338 3898 3402 3947; x_wconf 85' lang='lat' dir='ltr'><strong>ad</strong></span> 
     </span>
    </p>
   </div>
   <div class='ocr_carea' id='block_1_101' title="bbox 1848 3980 3404 4059">
    <p class='ocr_par' dir='ltr' id='par_1_101' title="bbox 1848 3980 3404 4059">
     <span class='ocr_line' id='line_1_101' title="bbox 1848 3980 3404 4059; baseline -0.004 -14"><span class='ocrx_word' id='word_1_654' title='bbox 1848 3988 1998 4058; x_wconf 80' lang='lat' dir='ltr'><strong>cujus</strong></span> <span class='ocrx_word' id='word_1_655' title='bbox 2021 4004 2110 4045; x_wconf 86' lang='lat' dir='ltr'><strong>res</strong></span> <span class='ocrx_word' id='word_1_656' title='bbox 2136 3988 2348 4059; x_wconf 78' lang='lat' dir='ltr'><strong>egregie</strong></span> <span class='ocrx_word' id='word_1_657' title='bbox 2372 3996 2550 4056; x_wconf 80' lang='lat' dir='ltr'><strong>gestas</strong></span> <span class='ocrx_word' id='word_1_658' title='bbox 2580 4003 2646 4041; x_wconf 82' lang='lat' dir='ltr'><strong>ne</strong></span> <span class='ocrx_word' id='word_1_659' title='bbox 2678 3987 2730 4041; x_wconf 84' lang='lat' dir='ltr'><strong>in</strong></span> <span class='ocrx_word' id='word_1_660' title='bbox 2762 3985 2903 4041; x_wconf 77' lang='lat' dir='ltr'><strong>hanc</strong></span> <span class='ocrx_word' id='word_1_661' title='bbox 2930 3980 3404 4041; x_wconf 78' lang='lat' dir='ltr'><strong>calatttitatetu.\c-</strong></span> 
     </span>
    </p>
   </div>
   <div class='ocr_carea' id='block_1_102' title="bbox 1849 4068 3405 4139">
    <p class='ocr_par' dir='ltr' id='par_1_102' title="bbox 1849 4068 3405 4139">
     <span class='ocr_line' id='line_1_102' title="bbox 1849 4068 3405 4139; baseline -0.006 -4"><span class='ocrx_word' id='word_1_662' title='bbox 1849 4077 2087 4135; x_wconf 85' lang='lat' dir='ltr'><strong>niremus</strong></span> <span class='ocrx_word' id='word_1_663' title='bbox 2122 4079 2351 4134; x_wconf 84' lang='lat' dir='ltr'><strong>libenter</strong></span> <span class='ocrx_word' id='word_1_664' title='bbox 2370 4079 2590 4133; x_wconf 86' lang='lat' dir='ltr'><strong>accedo.</strong></span> <span class='ocrx_word' id='word_1_665' title='bbox 2640 4068 2698 4130; x_wconf 87' lang='lat' dir='ltr'><strong>is</strong></span> <span class='ocrx_word' id='word_1_666' title='bbox 2736 4078 2899 4139; x_wconf 88' lang='lat' dir='ltr'><strong>enim,</strong></span> <span class='ocrx_word' id='word_1_667' title='bbox 2934 4092 2991 4130; x_wconf 87' lang='lat' dir='ltr'><strong>re</strong></span> <span class='ocrx_word' id='word_1_668' title='bbox 3022 4076 3405 4134; x_wconf 57' lang='lat' dir='ltr'><strong>Constantini»</strong></span> 
     </span>
    </p>
   </div>
   <div class='ocr_carea' id='block_1_103' title="bbox 1850 4163 3403 4239">
    <p class='ocr_par' dir='ltr' id='par_1_103' title="bbox 1850 4163 3403 4239">
     <span class='ocr_line' id='line_1_103' title="bbox 1850 4163 3403 4239; baseline -0.006 -13"><span class='ocrx_word' id='word_1_669' title='bbox 1850 4171 2088 4239; x_wconf 84' lang='lat' dir='ltr'><strong>politana</strong></span> <span class='ocrx_word' id='word_1_670' title='bbox 2126 4163 2362 4224; x_wconf 89' lang='lat' dir='ltr'><strong>nondum</strong></span> <span class='ocrx_word' id='word_1_671' title='bbox 2415 4166 2713 4238; x_wconf 81' lang='lat' dir='ltr'><strong>profligata,</strong></span> <span class='ocrx_word' id='word_1_672' title='bbox 2740 4166 3063 4219; x_wconf 81' lang='lat' dir='ltr'><strong>Orientalem</strong></span> <span class='ocrx_word' id='word_1_673' title='bbox 3112 4164 3403 4218; x_wconf 87' lang='lat' dir='ltr'><strong>Ecclesiam</strong></span> 
     </span>
    </p>
   </div>
   <div class='ocr_carea' id='block_1_104' title="bbox 1851 4240 3401 4321">
    <p class='ocr_par' dir='ltr' id='par_1_104' title="bbox 1851 4240 3401 4321">
     <span class='ocr_line' id='line_1_104' title="bbox 1851 4240 3401 4321; baseline -0.007 -7"><span class='ocrx_word' id='word_1_674' title='bbox 1851 4262 1904 4314; x_wconf 92' lang='lat' dir='ltr'><strong>in</strong></span> <span class='ocrx_word' id='word_1_675' title='bbox 1950 4259 2271 4315; x_wconf 86' lang='lat' dir='ltr'><strong>sententiam</strong></span> <span class='ocrx_word' id='word_1_676' title='bbox 2321 4240 2678 4310; x_wconf 87' lang='lat' dir='ltr'><strong>Occidentalis</strong></span> <span class='ocrx_word' id='word_1_677' title='bbox 2722 4254 2965 4321; x_wconf 81' lang='lat' dir='ltr'><strong>redigere</strong></span> <span class='ocrx_word' id='word_1_678' title='bbox 3003 4261 3243 4315; x_wconf 90' lang='lat' dir='ltr'><strong>conatus,</strong></span> <span class='ocrx_word' id='word_1_679' title='bbox 3297 4268 3401 4304; x_wconf 86' lang='lat' dir='ltr'><strong>non</strong></span> 
     </span>
    </p>
   </div>
   <div class='ocr_carea' id='block_1_105' title="bbox 1848 4343 3417 4419">
    <p class='ocr_par' dir='ltr' id='par_1_105' title="bbox 1848 4343 3417 4419">
     <span class='ocr_line' id='line_1_105' title="bbox 1848 4343 3417 4419; baseline -0.006 -15"><span class='ocrx_word' id='word_1_680' title='bbox 1848 4351 1996 4419; x_wconf 89' lang='lat' dir='ltr'><strong>prius</strong></span> <span class='ocrx_word' id='word_1_681' title='bbox 2031 4348 2256 4417; x_wconf 83' lang='lat' dir='ltr'><strong>destitit,</strong></span> <span class='ocrx_word' id='word_1_682' title='bbox 2287 4347 2524 4414; x_wconf 80' lang='lat' dir='ltr'><strong>rogando</strong></span> <span class='ocrx_word' id='word_1_683' title='bbox 2546 4384 2561 4409; x_wconf 93' lang='lat'><strong>,</strong></span> <span class='ocrx_word' id='word_1_684' title='bbox 2599 4343 3277 4409; x_wconf 74' lang='lat' dir='ltr'><strong>monendoimperatorcm</strong></span> <span class='ocrx_word' id='word_1_685' title='bbox 3337 4358 3417 4395; x_wconf 65' lang='lat' dir='ltr'><strong>ac,</strong></span> 
     </span>
    </p>
   </div>
   <div class='ocr_carea' id='block_1_106' title="bbox 1849 4430 3398 4510">
    <p class='ocr_par' dir='ltr' id='par_1_106' title="bbox 1849 4430 3398 4510">
     <span class='ocr_line' id='line_1_106' title="bbox 1849 4430 3398 4510; baseline -0.006 -18"><span class='ocrx_word' id='word_1_686' title='bbox 1849 4430 2116 4510; x_wconf 81' lang='lat' dir='ltr'><strong>principes</strong></span> <span class='ocrx_word' id='word_1_687' title='bbox 2139 4437 2358 4493; x_wconf 63' lang='lat' dir='ltr'><strong>Graeciae</strong></span> <span class='ocrx_word' id='word_1_688' title='bbox 2414 4450 2575 4505; x_wconf 89' lang='lat' dir='ltr'><strong>quam</strong></span> <span class='ocrx_word' id='word_1_689' title='bbox 2624 4431 3039 4503; x_wconf 82' lang='lat' dir='ltr'><strong>eosimpulerit,</strong></span> <span class='ocrx_word' id='word_1_690' title='bbox 3086 4433 3398 4501; x_wconf 78' lang='lat' dir='ltr'><strong>gravissima</strong></span> 
     </span>
    </p>
   </div>
   <div class='ocr_carea' id='block_1_107' title="bbox 1847 4518 3401 4593">
    <p class='ocr_par' dir='ltr' id='par_1_107' title="bbox 1847 4518 3401 4593">
     <span class='ocr_line' id='line_1_107' title="bbox 1847 4518 3401 4593; baseline -0.009 -10"><span class='ocrx_word' id='word_1_691' title='bbox 1847 4528 2092 4583; x_wconf 84' lang='lat' dir='ltr'><strong>oratione</strong></span> <span class='ocrx_word' id='word_1_692' title='bbox 2123 4526 2324 4593; x_wconf 86' lang='lat' dir='ltr'><strong>habita,</strong></span> <span class='ocrx_word' id='word_1_693' title='bbox 2353 4527 2406 4580; x_wconf 90' lang='lat' dir='ltr'><strong>in</strong></span> <span class='ocrx_word' id='word_1_694' title='bbox 2442 4523 2643 4581; x_wconf 80' lang='lat' dir='ltr'><strong>italiam</strong></span> <span class='ocrx_word' id='word_1_695' title='bbox 2668 4518 2735 4577; x_wconf 83' lang='lat' dir='ltr'><strong>ad</strong></span> <span class='ocrx_word' id='word_1_696' title='bbox 2773 4523 3066 4591; x_wconf 83' lang='lat' dir='ltr'><strong>Eugenium</strong></span> <span class='ocrx_word' id='word_1_697' title='bbox 3100 4521 3401 4589; x_wconf 85' lang='lat' dir='ltr'><strong>pontiticem</strong></span> 
     </span>
    </p>
   </div>
   <div class='ocr_carea' id='block_1_108' title="bbox 1850 4614 3405 4685">
    <p class='ocr_par' dir='ltr' id='par_1_108' title="bbox 1850 4614 3405 4685">
     <span class='ocr_line' id='line_1_108' title="bbox 1850 4614 3405 4685; baseline -0.006 -12"><span class='ocrx_word' id='word_1_698' title='bbox 1850 4621 2141 4674; x_wconf 88' lang='lat' dir='ltr'><strong>maximum</strong></span> <span class='ocrx_word' id='word_1_699' title='bbox 2172 4618 2518 4675; x_wconf 86' lang='lat' dir='ltr'><strong>contendere.</strong></span> <span class='ocrx_word' id='word_1_700' title='bbox 2542 4619 2745 4672; x_wconf 79' lang='lat' dir='ltr'><strong>Venere</strong></span> <span class='ocrx_word' id='word_1_701' title='bbox 2778 4618 2949 4685; x_wconf 82' lang='lat' dir='ltr'><strong>primo</strong></span> <span class='ocrx_word' id='word_1_702' title='bbox 2984 4614 3232 4669; x_wconf 77' lang='lat' dir='ltr'><strong>Venutius</strong></span> <span class='ocrx_word' id='word_1_703' title='bbox 3250 4625 3405 4680; x_wconf 83' lang='lat' dir='ltr'><strong>atque</strong></span> 
     </span>
    </p>
   </div>
   <div class='ocr_carea' id='block_1_109' title="bbox 1851 4706 3406 4778">
    <p class='ocr_par' dir='ltr' id='par_1_109' title="bbox 1851 4706 3406 4778">
     <span class='ocr_line' id='line_1_109' title="bbox 1851 4706 3406 4778; baseline -0.007 -13"><span class='ocrx_word' id='word_1_704' title='bbox 1851 4712 1975 4766; x_wconf 90' lang='lat' dir='ltr'><strong>inde</strong></span> <span class='ocrx_word' id='word_1_705' title='bbox 2023 4710 2329 4765; x_wconf 88' lang='lat' dir='ltr'><strong>Ferrariam</strong></span> <span class='ocrx_word' id='word_1_706' title='bbox 2386 4710 2475 4764; x_wconf 89' lang='lat' dir='ltr'><strong>ubi</strong></span> <span class='ocrx_word' id='word_1_707' title='bbox 2530 4710 2766 4778; x_wconf 79' lang='lat' dir='ltr'><strong>pontifex</strong></span> <span class='ocrx_word' id='word_1_708' title='bbox 2816 4719 2950 4761; x_wconf 88' lang='lat' dir='ltr'><strong>erat.</strong></span> <span class='ocrx_word' id='word_1_709' title='bbox 3008 4706 3080 4759; x_wconf 89' lang='lat' dir='ltr'><strong>lbi</strong></span> <span class='ocrx_word' id='word_1_710' title='bbox 3110 4721 3323 4775; x_wconf 83' lang='lat' dir='ltr'><strong>gravem</strong></span> <span class='ocrx_word' id='word_1_711' title='bbox 3356 4716 3406 4755; x_wconf 79' lang='lat' dir='ltr'><strong>ct</strong></span> 
     </span>
    </p>
   </div>
   <div class='ocr_carea' id='block_1_110' title="bbox 1851 4795 3406 4871">
    <p class='ocr_par' dir='ltr' id='par_1_110' title="bbox 1851 4795 3406 4871">
     <span class='ocr_line' id='line_1_110' title="bbox 1851 4795 3406 4871; baseline -0.008 -14"><span class='ocrx_word' id='word_1_712' title='bbox 1851 4805 2149 4871; x_wconf 81' lang='lat' dir='ltr'><strong>elegantem</strong></span> <span class='ocrx_word' id='word_1_713' title='bbox 2203 4803 2504 4857; x_wconf 89' lang='lat' dir='ltr'><strong>orationem</strong></span> <span class='ocrx_word' id='word_1_714' title='bbox 2555 4800 2837 4853; x_wconf 86' lang='lat' dir='ltr'><strong>Bessarion</strong></span> <span class='ocrx_word' id='word_1_715' title='bbox 2889 4800 2955 4851; x_wconf 87' lang='lat' dir='ltr'><strong>ad</strong></span> <span class='ocrx_word' id='word_1_716' title='bbox 3016 4811 3141 4851; x_wconf 86' lang='lat' dir='ltr'><strong>suos</strong></span> <span class='ocrx_word' id='word_1_717' title='bbox 3199 4795 3406 4856; x_wconf 87' lang='lat' dir='ltr'><strong>habuit,</strong></span> 
     </span>
    </p>
   </div>
   <div class='ocr_carea' id='block_1_111' title="bbox 1852 4885 3404 4959">
    <p class='ocr_par' dir='ltr' id='par_1_111' title="bbox 1852 4885 3404 4959">
     <span class='ocr_line' id='line_1_111' title="bbox 1852 4885 3404 4959; baseline -0.01 -9"><span class='ocrx_word' id='word_1_718' title='bbox 1852 4910 1943 4950; x_wconf 90' lang='lat' dir='ltr'><strong>eos</strong></span> <span class='ocrx_word' id='word_1_719' title='bbox 1973 4895 2289 4949; x_wconf 88' lang='lat' dir='ltr'><strong>adhortatus</strong></span> <span class='ocrx_word' id='word_1_720' title='bbox 2324 4905 2402 4955; x_wconf 91' lang='lat' dir='ltr'><strong>ut,</strong></span> <span class='ocrx_word' id='word_1_721' title='bbox 2432 4894 2641 4959; x_wconf 87' lang='lat' dir='ltr'><strong>cognita</strong></span> <span class='ocrx_word' id='word_1_722' title='bbox 2676 4889 3046 4957; x_wconf 78' lang='lat' dir='ltr'><strong>frequentibus</strong></span> <span class='ocrx_word' id='word_1_723' title='bbox 3093 4885 3404 4952; x_wconf 85' lang='lat' dir='ltr'><strong>disputatio-</strong></span> 
     </span>
    </p>
   </div>
   <div class='ocr_carea' id='block_1_112' title="bbox 1856 4976 3404 5046">
    <p class='ocr_par' dir='ltr' id='par_1_112' title="bbox 1856 4976 3404 5046">
     <span class='ocr_line' id='line_1_112' title="bbox 1856 4976 3404 5046; baseline -0.006 -8"><span class='ocrx_word' id='word_1_724' title='bbox 1856 4982 2010 5041; x_wconf 84' lang='lat' dir='ltr'><strong>nibus</strong></span> <span class='ocrx_word' id='word_1_725' title='bbox 2058 4984 2443 5040; x_wconf 63' lang='lat' dir='ltr'><strong>controversia</strong></span> <span class='ocrx_word' id='word_1_726' title='bbox 2506 4995 2665 5033; x_wconf 89' lang='lat' dir='ltr'><strong>causa</strong></span> <span class='ocrx_word' id='word_1_727' title='bbox 2719 4995 2837 5046; x_wconf 80' lang='lat' dir='ltr'><strong>quae</strong></span> <span class='ocrx_word' id='word_1_728' title='bbox 2894 4976 3114 5031; x_wconf 87' lang='lat' dir='ltr'><strong>Latinos</strong></span> <span class='ocrx_word' id='word_1_729' title='bbox 3167 4976 3304 5028; x_wconf 88' lang='lat' dir='ltr'><strong>inter</strong></span> <span class='ocrx_word' id='word_1_730' title='bbox 3354 4987 3404 5029; x_wconf 74' lang='grc' dir='ltr'>ιι</span> 
     </span>
    </p>
   </div>
   <div class='ocr_carea' id='block_1_113' title="bbox 1850 5063 3402 5145">
    <p class='ocr_par' dir='ltr' id='par_1_113' title="bbox 1850 5063 3402 5145">
     <span class='ocr_line' id='line_1_113' title="bbox 1850 5063 3402 5145; baseline -0.01 -14"><span class='ocrx_word' id='word_1_731' title='bbox 1850 5077 2062 5131; x_wconf 68' lang='grc' dir='ltr'><strong>Οτωοοε</strong></span> <span class='ocrx_word' id='word_1_732' title='bbox 2094 5075 2395 5145; x_wconf 87' lang='lat' dir='ltr'><strong>quingentis</strong></span> <span class='ocrx_word' id='word_1_733' title='bbox 2421 5074 2529 5141; x_wconf 76' lang='lat' dir='ltr'><strong>jam</strong></span> <span class='ocrx_word' id='word_1_734' title='bbox 2560 5074 2714 5125; x_wconf 82' lang='lat' dir='ltr'><strong>annis</strong></span> <span class='ocrx_word' id='word_1_735' title='bbox 2744 5078 3034 5140; x_wconf 82' lang='lat' dir='ltr'><strong>scrpserat,</strong></span> <span class='ocrx_word' id='word_1_736' title='bbox 3067 5068 3233 5138; x_wconf 84' lang='lat' dir='ltr'><strong>posita</strong></span> <span class='ocrx_word' id='word_1_737' title='bbox 3260 5063 3402 5120; x_wconf 65' lang='lat' dir='ltr'><strong>omni</strong></span> 
     </span>
    </p>
   </div>
   <div class='ocr_carea' id='block_1_114' title="bbox 1854 5162 3402 5221">
    <p class='ocr_par' dir='ltr' id='par_1_114' title="bbox 1854 5162 3402 5221">
     <span class='ocr_line' id='line_1_114' title="bbox 1854 5162 3402 5221; baseline -0.006 0"><span class='ocrx_word' id='word_1_738' title='bbox 1854 5170 2123 5221; x_wconf 84' lang='lat' dir='ltr'><strong>simultate</strong></span> <span class='ocrx_word' id='word_1_739' title='bbox 2158 5169 2210 5220; x_wconf 92' lang='lat' dir='ltr'><strong>in</strong></span> <span class='ocrx_word' id='word_1_740' title='bbox 2242 5166 2481 5220; x_wconf 87' lang='lat' dir='ltr'><strong>eamdem</strong></span> <span class='ocrx_word' id='word_1_741' title='bbox 2516 5166 2839 5219; x_wconf 82' lang='lat' dir='ltr'><strong>sententiam</strong></span> <span class='ocrx_word' id='word_1_742' title='bbox 2884 5177 3069 5218; x_wconf 85' lang='lat' dir='ltr'><strong>omnes</strong></span> <span class='ocrx_word' id='word_1_743' title='bbox 3103 5171 3209 5213; x_wconf 86' lang='lat' dir='ltr'><strong>tum</strong></span> <span class='ocrx_word' id='word_1_744' title='bbox 3260 5162 3402 5221; x_wconf 15' lang='lat' dir='ltr'><strong>venit</strong></span> 
     </span>
    </p>
   </div>
   <div class='ocr_carea' id='block_1_115' title="bbox 1854 5250 3403 5321">
    <p class='ocr_par' dir='ltr' id='par_1_115' title="bbox 1854 5250 3403 5321">
     <span class='ocr_line' id='line_1_115' title="bbox 1854 5250 3403 5321; baseline -0.009 -8"><span class='ocrx_word' id='word_1_745' title='bbox 1854 5268 1993 5321; x_wconf 88' lang='lat' dir='ltr'><strong>rent,</strong></span> <span class='ocrx_word' id='word_1_746' title='bbox 2018 5259 2259 5312; x_wconf 14' lang='lat' dir='ltr'><strong>hacruna</strong></span> <span class='ocrx_word' id='word_1_747' title='bbox 2290 5256 2491 5308; x_wconf 86' lang='lat' dir='ltr'><strong>ratione</strong></span> <span class='ocrx_word' id='word_1_748' title='bbox 2510 5268 2757 5308; x_wconf 82' lang='lat' dir='ltr'><strong>asserens</strong></span> <span class='ocrx_word' id='word_1_749' title='bbox 2785 5267 2843 5306; x_wconf 86' lang='lat' dir='ltr'><strong>ea</strong></span> <span class='ocrx_word' id='word_1_750' title='bbox 2868 5254 3078 5307; x_wconf 90' lang='lat' dir='ltr'><strong>demum</strong></span> <span class='ocrx_word' id='word_1_751' title='bbox 3106 5250 3403 5315; x_wconf 64' lang='lat' dir='ltr'><strong>recuperari</strong></span> 
     </span>
    </p>
   </div>
   <div class='ocr_carea' id='block_1_116' title="bbox 1856 5344 3406 5421">
    <p class='ocr_par' dir='ltr' id='par_1_116' title="bbox 1856 5344 3406 5421">
     <span class='ocr_line' id='line_1_116' title="bbox 1856 5344 3406 5421; baseline -0.01 -16"><span class='ocrx_word' id='word_1_752' title='bbox 1856 5366 2031 5421; x_wconf 86' lang='lat' dir='ltr'><strong>posse,</strong></span> <span class='ocrx_word' id='word_1_753' title='bbox 2064 5348 2366 5419; x_wconf 86' lang='lat' dir='ltr'><strong>conjunctis</strong></span> <span class='ocrx_word' id='word_1_754' title='bbox 2391 5346 2561 5417; x_wconf 87' lang='lat' dir='ltr'><strong>c0piis</strong></span> <span class='ocrx_word' id='word_1_755' title='bbox 2596 5344 2891 5413; x_wconf 80' lang='lat' dir='ltr'><strong>collataque</strong></span> <span class='ocrx_word' id='word_1_756' title='bbox 2912 5346 3179 5410; x_wconf 78' lang='lat' dir='ltr'><strong>impensa,</strong></span> <span class='ocrx_word' id='word_1_757' title='bbox 3211 5354 3330 5407; x_wconf 65' lang='lat' dir='ltr'><strong>cum</strong></span> <span class='ocrx_word' id='word_1_758' title='bbox 3353 5348 3406 5390; x_wconf 82' lang='lat' dir='ltr'><strong>et</strong></span> 
     </span>
    </p>
   </div>
   <div class='ocr_carea' id='block_1_117' title="bbox 1856 5430 3404 5509">
    <p class='ocr_par' dir='ltr' id='par_1_117' title="bbox 1856 5430 3404 5509">
     <span class='ocr_line' id='line_1_117' title="bbox 1856 5430 3404 5509; baseline -0.012 -12"><span class='ocrx_word' id='word_1_759' title='bbox 1856 5444 2015 5498; x_wconf 87' lang='lat' dir='ltr'><strong>Turci</strong></span> <span class='ocrx_word' id='word_1_760' title='bbox 2051 5440 2321 5509; x_wconf 88' lang='lat' dir='ltr'><strong>quondam</strong></span> <span class='ocrx_word' id='word_1_761' title='bbox 2362 5451 2411 5493; x_wconf 91' lang='lat' dir='ltr'><strong>et</strong></span> <span class='ocrx_word' id='word_1_762' title='bbox 2443 5437 2701 5492; x_wconf 89' lang='lat' dir='ltr'><strong>Saraceni</strong></span> <span class='ocrx_word' id='word_1_763' title='bbox 2737 5444 2791 5488; x_wconf 86' lang='lat' dir='ltr'><strong>et</strong></span> <span class='ocrx_word' id='word_1_764' title='bbox 2815 5436 3053 5495; x_wconf 78' lang='lat' dir='ltr'><strong>Arabes,</strong></span> <span class='ocrx_word' id='word_1_765' title='bbox 3076 5430 3404 5484; x_wconf 80' lang='lat' dir='ltr'><strong>Christiano-</strong></span> 
     </span>
    </p>
   </div>
   <div class='ocr_carea' id='block_1_118' title="bbox 1858 5520 3406 5598">
    <p class='ocr_par' dir='ltr' id='par_1_118' title="bbox 1858 5520 3406 5598">
     <span class='ocr_line' id='line_1_118' title="bbox 1858 5520 3406 5598; baseline -0.012 -9"><span class='ocrx_word' id='word_1_766' title='bbox 1858 5550 1972 5589; x_wconf 87' lang='lat' dir='ltr'><strong>rum</strong></span> <span class='ocrx_word' id='word_1_767' title='bbox 1998 5534 2235 5589; x_wconf 86' lang='lat' dir='ltr'><strong>dissidiis</strong></span> <span class='ocrx_word' id='word_1_768' title='bbox 2268 5530 2436 5598; x_wconf 85' lang='lat' dir='ltr'><strong>magis</strong></span> <span class='ocrx_word' id='word_1_769' title='bbox 2466 5544 2626 5596; x_wconf 78' lang='lat' dir='ltr'><strong>quam</strong></span> <span class='ocrx_word' id='word_1_770' title='bbox 2666 5528 2857 5580; x_wconf 86' lang='lat' dir='ltr'><strong>animis</strong></span> <span class='ocrx_word' id='word_1_771' title='bbox 2884 5534 2937 5576; x_wconf 88' lang='lat' dir='ltr'><strong>et</strong></span> <span class='ocrx_word' id='word_1_772' title='bbox 2984 5521 3146 5574; x_wconf 84' lang='lat' dir='ltr'><strong>armis</strong></span> <span class='ocrx_word' id='word_1_773' title='bbox 3176 5520 3406 5587; x_wconf 79' lang='lat' dir='ltr'><strong>propriis</strong></span> 
     </span>
    </p>
   </div>
   <div class='ocr_carea' id='block_1_119' title="bbox 1858 5613 3406 5693">
    <p class='ocr_par' dir='ltr' id='par_1_119' title="bbox 1858 5613 3406 5693">
     <span class='ocr_line' id='line_1_119' title="bbox 1858 5613 3406 5693; baseline -0.008 -15"><span class='ocrx_word' id='word_1_774' title='bbox 1858 5626 1979 5679; x_wconf 79' lang='lat' dir='ltr'><strong>freti</strong></span> <span class='ocrx_word' id='word_1_775' title='bbox 2015 5633 2372 5693; x_wconf 78' lang='lat' dir='ltr'><strong>occuparant.</strong></span> <span class='ocrx_word' id='word_1_776' title='bbox 2411 5620 2630 5675; x_wconf 86' lang='lat' dir='ltr'><strong>Dicebat</strong></span> <span class='ocrx_word' id='word_1_777' title='bbox 2678 5619 2844 5681; x_wconf 87' lang='lat' dir='ltr'><strong>enim,</strong></span> <span class='ocrx_word' id='word_1_778' title='bbox 2877 5614 3016 5683; x_wconf 90' lang='lat' dir='ltr'><strong>quod</strong></span> <span class='ocrx_word' id='word_1_779' title='bbox 3066 5613 3406 5667; x_wconf 72' lang='lat' dir='ltr'><strong>verissimum</strong></span> 
     </span>
    </p>
   </div>
   <div class='ocr_carea' id='block_1_120' title="bbox 1856 5706 3404 5784">
    <p class='ocr_par' dir='ltr' id='par_1_120' title="bbox 1856 5706 3404 5784">
     <span class='ocr_line' id='line_1_120' title="bbox 1856 5706 3404 5784; baseline -0.009 -13"><span class='ocrx_word' id='word_1_780' title='bbox 1856 5724 1960 5784; x_wconf 82' lang='lat' dir='ltr'><strong>est,</strong></span> <span class='ocrx_word' id='word_1_781' title='bbox 1990 5714 2413 5771; x_wconf 70' lang='lat' dir='ltr'><strong>Mahomctanam</strong></span> <span class='ocrx_word' id='word_1_782' title='bbox 2444 5710 2718 5783; x_wconf 77' lang='lat' dir='ltr'><strong>perﬁdiam</strong></span> <span class='ocrx_word' id='word_1_783' title='bbox 2748 5708 2852 5763; x_wconf 81' lang='lat' dir='ltr'><strong>late</strong></span> <span class='ocrx_word' id='word_1_784' title='bbox 2876 5706 3115 5761; x_wconf 61' lang='lat' dir='ltr'><strong>crevisse</strong></span> <span class='ocrx_word' id='word_1_785' title='bbox 3154 5706 3278 5761; x_wconf 83' lang='lat' dir='ltr'><strong>dum</strong></span> <span class='ocrx_word' id='word_1_786' title='bbox 3324 5722 3404 5758; x_wconf 80' lang='lat' dir='ltr'><strong>re-</strong></span> 
     </span>
    </p>
   </div>
  </div>
