4138 6328
714 205 932 249 [κεῖνα

714 300 929 367 jur‘bus
976 307 1031 353 et
1059 290 1667 364 'pertinentiis;quam
1710 296 1924 348 vineam
1972 293 2207 347 emimus
2253 305 2283 343 a

724 392 836 443 Dna
863 389 1024 450 Cilla.
1052 389 1155 443 tilia
1184 388 1451 455 quondam
1497 386 1739 453 magistri
1788 383 2020 439 Joannis
2043 380 2285 437 Barberii

722 480 791 535 de
821 480 1040 549 regione
1062 480 1264 540 Pontis.
1297 488 1425 533 tunc
1455 492 1624 533 uxore
1643 470 1875 530 Nannini
1905 471 2287 528 Bartltolomzi

723 570 807 624 de-
840 571 1075 626 Cbecltis
1125 572 1191 624 de
1236 569 1498 634 Bononia,
1550 584 1674 625 cum
1720 579 1991 633 consensu
2044 562 2290 632 ejusdem

720 661 981 724 Naunini,
1012 672 1169 731 prout
1199 662 1252 716 in
1285 660 1647 715 instrumento
1694 660 1926 724 desuper
1950 654 2210 710 conlecto
2233 660 2293 706 et

723 765 822 819 per
868 749 1092 805 Paulum
1121 749 1347 805 Joannis
1406 749 1621 804 Antonii
1668 749 1737 801 de
1767 742 2074 814 Capitibus,
2128 748 2288 795 nota-

721 840 859 893 riunt
891 840 1217 910 imperialem
1254 841 1320 894 de
1342 839 1506 905 Urbe,
1542 838 1870 906 sultscripto,
1913 835 2126 905 plenius
2158 846 2292 887 con-

728 931 950 983 tinetur.
991 930 1058 985 Et
1080 945 1198 998 qua:
1225 930 1381 992 vinea
1409 931 1583 1001 posita
1622 926 1868 983 estint’ra
1892 925 2091 980 moenia
2120 922 2289 985 urbis,

726 1023 781 1074 in
810 1021 931 1077 loco
983 1020 1080 1091 qui
1110 1021 1313 1077 dicitur
1337 1018 1397 1075 Β.
1443 1019 1664 1076 Caesarii
1727 1019 1783 1073 in
1814 1016 1999 1081 Turri,
2031 1014 2131 1071 sub
2166 1028 2294 1083 P"°°

726 1114 955 1180 prietate
983 1113 1229 1181 ejusdem
1260 1111 1573 1165 monasterii
1630 1110 1689 1163 S.
1720 1106 1941 1163 (Ζωτξῆ
1968 1107 2034 1160 ad
2063 1119 2292 1174 respou-

687 1199 690 1204 ’
728 1204 962 1257 dendum
1016 1207 1191 1260 eidem
1240 1204 1403 1257 annis
1439 1202 1671 1272 singulis
1708 1210 1948 1267 tempore
1994 1198 2292 1253 vindemia—

728 1308 847 1345 rum
882 1295 1018 1348 iluas
1042 1292 1334 1347 caballatas
1352 1307 1475 1346 cum
1504 1292 1724 1346 dimidia
1750 1290 1912 1345 musti
1936 1290 2119 1343 mundi
2149 1290 2292 1357 quod

730 1384 1035 1439 excreverit
1062 1399 1129 1439 ex
1160 1383 1302 1437 dicta
1330 1383 1508 1446 vinea,
1531 1394 1581 1436 et
1612 1398 1771 1436 uuam
1796 1390 2044 1450 quartam
2068 1395 2291 1434 uvarqu

736 1488 885 1527 more
911 1474 1154 1528 Romano
1185 1475 1326 1529 inter
1352 1474 1449 1527 bos
1478 1473 1645 1537 lines;
1685 1474 1771 1527 cui
1799 1474 1866 1527 ab
1888 1487 2002 1527 uno
2026 1473 2192 1526 latere
2208 1479 2291 1526 est

736 1565 940 1616 dictum
974 1568 1402 1630 monasterium;
1443 1574 1566 1619 ante
1612 1574 1695 1618 est
1733 1571 1905 1618 strata
1944 1550 2196 1633 publica;
2229 1560 2297 1615 ab

739 1655 845 1710 alio
877 1656 1045 1709 latere
1093 1665 1232 1709 tenet
1281 1664 1334 1710 et
1381 1666 1506 1710 sunt
1544 1670 1628 1710 res
1675 1656 1948 1711 societatis
1982 1655 2297 1710 Fraticelio-

740 1764 860 1802 rum
921 1749 1059 1802 tertii
1118 1749 1329 1813 ordinis
1368 1747 1425 1803 S.
1469 1748 1728 1802 Dominici
1759 1748 1825 1801 de
1859 1756 2039 1803 monte
2082 1747 2299 1816 Magna-

744 1842 955 1909 napoli;
1004 1842 1071 1895 ab
1098 1842 1206 1895 alio
1256 1828 1420 1894 latere
1456 1850 1603 1896 tenet
1629 1850 1683 1894 et
1728 1848 1857 1894 sunt
1903 1856 1988 1894 res
2021 1840 2298 1894 Tbomasii

738 1932 803 1983 de
824 1929 1101 1983 Cesarinis
1119 1947 1135 1994 ;
1153 1929 1231 1983 vel
1259 1930 1304 1983 si
1326 1930 1427 2000 qui
1454 1940 1583 1983 sunt
1601 1937 1695 1987 aut
1722 1942 1845 1984 esse
1869 1937 2094 2001 possunt
2117 1929 2302 1996 plures

736 2022 1081 2077 autveriores
1109 2022 1352 2076 contines
1375 2022 1581 2089 antiqui
1622 2020 1710 2075 vel
1742 2019 1985 2076 moderni
2016 2018 2299 2075 addictam

739 2113 951 2167 vineam
1006 2122 1315 2182 spectantes
1376 2128 1472 2166 seu
1528 2113 1859 2181 pertinentes
1909 2122 2014 2167 tam
2080 2112 2147 2167 de
2180 2112 2304 2181 jure

743 2220 903 2273 quam
932 2206 997 2259 de
1036 2205 1468 2266 consuetudine;
1508 2219 1629 2257 cum
1675 2204 1933 2260 omnibus
1972 2214 2031 2258 et
2075 2203 2329 2278 singulis_

741 2292 1072 2361 iutroitibus,
1117 2293 1375 2359 exitibus,
1412 2293 1630 2361 usibus;
1679 2294 2033 2359 utilitatibus,
2065 2293 2303 2364 intibus,

745 2390 1087 2458 pertinentiis
1132 2388 1334 2443 casaiis
1386 2396 1441 2442 et
1492 2390 1576 2441 sui
1604 2389 1882 2443 tenimeuti
1918 2390 1983 2443 de
2010 2384 2303 2457 Cicognola

711 2487 905 2543 ‘nova,
938 2490 991 2533 et
1015 2482 1170 2535 vinea
1220 2478 1679 2548 supradictorum,
1718 2467 1815 2534 seu
1859 2480 2085 2533 alterius
2113 2490 2305 2532 eorum

746 2575 813 2630 ad
843 2588 906 2628 ea
949 2573 1128 2627 omnia
1180 2579 1240 2627 et
1283 2571 1495 2641 singula
1535 2585 1564 2624 a
1596 2570 1854 2626 fratribus
1881 2569 2306 2626 dictatbuilica:

681 2731 688 2734 _
749 2681 847 2737 per
888 2680 1075 2719 eorum
1111 2672 1499 2735 procuratores
1543 2676 1635 2716 seu
1671 2663 1947 2730 syndicos,
1998 2670 2053 2715 et
2096 2660 2150 2714 in
2185 2674 2305 2715 eam

751 2754 1233 2811 reintroductionis
1268 2752 1591 2822 pradietaea
1619 2752 1829 2806 duobus
1850 2750 2146 2821 capellanis
2181 2760 2309 2807 tunc

749 2864 849 2921 pro
872 2860 1138 2917 tempore,
1167 2856 1231 2900 ut
1266 2843 1571 2914 praefertur,
1596 2843 1879 2914 eligendis,
1907 2842 1961 2897 in
1991 2851 2307 2913 perpetuum

751 2940 1083 3001 habendam,
1115 2934 1430 2997 tenendum,
1478 2932 1887 3000 possidendum,
1934 2930 2308 2995 laborandum,

705 3036 715 3045 '
752 3026 1216 3088 fructiﬁcandum,
1244 3021 1773 3085 administrandum;
1831 3021 2039 3075 lructus
2077 3032 2309 3090 quoque,

750 3121 959 3175 reditus
992 3126 1049 3171 et
1085 3121 1378 3184 proventus
1425 3125 1611 3167 eorum
1658 3109 1943 3165 levandum
1984 3120 2041 3170 et
2082 3126 2113 3165 a
2156 3112 2314 3166 dictis

752 3210 1036 3265 Fratribus
1066 3208 1119 3261 in
1147 3218 1307 3260 usum
1351 3203 1433 3258 eis
1457 3217 1488 3257 a
1524 3201 1653 3257 sede
1680 3200 1973 3270 apostolica
2009 3200 2318 3271 permitten-

757 3302 852 3353 (ιω
879 3304 935 3352 et
956 3294 1360 3355 concedendos;
1379 3292 1450 3347 ab
1467 3293 1598 3362 ipsis
1627 3306 1757 3347 vero
1783 3290 1998 3346 duobus
2021 3291 2317 3360 capellanis

758 3392 815 3441 in
844 3400 1029 3441 casum
1086 3383 1402 3453 pradlctum
1456 3381 1509 3435 in
1568 3380 1817 3451 proprios
1866 3381 2121 3435 honestos
2184 3394 2319 3434 usus

758 3476 1075 3543 simpliciter
1098 3471 1519 3527 convertendqu
1573 3484 1699 3527 etse
1730 3486 1795 3525 ex
1821 3470 1927 3525 illis
1958 3474 2320 3525 m'snutencn-

758 3571 882 3623 dum
908 3576 961 3621 ct
990 3563 1422 3629 sustentandum.
1454 3560 1519 3616 Et
1562 3577 1658 3632 pro
1705 3561 1997 3632 praemissis
2041 3563 2318 3618 renuntia-

762 3674 882 3713 mus
907 3653 967 3712 et
1012 3659 1249 3728 plensrie
1299 3656 1677 3712 transierimus
1718 3670 1785 3712 ex
1818 3670 1966 3712 nunc
2020 3656 2074 3711 in
2119 3658 2318 3712 dictam

758 3751 1017 3821 capellam
1043 3763 1108 3803 ac
1142 3746 1358 3801 Fratres
1410 3748 1735 3816 praedictos;
1767 3758 1822 3802 et
1868 3747 1923 3801 itt
1954 3762 2142 3804 casum
2170 3752 2319 3804 rein-

762 3842 1117 3897 troductionis
1142 3840 1409 3909 praedictae
1438 3839 1575 3893 duos
1610 3840 1920 3909 capellanos
1947 3856 2049 3911 pro
2085 3851 2323 3911 tempore

763 3935 1057 4003 eligendos,
1082 3931 1259 3985 omnia
1290 3938 1341 3981 et
1385 3929 1594 3997 singula
1624 3931 1770 3997 jura,
1790 3931 2030 3996 nomina,
2059 3932 2321 3996 actiones,

764 4027 1003 4076 rationes
1031 4020 1203 4075 reales
1233 4029 1285 4071 et
1312 4020 1642 4086 personales,
1687 4018 1865 4081 utiles,
1907 4018 2163 4081 directas.
2202 4022 2327 4074 taei-

770 4126 876 4177 tas,
908 4125 1209 4178 expressas,
1232 4110 1668 4177 ltypotherarias.
1689 4109 2094 4176 pignoraticias,
2113 4111 2323 4174 mistas,

771 4204 975 4268 civiles,
1008 4201 1287 4269 praetorias
1320 4200 1372 4251 in
1396 4213 1519 4251 rem
1566 4198 1718 4267 147
1755 4199 1983 4265 scriptas
2013 4209 2066 4254 et
2097 4200 2327 4254 cilicium

772 4294 989 4363 judicis,
1028 4306 1090 4345 ac
1115 4290 1393 4354 interesse,
1430 4303 1566 4355 quas,
1598 4304 1733 4357 quas
1760 4299 1810 4341 et
1844 4291 1985 4355 quod
2022 4289 2075 4343 in
2094 4301 2145 4345 et
2167 4306 2330 4355 super

771 4386 934 4441 casali
967 4394 1023 4437 et
1047 4382 1162 4451 ejus
1199 4379 1591 4435 tenimento.de
1621 4378 1910 4447 Uicoguoia
1948 4396 2081 4435 nova
2121 4382 2329 4450 integro

772 4494 836 4533 ac
884 4478 1043 4531 vinea
1096 4474 1433 4544 supradicta,
1487 4473 1750 4537 nobisque
1805 4472 1855 4524 in
1898 4472 1977 4525 eis
2019 4482 2074 4527 et
2126 4474 2191 4527 ad
2239 4490 2331 4527 eas

773 4580 1075 4638 competere
1122 4574 1417 4636 potuerunt
1458 4580 1601 4617 nunc
1629 4572 1683 4617 et
1720 4564 2123 4633 quomodolibet
2164 4564 2216 4617 iu
2254 4565 2334 4619 iu-

776 4674 981 4713 turum.

845 4750 1356 4823 insuper'donamus
1377 4762 1443 4801 ex
1473 4764 1612 4801 nutic
1637 4748 1953 4816 simpliciter
1982 4758 2031 4803 et
2067 4748 2116 4802 in
2144 4764 2337 4819 perpe-

780 4854 929 4894 tuum
962 4840 1178 4907 capella:
1208 4837 1527 4906 supradictae
1560 4849 1899 4905 parantenta,
1928 4838 2148 4908 jucalia,
2182 4855 2265 4899 res
2283 4851 2337 4895 et

783 4934 919 4985 bona
972 4929 1362 4997 infrascripta:
1416 4929 1681 4993 videlicet,
1750 4946 1912 4983 unum
1960 4944 2332 5001 paramentum

782 5040 878 5091 pro
906 5023 1217 5090 quotidiana
1254 5022 1497 5080 servitio.
1538 5022 1734 5075 coloris
1779 5024 1910 5086 albi,
1940 5024 2008 5079 de
2040 5026 2206 5093 drapo
2250 5014 2341 5079 da-

786 5121 1064 5185 mascino;
1101 5120 1225 5172 item
1259 5133 1420 5171 unum
1463 5118 1607 5170 aliud
1648 5116 1843 5171 coloris
1899 5118 2054 5181 bisei,
2094 5120 2343 5173 similiter

786 5211 849 5260 de
873 5210 1185 5263 damascino
1214 5189 1396 5278 plano,
1429 5219 1480 5261 et
1504 5210 1685 5272 stolas,
1718 5208 2341 5276 manipulaetcatniscs;

792 5304 915 5350 imit»
938 5300 1187 5367 plumalia
1223 5301 1349 5365 tria,
1376 5301 1537 5353 videi.
1580 5302 1753 5353 album
1803 5302 2081 5354 brocalum
2115 5304 2182 5357 de
2213 5320 2345 5357 auro

794 5400 841 5435 et
878 5388 1037 5439 alium
1080 5392 1459 5457 pavonatgiutn
1496 5391 1562 5443 de
1608 5392 1921 5445 damascino
1962 5392 2191 5460 simplici
2225 5410 2341 5445 cum

796 5482 955 5531 anuis
988 5483 1207 5542 nostris,
1236 5490 1289 5534 et
1319 5483 1586 5549 quoddam
1624 5483 1761 5537 aliud
1798 5486 2008 5553 nigrum
2039 5488 2102 5537 dc
2138 5486 2343 5538 damas-

798 5572 943 5633 (ἡδο,
976 5575 1152 5628 omnia
1190 5587 1308 5629 cum
1347 5575 1582 5645 pulchris
1610 5578 1817 5647 frigiis;
1862 5579 1987 5633 item
2045 5591 2201 5633 unam
2236 5579 2347 5649 plus

1570 187 1671 248 DE
1708 185 1890 249 VITA
1929 185 2026 245 ET
2066 182 2317 245 BEBUS
2352 178 2622 243 GBSTIS
2680 175 3172 242 BESSARIONIS

3724 173 3964 217 manu

2393 301 2571 345 oetam
2606 290 2674 345 de
2704 290 3019 344 damascino
3051 280 3369 357 pavonatgio
3390 294 3514 337 cum
3537 278 3693 351 irigio
3722 278 3791 333 de
3811 275 3969 331 {tricis

2398 380 2591 434 aureis
2644 379 2981 445 recantatis;
3041 376 3172 430 item
3216 389 3381 428 unum
3435 372 3658 427 calicem
3707 379 3965 434 magnum

2389 479 2445 524 et
2474 483 2634 522 unam
2665 477 2911 537 patenum
2946 449 3222 535 magnam;
3262 458 3388 516 item
3415 475 3581 513 unum
3631 458 3794 512 alium
3827 455 3965 509 cali-

2390 574 2507 615 cem
2535 562 2801 619 minorem
2824 569 2880 614 et
2902 574 3061 615 unam
3089 567 3336 627 patcnam
3370 556 3632 608 minorem
3675 560 3969 622 argenteos

2397 650 2742 717 deauratos;
2799 650 2926 705 item
2981 648 3241 718 ampullas
3288 656 3569 717 argenteas
3622 644 3793 709 duas;
3834 642 3968 694 item

2393 762 2607 803 crucem
2663 759 2829 801 unam
2888 742 3165 813 pulchram
3220 748 3275 795 et
3319 742 3971 808 magnam'argenteam;

2399 840 2526 894 item
2575 838 2758 893 thecas
2780 833 3140 905 corporalimn
3180 831 3336 897 duas,
3357 844 3519 884 unam
3556 828 3732 897 inqua
3754 834 3841 880 est
3868 839 3973 878 no-

2397 945 2517 987 men
2546 929 2672 985 Jesu
2705 943 2827 983 cum
2858 927 3047 997 periis,
3078 936 3132 980 et
3155 925 3315 978 aliam
3348 925 3417 978 de
3453 920 3632 975 veluto
3648 919 3816 973 ruben
3840 930 3969 971 cum

2399 1020 2777 1092 corporalibus
2815 1020 2965 1086 suis;
2998 1019 3123 1073 item
3150 1014 3521 1086 superpeilicia
3548 1020 3811 1082 quatuor;
3835 1008 3967 1060 item

2395 1115 2465 1169 de
2488 1112 2750 1183 paniculis
2773 1111 3014 1182 pulchris
3036 1109 3245 1164 ornatis
3274 1107 3450 1162 serico
3470 1119 3570 1173 pro
3604 1097 3976 1170 cooperiendo

2396 1204 2562 1261 calice
2584 1205 2751 1267 duos;
2780 1204 2909 1258 item
2936 1202 3167 1256 tobaiias
3191 1188 3427 1267 majores
3455 1195 3520 1251 ad
3542 1191 3970 1261 cooperiendurn

2396 1300 2566 1353 altare
2598 1295 2865 1369 .pulchras
2906 1295 3128 1359 decent;
3188 1295 3316 1345 item
3382 1298 3618 1369 tapetum
3664 1286 3865 1340 bonum
3901 1282 3973 1334 ad

2398 1389 2701 1461 ponendum
2734 1397 2858 1442 ante
2890 1386 3089 1447 altare;
3111 1385 3237 1441 item
3272 1397 3437 1436 unum
3468 1378 3683 1434 missale
3711 1387 3971 1442 maguum

2398 1490 2447 1535 et
2465 1481 2660 1536 bonum
2678 1495 2692 1545 ;
2713 1480 2837 1532 item
2863 1490 3027 1529 unum
3057 1475 3375 1527 breviarium
3401 1485 3650 1541 magnum
3672 1479 3725 1524 et
3744 1468 3973 1531 bonum,

2400 1581 2713 1642 coopertum
2748 1568 2951 1623 tabulis
2986 1577 3041 1622 et
3069 1569 3217 1621 corio
3249 1566 3416 1620 rubro
3445 1563 3670 1631 antiquo
3691 1575 3815 1615 cum
3836 1574 3981 1627 qua.

2402 1673 2525 1722 tuor
2580 1662 2986 1726 seraminibus;
3037 1658 3167 1712 item
3220 1672 3385 1711 unum
3426 1654 3638 1709 dossale
3677 1666 3770 1706 seu
3808 1662 3979 1718 para-

2368 1772 2371 1777 '
2404 1766 2650 1812 mentum
2681 1773 2782 1826 pro
2808 1757 2962 1810 altari
2988 1753 3227 1824 ejusdem
3261 1749 3477 1817 capellae
3504 1748 3569 1799 de
3599 1746 3782 1799 veluto
3807 1742 3982 1797 rubeo

2407 1852 2635 1922 ﬁgurato
2658 1851 2882 1905 tioribus
2914 1864 3009 1903 seu
3062 1847 3246 1913 figuris
3280 1845 3612 1898 diversorum
3639 1840 3984 1903 colorum,et

2404 1945 2758 1999 subornatum
2786 1940 3137 1994 circumcirca
3177 1941 3381 1991 suliena
3414 1934 3708 1989 damascini
3741 1930 3980 1993 viridis;

2406 2037 2529 2088 item
2571 2031 2713 2084 aliud
2752 2032 2964 2086 dossale
3014 2017 3077 2082 ile
3131 2027 3441 2082 damasciuo
3495 2023 3665 2077 ruben
3720 2020 3982 2086 ﬁgurato,

2409 2124 2758 2177 subornatum
2796 2121 3145 2175 circumcirca
3184 2119 3384 2171 subena
3426 2111 3720 2169 damascini
3752 2110 3986 2171 viridis;

2412 2216 2538 2269 item
2576 2230 2741 2268 unum
2798 2212 2941 2267 aliud
2976 2211 3191 2266 dossale
3235 2226 3334 2279 pro
3362 2206 3677 2274 quotidiano
3706 2219 3806 2257 usu
3832 2200 3987 2266 ejus-

2408 2306 2525 2361 dem
2568 2305 2787 2373 capella:
2818 2307 2882 2357 de
2910 2305 3081 2359 serico
3112 2301 3312 2357 coloris
3342 2300 3487 2353 τηιιαί
3534 2298 3813 2364 ﬁguratum
3851 2306 3985 2345 cum

2410 2396 2551 2450 loliis
2582 2396 2766 2449 aureis
2795 2380 3107 2458 antiquum;
3142 2394 3267 2446 item
3299 2404 3459 2445 unam
3486 2388 3775 2455 planetam,
3810 2397 3984 2437 uram

2410 2486 2720 2540 tuniceliam
2769 2500 2866 2552 pro
2909 2486 3260 2547 subdiacono,
3307 2494 3466 2534 unam
3494 2478 3836 2531 daltnaticam
3877 2488 3986 2543 pro

2411 2578 2636 2632 diacono
2657 2578 2723 2631 de
2750 2577 2918 2647 drapo
2938 2575 3249 2631 datnascino
3276 2572 3395 2625 albo
3414 2570 3480 2623 de
3504 2582 3633 2621 auro
3657 2582 3779 2621 cum
3801 2562 3986 2630 frigiis

2410 2670 2632 2741 quadris
2678 2678 2733 2725 et
2783 2668 3010 2723 manicis
3043 2664 3295 2736 pretiosis
3324 2682 3337 2729 ;
3367 2664 3503 2716 item
3528 2659 3695 2714 stolas
3740 2656 3879 2710 duas
3928 2662 3994 2710 et

2410 2759 2715 2828 manipulos
2745 2766 2854 2813 tres
2882 2759 2947 2812 de
2976 2757 3163 2811 cadem
3185 2756 3354 2823 drapo
3371 2755 3436 2805 de
3467 2763 3630 2813 auro;
3660 2748 3785 2801 item
3811 2758 3991 2798 unum

2411 2851 2669 2906 vexillum
2692 2864 2791 2918 pro
2814 2862 2975 2905 cruce
3003 2849 3069 2901 de
3098 2846 3412 2902 damaseino
3449 2843 3572 2897 albo
3608 2842 3676 2896 de
3702 2854 3835 2893 auro
3856 2852 3988 2891 eum

2412 2959 2517 2998 una
2542 2945 2679 3012 petia
2702 2951 2965 2996 recamata
2996 2944 3062 2996 de
3091 2942 3255 3011 ﬁgura
3291 2939 3349 2993 S.
3382 2936 3627 3003 Georgii;
3655 2934 3780 2987 item
3811 2944 3992 2985 unum

2415 3030 2756 3084 thuribulum
2804 3039 3118 3097 argenteum
3159 3029 3414 3096 ponderis
3457 3027 3716 3079 librarum
3750 3022 3995 3077 ditatum

2415 3122 2701 3175 unciarum
2741 3130 2978 3187 septem;
3009 3120 3139 3173 item
3174 3124 3307 3173 duas
3340 3117 3568 3172 tobalias
3594 3117 3765 3170 bonas
3795 3114 4000 3182 longas

2417 3210 2690 3267 laboratas
2724 3210 2897 3265 serico
2928 3225 3024 3279 pro
3042 3210 3401 3278 coeperiendo
3436 3209 3597 3277 legio.

2491 3302 2773 3357 Postremo
2806 3302 3001 3357 damus
3043 3303 3215 3356 eidem
3258 3299 3477 3367 capella:
3513 3313 3577 3352 es
3621 3310 3763 3351 nunc
3814 3297 3994 3349 dona-

2421 3395 2566 3449 tione
2597 3409 2720 3462 qua:
2772 3394 2830 3448 lit
2873 3393 3016 3447 inter
3053 3395 3203 3448 vivos
3234 3395 3372 3445 bona
3422 3389 3761 3457 intrascripta
3822 3388 3999 3460 1‘8

2420 3500 2645 3555 quorum
2686 3499 2843 3538 usum
2894 3483 3049 3538 nobis
3080 3495 3422 3537 reservamus
3471 3494 3755 3548 quousque
3781 3478 3997 3531 vixeri-

2422 3593 2565 3641 mus,
2595 3574 2878 3629 videlicet:
2903 3576 2955 3627 in
2992 3575 3182 3644 primis
3208 3574 3469 3626 donamus
3490 3572 3627 3625 inter
3654 3572 3802 3623 vivos
3827 3570 3999 3623 dieue

2421 3669 2632 3738 capella:
2652 3668 2963 3723 navicellam
2993 3677 3046 3720 et
3066 3658 3157 3718 vas
3188 3675 3494 3731 argenteum
3524 3678 3622 3731 pro
3648 3678 3784 3731 aqua
3821 3663 3998 3715 bene-

2424 3762 2565 3815 dicta
2594 3774 2714 3814 cum
2752 3774 2848 3813 suo
2884 3759 3234 3825 aspersorio;
3274 3759 3399 3811 item
3442 3757 3552 3810 duo
3579 3743 3908 3809 candélabra
3924 3752 3997 3804 de

2426 3849 2630 3918 capella
2676 3858 2855 3902 nostra
2905 3862 3025 3900 cum
3068 3846 3229 3898 armis
3269 3848 3488 3909 nostris,
3532 3846 3725 3912 quibus
3782 3838 4033 3895 utimur

2428 3940 2481 3993 in
2505 3940 2689 3992 eadem
2718 3940 2877 4003 ;item
2907 3954 3137 4004 pannum
3165 3939 3229 3991 de
3266 3941 3447 3992 veluto
3472 3936 3855 3998 Alexandrino,
3886 3950 3999 4000 quo

2429 4030 2631 4081 utimur
2661 4029 2713 4081 in
2743 4028 2942 4095 capella
2970 4039 3149 4080 nostra
3201 4037 3328 4081 ante
3360 4030 3549 4092 altare,
3580 4036 3632 4079 et
3669 4007 3995 4093 superpelli—

2434 4132 2615 4181 ccum;
2656 4118 2780 4169 item
2820 4118 2925 4169 duo
2956 4116 3193 4171 bancalia
3244 4121 3311 4172 de
3356 4132 3533 4187 panno
3566 4118 3631 4169 de
3666 4117 3833 4184 ratgia
3871 4132 4000 4182 qua:

2442 4208 2643 4262 habent
2676 4206 2777 4260 SS.
2825 4207 3209 4274 Apostolos,tt
3253 4210 3383 4261 alios
3432 4221 3661 4275 quatuor
3699 4221 3902 4274 pannos
3933 4208 4002 4259 de

2446 4299 2613 4365 ratgia
2649 4312 2859 4365 parvos,
2885 4312 3109 4366 quorum
3132 4307 3239 4351 tres
3269 4298 3465 4351 habent
3494 4296 3999 4354 Annuntiationem,

2435 4398 2658 4455 quartus
2693 4402 2820 4439 vero
2857 4386 3220 4449 Crucilixum;
3258 4390 3379 4439 item
3430 4398 3637 4454 tapetes
3675 4397 3816 4447 tres;
3865 4386 3999 4438 item

2436 4482 2543 4533 duo
2572 4478 2889 4533 candelabra
2934 4493 3121 4541 magna
3174 4478 3377 4540 [ιη-τρες
3417 4479 3541 4530 item
3594 4480 3694 4531 duo
3737 4478 3836 4528 alia
3872 4492 4004 4529 cano

2437 4576 2652 4630 delabra
2690 4571 2889 4639 majora
2919 4578 2969 4622 et
2998 4570 3237 4637 longiora
3266 4572 3327 4622 de
3361 4578 3606 4637 argento;
3641 4569 3775 4622 duos
3805 4567 4005 4622 calices

2438 4678 2494 4722 et
2552 4666 2688 4719 duas
2746 4672 2987 4732 paternas.
3023 4676 3249 4728 quorum
3315 4663 3486 4727 major
3542 4662 3801 4729 ponderat
3835 4660 4005 4712 libras

2439 4758 2609 4821 duas;
2656 4756 2895 4823 planetas
2936 4765 3191 4820 quatuor,
3237 4752 3481 4805 videlicet
3527 4767 3697 4827 unam
3728 4751 3904 4804 albam
3935 4753 4001 4803 de

2443 4848 2755 4901 damascino
2795 4844 3047 4913 simplici,
3102 4845 3255 4896 aliam
3292 4843 3658 4911 pavonatziam
3689 4842 3755 4895 de
3783 4845 4003 4894 damas-

2444 4942 2563 4993 c‘mu
2604 4936 2832 5003 simplici
2867 4955 2878 4999 ;
2914 4935 3070 4986 aliam
3106 4935 3316 4987 (δωρειτί
3367 4935 3481 5000 (sic)
3518 4935 3713 4987 coloris
3752 4938 3813 4985 de
3854 4942 4001 4995 seta;

2444 5031 2599 5083 aliam
2631 5032 2693 5081 de
2724 5038 2834 5082 seta
2868 5028 3060 5081 coloris
3094 5028 3221 5079 varii
3256 5042 3373 5078 cum
3426 5025 3675 5089 ﬂoribus;
3704 5027 3850 5077 albas
3871 5026 4003 5077 duas

2445 5136 2565 5175 Cum
2601 5123 2752 5173 stolis
2784 5130 2835 5173 et
2869 5120 3155 5185 manipulis
3190 5120 3343 5181 suis;
3401 5119 3652 5186 plumalia
3682 5124 3804 5180 duo,
3835 5132 4001 5169 unum

2446 5215 2647 5275 album,
2704 5213 2847 5265 aliud
2895 5212 3269 5280 pavouatziuzn
3311 5212 3376 5262 de
3407 5211 3718 5263 damascino
3774 5209 4006 5275 simplici

2447 5320 2565 5357 cum
2621 5304 2789 5372 irigiis
2836 5304 2900 5355 de
2932 5302 3069 5365 dmin
3145 5303 3373 5370 Cyprio;
3402 5302 3526 5355 item
3570 5303 3703 5354 alias
3734 5302 3865 5352 duas
3898 5314 4005 5350 am-

2451 5397 2621 5464 pullas
2674 5408 2723 5447 et
2786 5394 2954 5447 bariie
2989 5410 3247 5460 ιιῖνςγχςνπ,
3297 5406 3347 5445 et
3398 5394 3614 5449 missaie
3666 5406 3825 5443 unum
3858 5430 3869 5451 ,
3905 5406 4013 5458 quo

2454 5488 2621 5539 utitur
2650 5488 2885 5553 quotidie
2925 5486 3159 5551 Caj‘iz‘lig.“
3188 5504 3227 5535 ις
3270 5486 3319 5536 is:
3374 5486 3574 5555 capella
3631 5494 3815 5536 noswa
3842 5500 3854 5545 ;
3884 5482 4011 5535 item

2458 5596 2616 5633 unum
2663 5577 2989 5631 thuribulum
3034 5576 3179 5631 Gram
3212 5596 3274 5629 nu
3336 5577 3549 5645 planum
3597 5588 3718 5629 cum
3764 5574 4009 5639 trisulca;
