4138 6328
196 290 409 334 ιιῖιιι

198 371 334 448 itan;
354 390 463 443 duo
487 400 591 443 ova
615 385 683 448 de
706 384 914 445 strusio
951 389 1140 435 ornata
1170 384 1433 444 argento;
1471 370 1598 424 item
1631 364 1772 434 legia

197 464 348 543 duo;
381 475 513 533 item
542 472 907 529 faldistorium
947 464 1284 538 pontiﬁcale.

267 564 565 629 Ceterum,
594 564 720 634 quia
751 572 872 633 post
904 556 1316 615 emanationem
1354 552 1593 623 priorum
1632 545 1777 600 litte—

196 674 390 714 rarum
442 655 825 726 pradictarum
864 651 993 706 dicti
1044 649 1140 702 Dni
1198 646 1302 712 Pii,
1348 644 1492 699 dicta
1546 638 1769 694 basilica

199 740 444 822 palatis
474 746 732 802 (utribus
757 742 965 800 ordinis
1016 738 1287 794 Minorum
1334 746 1591 806 concessa
1617 738 1671 785 et
1703 728 1770 783 ad

195 857 389 897 eorum
417 840 675 895 ordinem
704 838 921 890 reducta
952 830 1183 896 exstitit,
1220 836 1279 882 ut
1305 822 1613 896 prafertur,
1646 834 1766 886 nos,

172 933 578 988 'existimantes
622 943 721 999 per
752 928 971 983 eosdem
1012 923 1205 979 fratres
1257 932 1418 987 posse
1468 913 1630 970 dictae
1683 926 1778 965 ca-

199 1025 354 1095 pella
393 1025 449 1079 in
487 1023 688 1077 divinis
711 1016 1120 1075 convenientius
1144 1021 1197 1067 et
1236 1010 1448 1066 facilius
1480 1019 1643 1075 quam
1676 1018 1775 1073 per

197 1116 493 1187 saculares
552 1113 903 1183 presbyteros
943 1104 1227 1169 deserviri,
1282 1103 1335 1156 in
1366 1112 1628 1172 personas
1654 1110 1774 1165 quae

196 1208 376 1262 eidem
406 1203 641 1277 ~capella:
685 1200 979 1276 deservire
1051 1198 1245 1252 debent
1293 1192 1574 1262 religiosos
1628 1189 1776 1263 viros

197 1298 399 1353 fratres
427 1296 557 1350 dicti
595 1293 800 1348 ordinis
821 1291 1087 1345 Minorum
1120 1287 1175 1342 in
1209 1287 1347 1341 dicta
1371 1283 1598 1339 basilica
1632 1295 1777 1334 nunc

195 1401 256 1447 et
292 1391 348 1444 in
384 1396 660 1458 posterum
722 1381 1110 1438 habitantes'iu
1164 1386 1489 1448 perpetuum
1521 1389 1588 1428 ex
1631 1385 1776 1453 nunc

199 1480 538 1537 instituimus
585 1486 643 1532 et
684 1484 873 1529 tenore
920 1470 1267 1541 praesentium
1308 1481 1407 1537 pro
1451 1466 1713 1519 institutis
1742 1476 1773 1517 a

198 1572 433 1629 nobisin
463 1582 783 1641 perpetuum
824 1563 1011 1620 haberi
1046 1560 1316 1625 volumus,
1351 1560 1593 1612 volentes
1610 1556 1775 1611 etiam

196 1674 257 1720 et
279 1663 597 1720 ordinantes
628 1660 773 1731 quod
830 1657 929 1731 ipsi
985 1655 1177 1710 fratres
1206 1651 1646 1721 jurepatronatus
1689 1645 1798 1719 ἰηι-

198 1758 363 1812 terim
410 1770 440 1807 tt
486 1752 649 1810 dictis
691 1734 904 1804 abbate'
930 1756 985 1801 et
1026 1744 1209 1813 priore
1240 1732 1452 1811 penitus
1504 1736 1773 1801 abdicato,

204 1846 484 1918 praefatam
514 1843 771 1914 capellam
802 1848 855 1895 et
884 1853 979 1910 per
1007 1839 1247 1906 ipsorum
1278 1840 1663 1902 procuratores
1692 1828 1776 1883 vel

196 1935 457 2008 syndicos
493 1935 611 2004 ejus
636 1932 793 2003 ,bona
845 1938 1080 1993 teneant,
1131 1935 1184 1980 et
1231 1925 1283 1978 in
1332 1922 1515 1976 eadem
1570 1918 1775 1989 capella

198 2027 353 2082 omni
386 2026 472 2081 die
493 2038 655 2078 unam
690 2024 912 2100 missam
943 2018 1220 2074 celebrent
1275 2014 1355 2068 vel
1402 2012 1661 2067 celebrari
1690 2010 1774 2065 fa-

200 2117 354 2171 ciant
384 2116 485 2168 hoc
519 2114 697 2175 modo,
736 2099 899 2163 videi.
932 2106 1124 2161 diebus
1158 2103 1431 2167 Mercurii,
1472 2099 1694 2154 Veneris
1722 2109 1776 2153 et

200 2204 456 2273 sabbati,
486 2204 707 2257 missam
744 2213 839 2269 pro
865 2196 1166 2260 defunctis;
1207 2194 1290 2246 die
1320 2207 1445 2244 vero
1476 2188 1773 2250 Dominica,

198 2295 428 2354 missam
465 2298 813 2353 currentem;
842 2288 928 2342 die
960 2284 1142 2349 Lunzc,
1177 2282 1391 2335 missam
1431 2279 1486 2332 S.
1542 2276 1772 2346 Angeli;

148 2404 152 2405 ί
199 2387 294 2442 die
337 2398 469 2439 vero
515 2380 726 2444 Martis,
779 2377 1000 2432 missam
1050 2372 1107 2428 S.
1143 2372 1362 2439 Joannis
1400 2369 1682 2438 Baptistzc:
1721 2373 1775 2421 et

197 2478 294 2534 die
328 2474 494 2542 Jovis,
536 2474 755 2527 missam
786 2469 845 2524 S.
875 2466 1156 2522 Trinitatis
1203 2470 1324 2518 cum
1384 2475 1775 2517 commemora-

200 2571 353 2624 tione
375 2566 433 2621 S.
466 2563 737 2634 Eugeniae,
774 2573 825 2616 et
855 2554 1015 2614 etiam
1039 2571 1161 2611 cum
1198 2553 1421 2610 collecta
1452 2552 1504 2606 in
1539 2552 1779 2621 qualibet

201 2674 312 2728 pro
365 2655 637 2713 delunmis
671 2641 953 2707 referendo
981 2664 1075 2719 pro
1101 2647 1239 2701 vivis
1284 2659 1475 2699 nomen
1509 2652 1777 2704 nostrum,

202 2767 307 2825 pro
356 2747 589 2805 mortuis
617 2760 738 2817 post
772 2742 929 2815 15.9
966 2749 1195 2795 mortem
1251 2750 1445 2790 nomen
1507 2743 1775 2796 nostrum,

199 2822 403 2897 isidori
451 2846 506 2893 et
538 2834 775 2891 Dnsithei
804 2832 1181 2902 episcoporum
1208 2843 1224 2893 ;
1257 2826 1385 2881 item
1428 2822 1695 2878 Theodori
1725 2832 1781 2877 et

199 2930 525 2993 TlteoJoraz,
558 2941 622 2982 ac
661 2923 940 2979 Michaelis
974 2927 1026 2974 et
1046 2916 1286 2986 Georgii,
1310 2923 1365 2973 et
1392 2908 1779 2983 aliorum'quos

202 3006 262 3079 in
294 3020 590 3077 intentione
640 3025 825 3073 nostra
864 3013 1145 3076 habemus,
1179 3023 1280 3064 nec
1321 3006 1435 3062 non
1458 3007 1596 3076 quod
1623 3005 1779 3060 annis

201 3113 452 3183 singulis,
486 3110 694 3165 decima
742 3114 831 3161 die
866 3104 1068 3159 mensis
1104 3100 1461 3171 Septembris,
1493 3107 1781 3153 teneantur

203 3205 405 3262 fratres
435 3202 537 3272 ipsi
583 3208 806 3255 cantare
855 3196 1064 3265 vigilias
1091 3186 1424 3248 mertuorum
1458 3200 1513 3244 et
1560 3191 1777 3243 missam

193 3285 503 3375 solemnem
556 3308 654 3362 pro
684 3290 951 3346 deluncﬁs
1006 3288 1204 3342 nostris
1261 3284 1679 3355 praenominatis.
1724 3282 1782 3338 Si

204 3398 392 3445 tamen
447 3399 577 3442 casu
608 3385 787 3453 aliquo
829 3380 1112 3449 aliquando
1167 3376 1601 3446 contingerethut
1646 3388 1782 3443 prae-

204 3481 412 3533 dictum
446 3486 550 3541 est,
591 3452 731 3546 quod
778 3473 905 3528 dicti
956 3470 1151 3523 fratres
1190 3466 1454 3519 hiinorum
1491 3464 1559 3517 ab
1589 3452 1781 3546 eadem

153 3563 160 3566 ’
206 3569 435 3622 basilica
468 3540 781 3622 recederent
828 3574 1053 3629 eamque
1082 3559 1435 3617 dimitterent,
1459 3567 1524 3606 ac
1564 3540 1677 3620 ip'sa
1710 3550 1779 3605 ad

204 3661 533 3716 clericorqu
592 3655 914 3725 regulariutn
975 3650 1211 3719 regimen
1247 3645 1626 3706 reduceretur,
1654 3651 1783 3695 tunc

206 3759 263 3805 et
315 3764 381 3803 eo
412 3763 540 3801 casu
573 3747 773 3801 dictum
822 3743 911 3811 jus
950 3748 1268 3810 patronatus
1320 3745 1373 3791 et
1420 3732 1782 3803 prtesentandi

205 3841 392 3895 locum
448 3838 646 3891 habere
672 3835 917 3902 illudque
964 3831 1035 3891 ad
1062 3830 1311 3884 abbatem
1369 3824 1686 3879 monasterii
1719 3823 1779 3878 S.

206 3930 366 3986 Pauli
412 3939 466 3984 et
516 3929 744 3997 priorem
778 3926 969 3979 domus
1012 3921 1068 3976 S.
1098 3919 1278 3975 Maria:
1312 3919 1377 3974 de
1410 3916 1610 3985 Pepulo
1640 3929 1781 3983 prae-

207 4026 392 4079 dictos
432 4021 482 4074 in
526 4026 841 4090 perpetuum
877 4014 1151 4084 pertinere
1182 4011 1430 4065 volumus
1459 4015 1512 4061 et
1565 4006 1782 4061 ordina-

209 4131 361 4180 mus,
417 4115 507 4182 qui
566 4112 731 4166 abbas
760 4119 815 4163 et
846 4108 995 4177 prior
1038 4119 1135 4175 pro
1168 4114 1407 4172 tempore
1439 4100 1782 4157 exsistentes,

209 4216 422 4263 attento
458 4205 597 4273 quod
649 4203 764 4269 ipsa
815 4198 1020 4267 capella
1062 4210 1159 4263 pro
1202 4209 1342 4247 nunc
1392 4207 1423 4247 a
1486 4190 1640 4243 nobis
1687 4201 1784 4256 pro

210 4306 425 4359 duobus
470 4298 759 4367 capellanis
791 4292 1119 4349 sufﬁcienter
1170 4291 1351 4344 dotata
1405 4296 1511 4349 est,
1556 4284 1786 4338 debeant

214 4407 329 4447 tant
377 4393 547 4461 prima
607 4390 724 4442 vice
777 4399 936 4453 quam
1002 4381 1211 4451 quoties
1262 4394 1425 4434 casus
1488 4375 1783 4430 vacationis

210 4485 362 4540 illius
398 4479 711 4542 occurrerit,
775 4476 907 4529 duas
958 4486 1214 4541 personas
1250 4471 1472 4535 idoneas
1504 4470 1561 4540 _in
1597 4482 1778 4521 sacer-

209 4572 367 4630 dotio
418 4570 734 4625 constitutas
781 4563 1043 4619 cardiuali
1094 4561 1331 4629 ejusdem
1396 4560 1629 4612 basilicse
1690 4570 1785 4624 pro

211 4676 461 4732 tempore
485 4657 761 4716 exsistcnti
788 4672 882 4726 per
912 4671 1033 4709 eum
1076 4652 1432 4705 instituendas
1462 4657 1786 4718 praesentare

203 4757 366 4827 juxta
396 4750 800 4821 dispositionem
833 4748 887 4799 in
916 4745 1077 4797 dictis
1107 4742 1376 4811 prioribus
1412 4741 1506 4791 Dni
1540 4738 1617 4789 Pii
1646 4737 1785 4788 litte-

210 4849 297 4902 ris
338 4843 478 4897 circa
518 4852 684 4894 unum
743 4835 1074 4904 capellanutu
1136 4832 1351 4883 laetam.
1406 4827 1509 4892 Qui
1563 4828 1781 4895 quidem

210 4932 475 5004 capellam
508 4928 744 4998 qualibet
764 4918 1058 4993 septimana
1086 4932 1285 4987 septem
1316 4920 1527 4980 missas,
1560 4917 1785 4985 singulis

211 5024 469 5081 videlicet
501 5020 688 5075 diebus
721 5017 774 5071 in
816 5018 1001 5069 eadem
1059 5010 1259 5079 capella
1297 5006 1561 5069 vicissim,
1623 5006 1784 5059 modo

211 5130 273 5175 et
303 5114 495 5170 ordine
542 5108 791 5180 superius
823 5103 1085 5161 ordinatis
1110 5114 1164 5155 et
1193 5100 1491 5169 expressis,
1536 5108 1587 5150 et
1640 5114 1781 5166 ρτεε-

212 5211 360 5265 dicta
420 5205 621 5260 decima
674 5200 761 5254 die
814 5198 1019 5267 vigilias
1072 5200 1409 5247 mortuorum
1456 5201 1507 5242 et
1542 5191 1769 5243 cilicium

206 5290 391 5355 totum
437 5309 499 5349 ac
528 5293 749 5348 missam
803 5304 901 5357 pro
940 5282 1203 5339 defunctis
1252 5282 1437 5349 legere
1474 5290 1785 5334 teneantur.

213 5391 441 5458 Insuper
508 5380 705 5437 casalis
737 5388 790 5432 et
822 5378 989 5431 vincte
1029 5389 1092 5427 ac
1144 5372 1369 5425 aliorum
1425 5368 1690 5423 bouomm
1735 5384 1787 5424 et

207 5484 464 5557 jocalium
500 5473 878 5546 prandistorum
914 5466 1013 5535 ipsi
1047 5465 1286 5534 capellrc,
1336 5473 1393 5516 ut
1448 5462 1784 5530 prtetiicitur,

214 5551 312 5644 per
346 5585 442 5626 nos
478 5568 820 5624 donaturum,
846 5564 898 5609 et
937 5566 1381 5622 quorumcunque
1422 5551 1641 5602 aliorum
1678 5552 1783 5604 vita

214 5642 366 5725 nobis
416 5658 623 5719 comite
673 5666 768 5723 per
818 5663 915 5705 nos
948 5647 997 5702 in
1049 5653 1317 5714 posterum
1379 5642 1763 5709 donaudorum

907 267 1204 332 ALOYSH
1245 257 1605 326 BANDINII
1632 254 1778 317 (ΞοΜ

1882 253 2282 315 ΞΝΤᾹΒΙΗΞ.
2318 251 2823 314 ·-’ΛΡΡΕΝΒ1Χ.
3382 261 3447 302 ιε

1880 361 2257 416 alienationem
2290 362 2539 431 cujusvis
2586 361 2784 431 speciei
2814 366 2907 413 aut
2937 358 3153 430 generis
3177 364 3283 409 tam
3337 355 3505 423 ἰηι-

1882 453 2055 505 tribus
2110 452 2315 505 ordinis
2357 451 2630 506 linorum
2658 457 2713 503 et
2754 462 2945 505 eorum
2978 443 3239 517 syndicls,
3288 458 3445 513 quam

1879 546 1933 599 in
1965 559 2150 599 casum
2186 545 2523 612 praemissum
2558 540 2851 610 capellanis
2904 525 3179 607 pmiictis
3220 543 3275 589 et
3328 533 3450 601 qui-
3544 567 3549 570 ς

1883 638 2196 704 buscunquc
2244 638 2366 688 aliis
2402 634 2558 689 dicta
2589 632 2808 702 capella.-
2824 638 2875 684 et
2902 627 3021 697 ejus
3052 627 3316 682 bonorum
3346 626 3449 677 ad-

1887 726 2348 783 ministratoribus
2404 734 2664 794 perpetuo
2698 719 3068 776 interdicimus
3099 727 3261 785 atque
3311 728 3448 785 pro-

1879 818 2151 881 hibemus,
2170 818 2411 895 volentes
2438 815 2791 869 alicnationes
2818 813 2985 880 ipsas,
3006 807 3051 861 si
3080 822 3201 875 quae
3228 807 3444 870 tierent,

1880 911 2081 974 nullius
2132 922 2252 962 esse
2308 906 2517 959 roboris
2565 904 2648 957 vel
2722 900 3001 963 momenti,
3050 895 3146 951 sed
3184 896 3447 951 adversus

1878 1005 2151 1064 emptores
2179 1003 2270 1046 aut
2320 991 2453 1046 alios
2480 991 2717 1059 ipsorum
2757 988 2974 1050 casalis,
2993 986 3164 1038 vinem
3190 993 3247 1039 et
3277 984 3444 1041 bono-

1884 1098 2004 1137 rum
2032 1096 2351 1152 quocunque
2406 1058 2558 1135 titulo
2596 1087 2908 1147 receptores
2956 1091 3051 1143 pro
3077 1075 3235 1128 dictis
3261 1072 3441 1127 fratri-
3476 1058 3479 1061 Α

1878 1175 1981 1253 bus
2019 1172 2103 1227 vel
2137 1170 2428 1241 capellanis
2456 1182 2779 1240 quocunque
2813 1175 3055 1236 tempore
3087 1162 3203 1218 fore
3230 1163 3295 1217 ad
3349 1163 3437 1216 illa

1882 1279 2212 1336 regressum.

1946 1400 2078 1466 Quae
2099 1396 2282 1451 omnia
2312 1402 2365 1449 et
2399 1392 2612 1463 singula
2662 1391 3035 1463 suprascripta
3080 1400 3135 1444 et
3168 1389 3445 1460 quodlibet

1877 1507 2065 1548 eorum
2113 1505 2213 1545 nos
2249 1488 2541 1553 Bessarion
2599 1487 2907 1554 cpiscopus,
2939 1480 3227 1535 cardinalis
3269 1491 3324 1533 et
3356 1494 3447 1548 pa.

1876 1581 2112 1636 triarcha
2141 1579 2448 1648 praedictus,
2471 1583 2662 1645 sponte
2681 1583 2735 1628 et
2755 1590 2819 1628 ex
2848 1586 2991 1627 mera
3021 1580 3200 1625 nostra
3224 1568 3445 1623 scientia

1889 1688 1953 1728 ac
2002 1671 2346 1731 liberalitate,
2381 1679 2437 1721 ut
2470 1666 2833 1736 praemittitur,
2863 1662 3160 1725 donamus,
3192 1658 3448 1714 concedi-

1879 1780 2025 1830 mus,
2084 1763 2479 1825 renuntiamus,
2518 1758 2771 1821 iacimus,
2823 1760 2984 1825 atque
3047 1767 3206 1806 manu
3264 1757 3447 1804 nostra

1880 1855 2089 1925 pectori
2150 1866 2301 1908 more
2350 1849 2693 1920 praelatorum
2753 1847 3024 1918 apposita,
3080 1842 3447 1912 promittimus

1878 1946 2037 2001 dicta
2077 1943 2294 2014 capellae
2324 1952 2379 1997 et
2405 1942 2523 2010 ejus
2546 1939 2836 2007 capellanis
2868 1934 3029 2005 150
3067 1927 3449 2000 suprascriptis

1880 2036 2239 2102 omnibusque
2276 2033 2397 2087 aliis
2448 2041 2503 2087 et
2560 2030 2789 2097 singulis
2819 2045 3051 2099 quorum
3101 2030 3325 2083 interest
3365 2027 3447 2081 vel

1879 2129 2141 2180 interesse
2193 2123 2393 2191 poterit
2450 2110 3319 2189 quomodolibetinfuturum.ac
3353 2132 3448 2170 no-

1878 2214 2019 2267 tario
2071 2213 2286 2279 publico
2346 2208 2735 2275 infrascripto,
2790 2215 3047 2274 tanquam
3115 2206 3343 2275 publicae
3392 2212 3448 2258 et

1878 2303 2201 2358 authentica‘.
2238 2315 2481 2371 personae
2539 2299 2642 2353 rite
2682 2308 2736 2352 et
2790 2297 3025 2367 legitime
3078 2298 3356 2364 stipulanti
3392 2304 3450 2349 et

1877 2394 2156 2463 recipienti
2192 2394 2309 2447 vice
2354 2403 2409 2447 et
2446 2391 2670 2445 nomine
2728 2391 2965 2445 omnium
3014 2400 3068 2442 et
3112 2388 3446 2457 singulorum

1883 2486 2264 2556 pradictorutn
2293 2524 2309 2545 ,
2355 2489 2624 2551 perpetuo
2680 2480 2958 2535 attendere
3006 2488 3061 2533 et
3110 2478 3450 2532 iuviolabiter

1881 2579 2197 2639 observare,
2238 2589 2337 2628 nec
2367 2576 2419 2627 in
2450 2573 2632 2641 aliquo
2668 2571 2874 2626 directe
2921 2570 3001 2625 vel
3053 2569 3312 2623 indirecte
3352 2583 3451 2636 per

1891 2683 1992 2724 nos
2022 2668 2105 2721 vel
2139 2665 2302 2719 alium
2336 2680 2431 2720 seu
2476 2664 2609 2718 alios
2636 2676 2850 2732 quoquo
2884 2664 3041 2715 modo
3072 2660 3447 2716 contraveuire

1881 2759 2041 2813 velle.
2076 2757 2134 2811 lu
2166 2772 2393 2824 quorum
2436 2757 2675 2810 omnium
2706 2763 2760 2807 et
2811 2752 3147 2819 singulorum
3179 2751 3336 2804 [idem
3394 2758 3450 2805 et

1883 2849 2249 2905 testimonium
2300 2848 2699 2917 praemissorum
2734 2853 3026 2915 prasentes
3064 2851 3277 2896 nostras
3306 2842 3450 2895 litte-

1884 2959 1996 3010 ras,
2027 2942 2144 2996 sive
2186 2954 2422 3009 prsesens
2462 2936 2733 3006 publicum
2784 2937 3196 2991 instrumentqu
3228 2949 3324 3002 per
3354 2949 3451 3005 no-

1885 3036 2082 3090 tarium
2128 3030 2537 3098 inlrascriptum
2589 3028 2727 3091 ﬁeri,
2763 3026 3033 3082 subscribi
3066 3018 3123 3080 et
3161 3026 3447 3094 publicari,

1882 3124 2160 3191 nostrique
2216 3119 2374 3189 sigilli
2426 3117 2695 3188 jussimus
2754 3125 2808 3171 et
2866 3115 3092 3191 iecimus
3119 3115 3449 3186 appensione

1883 3231 2001 3272 com
2011 3212 2229 3271 muniri.

1954 3331 2147 3385 Datum
2178 3339 2229 3383 et
2258 3339 2435 3384 actum
2471 3327 2654 3382 Romae
2686 3326 2740 3379 in
2776 3322 3028 3378 domibus
3062 3320 3261 3376 nostris
3298 3317 3442 3387 apud

1888 3422 1991 3478 SS.
2011 3422 2318 3490 Apostolos,
2340 3434 2480 3473 anno
2502 3434 2533 3472 a
2557 3419 2723 3471 nativ.
2742 3416 2952 3470 Domini
2972 3412 3131 3476 H67,
3148 3412 3329 3465 indict.
3354 3425 3446 3473 xv,

1882 3512 1974 3565 die
2012 3523 2141 3562 vero
2170 3508 2393 3561 Veneris
2437 3506 2640 3557 decima
2681 3501 2881 3554 mensis
2926 3497 3142 3563 Aprilis,
3170 3494 3448 3562 pontiﬁca-

1883 3608 1970 3653 tus
2002 3597 2103 3651 SS.
2146 3596 2199 3649 in
2229 3594 2448 3647 Christo
2486 3592 2654 3644 Patris
2701 3604 2765 3641 ac
2796 3587 2893 3640 Dui
2924 3584 3095 3637 nostri
3145 3582 3243 3633 Dni
3272 3580 3441 3643 Pauli,

1884 3688 2060 3743 divina
2104 3682 2437 3755 providentia
2472 3692 2621 3748 papa:
2661 3678 2904 3739 ll,vanno
2932 3675 3129 3737 tertio;
3160 3671 3442 3738 prazsenti-

1884 3781 1986 3836 bus
2041 3777 2239 3832 ibidem
2292 3771 2511 3843 provido
2572 3784 2635 3822 ae
2681 3766 2929 3820 discretis
2982 3763 3115 3816 viris
3182 3761 3444 3829 magistro

1883 3872 2088 3927 Joanne
2113 3865 2295 3937 Knyﬂ‘,
2326 3864 2662 3917 decretorum
2707 3858 2946 3920 doctore,
2990 3853 3232 3906 auditore
3270 3860 3323 3903 ct
3353 3865 3442 3904 ca-

1885 3965 2126 4034 pellano;
2154 3959 2361 4015 Joanne
2390 3954 2584 4017 Lenss,
2616 3965 2810 4005 canon.
2854 3946 3093 4002 ecclesiae
3128 3944 3183 3997 S.
3217 3942 3442 3996 Andreas

1884 4055 2188 4116 Colonien.,
2220 4049 2428 4105 Joanne
2467 4045 2658 4099 Franc.
2687 4044 2752 4097 de
2789 4036 3200 4105 Benthevogliis,
3240 4035 3443 4088 littera-

1887 4164 2006 4202 rum
2057 4160 2225 4199 sacrae
2270 4127 2691 4193 l'oenitentiarite
2729 4132 3037 4200 apostolicze
3065 4128 3347 4197 scriptore,
3390 4136 3445 4180 et

1887 4239 2185 4312 Raphacle.
2215 4231 2459 4292 Baldulo,
2521 4227 2719 4282 clerico
2775 4223 3135 4301 Fulginatenz,
3178 4219 3446 4274 scutiicris

1888 4331 2108 4385 nostris,
2142 4322 2366 4377 testibus
2400 4320 2463 4373 ad
2494 4318 2767 4387 praemissa
2808 4315 3013 4369 vocatis
3048 4314 3353 4379 snecialiter
3391 4321 3443 4362 et

1889 4418 2105 4487 rogatis.

1960 4549 2023 4602 Et
2051 4562 2148 4615 ego
2187 4547 2421 4601 Ioannes
2453 4543 2518 4595 de
2564 4540 2884 4603 llecsboem,
2912 4537 3137 4591 clericus
3197 4536 3444 4587 Camera-

1886 4640 2355 4721 censis'dioecesis,
2382 4634 2624 4706 publicus
2655 4634 2809 4686 sacra
2840 4630 3101 4696 imperiali
3130 4630 3444 4680 auctoritate

1888 4735 2153 4795 notarius,
2188 4732 2310 4799 quia
2338 4724 2631 4799 praemissis
2683 4723 2930 4777 omnibus
2967 4732 3017 4775 et
3047 4708 3293 4789 singulis,
3323 4722 3442 4772 dum

1886 4825 1984 4887 sic,
2011 4834 2067 4877 ut
2100 4821 2439 4892 praemittitur
2462 4858 2477 4881 ,
2500 4830 2591 4883 per
2626 4814 2904 4883 praelatum
2926 4812 3115 4864 limum
3151 4812 3197 4861 in
3232 4811 3445 4863 Christo

1886 4916 2100 4970 Patrem
2142 4926 2195 4967 et
2251 4913 2310 4965 ὓ.
2345 4909 2739 4973 Bessarionem,
2780 4898 3088 4975 episcopum
3120 4903 3442 4955 cardinaiem

1886 5015 1939 5059 et
1964 5006 2351 5072 patriarclmm,
2394 5000 2577 5053 flerent
2610 5004 2662 5053 et
2694 5010 2998 5065 agerentur,
3032 5009 3131 5045 una
3162 5008 3279 5045 cum
3314 5007 3446 5058 prm-

1899 5099 2191 5152 nominatis
2242 5082 2731 5153 testibusiuterl‘ui,
2763 5102 2930 5155 eaque
2968 5086 3044 5138 sic
3078 5085 3189 5137 ﬁeri
3240 5082 3343 5135 vidi
3394 5090 3443 5132 et

1897 5189 2114 5251 audivi;
2150 5188 2269 5239 ideo
2298 5188 2396 5239 hoc
2444 5198 2680 5253 presens
2732 5178 2995 5247 publicum
3031 5175 3442 5225 instrumentum

1890 5295 2055 5333 manu
2093 5280 2336 5339 alterius,
2383 5290 2467 5327 me
2504 5274 2624 5325 aliis
2656 5268 2884 5336 legitime
2906 5274 3164 5330 occupato
3195 5262 3444 5325 negetiis,

1894 5372 2120 5423 ﬁdeliter
2152 5368 2406 5432 scriptum
2436 5363 2627 5414 exinde
2660 5356 2885 5417 confeci,
2942 5350 3231 5411 subscripsi
3267 5360 3313 5400 -:-t
3353 5366 3445 5417 p2:-

1887 5460 2082 5515 blicavi
2135 5467 2185 5510 et
2230 5458 2278 5507 in
2330 5456 2465 5505 hanc
2492 5449 2761 5517 publicam
2789 5445 3011 5497 formam
3057 5441 3253 5507 redegi,
3294 5442 3447 5504 signa

1888 5561 1940 5603 et
1969 5548 2181 5602 nomine
2212 5558 2324 5597 meo
2358 5540 2525 5594 solitis
2558 5548 2609 5591 et
2640 5535 2930 5597 consuetis,
2958 5550 3055 5585 una
3090 5547 3206 5585 cum
3246 5530 3445 5599 ῖέιηπίῖιτλ

1894 5640 2013 5694 limi
2068 5637 2164 5690 Dni
2218 5633 2505 5688 cardinalis
2552 5628 2709 5699 sigilli
2755 5626 3084 5699 appensione
3120 5623 3322 5693 signati
3352 5640 3363 5675 ;
3395 5622 3445 5675 in
