4138 6328
653 290 738 329 XCI

654 391 815 445 tidem
848 397 905 441 ct
936 386 1301 441 testimonium
1334 386 1574 439 omnium
1602 393 1656 439 et
1700 380 2034 450 singulorum
2077 389 2219 443 pra:-

640 477 949 535 ‘tnissorum
977 488 1191 546 rogatus
1225 487 1277 529 et
1308 476 1628 544 requisitos.

1305 612 1460 681 151
1498 610 1566 664 X-

662 707 820 761 Bulla
853 725 957 776 qua
998 706 1195 759 Paulus
1234 705 1285 758 11
1326 705 1665 776 donationem
1724 696 2013 776 sacelli_S.
2053 695 2219 776 Euge-

732 781 832 829 m're
858 768 890 828 ἱι
920 777 1179 828 cardinuli
1230 776 1541 827 Bessuriaae
1582 773 1773 838 factum
1806 768 2105 832 conﬁrmat.
2141 778 2229 813 sa-

730 846 1021 913 aliumque
1045 848 1212 913 ipsum
1246 860 1363 895 cum
1392 836 1655 913 doterPlP.
1694 836 1984 890 Minoribus
2010 847 2227 885 conven-

736 910 963 967 tualt'bus
996 910 1359 968 S.Fruncisci
1384 910 1653 963 attribuit.

737 1029 933 1084 Paulus
965 1029 1266 1096 episcopus,
1304 1039 1494 1078 servus
1528 1037 1809 1078 servorum
1861 1019 1977 1079 Dei,
2038 1018 2104 1072 ad
2141 1015 2229 1069 fu-

582 1183 588 1189 ε
673 1132 845 1173 turam
874 1120 946 1173 rei
985 1116 1323 1171 memoriam.
1356 1115 1414 1167 In
1462 1112 1720 1167 eminenti
1754 1108 2062 1178 apostolica:
2084 1107 2232 1160 ’sedis

670 1207 889 1277 speculo
916 1206 1214 1269 constituti,
1252 1218 1369 1272 quae
1410 1218 1507 1269 pro
1562 1201 1911 1255 ecclesiarum
1951 1199 2145 1252 decore
2176 1207 2230 1251 et

672 1296 837 1348 divitti
875 1294 1051 1348 cultus
1082 1302 1366 1360 augmento
1424 1292 1715 1356 praisertim
1771 1305 1865 1358 per
1896 1288 2232 1341 venerabiles

675 1388 868 1441 fratres
898 1395 1111 1438 nostros
1164 1384 1221 1436 ὃ.
1274 1382 1528 1435 Romanae
1568 1382 1818 1436 Ecclesia:
1875 1374 2230 1434 cardinaliutn

675 1475 898 1545 provide
928 1484 1074 1543 gesta
1102 1483 1248 1534 sunt,
1282 1473 1471 1538 placidi
1525 1473 1757 1539 pastoris
1786 1480 2005 1539 aspectu
2046 1454 2249 1537 benng

674 1566 799 1619 nius
826 1566 1116 1625 intuemur,
1152 1573 1208 1616 ut
1235 1579 1302 1615 tte
1334 1563 1418 1615 illa
1447 1563 1674 1630 alicujus
1700 1561 2069 1631 ambiguitatis
2098 1561 2225 1614 sub-

672 1654 929 1721 jiciantut‘
974 1655 1253 1726 scrupulo.
1310 1653 1403 1708 sed
1448 1664 1701 1721 perpetuo
1760 1654 1965 1707 illibata
2017 1666 2236 1722 perma-

680 1757 858 1810 neant,
894 1762 1049 1815 Opem
1074 1754 1127 1799 et
1154 1760 1370 1815 operam
1400 1744 1684 1799 efﬁcaciter
1705 1744 2062 1809 itnpartimur.
2091 1741 2237 1796 Sane

677 1854 799 1893 cum
836 1839 1036 1892 dudum
1070 1837 1158 1891 fel.
1193 1835 1399 1890 record.
1427 1834 1554 1890 Pius
1591 1848 1724 1903 papa
1770 1834 1836 1899 ll,
1876 1835 2238 1900 praedecessor

682 1938 887 1997 noster,
922 1944 1044 1985 ven.
1071 1928 1225 1984 fratri
1254 1937 1439 1983 nostro
1478 1927 1809 1991 Bessarioni,
1834 1910 2087 1996 episcopo
2126 1924 2241 1978 'l‘uo

683 2023 931 2084 sculano.
986 2020 1243 2075 cardinali
1293 2018 1507 2073 Nicaeae
1557 2028 1883 2087 nuncupata,
1930 2019 2024 2086 qui
2076 2018 2237 2071 etiam

687 2124 812 2170 tunc
870 2115 1082 2167 titulum
1141 2111 1433 2180 presbyteri
1501 2110 1789 2165 cardinatis
1845 2109 2083 2165 basilica:
2141 2106 2241 2160 XII

686 2204 1059 2272 Apostolorum
1088 2202 1156 2256 de
1207 2200 1354 2255 Urbe
1416 2201 1470 2255 in
1523 2201 1897 2255 continendam
1941 2198 2239 2261 obtinebat,

687 2305 841 2360 prout
867 2296 1108 2357 obtinet',
1145 2303 1201 2345 ttt
1234 2292 1493 2359 capellam
1540 2293 1642 2345 sub
1683 2292 2023 2345 invocatione
2051 2290 2246 2344 S.‘Eu-

688 2386 881 2453 genius,
914 2387 1072 2436 sitam
1105 2386 1158 2437 in
1188 2385 1374 2436 eadem
1404 2372 1647 2442 basilica,
1688 2397 1810 2446 qua:
1858 2384 2099 2436 indotata
2129 2392 2248 2438 erat

686 2486 743 2530 et
770 2474 1166 2529 restauratioue
1196 2472 1487 2536 indigebat,
1514 2485 1779 2536 quamque
1803 2472 1915 2536 ipse
1965 2470 2247 2523 Bessarion

689 2563 974 2629 cpiscopus
1030 2574 1127 2627 pro
1168 2574 1281 2612 suae
1306 2559 1816 2627 progenitornmqne
1866 2570 2085 2609 suorum
2134 2560 2253 2607 ani-

692 2667 900 2706 marum
932 2651 1106 2704 salute
1133 2664 1229 2717 pro
1260 2666 1364 2703 uno
1389 2650 1668 2715 capellano
1712 2647 2038 2701 sufficienter
2069 2647 2254 2699 dotare

693 2744 1059 2803 desiderabat,
1107 2747 1173 2794 att
1227 2740 1612 2805 omnipotentis
1664 2737 1756 2791 Dei
1814 2738 2023 2792 tandem
2056 2747 2107 2789 et
2136 2738 2255 2806 glo-

699 2840 832 2886 tiam
879 2845 1131 2900 reparare
1177 2845 1240 2884 ae
1295 2830 1393 2883 sub
1445 2814 1779 2882 invocatione
1832 2826 1931 2884 SS.
1971 2829 2256 2889 ,Ilicbaelis

694 2926 1003 2991 archangeli
1041 2934 1095 2978 et
1111 2922 1335 2977 Joannis
1365 2922 1615 2989 Baptista
1639 2937 1701 2975 ac
1728 2922 1787 2977 S.
1839 2921 2089 2990 Eugenia:
2132 2921 2255 2973 inti-

698 3015 892 3077 tulare,
924 3028 1022 3067 nec
1048 3028 1156 3067 non
1187 3014 1358 3077 libris,
1399 3013 1733 3077 paramcntis
1765 3021 1820 3066 et
1854 3014 1977 3066 aliis
2000 3013 2257 3067 ecclesia-

700 3107 854 3163 sticis
881 3105 1214 3161 ornamentis
1248 3104 1432 3158 divino
1459 3106 1625 3158 cultui
1680 3104 1998 3158 necessariis
2045 3103 2256 3170 fult-ire,

703 3210 754 3255 ct
789 3186 1218 3265 competentibus
1242 3213 1337 3267 pro
1368 3211 1476 3250 uno
1500 3197 1842 3266 presbytero
1883 3194 2011 3249 inibi
2063 3198 2259 3251 missas

702 3304 752 3345 et
812 3290 991 3343 dit’ina
1045 3288 1215 3343 cilicia
1273 3289 1611 3341 eelebraturo
1670 3287 1930 3342 reditibus
1981 3288 2049 3341 de
2105 3287 2261 3345 bonis

705 3382 817 3435 s-tis
846 3381 1009 3434 etiam
1040 3394 1133 3447 per
1176 3378 1468 3431 Ecclesiam
1510 3378 1791 3445 acquisitis
1842 3377 2029 3431 dotare
2058 3387 2255 3445 posset,

707 3476 979 3531 licentiam
1015 3482 1070 3525 et
1106 3472 1411 3526 facultatem
1444 3486 1537 3538 per
1563 3484 1689 3523 suas
1723 3470 1932 3523 litteras
1959 3470 2261 3524 concessis-

705 3574 809 3626 set,
840 3581 903 3619 ac
935 3565 1102 3633 ipsius
1131 3563 1348 3631 capella:
1371 3564 1459 3629 jus
1489 3572 1801 3631 patronatus
1829 3571 1886 3615 et
1906 3553 2265 3629 praesentandi

706 3655 966 3710 cardinali
1021 3654 1175 3707 dictat
1233 3651 1468 3704 basilica
1524 3666 1623 3718 pro
1686 3661 1925 3719 tempore
1977 3650 2259 3704 essistenti

637 3792 640 3793 ν
707 3761 994 3815 personam
1030 3742 1274 3796 idoneam
1304 3742 1371 3794 ad
1406 3742 1551 3793 illam
1585 3753 1691 3793 tam
1746 3741 1917 3809 prima
1952 3742 2065 3793 vice
2099 3754 2260 3807 quam

707 3836 921 3904 quoties
959 3850 1076 3888 eam
1122 3846 1315 3887 vacare
1359 3833 1714 3899 contingeret,
1764 3832 1863 3884 sibi
1908 3840 1964 3884 et
1993 3841 2111 3899 post
2138 3843 2263 3884 eun

706 3928 889 3985 abbati
936 3923 1246 3979 monasterii
1298 3921 1357 3975 S.
1394 3922 1539 3975 l’auli
1583 3934 1735 3974 extra
1787 3936 1969 3977 muros
2003 3922 2176 3988 Urbis,
2212 3934 2268 3976 et

710 4018 875 4088 priori
925 4016 1117 4069 domus
1149 4012 1207 4068 S.
1243 4011 1423 4065 naria
1458 4014 1526 4065 de
1556 4010 1758 4079 Populo
1797 4013 1865 4065 de
1890 4014 2080 4065 eadem
2112 4013 2263 4080 urbe,

712 4109 769 4163 5.
807 4106 1077 4160 Benedicti
1107 4115 1162 4158 et
1191 4101 1554 4155 Eretuitarum
1582 4099 1647 4154 S.
1686 4101 1961 4169 Augustini
1994 4101 2269 4168 ordinum,

714 4199 877 4253 etiam
932 4211 1035 4263 pro
1079 4206 1319 4263 tempore
1369 4194 1775 4257 exsistentibns,
1828 4192 1882 4245 in
1923 4206 2265 4263 perpetuum,

715 4288 815 4340 nisi
856 4285 1012 4338 aliter
1037 4285 1167 4336 ante
1207 4292 1432 4335 mortem
1462 4297 1609 4334 suam
1641 4281 1969 4347 disponeret,
2009 4284 2146 4336 idem
2182 4284 2271 4351 jus

713 4386 1029 4445 patrunatus
1088 4384 1141 4427 et
1206 4374 1560 4441 pratscnlandi
1626 4376 1939 4441 presbytero
2010 4374 2272 4427 cardinali

716 4469 952 4523 basilica:
992 4468 1255 4535 praedicta:
1293 4481 1387 4534 pro
1421 4476 1659 4534 tempore
1688 4466 1965 4519 exsistetiti
2004 4478 2277 4517 reservas-

714 4569 820 4623 set,
852 4575 915 4612 ac
950 4560 1199 4629 lil‘iﬁiiﬂlis
1244 4557 1522 4611 Bcssariun
1577 4559 1770 4609 dictam
1812 4560 2073 4624 capellam
2114 4572 2272 4626 repa-

716 4662 834 4703 rare
862 4657 914 4702 ει
947 4664 1143 4701 ornare
1168 4648 1440 4715 cepisset,
1474 4650 1627 4717 eique
1673 4646 1828 4717 152
1860 4666 1955 4717 pro
1987 4652 2110 4703 dote
2140 4666 2291 4720 non:

719 4741 860 4791 nulla
901 4748 1029 4791 tunc
1078 4752 1331 4804 expressa
1369 4740 1504 4790 bona
1544 4741 1766 4792 emisset
1792 4732 2266 4807 atque'donasset,

721 4827 973 4895 praefatus
1008 4828 1365 4892 praedecessor
1414 4827 1750 4889 postmodum
1776 4827 1849 4877 ad
1886 4829 2053 4894 ipsius
2082 4826 2272 4883 Bessa-

724 4920 891 4971 rionis
941 4916 1275 4979 instantiam,
1326 4925 1381 4968 ct
1409 4929 1475 4969 ex
1501 4917 1665 4968 certis
1700 4916 2049 4974 rationalibus
2096 4924 2273 4976 causis

724 5023 845 5063 tunc
874 5011 1163 5076 expressis,
1199 5018 1255 5061 et
1288 5008 1589 5076 praesertim
1622 5017 1679 5060 ut
1711 5009 1761 5081 in
1816 5009 1930 5077 ipsa
1965 5012 2183 5066 basilica
2217 5016 2269 5066 in

722 5102 914 5155 divinis
950 5115 1181 5169 congrue
1209 5098 1524 5161 serriretur,
1564 5097 1706 5157 illam
1736 5099 1801 5151 de
1831 5102 2076 5153 smculari
2101 5104 2273 5157 eet-le-

722 5198 800 5251 sia
826 5197 891 5247 ad
923 5196 1163 5248 ordinem
1196 5190 1439 5244 Fratrum
1474 5192 1735 5244 minorum
1763 5192 1947 5244 reduci
1968 5195 2271 5261 intendens,

724 5301 819 5355 per
847 5288 1105 5353 quasdam
1140 5284 1272 5336 alias
1298 5297 1426 5337 snas
1464 5284 1671 5337 litteras
1719 5286 1973 5337 vettcrab.
2004 5283 2129 5337 ft'at.
2174 5302 2271 5338 no-

727 5390 839 5432 stro
894 5376 1115 5432 Nicolao
1157 5376 1558 5443 archiepiscopo
1612 5374 1894 5445 Sipontino
1941 5376 2090 5430 dedit
2140 5380 2275 5434 inter

729 5479 917 5523 rmtera
948 5470 1000 5523 in
1047 5468 1312 5523 mandatis
1340 5480 1401 5521 ut
1434 5468 1601 5535 ipsam
1645 5467 1919 5523 basilicam
1951 5468 2274 5537 professori-

728 5561 827 5614 bus
856 5561 983 5612 dicti
1014 5558 1216 5614 ordinis
1243 5544 1487 5612 Fratrutn
1535 5556 1799 5612 Minorem
1850 5558 2192 5624 concederet,
2223 5574 2278 5616 et

729 5661 806 5705 tot
840 5654 1033 5705 fratres
1065 5652 1116 5704 itt
1154 5663 1216 5705 ea
1251 5650 1552 5705 institueret
1604 5660 1734 5720 quot
1764 5665 1831 5705 ex
1865 5652 1983 5720 ejus
2013 5649 2275 5711 fructibus

1474 271 1574 332 DE
1611 272 1789 330 VITA
1826 267 1923 327 er
1963 260 2221 326 assus
2264 211 2541 322 δέδηε
2578 261 3084 327 Bessaatoms

3758 250 3887 339 erat

2325 358 2562 439 congrue
2609 380 2904 433 sustentari
2934 386 3176 449 possent,
3217 392 3318 432 nec
3363 390 3472 431 non
3539 381 3810 430 statueret
3832 359 3893 441 et

2323 469 2599 523 ordinaret
2635 470 2781 538 quod
2817 484 3006 523 omnes
3060 479 3116 523 et
3143 468 3337 536 singuli
3397 466 3627 530 fructus,
3658 465 3898 526 reditus,

2325 571 2635 628 proventus,
2652 564 3018 629 possessiones
3034 570 3086 614 et
3117 563 3253 613 bona
3284 560 3453 629 ipsius
3480 558 3721 613 basilica:
3737 571 3894 611 cotu-

2328 653 2529 715 ntunia,
2563 667 2624 706 ac
2654 652 2740 707 illa
2773 670 2892 721 qme
2918 653 2984 707 ad
3031 656 3411 707 canonicatum
3458 660 3514 705 et
3540 638 3892 719 praebendam

2327 741 2619 796 cardinalis
2646 756 2743 810 pro
2775 753 3015 813 tempore
3044 742 3355 796 exsistentis
3388 738 3717 807 supradicta
3738 736 3895 791 basi—

2326 834 2445 885 lica:
2475 848 2543 887 ex
2578 843 2726 898 tunc,
2756 833 2861 887 alia
2915 847 3048 887 vero
3104 847 3231 901 quasi
3265 831 3332 885 ad
3368 830 3502 883 alios
3536 831 3900 905 canonicatus

2326 928 2385 976 et'
2404 922 2722 992 praebendas
2747 939 2811 977 ac
2846 922 3104 978 beneﬁcia
3150 924 3317 991 ipsius
3365 921 3600 975 basilicae
3653 906 3902 984 periise.

2330 1013 2477 1076 bant,
2512 1030 2671 1083 quam
2696 1019 2927 1083 primum
2947 1016 3235 1070 canonicos
3262 1015 3344 1067 vel
3374 1012 3720 1067 benelieiatos
3748 1010 3906 1077 (jus-

2304 1104 2451 1167 ;dem
2498 1106 2740 1160 ecclesia
2799 1106 2992 1160 cedere
3047 1106 3128 1159 vel
3184 1100 3471 1171 decedere,
3515 1112 3607 1155 aut
3658 1116 3723 1154 ea
3758 1101 3899 1153 alias

2335 1213 2557 1265 quoquo
2592 1198 2751 1259 modo
2775 1199 3050 1252 dimittere
3081 1199 3435 1265 contingeret,
3467 1194 3672 1248 eisdem
3708 1187 3899 1243 fratri-
3932 1242 3939 1245 ,

2335 1290 2433 1341 bus
2465 1304 2758 1358 eorumque
2787 1289 2963 1343 ordini
3007 1288 3271 1348 Minorem
3297 1272 3616 1356 applicaret.
3650 1280 3892 1346 Quarum

2334 1378 2550 1445 quidem
2603 1380 2964 1448 posteriorum
3030 1379 3331 1432 litterarum
3403 1377 3592 1441 vigore
3636 1370 3902 1440 prmfatn’s

2333 1468 2587 1525 Nicolans
2624 1470 3061 1537 archiepiscopus
3093 1469 3367 1523 basilicam
3414 1468 3582 1533 ipsam
3612 1462 3905 1518 Fratribus

2340 1563 2631 1627 concessit,
2662 1576 2727 1614 ae
2761 1562 2949 1615 statuit
2993 1570 3051 1614 et
3098 1559 3370 1615 ordinavit
3417 1557 3642 1617 fructus,
3698 1552 3913 1605 reditus

2305 1662 2393 1705 -et
2415 1662 2725 1718 proventus,
2757 1666 2819 1705 ac
2849 1652 3217 1721 possessiones
3243 1657 3299 1703 et
3327 1650 3464 1703 bona
3492 1647 3746 1721 prmdicta
3771 1642 3913 1710 ipsis

2338 1759 2639 1815 eorumque
2672 1746 2853 1799 ordini
2891 1746 3154 1798 Minorum
3185 1743 3464 1810 applicari.

2412 1837 2545 1889 Cum
2601 1838 2804 1905 itaque,
2865 1836 3005 1890 sicut
3054 1833 3307 1904 prazfatns
3370 1833 3658 1887 Bessarion
3716 1843 3911 1884 coram

2344 1930 2497 1982 nobis
2526 1942 2695 1994 nuper
2725 1927 3004 1992 exposuit,
3034 1936 3089 1979 et
3120 1921 3390 1994 rei'etiam
3426 1921 3696 1977 evidentia
3728 1920 3917 1972 mani-

2344 2020 2525 2086 festat,
2576 2019 2747 2087 ipsam
2779 2017 2975 2071 dictam
3020 2014 3276 2081 capellam
3324 2011 3698 2081 reparaverit,
3736 2017 3790 2064 et
3822 2010 3918 2064 di-

2345 2112 2461 2181 gnis
2497 2111 2719 2180 picturis
2743 2124 2806 2163 ac
2850 2106 3177 2178 paramentis
3201 2114 3255 2159 et
3286 2102 3620 2159 ornamentis
3661 2112 3765 2156 tant
3813 2118 3918 2157 se-

2345 2203 2506 2257 riceis
2544 2218 2705 2270 quam
2732 2200 3003 2268 argenteis
3049 2199 3228 2253 divino
3278 2196 3444 2250 cultui
3474 2196 3616 2264 aptis
3648 2194 3920 2249 decenter

2344 2295 2642 2356 ornaverit,
2689 2302 2744 2346 et
2794 2294 2845 2345 in
2877 2273 2949 2344 ea.
2987 2272 3139 2343 suam
3188 2290 3517 2359 sepulturant
3568 2288 3815 2357 elegerit,
3860 2293 3923 2341 et

2347 2386 2593 2451 quamvis
2612 2383 2739 2434 olim
2776 2397 2873 2447 pro
2897 2382 3022 2435 dote
3057 2383 3228 2450 ipsius
3268 2380 3490 2449 capella:
3519 2372 3754 2448 quinque
3788 2392 3925 2446 par-

2351 2481 2433 2527 tes
2480 2488 2545 2527 es
2598 2472 3170 2540 duodecinwpartibus
3220 2472 3545 2540 infrascripti
3594 2470 3831 2533 casalis,
3867 2477 3927 2523 ct

2356 2571 2501 2617 certa
2532 2564 2635 2615 alia
2673 2572 2799 2615 tunc
2836 2574 3094 2627 expressa
3133 2564 3271 2614 bona
3302 2562 3458 2621 dieue
3480 2561 3696 2629 capella:
3747 2562 3930 2615 dona-

2356 2642 2515 2713 verit,
2544 2662 2722 2705 tamen
2756 2666 2927 2720 nuper
2963 2662 3063 2703 suo
3106 2651 3287 2704 animo
3325 2651 3378 2704 in
3425 2652 3625 2704 boaum
3669 2643 3930 2718 quotidie

2358 2744 2526 2808 magis
2555 2739 2903 2806 fervescente,
2931 2742 3129 2808 emptis
3166 2740 3234 2793 ab
3252 2755 3317 2793 eo
3346 2756 3373 2793 a
3406 2740 3636 2795 diversis
3667 2743 3933 2810 personis

2357 2833 2581 2901 reliquis
2632 2844 2834 2901 septem
2886 2834 3131 2902 partibus
3171 2832 3367 2889 casalis
3418 2832 3717 2903 Cieognolat
3744 2848 3933 2899 novae,

2358 2922 2447 2977 siti
2486 2923 2540 2975 in
2568 2921 2718 2975 Latio
2742 2931 2890 2976 extra
2924 2933 3135 2990 portam
3170 2922 3397 2990 Appiam
3446 2922 3599 2976 alutae
3644 2921 3823 2987 Urbis,
3872 2932 3936 2977 et

2359 3015 2464 3069 alia
2498 3016 2789 3069 donatione
2823 3015 3094 3081 praedicta,
3147 3023 3401 3082 tanquam
3460 3018 3638 3071 minus
3665 3014 3930 3081 fecunda,

2360 3122 2456 3176 per
2490 3122 2615 3160 eum
2665 3116 2935 3167 revocata,
2984 3116 3152 3158 tutum
3206 3106 3408 3159 dictutn
3444 3106 3624 3159 casale
3650 3120 3771 3160 eum
3800 3111 3933 3158 orn-

2363 3199 2519 3255 nibus
2546 3209 2599 3251 et
2630 3198 2855 3274 singulis
2882 3196 3210 3261 tenimentis,
3257 3198 3418 3251 terris
3448 3197 3606 3251 cultis
3638 3207 3693 3251 et
3731 3197 3936 3251 iacnt-

2362 3292 2454 3357 tis,
2488 3292 2680 3363 pratis,
2710 3291 2891 3360 aquis,
2919 3304 3178 3358 aquarum
3234 3289 3547 3346 decursibus
3576 3290 3801 3357 aliisque
3826 3288 3939 3359 itt-

2361 3383 2511 3438 iibus
2561 3393 2616 3435 et
2647 3381 2988 3449 pet-tinezttiis
3039 3380 3175 3441 suis.
3226 3393 3328 3433 nec
3386 3394 3490 3432 non
3522 3379 3804 3448 quamdam
3833 3378 3929 3433 ri-

2364 3490 2527 3530 neanr
2548 3487 2813 3528 mensurae
2858 3482 3062 3540 septem
3124 3470 3411 3539 petiarum,
3442 3469 3526 3523 vel
3557 3469 3728 3535 circa,
3766 3469 3941 3525 sitam

2365 3563 2504 3617 intra
2531 3563 2733 3618 mtenia
2760 3561 2925 3618 Urbis
2950 3562 3002 3615 in
3038 3558 3158 3615 loco
3185 3560 3239 3615 S.
3269 3557 3492 3615 Czesarii
3529 3560 3580 3614 in
3609 3559 3767 3614 Turri
3800 3576 3944 3615 nun-

2364 3665 2583 3724 cupato,
2612 3654 2861 3708 similiter
2895 3668 2923 3706 a
2958 3668 3017 3707 se
3062 3664 3341 3722 emptam;
3384 3653 3604 3721 aliaque
3646 3651 3837 3719 joealia
3875 3660 3941 3707 et

2363 3754 2678 3805 ornamenta
2738 3746 2991 3813 praedicta
3037 3745 3212 3799 eidem
3267 3744 3486 3811 capellae
3535 3745 3759 3799 donavit
3786 3752 3839 3797 et
3873 3743 3935 3798 in

2368 3835 2548 3889 dotem
2594 3834 2875 3888 constituit
2911 3849 2973 3886 ae
3021 3833 3335 3901 assignavit.
3365 3833 3428 3887 Et
3456 3834 3579 3901 quia
3613 3842 3736 3899 post
3770 3832 3934 3903 153

2368 3925 2757 3979 emanationem
2836 3924 3075 3992 priorum
3156 3925 3456 3977 litterarum
3547 3914 3928 3993 pmdiclarilm

2370 4013 2487 4081 ipsa
2518 4013 2737 4068 basilica
2769 4012 2925 4065 dictis
2951 4011 3230 4065 Fratribus
3251 4011 3461 4066 ordinis
3494 4010 3762 4067 Minorem
3787 4028 3925 4069 con-

2371 4117 2521 4156 cessa
2576 4112 2629 4156 et
2687 4105 2752 4155 ad
2810 4117 2999 4157 eorum
3057 4103 3300 4156 ordinem
3354 4105 3574 4158 reducta
3612 4106 3937 4168 esstitit,nt

2374 4197 2677 4273 praefertur,
2712 4197 2853 4251 idem
2877 4198 3186 4262 cardiualis,
3243 4198 3557 4253 existimans
3586 4213 3685 4267 per
3717 4197 3937 4253 eosdem

2379 4282 2601 4345 Fratres
2643 4294 2817 4357 posse
2855 4289 3013 4343 dicta:
3046 4290 3267 4359 capellae
3311 4290 3365 4343 in
3394 4290 3588 4342 divinis
3615 4290 3945 4344 convenien-

2377 4384 2556 4436 tiuset
2580 4381 2788 4434 facilius
2812 4396 2972 4447 quam
3006 4394 3098 4445 per
3151 4380 3439 4433 satculares
3469 4380 3812 4449 presbyteros
3839 4378 3939 4433 de-

2374 4472 2766 4545 serviri,ipsos
2808 4470 3026 4523 Fratres
3078 4470 3299 4524 indicta
3351 4471 3552 4537 capella
3586 4471 3833 4532 instituit,
3871 4486 3940 4525 ae

2373 4566 2540 4617 voluit
2566 4574 2614 4617 et
2657 4562 2945 4624 ordinavit,
2969 4562 3108 4629 quod
3135 4562 3235 4627 ipsi
3292 4559 3511 4614 Fratres
3539 4562 3733 4613 dictam
3758 4563 3942 4629 capel-

2320 4672 2346 4708 .·
2382 4658 2485 4711 iam
2514 4664 2566 4710 et
2598 4670 2693 4723 per
2727 4653 2965 4721 ipsorum
2998 4649 3367 4720 procuratores
3426 4651 3507 4703 vel
3536 4651 3789 4720 syndicos
3820 4651 3939 4717 eius

2382 4747 2518 4801 bOna
2562 4753 2823 4807 tenerent,
2848 4752 2899 4797 ct
2925 4743 2976 4795 in
3007 4741 3194 4796 eadem
3220 4742 3421 4810 capella
3463 4742 3607 4796 omni
3646 4742 3738 4797 die
3776 4758 3939 4799 uuam

2383 4841 2601 4892 missam
2662 4838 3006 4892 celebrarent
3043 4835 3127 4886 vel
3184 4836 3446 4889 Celebrari
3510 4835 3777 4901 facerent,
3835 4836 3942 4898 hoc

2382 4929 2539 4983 modo
2574 4928 3047 4991 videlicet,diebus
3080 4926 3352 4985 Mercurii,
3377 4925 3597 4981 Veneris
3616 4939 3670 4981 et
3689 4926 3940 4995 Sabbati,

2310 5064 2313 5067 .
2382 5024 2594 5074 missam
2627 5035 2723 5086 pro
2757 5020 3059 5086 defunctis,
3094 5019 3180 5071 die
3233 5034 3358 5071 vero
3398 5018 3676 5073 Dominico
3710 5020 3937 5076 missam

2382 5123 2709 5177 currentem,
2780 5123 2833 5166 et
2878 5112 2963 5167 die
3027 5112 3191 5164 Luna
3248 5111 3463 5166 missam
3494 5100 3824 5183 gS.‘Angeli,
3850 5112 3941 5168 die

2384 5219 2507 5256 vexo
2536 5204 2719 5256 Martis
2749 5206 2965 5258 missam
2999 5202 3055 5255 S.
3087 5203 3308 5256 Joannis
3336 5203 3604 5271 Baptism,
3640 5216 3696 5260 et
3740 5209 3826 5262 die
3844 5205 3945 5261 Jo-

2383 5298 2463 5349 vis
2504 5297 2721 5349 missam
2750 5293 2810 5347 S.
2842 5292 3121 5347 Trinitatis
3165 5310 3286 5347 cum
3328 5299 3843 5353 comtttentoratioue
3869 5298 3936 5355 8.

2385 5386 2652 5453 [iugi-nite,
2682 5395 2735 5438 et
2759 5386 2921 5439 etiam
2960 5399 3079 5437 cum
3108 5385 3328 5440 collecta
3362 5387 3412 5441 iu
3434 5389 3683 5459 qualibet
3715 5403 3815 5460 pro
3842 5392 3941 5445 de-

2384 5474 2581 5527 functis
2629 5472 2906 5527 referendo
2930 5489 3027 5542 pro
3055 5477 3217 5529 certis
3240 5491 3335 5543 per
3366 5478 3535 5545 ipsum
3554 5478 3941 5535 Bcssarioncm

2385 5565 2700 5619 nctuinatim
2728 5566 3015 5632 expreSsis,
3047 5582 3146 5620 nec
3178 5582 3282 5621 non
3335 5568 3477 5636 quod
3508 5568 3665 5622 annis
3688 5568 3944 5639 singulis,

2384 5657 2590 5712 dctitua
2635 5656 2719 5711 die
2760 5656 2956 5712 mensis
3003 5656 3355 5726 Septembris,
3415 5665 3699 5712 teneantur
3745 5658 3949 5717 fratres
