4138 6328
165 318 301 357 XCI"

167 426 266 493 ipsi
301 431 526 474 cantare
561 418 764 488 vigilias
793 430 1147 487 mortuorum,
1198 430 1251 473 et
1284 402 1500 472 missum
1534 420 1731 471 solent—

163 530 289 570 nem
326 528 425 581 pro
475 511 751 566 defunctis
808 513 1084 579 expressis
1137 510 1411 578 prmdietis
1462 526 1524 563 ac
1564 511 1729 565 voluit

163 589 308 660 idem
340 604 646 659 Bcssarion.
678 602 834 669 Quod
878 605 925 657 si
969 619 1075 673 quo
1106 621 1236 659 casu
1279 604 1567 675 aliquando
1603 621 1731 660 cou-

164 696 398 766 tingeret
438 696 582 764 quod
612 694 739 749 dicti
787 696 982 749 fratres
1012 697 1079 750 ab
1106 691 1293 751 eadem
1326 698 1541 750 basilica
1581 711 1733 749 recc-

159 789 357 841 dereut
393 800 622 855 eamque
665 778 1021 848 dimitterent,
1078 789 1327 855 dictaque
1381 788 1603 842 basilica
1662 791 1727 840 a:l

160 878 429 932 dictorum
457 880 794 937 molarium
831 879 1066 949 regimen
1112 882 1493 953 reduceretur,
1526 891 1655 935 tunc
1678 891 1732 935 et

158 983 230 1025 eo
264 986 392 1024 casu
418 970 619 1025 dictum
645 973 740 1041 jus
768 982 1087 1040 patronatus
1118 974 1293 1027 locum
1324 974 1542 1041 habere,
1580 976 1727 1029 illud.

158 1077 274 1131 que
301 1064 367 1116 ad
410 1064 658 1118 abbatem
716 1065 1029 1120 monasterii
1079 1064 1321 1135 S.,Pauli
1379 1056 1447 1121 et
1486 1069 1726 1137 priorem

158 1156 359 1211 domus
390 1155 453 1213 S.
480 1157 661 1211 naria
688 1157 758 1211 de
784 1159 984 1226 Populo
1012 1161 1392 1227 praedictorum
1429 1164 1722 1231 pertinere.

161 1248 231 1301 Et
254 1249 377 1318 quia
396 1250 511 1318 ipsa
539 1251 742 1318 capella
774 1266 871 1319 pro
898 1232 1106 1306 duobus
1136 1252 1429 1321 capellanis
1454 1254 1726 1309 sufﬁcien-

160 1344 250 1390 ter
277 1354 373 1407 per
408 1338 692 1407 prcfatum
752 1339 1125 1395 Bessarionem
1195 1343 1380 1397 dotata
1437 1351 1553 1407 est,
1581 1343 1726 1412 quod

161 1436 297 1482 tunc
338 1436 393 1480 et
436 1444 504 1482 eo
560 1443 690 1481 casu
742 1427 841 1496 ipsi
886 1430 1054 1484 abbas
1106 1440 1160 1485 et
1218 1420 1384 1498 prior,
1419 1441 1524 1489 tam
1554 1432 1729 1498 prima

160 1519 290 1572 vice
317 1534 477 1586 quam
511 1522 720 1587 quoties
746 1532 906 1575 caSus
956 1522 1099 1576 illius
1152 1523 1447 1577 vacationis
1477 1538 1731 1577 occurre-

163 1611 260 1672 fit,
290 1611 421 1664 duas
452 1627 711 1678 personas
740 1614 793 1666 in
842 1600 1149 1669 sacerdotio
1197 1617 1521 1669 constitutas
1551 1616 1730 1668 cardi-

160 1707 277 1758 nali
311 1707 429 1773 eius
462 1706 694 1761 basilica:
739 1722 837 1776 pro
878 1718 1116 1776 tempore
1157 1710 1436 1762 exsistenti
1481 1724 1581 1777 per
1606 1722 1729 1761 eum

163 1798 547 1879 iustituendash
567 1808 896 1866 praesentare
943 1800 1327 1869 debeant;qui
1388 1802 1604 1869 quidem
1636 1813 1726 1854 ca-

160 1889 365 1957 pellani
393 1890 631 1959 qualibet
659 1892 964 1960 septimana
1019 1902 1222 1961 septem
1254 1893 1471 1956 missas,
1500 1892 1734 1960 singulis

161 1979 415 2032 videlicet
444 1980 630 2034 diebus
656 1982 894 2051 singulas
921 1982 974 2035 in
1018 1984 1207 2037 eadem
1254 1984 1459 2052 capella
1488 1981 1730 2036 vicissim

161 2073 330 2126 modo
375 2081 425 2124 et
469 2074 659 2127 ordine
705 2076 959 2139 superius
1004 2076 1309 2144 expressis,
1359 2084 1417 2129 et
1468 2074 1733 2144 praedicta

160 2162 372 2216 decima
403 2163 492 2217 die
524 2166 734 2232 vigilias
792 2177 1126 2220 mortuorum
1178 2180 1234 2221 et
1294 2146 1525 2220 cilicium
1560 2174 1731 2220 totum

158 2261 214 2303 et
252 2253 471 2306 missam
512 2268 609 2321 pro
650 2252 921 2309 defunctis
947 2254 1144 2323 legere
1191 2264 1496 2309 teneantur.
1524 2254 1733 2307 Casalis

159 2355 297 2393 vero
325 2352 379 2395 et
412 2343 579 2397 vinea:
606 2354 661 2398 et
682 2343 906 2398 aliorum
937 2343 1201 2397 bonorum
1229 2352 1283 2397 et
1303 2344 1561 2413 jocalinm
1595 2356 1732 2409 prae-

159 2432 429 2485 dictorum
459 2434 560 2502 ipsi
596 2434 845 2502 capellae,
904 2444 963 2489 ut
1000 2435 1336 2504 praedicitur,
1384 2434 1730 2498 donaturum,

156 2535 215 2576 et
242 2538 693 2594 quorumcunque
724 2526 947 2579 aliorum
980 2526 1053 2591 ei,
1090 2527 1200 2580 vita
1234 2525 1454 2588 comite,
1476 2527 1529 2578 in
1552 2526 1733 2588 poste-

162 2630 287 2667 rum
329 2616 702 2669 donandorum
756 2616 1135 2672 alienationem
1184 2616 1421 2687 cujusvis
1445 2614 1733 2683 speeieiae

161 2707 379 2771 generis
408 2707 545 2760 idem
573 2705 877 2775 Bcssarion,
913 2717 1020 2761 tam
1048 2707 1300 2762 Fratrum
1332 2707 1571 2777 ipsorum
1606 2719 1733 2772 syn-

159 2786 303 2853 dicis
330 2813 489 2868 quam
523 2799 575 2852 in
610 2798 937 2867 promissum
996 2808 1242 2853 eventum
1276 2796 1566 2864 rapellanis
1593 2810 1732 2863 pra:-

157 2890 348 2954 dictis,
383 2898 436 2945 et
484 2890 891 2959 quibuscunque
931 2890 1053 2944 aliis
1091 2878 1249 2945 dicta:
1277 2889 1496 2958 capella:
1530 2898 1581 2942 et
1616 2888 1733 2956 ejus

156 2982 431 3037 bonorum
485 2980 1049 3047 adininistratoribus,
1126 2974 1384 3050 perpetuo
1441 2979 1734 3033 'interdixit

159 3084 331 3143 atque
356 3072 649 3142 prohibuit,
677 3073 861 3129 volens
889 3073 1049 3145 155.
1097 3072 1451 3128 alienationes
1482 3071 1648 3139 ipsas,
1685 3070 1731 3123 si

158 3183 287 3236 quae
333 3166 387 3221 in
419 3176 531 3221 toto
556 3165 641 3221 vel
681 3167 731 3221 in
766 3176 938 3235 parte,
992 3164 1135 3235 quod
1177 3164 1339 3226 absit,
1372 3165 1585 3224 tierent,
1616 3161 1734 3215 nul-

160 3260 268 3316 lius
298 3274 421 3315 esse
465 3259 678 3316 roboris
717 3260 799 3314 vel
824 3258 1129 3328 lmenreuti,
1165 3257 1262 3311 sed
1293 3256 1551 3311 adversus
1580 3267 1732 3327 emp-

157 3358 311 3403 tores
341 3358 435 3401 aut
464 3348 599 3403 alias
633 3340 872 3417 ipsorum
924 3347 1141 3410 casalis,
1176 3345 1343 3399 vinea:
1378 3353 1436 3400 et
1465 3345 1728 3399 bonorum

154 3455 487 3511 quocunque
529 3440 687 3493 titulo
712 3447 1014 3507 receptores
1047 3439 1323 3507 pradicﬁs
1356 3437 1617 3491 fratribus
1647 3436 1731 3495 vel

153 3531 455 3600 capellanis
499 3542 819 3599 quocunque
860 3539 1099 3597 tempore
1155 3528 1268 3582 fore
1302 3528 1370 3582 ad
1400 3528 1489 3582 illa
1522 3545 1730 3601 regres-

152 3636 304 3684 sum,
334 3628 495 3687 prout
521 3628 630 3673 tam
662 3619 714 3671 in
742 3618 1012 3686 praedictis
1040 3617 1236 3670 litteris
1264 3630 1425 3684 quam
1458 3632 1721 3686 processu

156 3725 253 3778 per
286 3712 466 3780 ipsum
500 3708 962 3776 archiepiscopum
985 3722 1151 3775 super
1177 3708 1381 3761 eisdem
1411 3711 1729 3775 posteriori-

152 3801 254 3853 bus
280 3799 481 3853 litteris
525 3796 729 3859 habito,
752 3806 808 3849 et
852 3797 1084 3866 quodam
1127 3798 1342 3866 publico
1370 3800 1725 3854 instrumento

150 3906 322 3960 super
373 3890 671 3944 donatione
715 3898 770 3942 et
824 3888 876 3943 in
904 3886 1083 3943 dotem
1136 3889 1545 3956 constitutione,
1587 3893 1725 3947 assi-

149 3984 433 4052 gnatione,
465 3980 763 4045 voluntate,
806 3980 1144 4044 ordinatione
1180 3989 1235 4034 et
1284 3979 1403 4035 aliis
1433 3983 1724 4047 praemissis

147 4073 425 4135 confecto,
450 4087 680 4141 quorum
706 4073 945 4127 omnium
981 4082 1193 4127 tenores
1231 4071 1722 4143 diligenterinspici

146 4175 201 4219 et
258 4165 567 4219 examinari
636 4164 882 4231 fecimus,
932 4178 986 4220 et
1022 4181 1115 4221 eos
1154 4180 1219 4219 ac
1276 4167 1322 4220 si
1354 4168 1420 4220 de
1464 4168 1629 4221 verbo
1658 4160 1732 4221 ad

145 4251 380 4312 ierbum
405 4260 762 4327 praesentibus
818 4261 1201 4325 insererentur,
1261 4261 1447 4316 haberi
1477 4266 1732 4331 volumus
1812 4280 1820 4297 ι

146 4364 249 4415 pro
274 4350 573 4418 expressis,
621 4349 831 4418 plenius
872 4354 1202 4407 continetur.
1252 4354 1433 4417 Quare
1470 4356 1725 4424 praefatus

146 4440 449 4493 Bessarion
485 4440 640 4494 nobis
670 4442 946 4496 humiliter
986 4447 1305 4514 supplicavit
1339 4457 1394 4500 ut
1433 4451 1723 4515 praemissis

144 4530 411 4582 omnibus
432 4540 487 4583 et
515 4531 741 4600 singulis
768 4550 863 4601 pro
896 4524 1472 4591 illorum-subsistentia
1497 4541 1734 4609 {imiimi

144 4619 321 4671 robur
370 4620 679 4685 apostolica:
726 4625 1152 4677 continuationis
1200 4627 1433 4694 adjicere
1481 4604 1734 4697 aliaSqut-V
1792 4604 1867 4710 ὦ

141 4724 315 4778 super
356 4710 440 4762 bis
468 4722 767 4778 Opportune
812 4716 1095 4782 providere
1141 4718 1209 4771 de
1243 4719 1567 4786 benignitate
1592 4738 1720 4790 upo-

145 4797 346 4852 swlica
377 4799 742 4867 dignarentur.

211 4889 333 4943 Nos
376 4889 557 4958 igitur,
594 4894 683 4959 qui
719 4891 1015 4959 huiusmodi
1081 4898 1425 4953 laudabilium
1468 4919 1715 4970 operum,

141 4996 240 5045 per
264 4997 397 5051 qua:
429 4984 644 5037 divinus
671 4987 847 5040 cultus
881 5002 1132 5056 augetur,
1186 4995 1538 5047 ecclesiarum
1573 4998 1717 5049 basi-

141 5076 263 5131 lica
323 5077 676 5137 (lacerantur,
727 5088 783 5131 et
818 5080 1115 5134 animarum
1168 5095 1272 5135 tam
1322 5086 1711 5143 instituentiuul

140 5183 308 5235 quam
361 5169 593 5222 aliorum
646 5170 881 5226 ﬁdelium
932 5176 1092 5228 saluti
1146 5179 1363 5241 previdc
1393 5180 1711 5241 cetzsulitur,

136 5265 622 5315 commendatores
649 5271 811 5330 atque
835 5264 1073 5319 fautores
1114 5269 1343 5321 libenter
1376 5272 1708 5337 exsistimus,

138 5356 194 5399 et
222 5358 287 5399 ut
316 5361 643 5414 perpetuum
678 5368 911 5422 vigorem
946 5356 1198 5423 liatseaut,
1240 5374 1495 5425 quantum
1528 5374 1709 5415 nostra

138 5440 286 5493 valet
332 5434 575 5506 pmvisio
606 5484 623 5506 ,
666 5445 957 5509 efficaciter
992 5463 1344 5523 poperatnur,
1401 5456 1707 5523 littjusmodi

136 5526 636 5601 supplicationibus
683 5524 957 5605 inclinati,
1001 5522 1391 5608 reparationem
1438 5522 1490 5599 et
1550 5565 1708 5600 orna-

137 5632 390 5672 mentum
422 5622 638 5686 capellze
667 5626 945 5688 praedictae,
976 5632 1175 5681 εἰρύεται
1212 5632 1485 5688 Fratribus
1513 5638 1707 5692 fectant

136 5710 553 5765 concessionem
601 5728 895 5782 eorumque
946 5721 995 5771 in
1056 5722 1139 5773 illa
1192 5726 1596 5795 institutionem,
1650 5744 1703 5786 et

628 5815 886 5891 Patitor“
931 5811 1035 5868 Gai
1073 5813 1267 5877 CLXI.

868 309 1165 377 uersu
1204 274 1557 367 BANDlNll
1594 308 2205 369 communes
2259 333 2325 343 ~-
2372 304 2779 366 APPENDIX.

3266 311 3389 351 χειν

1839 400 2033 468 εειειιιλξδ
2078 428 2131 469 et
2173 419 2358 480 \iueae,
2396 431 2492 469 nec
2539 432 2644 469 non
2686 411 2944 481 jocalium
2974 421 3027 464 (οι
3056 411 3399 465 ornamento-

1836 523 1951 561 rum
1985 522 2047 560 ac
2077 492 2336 562 bonurum
2380 490 2758 577 prm'llictorum
2796 505 2909 574 ipsi‘
2940 494 3174 573 capella!
3200 501 3396 557 factam

1832 600 2180 665 posteriorem
2207 586 2569 661 denationcm,
2595 614 2657 651 ac
2676 596 2769 663 jus
2803 603 3117 671 patronatus
3141 594 3195 646 in
3218 582 3387 646 even-

1832 699 1945 742 tum
1977 692 2283 756 prazdietum
2323 678 2581 742 duntaxat
2631 682 3039 742 concessionem
3097 683 3397 752 priorisque

1833 784 2253 846 revocationem,
2286 798 2381 835 nec
2409 797 2534 843 ,non
2575 770 2938 843 interdictum,
2989 784 3039 830 et
3074 772 3395 845 prohibitio-

1832 891 1954 930 nem
1985 892 2047 930 ac
2080 879 2404 931 voluntatmu
2431 886 2482 928 et
2511 874 2903 929 ordinationem
2931 866 3397 951 ipsiusBessario-

1832 977 1914 1029 nis
1947 972 2242 1027 caritinalis
2293 974 2502 1037 aliaque
2563 967 2837 1035 praemissa
2892 964 3013 1016 rata‘
3063 960 3321 1014 habentes
3342 969 3400 1012 et

1831 1048 2007 1135 grata,
2039 1056 2127 1117 illa
2162 1064 2339 1117 omnia
2376 1058 2437 1113 et
2477 1059 2683 1129 singula
2723 1059 2773 1110 in
2809 1056 3011 1131 litteris
3058 1061 3112 1106 et
3141 1065 3393 1119 processu

1831 1173 1895 1211 ae
1927 1159 2287 1211 instrumento
2320 1152 2590 1223 prredictis
2628 1157 2878 1204 contenta
2914 1156 2968 1200 et
3000 1144 3237 1215 qualibet
3271 1143 3395 1194 inde

1831 1257 2018 1304 secuta
2068 1246 2389 1317 auctoritate
2438 1242 2735 1319 apostolica
2784 1250 2937 1294 etes
2981 1246 3130 1291 certa
3166 1234 3392 1289 scientia

1834 1350 2023 1395 tenore.
2047 1320 2393 1408 prtesentium
2429 1335 2812 1389 conﬁrmamus
2840 1341 2894 1384 et
2921 1330 3299 1398 approbantus,
3329 1342 3391 1378 ac

1831 1414 2051 1502 plenum
2075 1430 2512 1489 roburobtinere
2534 1428 2896 1488 decernimus,
2934 1424 3244 1493 supplentes
3277 1437 3395 1472 om-

1832 1541 1930 1580 nes
1967 1536 2021 1579 et
2058 1524 2312 1593 singulos
2345 1522 2612 1584 defectus,
2670 1520 2715 1573 si
2745 1519 2834 1588 qui
2860 1518 3039 1575 forsan
3092 1515 3396 1568 intervene-

1832 1619 1944 1675 rint
2003 1618 2057 1670 in
2106 1617 2333 1681 eisdem,
2397 1629 2495 1669 nec
2556 1628 2660 1667 non
2717 1628 2837 1666 cum
2870 1610 3030 1663 dictis
3058 1594 3313 1661 fratribus
3337 1612 3397 1657 ut

1834 1709 2142 1781 pmdictam
2197 1708 2479 1777 capellam,
2526 1715 2580 1787 et
2638 1706 2780 1759 illius
2840 1718 2906 1757 ac
2969 1703 3124 1755 dicta:
3161 1699 3394 1777 basilicae.

1832 1803 2201 1871 possessiones
2231 1810 2285 1860 et.
2310 1799 2413 1852 alia
2455 1798 2591 1852 bona
2617 1797 2873 1865 praedicta
2905 1809 3002 1863 pro
3033 1793 3391 1862 paramentis,

1834 1893 2011 1956 libris,
2058 1890 2409 1951 ornamentis,
2464 1886 2846 1948 luminaribus,
2904 1899 3025 1939 cera
3069 1893 3119 1937 et
3157 1882 3276 1935 aliis
3307 1896 3397 1934 sa-

1835 1985 2035 2039 cristize
2060 1984 2229 2054 ipsius
2256 1982 2512 2045 basilicae,
2548 1980 2864 2036 eorumdem
2895 1991 3108 2046 quoque
3139 1973 3388 2029 Fratrum

1836 2075 2265 2135 necessitatibus.
2296 2074 2340 2126 si
2380 2073 2594 2128 aliunde
2626 2073 2752 2137 vita
2792 2068 3096 2125 necessaria
3138 2063 3391 2131 consequi

1834 2175 2127 2234 nequeant,
2160 2166 2419 2226 retinere,
2449 2178 2513 2217 ac
2546 2162 2914 2229 possessiones
2953 2171 3007 2215 et
3035 2162 3172 2213 bona
3204 2159 3394 2223 hujus-

1792 2276 1793 2279 η
1834 2258 1977 2310 modi
2031 2269 2126 2322 per
2175 2268 2513 2311 teconomum
2574 2253 2661 2307 vel.
2688 2259 3089 2318 procuratorem
3139 2241 3419 2300 idoneum‘

1833 2357 1927 2401 aut
1956 2347 2232 2416 syndicum
2260 2345 2456 2400 laieum
2487 2342 2889 2404 administrare,
2932 2341 3140 2394 illormn
3175 2351 3389 2405 queque

1833 2440 2081 2502 fruetus,
2131 2438 2333 2493 reditus
2382 2444 2437 2490 et
2484 2443 2785 2505 proventus
2832 2435 2884 2488 in
2933 2447 3061 2485 usus
3106 2430 3392 2499 praedictos

1832 2540 2148 2591 convertere
2180 2531 2343 2584 libere
2373 2542 2434 2588 ac
2468 2527 2611 2581 licite
2639 2526 2878 2590 valeant,
2905 2524 3222 2577 auctoritate
3251 2538 3391 2590 prae-

1834 2624 1975 2677 dicta
2003 2632 2185 2679 tenore
2203 2620 2544 2690 praesentium
2569 2618 2725 2689 155
2745 2620 2812 2673 de
2836 2618 3051 2687 speciali
3077 2604 3249 2687 gratia
3279 2616 3390 2674 dis-

1835 2727 2152 2779 pensatnus;
2172 2713 2495 2765 mandantes
2522 2710 2743 2777 insuper
2772 2702 3088 2779 presbytero
3127 2710 3385 2765 cardinali

1832 2803 1988 2858 dicta:
2015 2802 2253 2857 basilica:
2279 2800 2369 2871 qui
2404 2815 2499 2868 pro
2532 2811 2774 2867 tempore
2821 2800 3001 2865 fuerit,
3034 2802 3389 2871 utprazmissa

1831 2898 2011 2951 omnia
2052 2906 2105 2952 et
2143 2893 2353 2964 singula
2387 2892 2552 2949 faciat
2596 2907 2691 2961 per
2720 2893 2939 2949 eosdem
2982 2894 3201 2947 Fratres
3224 2893 3386 2946 velin

1833 2989 2143 3059 praedictum
2178 3000 2430 3044 eventum
2476 2989 2786 3057 capellanos
2833 2991 2988 3044 dicta:
3028 2988 3245 3056 capella:
3297 2978 3391 3053 qui

1832 3097 1930 3150 pro
1964 3096 2205 3154 tempore
2255 3082 2474 3145 fuerint,
2509 3084 2782 3150 perpetuis
2838 3082 3033 3136 futuris
3063 3082 3391 3151 temporibus

1833 3176 2217 3231 inviolabiliter
2262 3175 2562 3240 observari,
2626 3175 3054 3229 contradictores
3077 3190 3173 3243 per
3202 3186 3390 3228 censu-

1831 3285 1947 3323 ram
2002 3267 2454 3333 ecclesiasticam,
2488 3267 2845 3337 appellatione
2874 3272 3215 3337 postposita,
3244 3283 3391 3322 com-

1830 3360 2097 3429 pescendo
2130 3376 2145 3413 :
2177 3375 2285 3414 non
2321 3362 2662 3414 obstantibus
2711 3360 3187 3414 constitutionibus
3219 3369 3275 3413 et
3299 3375 3393 3412 or-
3442 3392 3447 3397 ο

1829 3451 2194 3507 diuationibus
2234 3452 2542 3519 apostolicis
2594 3466 2657 3504 ac
2702 3451 3013 3511 eorumdem
3067 3452 3305 3507 basilicae
3334 3462 3393 3505 et

1827 3543 2035 3596 ordinis
2067 3534 2315 3596 Fratrum
2356 3542 2618 3595 Minorum
2645 3544 2868 3598 statutis
2898 3555 2953 3597 et
2981 3545 3389 3597 consuetudini-

1827 3629 1946 3691 bus,
1972 3629 2303 3697 juratnento,
2328 3630 2732 3684 eontlrutatiOne
2765 3632 3055 3701 apostolica
3084 3633 3163 3684 vel
3197 3634 3387 3698 quavis

1826 3724 2083 3779 ﬁrmitate
2108 3724 2209 3777 alia
2252 3723 2537 3785 roboratis,
2594 3724 2885 3777 contrariis
2935 3724 3383 3795 quibuscunque;

1826 3828 1917 3872 aut
1950 3818 1994 3871 si
2030 3817 2298 3886 aliquibus
2330 3816 2685 3869 communiter
2704 3815 2785 3867 vel
2825 3816 3034 3869 divisim
3065 3831 3094 3869 a
3121 3819 3373 3886 praedicta

1824 3908 1895 3962 sit
1944 3907 2073 3961 sede
2122 3907 2408 3968 indultum,
2461 3906 2600 3976 quod
2662 3908 2949 3970 interdici,
2995 3911 3248 3976 suspendi
3298 3911 3383 3963 vel

1816 3999 2289 4073 excommunieari
2318 4014 2421 4050 non
2450 3998 2654 4066 possint
2702 4013 2797 4065 per
2829 3999 3032 4054 litteras
3062 4001 3383 4067 apostolicus

1814 4082 1932 4145 'uon
1988 4090 2245 4144 facientes
2286 4090 2493 4157 plenam
2524 4102 2577 4143 et
2614 4104 2927 4159 expressam
2957 4091 3022 4144 de
3045 4091 3247 4147 indulto
3279 4091 3382 4144 bu-

1821 4180 2056 4249 jusrnodi
2096 4182 2442 4235 mentionem.

1892 4274 2031 4327 Nulli
2061 4290 2189 4342 ergo
2222 4276 2443 4329 omnino
2482 4274 2759 4329 hominum
2794 4276 2971 4341 liceat,
3008 4288 3113 4330 etc.

1895 4364 2086 4417 Datum
2117 4363 2321 4427 Rouue,
2350 4366 2487 4433 apud
2538 4367 2595 4419 ὃ.
2647 4366 2904 4429 Marcum,
2940 4384 3079 4419 anno
3114 4366 3378 4422 iuearnat.

1825 4454 2041 4509 Domin.
2066 4456 2225 4519 1467,
2246 4455 2451 4509 xvrkul.
2477 4456 2719 4523 Octobr.,
2745 4458 2930 4525 pontif.
2954 4462 3117 4523 nostri
3140 4474 3281 4511 anno
3306 4476 3377 4511 tv.

2472 4606 2475 4609 λ
2557 4569 2649 4622 XI.

1871 4676 1979 4712 rave
2030 4660 2357 4713 Bessnriouis
2410 4662 2653 4727 elogium,
2722 4661 2785 4710 ab
2842 4672 3049 4711 auctare
3106 4677 3366 4727 anonymo

1889 4731 1936 4782 ei
1959 4747 2145 4795 coa'ro,
2174 4732 2442 4796 seriptum.
2477 4722 2557 4781 Ea:
2588 4732 2757 4781 Codice
2806 4729 2931 4789 bibl,
3002 4722 3267 4781 Vaticana?
3318 4748 3371 4781 ιι.

1890 4799 2048 4863 562i,
2085 4816 2136 4865 p.
2172 4799 2255 4851 io.

1890 4912 2193 4970 Cardinalis
2217 4913 2522 4975 Bessarton,
2543 4914 2811 4974 i\'ic.enus,
2845 4921 2985 4980 temp
3010 4929 3082 4965 ire
3103 4917 3372 4981 pintiueis

1820 5004 1967 5056 Pauli
2001 5004 2040 5056 ll
2074 5003 2308 5065 maxime
2344 5004 2492 5057 lloret
2522 5016 2577 5069 et
2616 5006 2666 5057 iu
2699 5007 2871 5073 pretio
2903 5023 3005 5058 non
3036 5021 3197 5072 parvo
3251 5022 3371 5069 esse

1819 5097 2175 5169 pernoscjtur,
2219 5096 2344 5155 licet
2376 5108 2427 5149 ct
2453 5107 2609 5151 antea
2642 5099 2779 5150 exsti
2809 5098 2909 5150 erit
2938 5116 2955 5163 ;
3001 5114 3100 5151 nec
3138 5101 3372 5152 immeri-

1820 5196 1895 5246 to,
1921 5205 2038 5239 nam
2079 5189 2501 5241 litteratissimus
2534 5197 2636 5253 est,
2669 5201 2723 5243 et
2766 5191 3029 5252 oninibus,
3073 5190 3279 5245 Latinis
3306 5205 3369 5243 ac

1818 5278 2043 5335 Graecis,
2074 5282 2240 5332 multo
2271 5281 2673 5343 dilectissimus,
2714 5294 3065 5349 praeterqumn
3134 5282 3371 5349 Georgio

1816 5369 2205 5448 'l‘rapczuntio,‘
2226 5373 2348 5425 odio
2379 5370 2611 5439 quodam
2655 5378 2883 5444 privato.
2944 5376 3039 5427 Ilsc
3075 5378 3369 5431 curdinalis

1815 5462 2117 5512 litteratura
2142 5476 2362 5529 semper
2390 5465 2712 5527 oblectatur,
2752 5477 2803 5521 et
2838 5467 3065 5521 lectione
3089 5477 3196 5519 tum
3220 5468 3369 5523 (ἔγω-ο

1814 5566 1898 5612 ca,
1932 5561 2055 5601 tum,
2085 5551 2271 5617 Latina
2292 5568 2506 5621 semper
2540 5557 2742 5622 aliquid
2773 5558 3045 5623 componit
3074 5566 3166 5608 aut
3191 5566 3368 5609 trans-

1813 5647 1938 5698 fert.
1983 5646 2131 5696 Nune
2162 5655 2239 5697 est
2263 5646 2311 5694 in
2332 5644 2453 5709 ejus
2482 5646 2729 5699 manibus
2757 5662 2891 5715 Opus
2917 5647 2991 5698 De
3018 5650 3371 5716 comparatio-

1815 5751 1875 5787 ne
1913 5734 2148 5787 Plutonis
2181 5744 2227 5787 ct
2254 5734 2566 5800 Aristotelis,
2595 5736 2645 5787 in
2704 5750 2810 5802 quo
2839 5738 2920 5787 sui
2985 5738 3123 5790 vires
3172 5737 3370 5805 ingenii

2859 5831 2905 5892 d
