4138 6328
675 261 776 303 κον

628 414 631 421 .
681 365 964 424 evidenter
993 354 1265 428 ostendit;
1306 373 1452 427 nam,
1509 356 1651 413 bone
1691 354 1872 409 Deus!
1908 358 2108 422 q=-anta
2128 360 2143 367 “
2160 354 2246 402 est

686 456 1187 526 intelligentiaejus
1223 452 1279 507 iu
1308 466 1375 507 eo
1417 449 1604 506 codice
1662 455 1847 516 atque
1875 439 2244 515 profunditas!

690 547 852 617 156
877 547 1016 615 quod
1044 535 1222 597 tamen
1252 542 1493 597 nondum
1547 536 1780 593 absolvit
1835 549 2005 605 opus;
2050 539 2251 601 quanta

688 639 981 711 maiestas!
1012 636 1150 702 Quid
1184 633 1358 687 dicam
1386 634 1452 687 de
1478 629 1728 685 acumine
1763 623 1989 694 ingenii,
2022 620 2253 711 quidgde

690 709 950 798 elegantia
1011 726 1293 793 utriusque
1332 720 1651 787 sermonis!
1699 715 1799 771 llic
1851 712 2000 798 enim
2066 709 2255 798 Latine

691 797 1048 888 proloquitur.
1078 824 1135 867 ut
1157 814 1202 868 si
1236 816 1307 867 ab
1332 810 1459 879 ipsis
1486 804 1828 863 incunabulis
1854 817 1884 856 a
1901 797 2110 855 Latinis
2134 797 2259 852 Mu-

692 887 768 965 sis
796 917 939 964 esset
965 907 1249 962 educatus.
1280 901 1479 957 Grandi
1510 896 1741 955 consilio
1765 894 1845 948 vir
1872 901 1956 948 est
2008 888 2152 961 quod
2180 887 2261 941 vi—

690 1003 885 1057 delicet
910 998 1165 1054 Bononiae
1194 994 1327 1050 satis
1358 990 1545 1055 eluxit,
1570 987 1661 1043 ubi
1693 985 1786 1041 diu
1815 974 2261 1053 legatus.'bomi-

688 1108 797 1148 aues
821 1092 980 1170 durat!
1002 1088 1229 1144 cervicis
1258 1072 1663 1154 sapientissime
1692 1073 2009 1130 moderatus
2038 1068 2158 1133 iuit,
2210 1075 2265 1122 ct

696 1183 838 1251 apud
862 1158 1160 1236 Germanos
1215 1181 1430 1244 gentem
1462 1166 1747 1224 barbaram
1782 1169 1837 1218 et
1865 1158 2084 1216 claram
2118 1158 2271 1251 lega-.

698 1262 847 1325 tione
874 1271 1127 1331 iunctus,
1165 1266 1304 1334 apud
1339 1274 1479 1330 quos
1502 1258 1700 1312 mirum
1729 1263 1993 1321 estquam
2011 1253 2265 1321 pruden-

703 1375 864 1418 terse
894 1358 1145 1432 gesserit,
1171 1365 1444 1425 quamque
1482 1348 1617 1403 mire
1648 1344 1716 1399 ab
1744 1345 1826 1432 eis
1857 1356 1920 1398 sc
1975 1340 2267 1395 excluserit

704 1456 866 1522 atque
889 1422 1219 1516 dissolverii.
1244 1443 1381 1499 Eum
1414 1454 1541 1495 vero
1580 1422 2113 1503 censuitimperator
2141 1428 2264 1484 Fri-

708 1521 948 1603 dericus,
987 1536 1223 1598 censuit,
1284 1534 1529 1599 inquam,
1578 1524 2040 1596 sapientissimum
2090 1521 2269 1576 domi-

706 1644 834 1683 num
864 1627 1128 1695 uuiceque
1151 1622 1359 1677 dilexit.
1408 1618 1512 1685 Qui
1572 1618 1701 1671 licet
1754 1614 1811 1668 in
1871 1613 2077 1684 legatos
2132 1610 2271 1666 alios
2314 1662 2319 1665 .

709 1733 896 1775 amore
920 1729 972 1774 et
1006 1713 1309 1771 reverentia
1345 1701 1581 1782 quadam
1628 1706 1787 1761 luerit
1819 1720 1971 1771 usus,
2034 1704 2089 1758 iu
2123 1702 2270 1757 hunc

714 1812 951 1864 maximo
982 1808 1129 1861 cultu
1176 1804 1350 1875 primo
1376 1792 1508 1855 usus
1542 1795 1931 1864 est;secundo
1977 1807 2105 1848 vero
2149 1793 2270 1848 loco

709 1904 761 1954 in
794 1899 1099 1968 episcopum
1126 1892 1525 1956 Torcelianum,
1567 1902 1713 1942 nunc
1749 1884 2128 1950 Brisiensem;
2160 1891 2273 1939 ter-

711 1990 785 2045 tio
823 1991 875 2043 in
933 1987 1410 2055 archiepiscopum
1445 1978 1788 2050 Sipontinum
1838 1976 2118 2055 Nicolaum
2166 1972 2273 2031 lie-

709 2082 862 2143 lium,
894 2093 1049 2148 quem
1080 2046 1544 2132 secum-Nicaeum
1570 2070 1697 2124 illuc
1732 2068 1800 2122 ab
1819 2064 1967 2122 Urbe
2018 2046 2271 2129 abduxit,

708 2170 935 2226 causilio
958 2180 1011 2223 et
1042 2169 1223 2237 lingua
1257 2166 1473 2218 mirum.
1503 2160 1548 2216 0
1566 2173 1727 2236 quam
1752 2158 1931 2229 largus
1954 2153 2271 2210 munificus-

709 2275 814 2329 que
833 2266 917 2312 est
941 2258 997 2312 in
1030 2273 1149 2313 eum
1180 2248 1391 2312 Paulus
1411 2254 1491 2307 ll!
1522 2263 1758 2307 attamen
1788 2264 1851 2304 ea
1889 2251 2006 2319 lege
2059 2257 2275 2305 servata

712 2359 781 2400 uc
803 2346 931 2415 quid
959 2345 1026 2397 ab
1050 2345 1163 2412 ipso
1181 2354 1375 2413 praeter
1394 2344 1593 2396 bonum
1618 2340 2011 2406 honestumque
2034 2345 2271 2406 petatur,

717 2436 859 2505 quod
887 2448 1096 2502 semper
1120 2432 1691 2493 scrvavitcardinalis,
1713 2430 1912 2497 quippe
1940 2428 2275 2482 modestissi-

718 2540 839 2581 mus
867 2536 971 2579 est.
990 2522 1167 2579 Taceo
1186 2536 1440 2591 quanam
1468 2520 1727 2573 librorum
1757 2517 1954 2585 lingua:
1973 2514 2273 2583 utriusque,

717 2614 917 2671 Graece
946 2612 1252 2681 Latinaeque
1276 2608 1683 2665 multitudinem
1711 2604 2067 2673 comparavit.
2098 2600 2279 2657 Taceo

718 2709 861 2777 quod
892 2707 1176 2777 pleresque
1198 2705 1425 2774 juvenes
1463 2702 1580 2766 alit,
1607 2707 1661 2753 et
1690 2706 1750 2752 ut
1778 2694 1995 2771 discant
2040 2708 2282 2764 precep—

722 2799 932 2854 toribus
963 2798 1181 2853 abunde
1237 2795 1569 2865 persolvens.
1611 2790 1874 2858 Equidem
1930 2787 2115 2857 paucis
2158 2801 2280 2842 cum

720 2898 996 2957 comparo.
1038 2886 1136 2941 ilic
1178 2885 1384 2940 calculo
1440 2883 1631 2937 vesicae
1676 2892 1975 2947 renumque
2016 2877 2283 2931 siuistime

722 2990 880 3033 antea
927 2979 1287 3041 laboraverat,
1337 2989 1479 3029 nunc
1535 2986 1744 3042 sospes.
1791 2969 1981 3037 Qualia
2037 2969 2283 3023 convivia

727 3073 957 3125 instruat
979 3070 1391 3139 spectatissimis
1414 3078 1469 3123 et
1523 3065 1845 3121 clarissimis
1880 3061 2011 3115 viris
2058 3059 2282 3129 legatis-

724 3180 830 3232 que
868 3177 1025 3218 neino
1053 3174 1132 3217 est
1158 3164 1251 3231 qui
1274 3162 1341 3216 ad
1373 3174 1607 3230 unguem
1639 3142 1952 3214 describere
1976 3155 2134 3210 facile
2163 3167 2288 3225 pos-

726 3260 820 3312 sit.
858 3254 980 3320 Hic,
1011 3268 1065 3310 ut
1090 3255 1234 3309 dulci
1280 3263 1335 3320 et
1368 3267 1557 3307 serena
1590 3260 1674 3305 est
1715 3247 1853 3303 facie
1902 3250 2160 3316 vultuque
2193 3245 2285 3316 ju-

727 3344 925 3407 ruudo,
960 3346 1038 3399 sic
1072 3357 1322 3397 sermone
1348 3354 1405 3396 et
1439 3338 1681 3395 moribus
1704 3338 1971 3392 humanus
2003 3348 2058 3392 et
2080 3334 2274 3392 comis.

727 3435 1108 3490 Bibliutliecain
1131 3434 1391 3505 grandem
1415 3433 1698 3501 utriusque
1727 3428 1921 3501 lingua:
1943 3438 2029 3485 est
2058 3437 2156 3481 aut
2180 3426 2289 3495 Ro-

686 3521 691 3529 ’
730 3545 846 3597 nne,
875 3539 967 3583 aut
1013 3527 1320 3591 Florentia,
1380 3536 1474 3580 aut
1527 3525 1705 3594 potius
1744 3521 1983 3578 Venetiis
2016 3524 2083 3576 ad
2129 3513 2309 3593 usum,

734 3619 1007 3695 publicum
1036 3623 1382 3677 dimissurus.
1412 3618 1506 3686 iijc
1533 3621 1600 3672 ab
1629 3614 1871 3689 Eugenio
1896 3624 1983 3670 est
2035 3613 2290 3669 cardina-

732 3722 824 3786 iis,
850 3719 1063 3774 nemine
1095 3719 1434 3779 adversante,
1462 3721 1696 3775 creatus,
1710 3724 1778 3766 ex
1809 3707 2009 3779 ingenii
2040 3709 2290 3763 acumine

732 3824 891 3881 atque
919 3810 1183 3874 doctrina,
1221 3806 1472 3875 adjutore
1528 3801 1957 3875 prudentissimo
2014 3798 2290 3855 cardiuaie

731 3904 1011 3958 Cesarino.
2112 3898 2113 3903 ‘

1446 3988 1561 4045 Xii.

737 4085 979 4157 Bingium
1002 4087 1245 4147 alterum,
1286 4082 1555 4157 uernacula
1574 4080 1846 4157 scriptum.
1879 4077 1961 4133 Ex
1980 4066 2103 4131 cod.
2132 4074 2291 4130 Vati‘c.

1288 4153 1458 4220 5224,
1496 4170 1551 4222 ρ.
1589 4151 1714 4205 m.

806 4267 1037 4323 Iessere
1092 4265 1420 4327 Bis-sarione,
1487 4264 1660 4317 Greco
1690 4262 1741 4315 di
1776 4261 2023 4323 natione,
2069 4270 2298 4313 vescovo

739 4359 1030 4423 cardinale,
1065 4356 1116 4408 in
1160 4370 1319 4409 uomo
1362 4354 1413 4407 di
1464 4351 1825 4421 grandissima
1852 4346 2108 4403 ‘autorita
2158 4348 2297 4401 uella

738 4452 934 4504 Cbiesa
964 4450 1014 4503 di
1038 4448 1157 4500 Dio.
1191 4445 1265 4497 Fu
1331 4456 1558 4497 monaco
1608 4441 1728 4495 dell‘
1778 4440 1971 4493 ordino
2016 4437 2068 4488 di
2122 4434 2291 4489 Santo

746 4543 963 4624 iiasiliq,
990 4555 1020 4594 e
1053 4553 1225 4593 venue
1260 4537 1313 4588 in
1371 4533 1521 4588 italia
1563 4532 1779 4600 quando
1842 4526 1998 4597 157
2053 4528 2101 4580 ci
2137 4540 2304 4579 venue

743 4617 1117 4702 l'iiiilieraiiore
1141 4628 1223 4683 de‘
1253 4628 1449 4691 Greci;
1489 4626 1555 4679 de
1609 4623 1767 4694 primi
1810 4620 2069 4690 singulari
2102 4617 2303 4673 numini

743 4734 843 4780 .-lie
873 4728 922 4779 vi
946 4726 1213 4778 venissiuo
1254 4725 1305 4775 lu
1337 4722 1431 4773 lui.
1493 4719 1665 4787 Dipol,
1724 4716 1854 4768 l'atta
1914 4712 2151 4766 l’uuiune
2221 4710 2301 4765 de’

742 4818 899 4873 Greci
937 4832 1029 4885 per
1057 4819 1101 4869 le
1136 4828 1233 4868 sue
1280 4810 1538 4881 singulari
1577 4809 1719 4863 viriii
1763 4809 1815 4859 lu
1870 4803 2003 4859 [atto
2031 4804 2303 4859 cardinale

744 4930 800 4962 ιιι
826 4907 1050 4962 Firenze
1074 4907 1140 4961 da
1175 4920 1307 4973 papa
1322 4902 1559 4971 Eugenio
1596 4902 1824 4956 insieiue
1855 4913 1955 4954 con
2011 4898 2078 4951 i8
2126 4897 2306 4948 cardi-

745 4999 852 5052 uaii
883 4999 983 5051 elie
1018 4994 1132 5049 iece
1153 4996 1209 5046 in
1236 4990 1463 5045 Fireuze
1482 5006 1500 5057 ;
1525 5004 1587 5043 ve
1620 4990 1764 5044 n‘era
1794 5003 1903 5043 uno
1934 4988 2073 5041 altro
2124 4986 2302 5040 Greco

744 5096 846 5146 clie
897 5103 988 5143 era
1042 5081 1318 5141 cardiuale
1370 5082 1714 5135 arcivescovo
1753 5080 1806 5131 di
1853 5075 2072 5139 Rossia,
2120 5076 2217 5127 cbe
2258 5076 2303 5129 si

744 5187 1025 5236 cliiamava
1054 5174 1331 5233 cardiuaie
1358 5172 1584 5225 iiuteno.
1614 5167 1697 5223 Fu
1725 5168 1778 5221 di
1820 5166 2180 5237 grandissima
2237 5166 2305 5217 ri-

747 5274 1030 5344 puiaaieue
1058 5268 1197 5323 uella
1226 5265 1415 5321 Cbiesa
1447 5264 1499 5319 di
1531 5262 1651 5328 Dio,
1676 5276 1707 5316 e
1764 5270 1900 5313 tutte
1955 5258 2006 5310 ie
2038 5270 2163 5310 cose
2219 5270 2306 5306 ar-

749 5370 852 5420 due
876 5380 909 5417 e
942 5363 1141 5417 diiiiciii
1171 5361 1273 5415 cite
1298 5370 1667 5413 occorrevauo
1691 5356 1741 5406 al
1779 5365 1955 5419 teinpo
1985 5364 2104 5413 suo,
2136 5350 2303 5401 rlcur-

751 5470 945 5509 revano
984 5456 1127 5509 alui.
1172 5450 1247 5505 Fu
1290 5462 1517 5504 vescovo
1538 5446 1886 5508 Tusculano;
1918 5439 2062 5494 sudo
2127 5440 2302 5507 legato

752 5550 803 5600 in
836 5546 924 5613 pii:
959 5547 1161 5615 luoglii,
1202 5558 1231 5596 e
1268 5556 1479 5611 sempre
1516 5539 1655 5594 ebbe
1701 5535 2060 5605 grandissimo
2095 5533 2303 5583 honore

752 5637 1118 5706 dov‘egliaudo
1143 5654 1232 5708 per
1256 5650 1436 5691 esscre
1470 5646 1630 5689 uouio
1659 5631 1834 5698 giusto
1877 5638 1928 5682 ct
1958 5627 2009 5680 di
2043 5621 2296 5677 laudabili

1422 242 1433 253 ’
1542 238 1641 300 ΒΕ
1676 235 1851 299 νιτΑ
1891 232 1986 294 ΕΤ
2014 226 2265 292 REBUS
2305 223 2574 287 GES’HS
2609 217 3111 283 BESSABiONiS

3792 210 3966 255 XCVI'

2359 344 2610 399 costumi.
2632 341 2707 394 Fu
2741 342 2916 409 legato
2944 320 3263 407 diiiologna
3294 332 3383 402 p'i‘i
3415 343 3589 405 tcian
3638 338 3693 383 et
3724 340 3919 397 gover-

2360 438 2432 488 no
2462 432 3045 501 maravigliosameute,
3081 438 3137 483 et
3166 425 3357 482 ebbevi
3389 421 3756 494 grandissimo
3792 432 3930 473 ono-

2362 538 2419 577 re
2448 535 2542 592 pcr
2576 521 2625 574 le
2657 536 2762 575 suo
2778 518 2956 590 giusto
2989 530 3250 588 governo.
3272 513 3387 569 Non
3427 526 3625 582 pareva
3654 510 3794 564 uella
3822 522 3923 563 sua

2361 614 2494 677 vita,
2522 622 2579 668 et
2609 614 2936 667 costumi....
2958 625 3044 665 ma
3066 609 3149 665 ne‘
3173 605 3456 679 principali
3482 603 3663 673 iuoghi
3690 600 3927 656 d'ltaiia.

2361 700 2518 757 Audo
2544 704 2724 773 legato
2759 704 2814 757 in
2840 686 3093 767 Francia,
3133 698 3271 754 dove
3291 696 3430 752 ebbe
3458 692 3817 767 grandissimo
3851 689 3926 744 ri-

2364 796 2653 865 putazione
2681 796 2739 849 in
2768 774 2949 863 quella
2965 792 3104 847 ebbe
3125 806 3157 845 a
3190 789 3327 844 l'are.
3357 787 3437 843 Fu
3462 784 3767 842 dottissimo
3788 780 3941 836 uella

2368 889 2552 965 lingua
2605 886 2779 943 Greca
2840 894 2913 950 et,
2945 883 3085 940 uella
3122 881 3353 945 Latina;
3394 878 3449 934 l'u
3482 866 3752 933 "amatore
3787 870 3943 927 delle

2367 979 2560 1034 lettere
2597 988 2652 1034 et
2694 978 2821 1035 aelii
2849 976 3055 1033 nomini
3085 973 3323 1037 literati;
3354 972 3408 1026 l'u
3444 970 3616 1027 multo
3642 966 3941 1023 aleziona-

2372 1083 2427 1130 to
2454 1075 2555 1129 alia
2577 1074 2811 1130 dottriua
2838 1072 2892 1127 di
2924 1066 3175 1136 Platone,“
3204 1075 3260 1124 et
3299 1066 3423 1122 altri
3454 1079 3624 1121 erauo
3671 1078 3701 1117 a
3754 1061 3942 1128 quella

2372 1166 2751 1232 d‘Aristotele;
2786 1173 2839 1219 et
2867 1163 3066 1234 percuti
3096 1177 3266 1218 erano
3295 1158 3471 1213 alcuui
3494 1158 3598 1212 cbe
3653 1156 3942 1224 impugna-

2373 1270 2515 1310 vano
2544 1255 2592 1308 la
2625 1254 2866 1327 dottrina
2903 1253 3219 1319 di‘Platone,
3261 1251 3298 1306 ii
3346 1249 3625 1304 cardiuale
3676 1247 3729 1301 la
3761 1244 3943 1300 difen-

2374 1346 2685 1411 deva,etin
2728 1360 2826 1401 sua
2859 1345 3158 1400 difeusione
3211 1352 3473 1410 compose‘
3515 1355 3585 1396 un
3638 1336 3948 1392 bellissimo

2380 1439 2533 1502 libro,
2560 1439 2595 1491 il
2622 1437 2780 1491 titulo
2808 1435 2892 1492 del
2911 1432 3073 1506 quale
3108 1434 3170 1490 ἐς
3196 1431 3263 1486 1η
3290 1432 3578 1503 difensiane
3597 1430 3654 1482 di
3691 1427 3949 1488 Platone,

2376 1546 2541 1601 opera
2571 1531 2737 1586 molto
2757 1531 2929 1601 degua
2958 1537 3013 1584 et
3058 1528 3111 1582 di
3174 1525 3529 1597 grandissima
3577 1522 3949 1594 ripuiazionc.

2379 1624 2649 1679 Tradusse
2684 1637 2755 1677 uu
2792 1603 2934 1683 libro
2962 1619 3037 1673 De
3067 1619 3219 1688 {actis
3246 1624 3296 1669 et
3320 1615 3480 1668 dictis
3510 1614 3950 1668 umrabilibas

2378 1716 2631 1771 Socratis.
2666 1711 2855 1768 Venus
2881 1711 2935 1766 iu
2955 1717 3105 1765 tanta
3132 1707 3765 1778 riputszione’appresso
3802 1712 3953 1756 tutto

2378 1807 2416 1861 il
2455 1806 2683 1877 collegio
2743 1803 2826 1860 de‘
2863 1799 3149 1867 cardinali,
3198 1799 3299 1853 cbe
3353 1796 3521 1853 uendo
3580 1803 3757 1849 murto
3807 1808 3953 1861 papa

2378 1896 2497 1962 Pio,
2553 1895 2870 1949 lstette'uua
2913 1900 3063 1946 uotte
3100 1902 3259 1959 papa,
3313 1882 3510 1953 percbe
3553 1885 3723 1938 sendo
3780 1882 3956 1934 istatu

2379 1986 2543 2042 eletto
2563 1998 2772 2041 sommo
2798 1983 3066 2053 pontellce
3116 1980 3170 2034 iu
3199 1975 3468 2043 conclavi,
3518 1973 3556 2029 il
3591 1972 3830 2027 secando
3868 1974 3956 2023 is-

2382 2079 2609 2148 qnitluio
2637 2076 2737 2132 cbe
2758 2090 2867 2134 non
2892 2074 3079 2128 voleva
3095 2073 3197 2127 cbe
3226 2068 3372 2124 {osse
3394 2081 3552 2137 papa,
3577 2065 3758 2121 disse:
3784 2064 3904 2133 Egi;
3920 2063 3958 2117 ré

2381 2185 2516 2242 papa
2543 2187 2559 2236 ;
2589 2184 2619 2223 a
2650 2168 2740 2223 noi
2772 2182 2881 2223 non
2921 2174 3103 2220 monia
3130 2163 3304 2230 nulla;
3334 2161 3631 2217 domattiua
3657 2160 3743 2214 nel
3774 2159 3959 2227 primo

2382 2259 2661 2326 isquitiuio
2678 2267 2732 2313 et
2749 2258 2837 2311 noi
2860 2255 2912 2311 io
2930 2254 3325 2325 publicaremo.
3346 2247 3639 2305 Rimasono
3666 2249 3959 2302 d’accowo

2385 2367 2415 2406 a
2448 2361 2641 2421 questo
2669 2349 2833 2404 modo
2892 2358 2949 2402 et
2978 2355 3117 2401 tutta
3144 2345 3198 2400 la
3238 2353 3387 2398 noue
3450 2355 3558 2397 non
3605 2340 3653 2395 si
3688 2338 3804 2393 fece
3843 2338 3960 2392 mai

2387 2443 2525 2495 aliro
2555 2441 2655 2494 cbe
2682 2440 3002 2507 adoperare,
3036 2435 3139 2492 cbe
3168 2451 3276 2489 nou
3296 2436 3439 2489 [osse
3488 2448 3666 2504 papa;
3712 2432 3813 2484 cbe
3866 2430 3962 2483 chi

2386 2534 2457 2585 ne
2515 2516 2855 2600 i‘u.'cagime
2906 2525 3085 2595 capite
3134 2525 3199 2579 diu
3248 2527 3337 2593 poi
3374 2524 3513 2580 male
3543 2564 3561 2589 ,
3607 2532 3665 2579 et
3734 2536 3844 2577 non
3918 2524 3964 2576 si

2387 2622 2671 2674 attendeva
2715 2616 2781 2672 ad
2824 2616 3012 2682 ‘aitro,
3064 2614 3165 2670 cbe
3218 2615 3419 2669 andare
3474 2614 3710 2669 dall‘uno
3778 2615 3962 2667 card-

2390 2713 2512 2767 nale
2570 2710 2800 2764 all'altro
2843 2722 2873 2761 a
2948 2707 3066 2763 dire
3139 2708 3295 2761 loro:
3362 2705 3532 2761 E’non
3613 2720 3748 2761 sono
3799 2711 3966 2762 ιιιοιιί

2390 2803 2517 2859 anni
2546 2804 2648 2857 clie
2688 2801 2892 2856 Niceno
2921 2815 3014 2855 era
3054 2800 3279 2854 cretico.
3316 2796 3592 2868 Vogliamo
3627 2796 3723 2852 noi
3761 2800 3869 2852 clie
3918 2798 3968 2852 si

2390 2899 2507 2953 dica
2542 2897 2642 2951 cbe
2673 2895 2761 2949 noi
2789 2894 3035 2949 abbiamo
3076 2892 3212 2947 l'atto
3249 2906 3359 2947 uno
3390 2874 3629 2954 cretico,
3673 2891 3773 2944 clie
3831 2891 3968 2943 saria

2392 3002 2496 3040 una
2518 2985 2812 3056 vergogna?
2833 2983 2897 3038 Et
2918 2984 3055 3039 bene
3075 2982 3179 3037 cbe
3200 2980 3472 3037 dicessino
3496 2995 3524 3034 a
3545 2991 3744 3050 questo
3772 2981 3969 3037 modo.

2392 3074 2680 3143 i‘opiuioue
2759 3074 2876 3127 loro
2915 3086 3009 3128 era
3052 3086 3151 3141 per
3201 3069 3314 3126 fare
3357 3085 3427 3123 un
3468 3069 3721 3139 pontiﬁce
3772 3084 3799 3121 a
3843 3071 3973 3124 ιοιο

2393 3166 2578 3229 modo,
2606 3178 2763 3219 come
2794 3162 2846 3216 l'u
2875 3161 3031 3228 (atto;
3060 3163 3305 3217 veneudo
3338 3160 3392 3215 di
3423 3162 3513 3229 poi
3546 3160 3583 3214 il
3612 3160 3668 3214 di
3697 3173 3974 3227 segueuie

2396 3273 2424 3312 a
2447 3256 2562 3312 [are
2584 3256 2621 3311 il
2643 3252 2906 3321 pontellce
2934 3252 3144 3309 feciouo
3159 3250 3376 3322 Pagolo,
3401 3265 3433 3307 e
3448 3251 3504 3303 [ιι
3532 3251 3709 3305 buona
3735 3251 3976 3317 lesione,

2395 3366 2427 3405 e
2466 3349 2692 3406 andovvi
2730 3346 3175 3405 cauonicamente
3222 3343 3524 3406 senz‘altra
3578 3343 3975 3412 intelligentia,

2396 3459 2427 3499 e
2456 3442 2761 3499 lascisrono
2811 3439 2887 3493 iui
2918 3450 3074 3494 come
3121 3450 3281 3491 uomo
3311 3434 3615 3501 savissimo,
3652 3449 3683 3489 e
3709 3448 3811 3488 non
3844 3432 3982 3491 fere

2398 3532 3050 3607 lgnunadimostrazione,
3066 3543 3096 3584 e
3110 3525 3519 3596 iasciolia158
3532 3525 3983 3581 corrcre.Niente

2397 3624 2452 3680 di
2479 3621 2697 3679 meno'll
2710 3620 2979 3691 pontellce
3010 3633 3104 3688 per
3118 3619 3164 3671 la
3186 3632 3286 3672 sua
3303 3618 3445 3671 virtu
3462 3616 3699 3671 l‘ebbein
3718 3620 3983 3686 grandis-

2394 3720 2533 3772 sima
2565 3712 3087 3785 riputasionet'come
3119 3725 3209 3766 era
3243 3710 3401 3763 istato
3434 3709 3615 3785 peric
3640 3716 3816 3775 tenipo
3844 3723 3982 3776 pas-

2400 3816 2540 3863 sato.
2592 3803 2805 3859 istando
2863 3818 2892 3856 a
2946 3810 3147 3871 questo
3180 3799 3343 3854 modo
3385 3814 3558 3855 venue
3596 3800 3646 3853 ia
3688 3809 3864 3854 morte
3914 3804 3976 3854 di

2399 3912 2536 3967 papa
2557 3893 2757 3962 Pagoio
2774 3892 3147 3947 etsuccedette
3165 3890 3333 3945 Sisto.
3351 3888 3408 3944 lu
3443 3899 3579 3944 tutto
3606 3892 3653 3945 il
3676 3900 3855 3960 tempo
3878 3908 3979 3945 eia

2403 3994 2566 4045 istato
2595 3989 2650 4042 in
2674 3974 2832 4041 Icorte
2854 3984 2909 4039 di
2938 3983 3107 4038 Roma
3125 3998 3339 4052 sempre
3365 3997 3397 4036 a
3424 3982 3538 4038 lare
3555 3983 3809 4038 iscrivere
3845 3985 3984 4039 libri

2405 4083 2461 4136 in
2492 4080 2619 4149 ogni
2648 4077 2842 4133 lacoita
2863 4076 2976 4132 cosi
2996 4074 3235 4142 iu,Greco
3253 4088 3408 4129 come
3427 4075 3479 4128 in
3517 4075 3743 4139 Latine;
3785 4086 3842 4129 et
3864 4092 3982 4129 non

2406 4173 2519 4229 solo
2565 4170 2849 4233 iscriveva,
2900 4182 2985 4222 ma
3022 4180 3345 4235 comperava
3396 4166 3518 4221 tutti
3560 4165 3576 4219 i
3623 4165 3744 4219 libri
3780 4168 3982 4239 cb’egli

2409 4279 2513 4320 non
2550 4277 2737 4327 aveva,
2767 4275 2797 4315 e
2829 4258 3031 4330 grande
3065 4266 3217 4326 parte
3258 4257 3308 4310 di
3349 4257 3528 4325 queiio
3572 4257 3644 4325 gli
3694 4271 3981 4311 avanzava

2408 4355 2546 4410 delle
2588 4368 2687 4408 sne
2757 4351 2972 4406 tendite
3008 4349 3326 4418 isprendeva
3359 4349 3412 4402 in
3450 4348 3573 4402 libri
3638 4362 3667 4401 a
3715 4364 3784 4401 un
3844 4352 3981 4402 line.

2409 4444 2631 4501 Avendo
2654 4442 2741 4514 gia
2767 4442 3018 4498 condotta
3043 4439 3667 4510 grandissimagquantita
3691 4438 3745 4493 di
3774 4442 3981 4492 voluzi‘ﬁ

2410 4536 2520 4591 cosi
2550 4535 2705 4591 Greci
2730 4548 2882 4587 come
2913 4531 3111 4598 Latini,
3136 4541 3189 4585 et
3216 4532 3352 4584 sacri
3382 4545 3533 4585 come
3557 4532 3763 4599 gentili,
3795 4532 3985 4585 deter-

2413 4620 2560 4677 mino
2603 4621 2655 4675 di
2692 4619 2957 4688 mettergli
2994 4620 3048 4672 in
3082 4618 3307 4687 quaiche
3343 4619 3502 4689 luogo
3533 4622 3705 4688 degno
3738 4630 3791 4673 et
3827 4634 3982 4672 mas-

2412 4716 2547 4767 sime
2578 4712 2591 4765 i
2622 4710 2742 4765 libri
2769 4709 2950 4775 Greci,
2981 4711 3081 4763 clie
3115 4724 3172 4763 se
3206 4708 3312 4761 mai
3344 4710 3521 4777 quella
3554 4709 3767 4764 infelice
3801 4714 3984 4778 patria

2414 4813 2656 4857 tornasse
2688 4798 2735 4854 a’
2772 4800 2983 4853 termini
3017 4801 3156 4863 suoi,
3190 4813 3221 4851 e
3254 4799 3352 4852 cbe
3378 4802 3545 4851 sendo
3591 4798 3643 4851 di
3680 4798 3730 4851 la
3768 4803 3987 4867 perduti

2414 4898 2426 4949 i
2455 4896 2599 4960 libri,
2630 4894 2833 4946 fosaino
2862 4895 2912 4944 in
2945 4893 3103 4960 luogo
3133 4905 3235 4943 ove
3263 4890 3533 4959 potessino
3572 4902 3731 4944 avere
3752 4890 3991 4958 qualelie

2412 4986 2700 5048 comodita;
2736 4995 2792 5037 et
2839 4998 2942 5036 non
2977 4982 3045 5051 gli
3092 4995 3255 5048 parve
3298 4980 3440 5034 [osse
3470 4981 3628 5047 luogo
3677 4981 3882 5048 ignuuo
3930 4982 3987 5033 in

2412 5076 2565 5131 italia
2594 5074 2684 5144 pit‘i
2709 5080 2935 5128 comodo
2964 5073 3064 5125 cbe
3095 5071 3315 5124 Venetia
3358 5070 3526 5123 sendo
3572 5071 3729 5138 luogo
3772 5070 3824 5122 di
3868 5087 3997 5123 ma-

2422 5169 2538 5220 riua
2570 5175 2622 5218 et
2650 5164 2753 5217 cbe
2777 5166 2865 5217 clii
2900 5163 3053 5216 viene
3077 5160 3131 5215 (li
3163 5160 3211 5212 la
3242 5162 3416 5227 capita
3450 5160 3622 5227 quivi.
3645 5158 3711 5214 Et
3735 5176 3830 5230 per
3850 5178 3995 5229 quc.

2414 5270 2497 5313 sto
2526 5255 2731 5309 avendo
2759 5253 3118 5322 grandissima
3146 5247 3477 5316 amicitialco’
3500 5249 3787 5305 Veneziani
3814 5254 3998 5306 deter-

2415 5346 2565 5402 mino
2593 5347 2646 5401 di
2682 5344 2796 5397 lare
2824 5344 2968 5412 quivi
3006 5358 3109 5396 una
3130 5341 3352 5394 libraria
3383 5340 3621 5409 publica,
3646 5343 3747 5396 cbe
3771 5358 3999 5413 ognuno

2416 5445 2464 5493 vi
2497 5449 2706 5507 potesse
2737 5439 2945 5490 andare
2972 5446 3025 5489 et
3054 5450 3213 5488 avere
3252 5435 3547 5488 conioilita.
3578 5431 3641 5486 Et
3677 5428 3771 5503 per
3802 5448 3998 5503 questo

2416 5528 2606 5583 ordino
2641 5528 2775 5581 colla
2797 5526 3046 5593 Signoria
3075 5533 3126 5577 et
3152 5522 3234 5576 col
3256 5522 3413 5591 dogc,
3449 5522 3549 5575 cbe
3583 5526 3628 5576 si
3660 5523 3869 5577 lacesse
3900 5540 3999 5593 per

2421 5620 2637 5691 solenne
2675 5616 3093 5679 deliberazione,
3133 5616 3232 5668 clie
3268 5613 3311 5669 si
3342 5626 3585 5667 murasse
3615 5626 3723 5665 una
3776 5614 4005 5670 libraria
