4138 6328
1981 312 2169 374 ΒΑΡΤ
2234 314 2589 377 ΡιΑΤιΝΒ

3801 328 3897 372 (η

665 451 3855 495 W

1293 640 2287 801 BAPTISTAE
2371 646 3250 801 PLATleE

2004 911 2564 976 CREMONENSIS
2588 1006 2591 1009 q
2618 930 2625 935 η

980 1004 1740 1239 inminens.
1791 1089 1899 1233 IN
1992 1090 2413 1237 LAUDEll
2503 1094 3101 1244 AllPLlSSllll
3192 1100 3570 1249 PATRIS

1451 1339 1631 1449 ι).
1728 1338 3101 1501 BESSARlﬂNIS

2004 1550 2282 1596 EPISCOPI
2310 1552 2540 1609 ssntm,

1168 1676 1652 1740 CARDIN‘ALIS
1734 1679 2023 1743 NICENI
2094 1679 2195 1740 ET
2272 1678 2807 1744 PATRIARCHE
2892 1672 3355 1767 CPOLITAN‘I;

1393 1820 1586 1883 ILLO
1628 1822 2001 1885 VIVENTE
2051 1822 2155 1886 IN
2184 1822 2536 1887 PUBLICO
2561 1824 2836 1892 COETU
2857 1832 3181 1898 DICTUS.

658 1974 894 2037 (Parisiis,
917 1986 995 2035 ap.
1023 1954 1310 2027 Johannem
1333 1972 1485 2033 Petit,
1533 1971 1653 2023 1530
1685 1972 2120 2046 Biblioth._llaz_ar.
2164 1984 2222 2046 n.’
2242 1972 2319 2046 ὃς.
2482 1974 2691 2046 Platine
2724 1983 2911 2046 oration

1784 2036 1987 2085 exordio
2010 2042 2062 2082 et
2085 2033 2251 2084 multis
2273 2036 2393 2084 locis
2416 2036 2753 2103 decurtatam.)

724 2314 781 2370 Si
813 2292 1048 2385 unquam
1104 2324 1316 2387 tempus
1361 2315 1486 2379 fuit,
1538 2314 1793 2381 Quirites,
1826 2329 1932 2384 quo
1980 2325 2216 2370 veterem

656 2409 965 2463 Graecorum
1002 2420 1233 2470 morem,
1266 2406 1582 2461 Latinorum
1614 2420 1778 2476 prope
1824 2420 2019 2460 novum
2060 2421 2219 2474 repe-

655 2510 921 2560 Ieremus,
954 2495 1007 2547 id
1035 2503 1186 2549 certe
1221 2494 1323 2549 hac
1349 2495 1997 2561 miserrimatempestate
2023 2494 2222 2548 facien-

654 2594 782 2643 dum
817 2594 922 2647 est,
959 2599 1065 2654 qua
1112 2584 1194 2639 vel
1247 2583 1481 2638 maxims
1522 2596 1750 2652 quaque
1800 2582 1994 2647 virtus,
2037 2580 2221 2634 candi-

656 2680 934 2734 dissimum
961 2674 1213 2748 quodque
1243 2674 1545 2745 ingenium,
1580 2672 1852 2729 excellens
1881 2673 2224 2742 quantumvis

656 2771 902 2825 doctrina
923 2778 979 2823 et
1022 2768 1349 2830 eruditione,
1381 2780 1660 2837 emergere
1704 2778 1771 2820 ex
1806 2771 1955 2818 tanta
1990 2764 2223 2833 caligine
2276 2762 2283 2767 ’

656 2874 711 2918 et
740 2862 1040 2934 ignorantia
1093 2860 1179 2913 vix
1213 2868 1412 2929 potest.
1444 2855 1806 2912 Tolerabilius
1857 2854 2101 2927 profecto
2138 2855 2220 2908 vi-

654 2957 874 3007 deretur
896 2951 938 3007 si
969 2949 1154 3004 virtuti
1184 2964 1217 3004 s
1262 2949 1448 3014 paucis
1482 2949 1731 3019 cognitae,
1756 2946 1803 3003 si
1847 2947 1901 3002 in
1930 2947 2145 3002 arcanis
2172 2955 2228 3001 et

655 3043 1021 3111 penetralibus
1051 3042 1200 3111 (quia
1231 3050 1344 3097 tuto
1370 3042 1547 3111 vagari
1586 3055 1690 3094 non
1725 3040 1871 3109 licet)
1901 3038 2081 3105 culta,
2115 3039 2225 3092 sal-

636 3148 763 3203 tent
799 3135 1089 3203 quiescere
1109 3134 1228 3187 sine
1256 3132 1451 3201 injuria
1476 3131 1685 3195 liceret,
1732 3146 1835 3184 non
1883 3131 2045 3183 etiam
2091 3144 2226 3197 quo-

657 3231 900 3281 rnmdsm
937 3226 1212 3280 hominum
1242 3225 1411 3280 livore
1431 3234 1486 3280 et
1509 3222 1875 3278 malevolentia
1900 3224 2228 3291 appﬁmere—

658 3328 772 3371 tur.
836 3316 1043 3368 Instant
1069 3316 1190 3369 dolo
1234 3314 1441 3373 fraude.
1481 3313 1699 3379 malitia,
1747 3316 1903 3381 vique
1951 3323 2230 3381 postremo

656 3406 883 3476 quando
910 3406 1016 3459 hoe
1038 3402 1246 3459 occulte
1282 3402 1463 3456 moliri
1498 3417 1605 3457 non
1654 3403 1815 3469 licet;
1848 3413 2111 3473 spargunt
2140 3406 2227 3457 in-

656 3499 906 3553 videntia:
940 3511 1049 3552 suae
1074 3510 1275 3565 opacas
1293 3496 1512 3550 umbras
1538 3510 1555 3562 ;
1578 3503 1887 3550 contentam
1920 3497 2220 3567 rubiginem

656 3591 1078 3659 circumquaque
1112 3587 1340 3642 fundunt
1400 3602 1510 3655 quo
1556 3587 1908 3643 suavissimas
1943 3589 2140 3644 herbas
2167 3600 2223 3644 et

658 3684 867 3739 feraces
918 3685 1132 3752 plantas
1181 3688 1447 3749 occupent
1501 3690 1662 3747 atque
1724 3691 1988 3745 enrecent;
2047 3696 2133 3748 ne,
2176 3682 2220 3735 si

658 3782 1002 3841 exspectatus
1019 3773 1212 3826 odores
1239 3779 1294 3823 et
1324 3770 1673 3824 suavissimus
1704 3771 1908 3825 fructus
1936 3772 2222 3841 aliquando

658 3862 949 3926 ediderint,
1011 3860 1113 3928 ipsi
1171 3868 1427 3925 tanquam
1490 3860 1840 3913 infructuosa:
1870 3869 1922 3912 et
1978 3861 2221 3918 infelices

658 3952 883 4005 arbores
916 3948 1253 4003 excidantur.
1280 3946 1392 4001 Nos
1416 3947 1618 4016 itaque,
1657 3964 1724 4002 ne
1775 3948 2106 4006 ὼεειιτίοηὶε
2138 3953 2223 4006 di-

659 4040 771 4095 vini
800 4040 1034 4096 hominis
1054 4038 1340 4106 sapientia,
1385 4039 1583 4099 virtus.
1613 4040 1909 4108 amplitudo
1948 4040 2124 4109 aliqua
2152 4057 2223 4097 ex

661 4142 814 4199 parte
853 4131 1075 4184 ladatur
1095 4126 1343 4199 (Oppi-imi
1373 4139 1539 4193 certe,
1571 4142 1696 4180 cum
1736 4138 1879 4182 tanta
1911 4128 1980 4184 sit
2006 4139 2222 4199 tamque

660 4224 957 4284 excellens,
984 4220 1129 4274 nullo
1165 4218 1323 4273 modo
1355 4222 1574 4287 potest),
1622 4220 1913 4273 Isocratem
1968 4235 2218 4288 magnum

660 4321 929 4365 oratorem
955 4318 1009 4362 et
1034 4308 1271 4377 perfecte
1287 4307 1499 4362 dicendi
1532 4310 1840 4377 magistrum
1869 4320 1921 4365 et
1948 4328 1978 4365 e
2009 4322 2223 4365 nostra-

664 4402 805 4453 tibus
854 4398 1104 4458 Plinium,
1158 4399 1553 4467 genethliacum
1612 4399 2005 4467 Mamertinum,
2051 4403 2219 4455 Naza-

666 4492 806 4543 rium
854 4486 1131 4551 Latinum,
1190 4490 1365 4554 quoad
1418 4489 1533 4541 ﬁeri
1582 4493 1799 4557 poterit,
1835 4490 2048 4558 imitati,
2094 4511 2223 4548 eon-

667 4578 1008 4634 suetutlincm
1064 4584 1177 4629 tum
1212 4577 1416 4638 utilem,
1465 4589 1573 4631 tum
1619 4582 2001 4645 necessariam,
2040 4585 2221 4643 multis

660 4674 775 4741 jam
823 4666 1039 4722 saeculis
1090 4666 1459 4720 intermissam
1510 4671 1902 4721 revocabimus.
1939 4669 2046 4725 llac
2076 4674 2220 4726 enim

665 4760 875 4815 ratione
909 4756 977 4810 ad
1002 4755 1393 4808 aemulationem
1421 4755 1603 4824 gloria:
1638 4756 1942 4811 excitantur
1978 4764 2066 4830 qui
2103 4777 2221 4815 ma-

666 4852 757 4918 gni
790 4852 855 4903 ad
878 4851 1130 4901 virtutem
1167 4845 1441 4913 erectique
1489 4856 1613 4900 sunt
1657 4848 1844 4912 animi,
1870 4850 1989 4904 cum
2041 4868 2219 4909 veram

666 4954 724 4998 et
754 4942 1015 5011 integram
1045 4938 1259 4991 laudem
1312 4938 1393 4988 his
1436 4940 1762 5004 propositam
1800 4941 1979 4995 vident
2016 4949 2101 5011 qui
2139 4960 2225 4999 3a-

668 5032 885 5102 pienter
912 5029 1243 5095 honesteque
1275 5026 1545 5087 vixerunt,
1576 5042 1909 5098 quorumque
1944 5036 2046 5086 vita
2077 5039 2222 5090 omni

665 5137 733 5175 ex
788 5127 941 5186 parte
988 5119 1221 5172 humano
1257 5116 1436 5182 generi
1485 5126 1539 5168 et
1564 5118 1709 5170 utilis
1758 5132 1809 5171 et
1840 5121 2108 5177 fructuosa
2145 5138 2225 5180 est

668 5210 870 5265 habita.
926 5206 1126 5262 Contra
1162 5219 1292 5259 vero
1345 5220 1375 5257 a
1422 5204 1565 5257 vitiis
1617 5206 1960 5261 deterrentur
2012 5213 2069 5275 ii,
2120 5232 2223 5270 non

669 5315 889 5368 prorsus
913 5300 1166 5352 virtutem
1185 5305 1561 5364 aspernantur,
1595 5297 1687 5365 qui
1741 5296 1997 5353 eﬂrenata
2029 5305 2229 5371 οιιρῑιιί-

669 5405 774 5445 tate
814 5392 983 5457 ducti,
1004 5391 1331 5459 petulanter,
1356 5389 1631 5456 audacter,
1662 5395 2002 5459 protervead
2032 5395 2227 5464 flagitia

666 5484 1023 5547 declinarunt,
1058 5498 1179 5537 cum
1223 5490 1505 5551 perpetuas
1536 5492 1689 5539 notas
1727 5483 2000 5538 dedecoris
2032 5496 2083 5540 et
2112 5496 2224 5542 tur-

732 5660 811 5728 (ι)
840 5656 935 5713 ilic
961 5658 1142 5731 incipit
1173 5657 1417 5717 Bzuvius.

2916 1995 2994 2033 em
3018 1985 3228 2040 inseruit
3264 1990 3461 2043 onvlus
3481 1994 3540 2045 ad
3564 2010 3645 2047 an.
3671 1999 3780 2063 672,
3802 2007 3904 2056 sed

3632 2235 3641 2261 l

2320 2317 2578 2386 pitudinis
2632 2323 2899 2382 frontibus
2959 2330 3243 2414 suis‘innrl
3295 2336 3364 2392 sb
3419 2338 3505 2396 his
3555 2342 3737 2408 vident
3789 2348 3890 2417 qui

2321 2411 2536 2478 scriptis
2568 2429 2746 2487 rerum
2778 2432 3049 2485 gestarum
3084 2411 3299 2493 seriem,
3320 2429 3411 2497 qui
3442 2446 3619 2487 mores
3646 2444 3698 2488 et
3720 2438 3889 2488 vitam

2321 2499 2598 2555 hominum
2613 2509 2886 2562 memoria:
2914 2510 3240 2579 posteritatis
3265 2520 3330 2571 ad
3355 2522 3889 2582 utilitatenrhumaui

2323 2596 2533 2662 generis
2577 2600 2975 2658 commendant.
3031 2604 3229 2660 Verum
3286 2611 3386 2665 hoc
3434 2615 3573 2680 loco,
3624 2616 3889 2685 Quirites,

2326 2697 2445 2735 cum
2504 2685 2648 2741 vires
2712 2687 2908 2757 ingenii
2970 2694 3072 2747 mei
3113 2698 3441 2763 cansldero.
3494 2719 3650 2773 quam
3705 2723 3895 2775 parva

2324 2790 2596 2846 quamque
2624 2780 2832 2850 exigua:
2860 2785 2989 2847 sint,
3020 2800 3124 2840 non
3154 2802 3395 2857 possum,
3418 2799 3627 2865 cognita
3668 2800 3885 2868 ampli-

2325 2869 2510 2923 tudine
2550 2883 2870 2940 conspectus
2916 2877 3099 2943 vestri,
3156 2895 3261 2934 non
3310 2890 3674 2955 commoveri,
3714 2904 3766 2947 et
3818 2913 3892 2949 ρο

2327 2962 2560 3015 maxime
2592 2967 2731 3031 quod
2763 2966 2894 3021 mihi
2924 2968 2991 3024 tle
3015 2984 3080 3024 eo
3114 2971 3229 3027 viro
3259 2974 3543 3032 dicendum
3599 2983 3781 3054 sitqui
3810 2986 3897 3046 eli

2326 3053 2746 3120 magnitudinem
2780 3072 2956 3111 rerum
2981 3071 3127 3128 gesta
3138 3079 3251 3117 rum
3269 3071 3613 3133 quantumvis
3631 3053 3889 3145 magnum

2327 3152 2625 3211 oratorem,
2657 3148 2853 3202 nedum
2881 3166 2964 3203 me
2998 3154 3196 3220 ipsum,
3246 3156 3386 3212 inter
3419 3163 3692 3223 studiosos
3716 3168 3888 3225 bona-

2327 3246 2448 3285 rum
2489 3235 2685 3287 artium
2720 3237 2807 3289 vix
2842 3245 3229 3297 numerandnrn
3251 3284 3267 3308 ,
3298 3250 3568 3310 deterrere
3593 3271 3626 3311 ι
3651 3257 3887 3318 dicendo
3978 3277 3983 3279 ‘

2329 3332 2516 3389 possit.
2579 3323 2807 3379 Recreat
2848 3344 2932 3381 me
2971 3337 3147 3387 tamen
3193 3350 3256 3389 ac
3302 3339 3474 3395 reficit
3532 3345 3892 3417 hortaturque

2328 3416 2394 3468 ad
2421 3415 2704 3471 dicendum
2738 3419 3085 3493 humanitatis
3110 3432 3163 3479 et
3201 3428 3415 3493 pietatis
3453 3443 3639 3490 vestrae
3670 3415 3887 3509 vulgata

2331 3502 2511 3575 opinio
2527 3526 2542 3576 ;
2561 3525 2662 3578 qua
2690 3510 2906 3580 quidem
2938 3512 3341 3585 fretnsjamjam
3358 3520 3693 3583 Bessariouis
3714 3502 3888 3587 divisi

2325 3596 2558 3651 hominis
2593 3601 2777 3656 laudes
2806 3603 2991 3658 dicere
3025 3610 3307 3676 aggrediar
3340 3627 3544 3682 :‘quem
3566 3619 3667 3686 qui
3705 3620 3891 3677 laudas

2323 3688 2575 3742 virtutem
2598 3692 2844 3759 extollit;
2876 3698 3024 3763 parvi
3058 3699 3208 3754 enim
3239 3701 3404 3758 refert
3438 3705 3889 3769 Bessarionemne

2323 3791 2390 3829 an
2416 3778 2669 3834 virtutem
2694 3783 2899 3869 laudes.
2941 3786 3046 3842 Nec
3079 3791 3272 3844 mirum
3300 3790 3353 3847 id
3380 3796 3619 3864 quidem.
3638 3798 3690 3855 Is
3711 3803 3887 3871 ettitn,

2323 3884 2387 3921 cx
2444 3881 2621 3924 vetere
2683 3866 2888 3927 Graécia
2962 3878 3224 3949 oriundus
3276 3892 3545 3955 natusque
3591 3890 3643 3945 in
3707 3866 3884 3960 Asia,

2325 3961 2578 4029 utrinque
2605 3963 2820 4035 collegit
2843 3971 3089 4033 generosi
3129 3973 3349 4038 spiritus
3376 3980 3600 4035 semina.

2395 4049 2766 4120 Trapezuntns
2812 4059 2917 4142 (li,
2978 4060 3357 4128 Sinopensium
3423 4072 3659 4140 colonia,
3720 4077 3885 4146 huius

2325 4146 2493 4211 patria
2546 4157 2663 4210 est;
2713 4147 2965 4216 Sinopem
3013 4153 3301 4209 condidere
3365 4156 3582 4225 Ililesii,
3643 4164 3883 4223 Miletm

2321 4237 2699 4293 Athenienses.
2762 4236 2840 4292 Ex
2894 4241 3013 4303 his,
3047 4252 3104 4296 ut
3153 4258 3182 4298 a
3239 4251 3570 4317 parentibus,
3606 4256 3739 4321 svis,
3786 4258 3890 4313 ab-

2324 4329 2462 4389 avis,
2498 4328 2829 4383 nobilitatem
2880 4332 3138 4396 referens.
3186 4338 3458 4396 redundan
3516 4343 3642 4399 tiam
3694 4349 3886 4405 Asiani

2324 4420 2516 4489 ingenii
2574 4421 2875 4489 frugalitate
2927 4424 3113 4480 -Attica
3172 4434 3542 4501 tontpescuit;
3601 4451 3697 4493 nec
3765 4449 3889 4494 tan-

2323 4518 2434 4561 tum
2494 4509 2774 4581 Diogenem
2837 4514 3136 4571 admiratus
3186 4531 3308 4585 est,
3360 4522 3721 4593 Timotheum,
3761 4530 3889 4583 Dei-

2324 4598 2523 4667 pliilum
2577 4612 2808 4670 poetam,
2858 4604 3100 4670 Thalem.
3152 4611 3654 4680 Anaximandrum,
3684 4618 3885 4672 Anaxi-

2325 4705 2557 4755 menem,
2582 4691 2867 4747 Hecaten‘n
2902 4697 3239 4763 historicum,
3264 4700 3576 4760 Eschinem
3610 4708 3885 4763 rhetorem

2329 4780 2474 4835 illum
2504 4782 2595 4850 qui
2633 4784 2685 4836 in
2708 4784 3018 4853 Pompeium
3060 4790 3305 4846 invectus
3336 4806 3438 4859 est,
3474 4795 3597 4851 licet
3651 4799 3684 4851 ii
3719 4814 3888 4869 agna.

2331 4872 2490 4931 tionis
2513 4873 2634 4941 jure
2664 4877 3073 4944 propinquiores
3111 4892 3314 4957 essent,
3350 4884 3478 4953 quin
3511 4886 3889 4943 observlvcrit

2331 4961 2837 5030 Socratisleporem,
2860 4966 3099 5022 Platonis
3128 4972 3339 5037 copiam
3368 4982 3422 5026 et
3447 4979 3887 5043 amplitudurem,

2329 5052 2634 5106 Aristotelis
2664 5060 2909 5121 aeumen,
2944 5056 3197 5112 lsocratis
3226 5059 3497 5114 lenitatem
3522 5074 3574 5116 et
3610 5080 3886 5133 numeros,

2331 5144 2436 5193 vim
2491 5140 2904 5207 Demosthenis;
2966 5146 3031 5197 ab
3066 5149 3316 5221 orntiihus
3350 5151 3515 5215 enim,
3565 5156 3890 5223 gentilitatis

2325 5232 2467 5297 jure,
2501 5234 2642 5300 quod
2699 5235 2973 5301 probabile
3023 5239 3271 5306 quodque
3298 5242 3560 5309 optimum
3597 5256 3761 5313 esset,
3796 5264 3894 5302 ac-

2332 5321 2493 5385 cepit,
2529 5322 2702 5377 haei-es
2738 5334 2817 5378 tot
2849 5341 2911 5378 ac
2947 5336 3214 5390 tantorum
3269 5330 3621 5399 ingeniorum.
3679 5337 3755 5391 Ex
3803 5339 3897 5396 his

2331 5407 2498 5474 igitur
2541 5410 2823 5468 Bessarion
2879 5416 3089 5470 animos
3143 5434 3400 5485 Sumens,
3438 5424 3524 5475 ubi
3579 5426 3808 5492 primum
3860 5446 3897 5481 e

2331 5500 2513 5567 pueris
2531 5509 2782 5569 excessit,
2808 5519 2932 5559 cura
2959 5518 3242 5575 parentum
3281 5511 3585 5581 Byzantium
3612 5518 3901 5575 transutih
