4138 6328
199 336 294 379 "
1253 341 1769 406 PANEGYRICU:

1867 341 2359 407 lESSARIONiS.
2632 354 2643 365 ’
3330 360 3417 399 cn

201 438 354 501 titur,
392 440 661 497 celebrem
690 446 962 514 quondam
996 448 1183 505 urbem
1222 462 1276 505 et
1307 454 1635 509 doctissimis
1667 454 1765 507 bo-

201 531 439 586 minibus
500 533 917 609 liberalibusq'ne
969 540 1163 595 studiis
1218 541 1545 596 aﬂlucntem.
1580 542 1770 597 Gram.-

199 623 401 677 natica
454 624 704 682 celeriter
774 632 844 684 ob
899 645 1124 686 acumen
1198 633 1396 702 ingenii
1456 633 1769 703 poeticaque

204 712 469 777 imbutus,
517 717 824 785 posthabita
850 734 977 776 cura
1022 736 1197 777 rerum
1250 726 1604 779 humanarum
1632 714 1637 720 ’
1663 738 1765 791 qua

201 802 451 871 impediri
499 810 885 878 contemplatio
928 811 1231 866 divinarum
1284 814 1439 877 solet,
1478 826 1646 868 totum
1708 829 1768 868 se

202 892 450 963 religioni
478 898 706 957 addixit.
735 899 936 955 Christi
964 917 1195 970 namque
1230 904 1476 957 militiam
1524 914 1784 967 secutus,

200 993 265 1038 ut
291 998 477 1039 veram
522 986 746 1058 gloriam
792 1006 1064 1060 verosque
1112 993 1411 1061 triumphos
1448 992 1762 1061 parituram,

202 1073 484 1145 Dositheo,
538 1081 951 1151 archiepiscopo
1017 1083 1283 1143 Doriensi,
1346 1082 1488 1137 unici
1535 1084 1764 1151 exempli

201 1167 447 1222 moribus
466 1177 519 1223 et
546 1172 832 1227 sanctitate
875 1173 1015 1236 viro;
1040 1173 1093 1226 in
1119 1174 1293 1241 primo
1330 1172 1577 1226 tirocinio
1605 1183 1765 1226 tanta!

196 1258 567 1327 expeditionis
604 1261 741 1316 doce
777 1277 908 1318 usus
957 1272 1081 1317 est:
1118 1263 1275 1332 cujus
1316 1264 1589 1328 virtutem,
1641 1264 1763 1317 reli-

200 1350 441 1417 gionem,
495 1351 802 1408 doctrinam
854 1353 985 1409 adeo
1040 1354 1254 1409 imbibit
1305 1366 1363 1409 ut
1415 1354 1554 1408 idem
1616 1346 1765 1409 brevi

204 1436 387 1495 factus
412 1440 708 1499 videretur.
743 1443 1081 1500 Bessarionis
1112 1445 1384 1515 ingenium
1437 1456 1491 1498 et
1532 1454 1763 1498 mentem

198 1542 375 1597 prope
395 1531 630 1585 divinam
666 1534 731 1587 ad
748 1534 1107 1609 cognitionem
1137 1549 1319 1589 rerum
1349 1523 1679 1590 occultarum
1713 1544 1767 1590 et

197 1621 603 1678 admirabilium
643 1626 723 1679 vir
766 1626 1144 1682 sanctissimus
1185 1626 1598 1695 contemplatus,
1638 1626 1766 1680 ado-

196 1712 493 1769 lescentem
512 1716 683 1783 ipsum
708 1716 775 1772 ad
791 1710 1254 1787 archiepiscopum
1282 1717 1761 1788 Selytnbriensem,

194 1805 381 1859 virum
402 1807 661 1875 optimum
692 1819 854 1879 atque
908 1811 1308 1873 doctissimum,
1338 1812 1502 1875 misit,
1545 1811 1686 1866 unde
1715 1819 1769 1863 et

195 1897 498 1951 oratoriam
549 1908 719 1953 artem
759 1908 813 1953 et
843 1898 1233 1969 philosophiam
1267 1902 1615 1970 perdisceret,
1669 1901 1767 1955 sub

195 1999 313 2054 quo
335 1995 480 2042 certe
517 1997 728 2043 tantum
759 1988 1245 2055 profecitadhibita
1274 1990 1423 2044 omni
1456 1991 1519 2042 ad
1556 1990 1770 2043 imitan-

196 2084 333 2130 i'um
370 2078 642 2135 hominem
683 2096 836 2146 cura.
866 2082 1049 2138 studio
1095 2097 1158 2136 ac
1205 2082 1501 2151 diligentia,
1534 2091 1590 2133 ut
1632 2080 1770 2149 judi-

193 2182 330 2224 care
363 2182 547 2237 postea
576 2170 855 2227 difﬁcilius
877 2165 1041 2227 fuerit
1081 2172 1341 2227 meliorne
1386 2172 1665 2226 Bessarion
1697 2185 1764 2223 an

190 2261 421 2314 doctior
478 2262 791 2315 haberetur.
846 2263 1131 2317 Postremo
1190 2268 1396 2326 autem,
1454 2274 1519 2313 ne
1568 2261 1766 2329 aliquid

196 2361 357 2404 tanto
413 2351 660 2419 ingenio‘
682 2353 916 2429 deesset,
946 2350 1222 2405 Platonem
1260 2350 1397 2429 .(leg.
1429 2350 1765 2417 Pletbonem)

192 2457 365 2509 quem
396 2442 483 2495 alii
511 2443 787 2498 Gemiston
814 2454 1037 2519 vocant,
1080 2443 1449 2498 doctissimum
1476 2450 1768 2512 praecepto-

195 2548 318 2585 rem
345 2547 396 2586 et
426 2548 585 2601 quem
613 2548 803 2589 onmes
828 2535 1123 2589 secundum
1166 2549 1200 2589 a
1235 2532 1453 2588 Platone
1474 2542 1687 2598 vocant,
1714 2534 1765 2586 in

198 2621 597 2692 Peloponneso,
647 2639 753 2693 quo
811 2640 869 2680 se
926 2626 1229 2681 contuierat
1281 2628 1534 2681 doctrinae
1582 2641 1766 2687 causa,

200 2728 420 2779 nactus,
460 2716 857 2772 mathematicis
911 2727 1166 2771 accurate
1210 2717 1488 2771 imbuitur.
1551 2717 1768 2787 Vulgari

196 2816 316 2860 tutu
380 2808 592 2862 demum
644 2809 773 2864 tanti
811 2810 1044 2864 hominis
1085 2823 1280 2863 nomen
1311 2819 1393 2864 est
1423 2818 1679 2878 coeptum,
1713 2819 1770 2863 ut

196 2918 312 2969 quo
344 2900 779 2970 proﬁcisceretur
825 2904 1024 2957 famam
1083 2903 1437 2970 exspectatio,
1489 2912 1767 2971 exspecta-

197 2995 407 3050 tionem
433 2996 553 3064 ejus
600 2994 922 3065 Optatissimi
973 2994 1237 3047 adventus
1293 2993 1580 3048 admiratio
1613 3008 1771 3061 supe-

197 3099 372 3145 raret.
405 3074 803 3143 Existimabam
839 3096 948 3140 tum
986 3085 1231 3141 homines
1262 3099 1379 3139 eam
1402 3085 1615 3139 demum
1636 3086 1772 3139 civi-

198 3190 371 3234 tatem
430 3180 638 3234 beatam
678 3177 795 3235 fore
842 3176 910 3232 ad
961 3191 1121 3246 quam
1150 3178 1385 3232 venisset
1412 3175 1771 3231 ‘Bessarionis

198 3271 386 3325 divina
409 3274 615 3336 virtus;
668 3272 813 3325 hunc
837 3271 1020 3338 itaque
1059 3282 1250 3323 omnes
1284 3268 1535 3322 certatim
1568 3276 1626 3321 ut
1669 3282 1767 3319 co-

198 3362 461 3432 gnitionis
496 3372 549 3416 et
580 3363 815 3430 hospitio
861 3362 1081 3431 dignum
1114 3359 1501 3430 suscipiebant,
1548 3375 1771 3413 venera-

198 3442 429 3521 bantur,
458 3454 836 3511 observabant.
860 3442 1184 3515 Conciones,
1201 3460 1254 3508 et
1273 3454 1489 3523 quidem
1520 3452 1773 3519 frequen-

197 3556 291 3601 tes
324 3556 485 3615 atque
516 3548 812 3618 elegantes,
846 3547 912 3601 ad
956 3545 1185 3615 populos
1224 3542 1411 3597 habuit
1440 3543 1562 3608 (bas
1597 3542 1770 3597 Graeci

197 3638 461 3692 homiiias
506 3637 719 3707 vocant)
777 3646 929 3691 tanto
957 3650 1225 3690 concursu
1276 3643 1339 3687 ut
1399 3634 1594 3699 templa
1654 3635 1771 3701 ipsa

199 3740 498 3794 permagna
548 3735 752 3780 tantam
800 3723 1198 3779 multitudinem
1229 3721 1312 3774 vix
1357 3731 1632 3799 caperent.
1666 3721 1770 3775 Po-

199 3820 365 3888 pulos
394 3821 461 3873 ad
512 3804 849 3887 religionem,
881 3816 948 3870 ad
976 3812 1273 3896 justitiam,
1306 3814 1373 3867 ad
1435 3815 1771 3884 mquitatem,

198 3914 276 3967 ad
336 3910 652 3965 modestiam
711 3908 1047 3972 hortabatur,
1097 3907 1256 3962 bonis
1322 3908 1560 3976 praemia,
1618 3909 1773 3964 malis

197 4017 397 4075 pmﬂas
426 4001 728 4070 propositas
779 3998 1094 4067 ostendens,
1122 4008 1176 4054 et
1198 4014 1335 4069 quos
1366 4014 1580 4056 movere
1636 4001 1773 4057 inte-

198 4096 408 4164 gritate
452 4093 594 4157 vitae,
629 4092 937 4167 rationibus
980 4100 1035 4147 et
1082 4092 1345 4162 exemplis
1393 4108 1499 4148 non
1539 4103 1771 4163 poterat,

192 4186 425 4243 eosdem
476 4182 991 4248 obtestationibus,
1022 4183 1313 4251 precibus,
1374 4182 1651 4253 lacrymis,
1716 4193 1773 4237 ut

194 4290 377 4346 vagos
406 4287 460 4329 et
481 4285 745 4340 errantes,
780 4274 833 4329 in
865 4275 1006 4327 viam
1039 4272 1225 4328 salutis
1246 4272 1553 4327 reducebat.
1578 4268 1772 4326 Multos

195 4371 357 4425 inter
393 4368 719 4423 secivilibua
761 4374 816 4419 et
860 4364 1134 4419 intestinis
1156 4363 1297 4417 odiis
1327 4364 1651 4417 dissidentes
1678 4372 1769 4415 aut

193 4446 395 4515 coram
425 4457 694 4521 oratione,
726 4446 816 4506 aut
864 4454 1058 4507 absens
1092 4452 1338 4519 epistolis
1372 4450 1769 4519 sapientissime

192 4564 260 4608 et
287 4550 689 4619 elegantissime
732 4545 968 4613 scriptis
992 4544 1059 4598 ad
1092 4543 1442 4598 concordiam
1475 4543 1767 4598 revocavit.

280 4643 395 4697 Hac
417 4651 564 4693 tanta
602 4638 798 4691 virtute
833 4633 962 4688 moti
990 4632 1344 4702 imperatores
1366 4634 1469 4687 duo
1508 4632 1772 4688 Constan-

197 4730 595 4802 tinopolitanus
627 4736 679 4782 et
709 4724 1124 4796 Trapezuntius,
1153 4727 1294 4779 hunc
1340 4726 1479 4779 ultro
1528 4727 1772 4796 citroque

193 4829 439 4894 legatum
496 4822 809 4889 frequenter
856 4817 1164 4881 mittentes,
1218 4817 1499 4895 utriusque
1560 4818 1771 4886 imperii

195 4918 355 4971 vires
397 4911 863 4973 concatenahant,
920 4922 1024 4977 quo
1080 4906 1271 4961 fortius
1329 4918 1383 4961 et
1436 4908 1781 4961 constantius

194 5007 523 5089 propulsare
544 5004 843 5059 Turcorum
876 5002 1107 5070 impetus
1138 5007 1376 5071 possent,
1399 5000 1490 5067 qui
1518 5006 1771 5070 tanquam

196 5101 382 5161 rabidi
400 5099 508 5167 lupi
539 5098 679 5152 inter
700 5108 987 5165 utrumque
1016 5094 1194 5163 positi,
1216 5091 1554 5147 occasionem
1579 5091 1774 5144 utrius-

190 5210 312 5266 que
352 5191 565 5261 imperii
590 5187 879 5259 diripiendi
933 5185 1352 5255 exspectabant,
1387 5183 1529 5251 quod
1588 5189 1771 5249 postea

192 5284 411 5338 accidit
464 5295 587 5334 cum
637 5292 833 5347 magno
877 5281 1043 5332 totius
1098 5273 1406 5340 reipublicae
1456 5269 1774 5324 Christianae

190 5374 475 5430 dedecore
530 5383 594 5423 ac
649 5369 989 5435 detrimento.
1044 5364 1281 5419 Sublatis
1356 5363 1497 5417 enim
1564 5360 1775 5413 duobus

192 5464 486 5526 claustris,
522 5472 668 5513 nunc
720 5473 841 5513 sese
892 5460 947 5511 in
1005 5457 1209 5519 Asiam,
1250 5467 1391 5506 nunc
1420 5449 1770 5521 inEuropam

195 5556 529 5631 gravissima
554 5550 639 5606 illa
668 5547 967 5624 Turcorum
1002 5540 1236 5617 pr'ocella
1278 5545 1491 5599 nemine
1525 5544 1776 5599 obstante

196 5645 601 5706 seellundens,
645 5634 799 5711 longe
838 5655 900 5693 ac
943 5639 1048 5694 late
1090 5638 1270 5693 omnia
1310 5644 1502 5697 vastat,
1552 5632 1772 5693 obterit,

196 5738 498 5798 concaleat
531 5751 549 5788 :
603 5730 933 5804 diripiuntur
973 5730 1132 5793 urbes
1174 5726 1517 5798 quantumvis
1546 5737 1771 5793 magum,

1874 452 2229 509 incenduntur
2256 454 2413 517 vilite.
2442 464 2708 511 necantur
2754 457 3037 522 homines;
3075 455 3212 525 quod
3257 455 3298 509 si
3325 459 3419 507 ali-

1868 545 2062 610 quibus
2088 546 2303 601 fortuna
2332 547 2450 602 belli
2483 549 2717 617 pepercit
2741 590 2756 614 ,
2785 550 2821 602 ii
2856 564 2959 604 una
2990 563 3113 604 cum
3145 548 3446 616 pecoribus

1866 644 2219 691 coterrarum
2269 638 2555 706 abiguntur
2587 640 2729 693 unde
2783 654 3052 706 nunquam
3095 640 3146 692 in
3195 639 3423 707 pati-inm

1868 737 1992 781 sunt
2027 726 2270 783 redituri.
2309 727 2353 783 0
2381 730 2603 784 miseros
2634 737 2686 783 et
2708 728 3068 783 infortunatos
3099 728 3315 784 ϐπεροε
3344 729 3356 780 l
3394 745 3425 782 ο

1866 816 2108 873 infelices
2125 829 2178 873 et
2209 819 2584 873 calamitosos!
2622 834 2655 874 ο
2693 817 2855 874 etiam
2889 818 3125 886 ipsorum
3160 819 3423 873 crudelis-

1866 910 2121 964 simorum
2159 909 2389 962 bostium
2414 911 2668 981 lacrymis
2688 909 3077 978 deplorandos!
3130 911 3425 963 dedistisne

1865 999 2114 1052 omnibus
2149 1000 2455 1055 nationibus
2482 1016 2546 1056 ac
2583 1002 2833 1071 gentibus
2869 1000 3169 1054 doctrinam
3195 1009 3247 1053 et
3272 999 3423 1068 inge-
3490 1033 3495 1040 -

1867 1088 2013 1141 nium
2049 1095 2106 1141 ut
2138 1088 2237 1156 ipsi
2274 1090 2504 1146 consilio
2554 1089 2849 1145 careretis?
2898 1090 3121 1145 dedistis
3168 1105 3316 1143 arma
3367 1100 3426 1141 ut

1864 1179 2065 1234 eisdem
2113 1189 2297 1249 postea
2346 1178 2601 1237 corruere
2665 1181 2973 1236 videamini.
3021 1179 3283 1235 Constans
3343 1190 3426 1234 est

1863 1282 2031 1335 certe,
2086 1273 2343 1340 Quirites,
2372 1276 2611 1329 omnium
2660 1274 2796 1328 bene
2834 1272 3177 1326 sentientium
3221 1271 3421 1338 Opinio,

1866 1373 2127 1417 eteorum
2169 1365 2402 1419 maxime
2426 1366 2519 1434 qui
2554 1380 2653 1418 suo
2685 1363 2919 1433 periculo
2964 1363 3182 1416 istarum
3205 1360 3425 1414 calami-

1867 1462 2034 1508 tatum
2066 1459 2219 1527 gnari
2253 1454 2532 1523 sunt,'duo
2560 1458 2647 1511 illa
2699 1458 2919 1527 imperia
2957 1469 3225 1525 nunquam
3259 1453 3425 1508 fuisse

1864 1548 2167 1601 corruitura
2204 1550 2247 1605 si
2281 1548 2589 1610 Bessarion,
2623 1549 2797 1619 magni
2837 1548 3001 1601 animi
3034 1556 3190 1615 atque
3210 1544 3423 1605 consilii

1867 1640 1967 1707 \ir,
2013 1642 2118 1697 illis
2166 1644 2215 1697 in
2275 1644 2406 1699 locis
2451 1653 2560 1697 tum
2604 1642 2795 1697 fuisset
2844 1656 2963 1695 cum
3010 1648 3295 1708 tempestas
3337 1632 3424 1691 illa

1864 1744 2051 1790 contra
2091 1750 2195 1789 non
2256 1734 2473 1790 Graecos
2526 1746 2756 1800 tantum,
2798 1736 2893 1789 sed
2936 1735 3227 1787 humanum
3261 1747 3428 1802 genus

1871 1833 2058 1877 exorta
2095 1833 2197 1881 est.
2229 1825 2527 1882 Excitasset
2554 1826 2698 1881 enim
2749 1827 2828 1880 vir
2854 1825 3096 1879 omnium
3137 1821 3428 1894 vigilantis-

1870 1914 2041 1969 simus
2069 1915 2427 1972 dormientem
2455 1915 2717 1971 Graeciam
2740 1955 2757 1982 ,
2809 1915 3103 1969 animasset
3135 1914 3297 1968 nimio
3317 1916 3427 1966 otio

1868 2005 2177 2075 languentes
2197 2008 2439 2070 animos;
2473 2007 2552 2061 ire
2584 2009 2635 2062 in
2673 2008 2855 2062 hostes
2893 2019 3020 2062 suos
3045 2013 3099 2060 et
3136 2019 3164 2057 a
3203 2006 3429 2059 cervici-

1868 2094 1968 2149 bus
2000 2104 2202 2150 tantam
2261 2097 2616 2152 calamitatem
2671 2106 2920 2150 avertere
2970 2104 3222 2164 quantam
3281 2097 3425 2161 passi

1868 2193 2013 2249 sunt,
2047 2199 2141 2251 spe
2171 2201 2310 2239 verte
2329 2194 2383 2239 et
2407 2186 2628 2251 integrat
2658 2185 2833 2238 laudis
2873 2183 3169 2252 praposita,
3203 2198 3422 2249 compu-

1867 2274 2037 2328 lisset.
2072 2272 2289 2338 Verum,
2339 2289 2405 2329 eo
2466 2276 2711 2340 absente,
2762 2288 2885 2328 cum
2947 2288 3103 2328 nemo
3154 2283 3298 2331 esset
3336 2289 3426 2342 qui

1868 2363 2161 2429 monendo,
2195 2364 2570 2429 consultando,
2610 2365 2873 2427 docendo,
2901 2365 3231 2432 cohortando
3275 2364 3422 2417 Grae—

1866 2470 1959 2510 cos
1986 2457 2040 2508 in
2072 2454 2254 2510 cilicio
2283 2456 2608 2521 ’contineret,
2640 2466 2795 2523 capta
2825 2470 2888 2509 ac
2937 2454 3145 2523 direpta
3177 2472 3203 2507 a
3233 2455 3426 2508 Turcis

1865 2546 2359 2616 Constantinopolis
2414 2555 2520 2611 est,
2571 2562 2709 2601 cmsa
2762 2547 2928 2600 multa
2978 2546 3173 2600 civium
3240 2547 3425 2608 millia,

1866 2633 2219 2703 obtruncatus
2270 2633 2562 2703 imperator
2597 2634 2771 2688 :idem
2801 2634 2997 2689 accidit
3034 2634 3423 2701 Trapezuntiis,

1868 2724 2007 2779 idem
2038 2723 2373 2795 Mitylenmis,
2408 2726 2545 2778 idem
2582 2724 3051 2793 Pelopeunesiacis
3096 2728 3427 2792 principibus

1866 2823 1920 2868 et
1953 2816 2180 2878 civibus,
2205 2814 2343 2869 idem
2379 2815 2593 2884 reliquae
2641 2814 2881 2879 ϐαθεῖαι,
2915 2816 3052 2869 idem
3086 2816 3424 2871 Bossinen‘si-

1869 2909 1988 2973 bus,
2034 2910 2123 2978 qui
2143 2920 2194 2962 et
2219 2925 2398 2977 regem
2423 2919 2477 2963 et
2499 2911 2723 2979 patriam
2747 2918 2797 2963 et
2819 2911 2978 2962 vitam
3010 2924 3114 2964 uno
3144 2912 3421 2965 suavissimi

1868 3000 2103 3055 hominis
2128 3001 2330 3067 impetu
2360 3001 2616 3060 amisere;
2658 3000 2974 3053 Bessarione
3012 3001 3126 3067 ipso
3154 3000 3423 3055 clamante

1866 3104 1929 3144 ac
1962 3105 2201 3160 persa‘pe
2228 3089 2501 3145 Romanos
2538 3092 2818 3160 pontiﬁces
2860 3092 3186 3165 admonente
3209 3101 3265 3146 ut
3312 3092 3429 3146 lla-

1868 3180 2184 3242 cedonibus,
2215 3180 2553 3246 Dalmaticis,
2609 3179 2827 3250 lilyriis,
2863 3180 3154 3236 Pannoniis
3190 3181 3421 3235 hostium

1869 3272 2123 3341 impetum
2152 3287 2292 3340 aegre
2342 3271 2730 3327 sustinentibus
2763 3272 2963 3327 auxilio
3010 3281 3215 3333 essent.
3248 3288 3431 3328 nere-

1871 3363 2052 3418 fractis
2082 3364 2331 3418 claustris
2373 3356 2517 3419 illinc
2549 3380 2688 3420 saeva
2722 3363 2811 3436 illa
2856 3372 2908 3418 et
2941 3365 3196 3419 immanis
3231 3366 3431 3428 bellua,

1869 3453 2102 3507 Eridano
2123 3454 2424 3518 violentior,
2475 3452 2681 3509 italiam
2716 3455 3025 3514 inundaret.
3060 3455 3198 3525 quod
3232 3471 3425 3524 prope-

1868 3543 2008 3597 diem
2028 3542 2257 3611 (ntinam
2285 3544 2450 3598 falsus
2485 3546 2584 3599 sim
2614 3546 2835 3613 vates!)
2862 3545 3097 3599 futurum
3127 3547 3425 3600 videbimus

1870 3633 1968 3685 nisi
2021 3632 2149 3687 huic
2200 3633 2596 3699 sapientissimo
2625 3634 2780 3699 viro,
2817 3644 3073 3700 tanquam
3125 3650 3153 3687 e
3206 3636 3425 3701 speculo

1867 3721 2047 3773 omnia
2096 3722 2363 3784 cernenti,
2396 3721 2675 3787 clamanti,
2706 3722 3013 3775 admoneuti
3057 3724 3252 3775 instare
3308 3738 3423 3775 tua-

1867 3826 2026 3881 gnam
2076 3811 2393 3879 perniciem,
2429 3810 2717 3880 aliquando
2760 3811 2924 3866 fuerit
2977 3812 3459 3880 obtemperatmn._

1869 3904 2093 3959 Multum
2119 3913 2267 3958 certe
2306 3904 2431 3959 huic
2483 3903 2817 3975 amplissimo
2848 3905 2989 3960 Patri
3032 3906 3320 3969 debemus,.
3360 3909 3424 3958 ad

1869 3994 2019 4065 cujus
2042 4011 2131 4051 res
2157 3995 2370 4067 egregie
2394 4005 2572 4064 gestas
2602 4012 2667 4051 ne
2700 3997 2752 4050 in
2783 3995 2925 4051 hanc
2951 3998 3426 4051 calaniitatetn.\e-

1870 4087 2108 4141 niremus
2144 4086 2373 4142 libenter
2392 4074 2612 4142 accedo.
2670 4084 2720 4142 Is
2757 4088 2920 4149 enim,
2955 4102 3012 4140 re
3044 4086 3427 4146 Constantinu-

1870 4178 2109 4246 politana
2147 4170 2383 4232 nondum
2436 4175 2734 4247 proﬂigata,
2761 4176 3085 4229 Orientaiem
3119 4175 3425 4242 Ecclesiam

1871 4269 1925 4321 in
1970 4268 2292 4322 sententiam
2342 4248 2699 4319 Occidentalis
2735 4255 2985 4331 redigere
3023 4272 3264 4325 conatus,
3318 4280 3421 4315 non

1869 4358 2017 4427 prius
2051 4355 2277 4424 destitit,
2308 4356 2546 4422 rogando
2567 4393 2582 4419 ,
2612 4354 2900 4411 monendo.
2920 4354 3297 4420 imperatorem
3358 4370 3437 4407 ac,

1868 4438 2136 4517 principes
2159 4445 2378 4501 Graeciae
2434 4459 2595 4514 quam
2645 4459 2743 4498 eos
2762 4441 3059 4513 impulerit,
3107 4444 3419 4511 gravissima

1867 4535 2112 4591 oratione
2143 4534 2344 4601 habita,
2373 4536 2426 4589 in
2462 4532 2663 4590 italiam
2690 4530 2756 4587 ad
2793 4533 3087 4600 Eugenium
3120 4533 3422 4600 pontificem

1870 4629 2161 4682 tnaximum
2192 4627 2538 4684 contendere.
2562 4628 2765 4682 Venere
2798 4630 2969 4694 primo
3005 4624 3425 4692 Venetinsatque

1870 4719 1994 4774 inde
2043 4718 2348 4773 Ferrariam
2406 4720 2495 4773 ubi
2550 4720 2786 4787 pontifex
2836 4729 2971 4771 erat.
3028 4718 3100 4771 lbi
3130 4732 3343 4786 gravem
3376 4728 3426 4767 ct

1871 4813 2168 4879 elegantem
2222 4812 2523 4865 orationem
2575 4809 2857 4863 Bessarion
2909 4810 2975 4861 ad
3036 4822 3161 4862 suos
3219 4807 3426 4869 habuit,

1871 4918 1961 4958 eos
1992 4903 2309 4957 adhortatus
2343 4913 2421 4965 ut,
2451 4902 2661 4969 cognita
2695 4899 3066 4965 frequentibus
3113 4898 3425 4963 disputatio-

1874 4989 2029 5048 nibus
2078 4993 2462 5048 controversia:
2525 5004 2683 5043 causa
2738 5004 2856 5055 quin
2913 4985 3135 5042 Latinos
3187 4987 3324 5039 inter
3373 5000 3424 5041 ll

1869 5085 2081 5139 Grmcos
2113 5084 2415 5153 quingentis
2439 5082 2547 5150 jam
2578 5082 2733 5135 anuis
2762 5089 3054 5149 scrpserat,
3087 5080 3253 5149 posita
3279 5075 3421 5132 omni

1872 5178 2142 5230 simultate
2177 5178 2228 5229 in
2260 5175 2499 5229 eamdem
2534 5175 2859 5228 sententiam
2903 5188 3088 5228 omnes
3123 5182 3228 5225 tnui
3279 5174 3421 5231 veni—

1873 5276 2011 5329 rent,
2037 5267 2277 5321 hacruna
2308 5265 2510 5317 ratione
2529 5277 2775 5318 asserens
2803 5278 2863 5317 ea
2887 5264 3097 5317 demum
3125 5262 3422 5326 recuperari

1875 5374 2049 5429 posse,
2082 5357 2384 5427 conjunctis
2408 5356 2579 5425 copiis
2614 5354 2910 5424 collataque
2930 5356 3198 5421 impensa,
3230 5365 3349 5418 quae
3371 5359 3424 5400 et

1874 5452 2033 5506 Turci
2070 5449 2339 5518 quondam
2380 5460 2429 5502 et
2461 5447 2719 5501 Saraceni
2755 5454 2809 5498 et
2834 5446 3071 5506 Arabes,
3094 5441 3422 5495 Christiano—

1876 5558 1990 5596 rum
2016 5542 2253 5597 dissidiis
2286 5539 2454 5608 magis
2484 5554 2644 5606 quam
2684 5538 2875 5589 animis
2902 5544 2955 5587 et
3001 5532 3164 5585 armis
3193 5532 3424 5598 propriis

1876 5634 1997 5688 freti
2034 5642 2390 5702 occuparant.
2428 5629 2648 5685 Dicebat
2696 5628 2862 5690 enim,
2895 5625 3034 5692 quod
3084 5623 3423 5691 verissimum

1875 5732 1977 5793 est,
2008 5722 2430 5779 Maiiomctanam
2461 5720 2735 5792 perﬁdiam
2766 5716 2870 5772 late
2894 5716 3131 5771 crevisse
3171 5716 3295 5771 dum
3341 5732 3421 5769 re-
