4138 6328
754 305 861 345 σει

751 404 970 472 ligionis
998 408 1191 460 nostra!
1222 409 1398 476 capita
1430 409 1640 463 inter'se
1668 409 1953 479 dissident,
1982 412 2308 479 procedatne

757 493 989 563 Spiritus
1017 508 1237 550 sanctus
1276 512 1304 549 a
1353 500 1509 553 Patre
1553 498 1793 566 tantum,
1829 510 1886 553 ut
1922 498 2117 561 Graeci,
2154 516 2221 553 an
2279 516 2311 554 a

754 586 916 641 Patre
943 598 997 641 et
1030 588 1182 654 Filio,
1214 592 1271 645 ut
1292 590 1465 645 Latini
1494 593 1779 658 volebant;
1815 594 1898 647 his
1921 595 2066 649 enim
2096 590 2317 648 contro-

753 678 948 732 versiis
976 678 1169 757 factum
1202 691 1261 735 ut
1298 683 1363 735 ad
1405 682 1809 739 Mahometanos
1841 686 2034 750 partim
2072 685 2146 748 vi,
2193 700 2315 750 par-

758 771 851 823 tim
884 782 1071 840 spoute
1097 773 1387 829 deﬁcerent
1417 776 1621 845 populi,
1662 778 1785 830 dum
1827 776 2149 831 Christiana:
2188 776 2314 830 reii-

754 858 930 927 gionis
976 865 1244 932 principes
1277 848 1405 933 quid
1433 867 1774 936 pctissimum
1817 876 2031 922 teneant
2075 868 2313 921 incertos

752 954 971 1017 vident;
998 954 1123 1008 hinc
1150 959 1403 1011 amissam
1443 974 1561 1012 esse
1585 960 1970 1012 Antiochenam
1992 958 2307 1024 Ecclesiam,

754 1043 879 1096 hinc
924 1045 1482 1116 Hierosolymitanam,
1531 1053 1653 1104 hinc
1696 1051 2138 1113 Alexandrinam,
2185 1050 2312 1102 hinc

754 1135 981 1202 denique
1032 1151 1247 1190 omnem
1303 1138 1472 1193 ferme
1511 1141 1693 1193 Asiam
1747 1154 1800 1193 et
1854 1147 2021 1192 totam
2057 1138 2310 1207 Africam

754 1226 892 1278 hanc
913 1239 1113 1294 pestem
1130 1245 1444 1298 occupasse,
1464 1242 1517 1286 et
1539 1233 1677 1299 quod
1713 1234 1929 1301 gravius
1956 1242 2058 1295 est,
2086 1232 2311 1301 Europae

752 1310 1013 1384 quasdam
1046 1332 1229 1386 partes
1254 1322 1476 1390 jamjam
1510 1322 1757 1376 infecisse
1796 1337 1860 1375 ac
1890 1321 2100 1389 longius
2122 1336 2314 1389 evaga—

754 1418 931 1479 turam
959 1412 1033 1475 ni,
1062 1426 1286 1479 propere
1329 1413 1557 1465 sublatis
1587 1423 1697 1465 tam
1748 1412 2070 1480 perniciosis
2100 1422 2313 1466 contro-

751 1501 950 1554 versiis
1010 1516 1075 1553 ac
1129 1502 1296 1570 pulsis
1350 1503 1671 1557 Christiana:
1706 1503 2012 1570 reipublicae
2045 1502 2312 1566 hostibus,

754 1587 805 1634 in
837 1586 1230 1651 possessionem
1274 1600 1534 1653 veterem,
1588 1590 1792 1653 labore,
1829 1591 2022 1659 vigiliis
2075 1606 2138 1645 ac
2188 1608 2314 1644 san-

752 1675 912 1739 guine
943 1686 1234 1745 martyrum
1285 1689 1674 1749 comparatam,
1725 1684 1915 1733 armati
1968 1694 2092 1734 cum
2122 1680 2315 1735 vexillo

753 1764 933 1821 crucis
960 1768 1326 1833 pervenerint.

822 1856 1095 1912 Permovit
1124 1862 1256 1914 tanti
1298 1862 1399 1916 viri
1451 1864 1749 1920 auctoritas
1798 1874 1969 1919 totum
1998 1861 2310 1927 concilium,

754 1952 1020 2016 permovit
1070 1952 1341 2022 religionis
1398 1955 1774 2011 honestissima
1825 1971 2018 2021 causa,
2047 1953 2316 2024 permovit

712 2040 914 2097 'ctiam
972 2046 1627 2102 iuuuinens'cervicibus
1688 2049 1927 2103 omnium
1995 2046 2311 2117 periculum.

753 2136 1021 2204 Disputari
1079 2147 1191 2189 tum
1268 2139 1467 2193 acriter
1522 2140 1660 2193 inter
1718 2141 1998 2207 utriusque
2058 2138 2314 2194 Ecclesia:

754 2228 1028 2307 Iheologos
1043 2240 1125 2281 est
1140 2240 1275 2295 capt
1287 2246 1397 2287 um.
1416 2233 1677 2307 Assevcra
1688 2233 1815 2285 bant
1844 2230 1885 2286 G
1897 2218 2044 2297 neci,
2062 2233 2313 2301 episcopo

751 2294 1039 2385 Ephesi-tui,
1079 2294 1299 2374 Platone
1335 2304 1627 2391 (Plat/tene)
1683 2323 1987 2387 Sebo'lario,
2026 2294 2310 2393 iDionysi-o,

749 2412 995 2476 episcopo
1024 2409 1652 2478 Sartlensi,gravissimis
1682 2415 2012 2477 auctoribus,
2047 2415 2311 2482 Spiritum

750 2509 996 2550 cinctum
1032 2515 1059 2549 a
1083 2499 1239 2551 Patre
1267 2510 1470 2554 tantum
1509 2503 1801 2569 procedere
1827 2520 1844 2568 ;
1876 2505 2162 2569 instabant
2184 2520 2314 2557 con-

752 2601 836 2643 tra
869 2588 1047 2643 Lat'ni
1088 2605 1116 2640 a
1158 2590 1291 2643 Filio
1348 2607 1562 2661 quoque
1616 2592 1758 2647 idem
1802 2594 1938 2659 ﬁeri,
1996 2596 2315 2649 auctoritate

755 2692 993 2735 veterum
1056 2682 1447 2748 theologorum,
1506 2683 1738 2737 maxime
1799 2699 1927 2739 vero
1976 2685 2312 2754 Hieronymi,

752 2774 1036 2842 Augustini
1066 2783 1120 2827 et
1148 2774 1425 2829 Athanasii
1462 2775 1511 2828 id
1545 2777 1980 2845 comprobantes.
2022 2777 2100 2832 Re
2129 2789 2311 2834 autem

751 2866 868 2933 ipsa
890 2865 1066 2918 adhuc
1096 2866 1381 2933 pendente,
1415 2866 1743 2923 Florentiain
1773 2868 2040 2937 proﬁcisci
2071 2871 2312 2940 pontiﬁci

750 2965 806 3012 et
826 2958 989 3011 curiae
1008 2958 1177 3010 visum
1199 2970 1301 3012 est.
1322 2957 1422 3023 lbi,
1441 2975 1560 3015 cum
1580 2960 1645 3015 de
1672 2975 1728 3015 re
1752 2963 2001 3030 ambigua
2023 2964 2314 3033 aliquando

749 3051 1101 3117 disceptatum
1154 3058 1324 3125 esset,
1378 3066 1575 3105 venere
1612 3036 1821 3125 tandem
1871 3053 2067 3117 Graeci,
2102 3055 2312 3110 ratione

747 3136 812 3195 ac
848 3142 1179 3195 Bessarionis
1204 3124 1520 3196 auctoritate
1545 3120 1697 3206 meti",
1736 3144 1785 3195 in
1815 3146 2136 3198 sententiam
2168 3142 2315 3197 Lati-

753 3250 965 3285 norum.
1002 3234 1051 3287 ls
1098 3237 1267 3298 enim,
1302 3234 1431 3287 etsi
1481 3234 1678 3287 acriter
1709 3248 1840 3287 suos
1882 3236 2060 3303 primo
2111 3245 2315 3287 tutatus

750 3337 857 3387 est,
911 3328 1123 3379 tandem
1176 3331 1402 3379 veritate
1458 3327 1804 3381 illucescente
1855 3328 1907 3379 in
1954 3328 2312 3381 orthodoxam

752 3415 1007 3470 Ecclesiae
1032 3416 1287 3468 Romana:
1318 3417 1639 3470 sententiam
1668 3433 1781 3468 non
1816 3416 1990 3470 solum
2016 3418 2313 3481 descendit,

751 3524 939 3562 verum
998 3508 1156 3560 etiam
1209 3523 1337 3563 suos
1372 3517 1427 3562 ut
1477 3508 1616 3562 idem
1675 3509 1917 3563 facerent
1958 3512 2023 3562 ad
2082 3510 2313 3579 salutem

751 3601 1205 3666 disputationibus
1259 3610 1312 3654 et
1362 3594 1812 3669 grai/iuratione
1862 3602 2182 3656 adhortatus
2209 3613 2310 3658 est.

752 3691 930 3747 Unum
964 3696 1175 3743 tandem
1216 3691 1481 3755 animum,
1514 3705 1674 3744 unam
1702 3704 1933 3745 mentem
1971 3694 2111 3746 idem
2143 3692 2315 3760 Spiri-

751 3794 837 3836 tus
859 3795 1100 3848 sanctus,
1127 3798 1222 3851 pro
1247 3798 1353 3849 quo
1402 3784 2117 3851 disceptabatur,,omnibus
2146 3786 2311 3839 dedit.

751 3876 980 3928 Ventum
1013 3876 1224 3925 tandem
1260 3873 1312 3924 in
1354 3874 1700 3927 concordiam
1724 3916 1738 3937 ,
1778 3886 1833 3928 ct
1862 3875 2174 3944 Symbolum
2208 3877 2315 3930 Bo-

749 3980 920 4017 manze
982 3960 1232 4014 Ecclesia:
1282 3959 1351 4013 ab
1395 3959 1657 4015 Orientali
1708 3964 1916 4030 pttblicc
1971 3964 2310 4017 deeantatur.

751 4054 940 4107 Suiuto
965 4058 1177 4106 demum
1206 4053 1437 4106 concilio
1476 4054 1764 4122 imperator
1792 4053 2312 4143 CoiiSIaﬁtinormlim

749 4161 871 4197 cum
898 4146 1015 4196 suis
1052 4144 1359 4196 retu-nitur.
1394 4145 1665 4212 Eugenius
1708 4160 1884 4199 autem
1926 4150 2186 4223 pnntifex,
2218 4166 2314 4199 co-

751 4237 899 4299 gnita
932 4234 1265 4285 liessariunis
1311 4234 1570 4301 singulari
1606 4238 1802 4299 virtute
1836 4246 1888 4291 et
1924 4239 2191 4302 doctrina,
2220 4242 2316 4292 Ito-

752 4325 948 4375 miuem
984 4323 1108 4373 licet
1146 4322 1417 4373 absentem
1463 4338 1526 4378 ex
1561 4330 1830 4379 sententia
1871 4329 2095 4382 fratrum
2127 4332 2178 4383 in
2210 4347 2313 4382 nu-

758 4427 963 4465 merntn
991 4410 1343 4462 cardinalinm
1388 4424 1601 4478 cooptat
1628 4434 1641 4479 ;
1691 4424 1989 4475 accersitur
2020 4423 2074 4475 in
2105 4425 2311 4477 curiam

753 4509 1047 4559 Romanam
1070 4508 1150 4561 vir
1172 4511 1551 4577 amplissimus,
1574 4524 1625 4561 ut
1649 4528 1783 4567 unus
1812 4514 2028 4581 aliquis,
2050 4515 2307 4581 Quirites,

754 4600 939 4654 Roma:
987 4603 1214 4655 etiame
1246 4599 1450 4655 Graecia
1500 4604 1831 4670 ingeniorum
1887 4607 2314 4673 altrice,doetri-

754 4706 945 4743 narum
1000 4690 1298 4743 inventriee
1334 4730 1347 4751 ,
1399 4706 1557 4759 quem
1620 4695 2065 4764 admiraremini,
2112 4698 2313 4766 quique

751 4784 989 4837 vicissim
1014 4784 1149 4834 hanc
1180 4792 1409 4835 vestram
1436 4784 2015 4847 civitatem,dominam
2041 4791 2311 4855 quondam

749 4871 976 4937 rerum,'
1008 4888 1145 4926 nunc
1191 4874 1480 4939 collapsam
1531 4891 1720 4941 magna
1762 4892 1825 4929 cx
1869 4889 2018 4946 parte
2058 4892 2111 4934 ct
2145 4899 2313 4952 prope

751 4971 984 5021 dirutam
1023 4968 1075 5019 in
1108 4966 1379 5019 meliorem
1411 4966 1633 5019 fortnam
1669 4972 1949 5037 redigeret,
1979 4974 2139 5029 homo
2166 4991 2312 5032 certe

754 5060 981 5113 Romani
1023 5058 1257 5110 nominis
1287 5058 1713 5111 amantissimus.
1754 5062 1984 5129 Accepto
2024 5077 2205 5123 autem
2244 5072 2311 5123 de

753 5166 900 5203 more
925 5153 1125 5216 galero,
1160 5148 1371 5212 insigne
1424 5148 1809 5215 ettt‘dinalatus,
1855 5154 1925 5203 ita
1961 5156 2105 5207 brevi
2152 5159 2311 5213 homo

750 5242 1057 5309 ingeniosus
1088 5251 1139 5294 et
1167 5256 1360 5294 acutus
1414 5239 1728 5292 Latinorum
1767 5257 1942 5296 mores
1966 5256 2019 5296 et
2050 5247 2312 5302 litteratu-

750 5352 861 5385 nun
901 5334 1127 5395 imbibit,
1174 5343 1230 5385 ut
1270 5348 1336 5385 ex
1390 5332 1722 5385 nostratibus
1759 5348 1895 5385 unus
1943 5345 1995 5387 ct
2035 5351 2139 5388 non
2186 5341 2311 5391 alibi

748 5435 905 5475 natus
944 5426 1234 5481 videretur.
1288 5421 1728 5492 Frequentahant
1774 5432 1900 5475 lttttc
1949 5440 2161 5493 quoque
2193 5429 2309 5493 ejus

748 5517 975 5571 domum
1005 5519 1214 5584 plenam
1263 5518 1521 5587 religione
1545 5556 1557 5577 ,
1591 5517 1845 5570 comitate
1876 5527 1929 5569 et
1962 5518 2157 5585 gratia,
2191 5521 2307 5582 ple-

748 5620 870 5657 nam
898 5608 1120 5671 ingeniis
1155 5621 1263 5660 tum
1300 5608 1523 5669 Crmtis,
1574 5614 1683 5658 tum
1719 5606 1941 5669 Latinis,
1979 5607 2074 5659 viri
2104 5623 2166 5663 ex
2196 5620 2305 5663 tota

746 5698 1243 5765 curiadoctissiuii'
1296 5704 1391 5755 hos
1442 5702 1515 5755 \cl
1565 5704 1703 5755 inter
1754 5717 1815 5756 se
1841 5701 2185 5766 disserentes,
2218 5706 2297 5756 Vel

2050 299 2142 359 BA
2155 299 2264 360 PT.
2294 300 2641 400 PLATIPUE

3841 309 3966 349 cvm

2420 416 2618 482 aliquid
2675 417 2815 483 quod
2865 416 2930 468 ad
3001 415 3364 485 cognitionem
3408 415 3600 485 lingua:
3645 409 3976 480 pertineret.

2423 505 2699 560 laudantes
2729 506 2808 576 (ut
2844 507 2923 579 ﬁt)
2956 506 3349 571 refellentesve,
3392 506 3466 558 ita
3493 514 3698 559 attente
3725 501 3979 555 audiebat

2420 608 2473 652 ut
2504 615 2566 651 ex
2600 599 2927 652 abundantia
2970 598 3169 667 ingenii
3210 597 3480 665 animique
3502 595 3834 664 perspicacia
3864 592 3984 645 dis-

2418 692 2742 758 ceptantium
2773 690 2975 745 arbiter
3009 690 3392 759 propemodum
3451 685 3624 739 ﬁeret.
3656 685 3751 737 liis
3772 683 3984 735 artibus

2402 762 2471 832 ἐι
2495 794 2555 831 ea
2587 780 2883 847 vigilantia.
2930 794 3034 842 qua
3071 778 3303 831 maxime
3332 788 3519 830 omnes
3560 773 3804 830 excellit.
3830 770 3980 824 limi

2418 869 2594 924 effecit
2624 882 2678 923 ut
2711 873 2855 941 quod
2905 872 3099 926 Graece
3123 878 3277 925 antea
3310 870 3363 922 in
3397 869 3589 938 quovis
3623 880 3821 935 genere
3853 864 3986 917 duc-

2420 961 2571 1015 trinte
2600 972 2938 1031 perceperat,
2974 963 3023 1016 id
3053 961 3241 1014 Latina
3271 960 3449 1030 lingua
3477 967 3623 1025 apte,
3642 955 3899 1008 distincte
3927 961 3987 1003 et

2368 1122 2382 1135 ⁸
2416 1065 2605 1109 ornate
2641 1055 2857 1109 eﬁ’erret
2884 1071 2945 1109 ac
2966 1057 3249 1109 scriberet.
3274 1052 3369 1105 llis
3405 1051 3599 1104 studiis
3633 1047 3986 1100 vehementer

2418 1142 2737 1207 delectatus,
2766 1161 3037 1211 nunquam
3073 1153 3257 1196 tamen
3303 1142 3591 1210 quicquam
3619 1135 3807 1192 omisit
3836 1148 3909 1200 qu
3950 1131 3984 1184 ιι

2417 1242 2512 1287 aut
2547 1235 2760 1302 publice
2784 1250 2846 1289 ex
2879 1235 3061 1289 ofﬁcio
3104 1244 3199 1288 aut
3242 1233 3495 1304 privatim
3526 1229 3793 1299 agendum
3816 1231 3987 1285 esset,

2416 1325 2483 1378 ad
2533 1328 2713 1383 omnia
2745 1328 3203 1398 promptissimum
3258 1326 3562 1393 ingenium,
3600 1316 3987 1372 dexterrimatu

2418 1434 2650 1476 mentem
2708 1418 3117 1485 circumferens,
3160 1426 3219 1470 ut
3245 1418 3321 1470 nil
3362 1433 3393 1469 a
3423 1416 3565 1468 bono
3595 1407 3990 1483 patrefaiuiiias

2417 1524 2475 1568 ct
2510 1514 2577 1567 ab
2599 1513 2807 1581 Optimo
2834 1512 3080 1582 principe
3111 1509 3371 1563 differret.
3404 1506 3520 1560 [Iac
3559 1515 3741 1557 tamen
3786 1497 3988 1565 insigni

2416 1606 2615 1659 virtute
2643 1615 2700 1659 et
2737 1602 3102 1671 magnitudine
3131 1600 3294 1653 animi
3329 1605 3607 1667 permotus
3634 1592 3887 1646 Nicotaus
3913 1587 3986 1651 ν,

2422 1693 2476 1746 in
2499 1694 2678 1747 locum
2714 1692 2976 1746 demortui
3018 1689 3247 1758 Eugenii
3279 1686 3527 1756 pontifex
3565 1684 3839 1738 maximus
3878 1678 3991 1733 suf—

2421 1784 2613 1848 fectus,
2644 1784 3015 1838 Bcssarionem
3064 1781 3130 1835 ad
3173 1794 3261 1834 res
3294 1778 3535 1849 agendas
3565 1772 3903 1842 aptissimum
3936 1778 3993 1822 et

2420 1875 2488 1929 ad
2538 1873 2724 1928 omnia
2774 1874 2913 1927 mala
2968 1870 3324 1942 pmcavenda
3378 1864 3849 1938 vigilantissimum
3883 1859 4010 1911 flor

2421 1965 2775 2021 nonicnsibus
2790 1966 2903 2034 jam
2932 1964 3134 2033 pridem
3166 1961 3423 2016 intestino
3450 1958 3589 2037 bello
3620 1954 3996 2011 laborantibus

2420 2059 2652 2129 legatum
2707 2071 2845 2111 cum
2884 2068 3093 2110 summa
3151 2052 3475 2107 auctoritate
3524 2047 3770 2119 praeﬁcit.
3824 2045 3877 2100 Is
3924 2060 3995 2098 eo

2421 2151 2771 2221 proﬁciscens
2796 2147 2963 2204 effusa
2993 2149 3211 2202 obviam
3240 2146 3447 2199 urbana
3478 2140 3847 2205 multitudine,
3880 2151 3993 2189 non

2418 2243 2577 2296 aliter
2612 2242 2682 2295 ab
2714 2241 2965 2295 omnibus
2988 2237 3277 2307 inspicitur
3314 2250 3381 2289 ac
3416 2235 3569 2288 sidus
3612 2230 3904 2299 benignum
3928 2238 3996 2284 et

2419 2333 2657 2386 salutare
2680 2346 2709 2383 a
2743 2330 3171 2400 periclitantibus
3203 2326 3386 2380 nautis
3426 2334 3484 2379 et
3521 2339 3659 2393 pene
3704 2320 3993 2391 naufragis

2423 2423 2613 2491 inspici
2672 2437 2737 2475 ac
2786 2421 3079 2476 consultari
3134 2418 3292 2473 solet.
3369 2418 3690 2485 Quanquam
3747 2414 3996 2467 heroinis

2419 2511 2600 2578 hujus,
2627 2511 2886 2574 Quirites,
2912 2510 3082 2575 major
3114 2508 3184 2560 sit
3215 2508 3335 2559 laus
3366 2521 3524 2573 quam
3572 2504 3775 2559 sideris
3804 2519 3820 2555 :
3857 2502 3995 2556 illud

2419 2601 2563 2653 enim
2598 2598 2733 2650 duas
2772 2609 2949 2651 tresve
2980 2606 3033 2649 et
3068 2611 3131 2649 eo
3172 2596 3407 2664 amplius
3436 2610 3600 2649 naves
3626 2596 3870 2663 benigno
3908 2594 3997 2646 in-

2422 2691 2559 2744 tuitu
2597 2697 2904 2751 conservat,
2939 2686 3027 2740 hic
3081 2695 3281 2739 tantam
3333 2686 3642 2750 civitatem,
3667 2686 3992 2755 prxclaram

2420 2780 2696 2853 quondam
2760 2780 2941 2847 populi
2981 2776 3207 2831 Romani
3254 2777 3547 2856 coloniam,
3585 2776 3866 2829 hominum
3919 2773 3995 2827 ad

2420 2890 2569 2928 arma
2615 2882 2671 2927 et
2708 2872 2917 2925 litteras
2951 2870 3219 2933 altricem,
3251 2868 3425 2923 oculis
3455 2868 3637 2924 omnia
3666 2866 3995 2934 circumspi-

2419 2969 2590 3034 ciens,
2648 2976 2833 3021 mente
2862 2965 3164 3037 praevideus
3217 2978 3281 3016 ac
3320 2963 3636 3032 disponens,
3666 2959 3851 3030 lingua
3893 2960 3997 3013 ad-

2422 3073 2647 3112 monens
2695 3060 3062 3122 deterri-nsve,
3133 3070 3293 3109 manu
3348 3054 3650 3109 insanabile
3704 3052 3900 3106 vulnus
3933 3060 3996 3104 et

2420 3149 2789 3215 centagiusmu
2847 3146 3190 3212 abscindens,
3229 3146 3299 3201 ab
3328 3146 3547 3202 interitu
3595 3153 3651 3200 et
3704 3158 3873 3213 prope
3912 3142 3994 3197 ab

2422 3239 2611 3291 inferis
2656 3237 2945 3289 revocavit.
3321 3226 3329 3233 ’

2491 3327 2638 3381 Nota:
2658 3337 2783 3379 sunt
2806 3327 3042 3380 civitatis
3070 3328 3249 3381 clades
3273 3329 3394 3397 plus
3416 3346 3578 3397 quam
3608 3330 3817 3393 civiles,
3848 3332 3993 3383 dum

2423 3419 2585 3474 factio
2624 3418 2904 3473 Bentivola
2925 3429 2981 3471 et
3011 3417 3282 3471 Ceuedula
3326 3419 3393 3472 de
3427 3420 3729 3488 principatu
3756 3430 3999 3474 conten-

2421 3513 2529 3576 dit;
2566 3511 2836 3566 alentibus
2860 3510 3174 3565 seditionem
3206 3510 3330 3563 hinc
3366 3508 3618 3579 Philippo
3644 3510 3989 3575 vieecomite,

2423 3611 2546 3661 hinc
2578 3604 2819 3669 Venetis,
2852 3604 2981 3663 hinc
3033 3603 3275 3671 principe
3322 3602 3689 3665 Ferrariense,
3736 3602 3997 3656 instanti-

2421 3700 2522 3753 bus
2542 3699 2707 3751 etiam
2731 3697 2943 3751 duabus
2959 3692 3280 3751 militaribus
3312 3696 3656 3760 factionibus,
3681 3694 3991 3749 Brut-hiatus

2390 3826 2393 3827 ν
2420 3802 2475 3843 et
2515 3789 2813 3852 Sfortiana,
2841 3804 2961 3856 qua:
2990 3788 3324 3841 dominatum
3346 3786 3702 3854 ‘appetcutes,
3738 3788 3881 3841 banc
3907 3788 3995 3841 ci-

2420 3882 2641 3933 vitatem
2666 3878 2826 3931 veluti
2851 3876 3215 3931 areem'ltaliae
3235 3891 3504 3945 occupare
3526 3878 3697 3931 armis
3715 3892 3781 3931 ac
3794 3878 3997 3932 fraude

2420 3983 2661 4041 persaepe
2688 3968 2870 4021 conati
2891 3975 3040 4020 sunt.
3067 3965 3161 4018 llis
3183 3968 3326 4018 enim
3345 3982 3409 4019 ac
3427 3977 3693 4022 tantorum
3711 3970 3989 4023 malorum

2420 4060 2731 4112 auctoribus
2756 4058 2823 4109 ad
2858 4058 2909 4109 id
2932 4057 3150 4110 stevitia:
3183 4066 3404 4109 ventum
3430 4068 3513 4111 est
3533 4097 3551 4121 ,
3578 4071 3638 4111 ut
3670 4059 3863 4115 eodem
3882 4061 3995 4123 die

2420 4166 2476 4207 et
2512 4149 2741 4203 Annibal
2779 4148 3104 4212 ,Bentivolus
3145 4158 3195 4200 et
3244 4145 3486 4216 Baptista
3516 4149 3821 4213 Cenedulus
3861 4167 3990 4204 cum

2426 4244 2617 4299 rnnltis
2643 4246 2926 4306 utriusque
2984 4238 3239 4291 factionis
3290 4245 3404 4291 tota
3451 4238 3586 4292 urbe
3625 4241 3995 4293 tumultuante

2419 4350 2528 4389 uno
2557 4335 2763 4402 impetu
2792 4333 3145 4394 caederentur,
3196 4328 3343 4382 nullo
3379 4343 3487 4383 non
3538 4329 3877 4382 crudelitatis
3895 4346 3998 4399 ge-

2420 4440 2552 4479 nere
2581 4422 2824 4477 adhibito
2849 4438 2866 4485 ;
2902 4434 2956 4474 et
2988 4436 3053 4475 uc
3077 4419 3182 4472 ulla
3198 4420 3355 4493 quies
3382 4419 3718 4473 calamitosis
3742 4421 3994 4484 daretur,

2419 4529 2782 4586 supervenere
2834 4513 3030 4578 sepius
3076 4512 3289 4565 externi
3343 4511 3529 4566 hostes
3567 4514 3754 4566 urbem
3802 4528 3991 4581 Oppu—

2420 4608 2660 4679 gnatnri,
2687 4607 2743 4657 ni
2785 4605 3127 4657 Bessarionis
3169 4604 3457 4672 sapientia,
3490 4605 3636 4658 cives
3672 4606 3739 4657 ad
3760 4618 4002 4658 concor-

2418 4701 2561 4755 diam
2581 4712 2862 4760 revocans,
2875 4707 3155 4749 externum
3174 4695 3385 4749 hostem
3408 4696 3651 4748 rabidum
3663 4703 3719 4748 et
3732 4711 3991 4749 voracem

2419 4807 2451 4845 a
2476 4789 2782 4845 visceribus
2813 4789 3014 4842 civium
3045 4786 3462 4841 Bononiensium
3494 4787 3850 4855 propulsaret.
3880 4787 3994 4842 Ite-

2418 4884 2660 4951 spirante
2708 4880 2899 4934 deinde
2956 4880 3213 4947 paulatim
3269 4881 3503 4948 (tantum
3552 4879 3678 4932 mali
3734 4881 3993 4947 iuerat!)

2420 4975 2487 5028 ab
2513 4983 2735 5027 externa
2756 4972 2808 5024 vi
2828 4970 3192 5036 intestinoque
3211 4970 3355 5022 malo
3382 4970 3635 5032 civitate,
3667 4980 3837 5023 totum
3863 4986 3997 5027 sese

2420 5068 2503 5119 vir
2534 5065 2773 5129 optimus
2803 5064 2869 5113 ad
2891 5060 3294 5128 componendus
3314 5060 3517 5112 civium
3542 5073 3739 5123 mores,
3763 5060 3993 5116 licentia

2417 5157 2610 5209 bellica
2635 5144 2921 5217 corruptos
2948 5162 3002 5204 et
3033 5149 3404 5213 labefactatas,
3434 5152 3626 5218 vertit;
3648 5166 3807 5221 quem
3832 5164 3997 5210 certe

2421 5248 2592 5300 hacin
2626 5263 2682 5299 re
2708 5247 2839 5298 nihil
2877 5258 3028 5311 mque
3052 5244 3368 5313 juvitquam
3403 5242 3523 5309 ejus
3556 5245 3766 5314 religio,
3785 5246 3988 5315 pictas,

2416 5337 2644 5404 iustitia,
2674 5338 3000 5403 erinsuiritia,
3056 5335 3422 5397 abstinentia,
3460 5336 3698 5403 gravitas
3726 5337 3999 5392 comitate

2418 5430 2655 5481 condita.
2689 5430 2797 5481 llac
2834 5432 2975 5482 enim
3009 5428 3216 5479 ratione
3242 5428 3358 5483 sine
3392 5428 3497 5479 ulla
3535 5427 3585 5479 vi
3626 5429 3990 5496 quorumdam

2419 5521 2698 5572 homimnn
2728 5521 3088 5588 arrogantiam
3115 5520 3393 5583 repressit,
3417 5518 3672 5571 libidines
3698 5519 3989 5586 exstinxit,

2415 5614 2736 5679 tupitiilatcs
2772 5614 3080 5674 refrenavit,
3118 5626 3255 5663 cum.
3286 5611 3404 5663 ﬁeri
3447 5610 3587 5665 ltntttl
3609 5621 3830 5677 gravate
3859 5625 3992 5667 con-

2421 5708 2657 5758 saeveiit
2688 5719 2744 5758 ut
2777 5723 2865 5761 eos
2909 5720 3085 5760 mores
3130 5704 3392 5759 itnbibant
3446 5704 3691 5759 homines
3736 5719 3878 5773 quos
3928 5706 3989 5760 in
