4138 6328
216 242 306 281 εις

213 343 459 412 principe
484 353 738 415 tanquam
762 348 815 404 in
843 352 1063 420 speculo
1081 354 1245 409 totius
1267 357 1505 413 civitatis
1524 358 1771 412 viderint.

208 434 372 495 llunc
396 438 540 490 enim
571 454 761 495 omnes
795 457 904 497 non
933 445 1174 513 privatas
1196 451 1607 504 commoditates
1633 466 1776 519 qna:-

214 533 451 586 rentem.
508 530 603 585 sed
644 530 913 605 publicas,
931 550 1035 589 non
1070 539 1209 601 otio,
1244 540 1338 593 sed
1384 522 1602 609 negotio
1630 540 1777 594 dedi-

214 624 353 678 tum,
386 630 492 670 non
524 634 739 688 somno,
763 624 857 677 sed
892 624 1112 692 vigiliis,
1161 626 1233 679 ita
1268 642 1393 682 cum
1424 628 1778 683 admiratione

214 703 569 764 intuebantur
598 723 657 765 ut
683 713 866 769 beatos
887 730 947 770 se
990 718 1208 772 demum
1244 718 1361 773 fore
1384 720 1781 773 arbitrarentur

216 798 265 850 si
291 798 471 868 aliqua
496 816 561 854 es
588 813 744 868 parte
785 804 1128 863 Bessarionis
1172 810 1530 879 integritatem
1574 798 1779 880 attigis-

216 900 364 944 sent.
398 892 482 945 Ad
521 893 683 963 hujus
731 896 912 965 itaque
952 914 1132 954 mores
1180 915 1299 955 sese
1340 901 1677 969 efﬁngentes,
1709 915 1775 954 ex

213 980 535 1036 calamitosa
574 983 785 1039 felicem
835 988 983 1041 brevi
1016 989 1285 1042 civitatem
1319 989 1621 1043 reddidere.
1642 988 1780 1043 Stib-

220 1070 349 1124 latis
387 1072 536 1124 enim
584 1074 1255 1138 seditionibus,e13tinctis
1279 1076 1561 1141 incendiis,
1594 1076 1775 1139 furtis,

223 1160 438 1226 rapinis
489 1161 901 1231 homicidiisque
937 1167 1220 1233 repressis,
1248 1165 1504 1234 perfacile
1538 1166 1639 1219 fuit
1660 1167 1777 1221 viro

217 1250 739 1328 huic‘gravissimo,
772 1256 1010 1309 adhibita
1062 1255 1325 1310 facilitate
1376 1256 1431 1309 in
1488 1255 1773 1320 audiendo,

130 1338 131 1341 “
174 1352 184 1360 ·
218 1338 441 1394 lenitate
468 1341 523 1395 in
549 1341 799 1409 dicendo,
838 1344 1110 1415 diligentia
1141 1344 1195 1398 in
1229 1344 1634 1409 satisfaciendo,
1666 1360 1779 1414 po-

214 1430 405 1499 pulum
452 1430 848 1490 Bononiensem
892 1437 959 1489 ad
1001 1436 1199 1490 bonam
1234 1435 1442 1507 frugem
1500 1450 1775 1491 revocare.

219 1520 395 1586 Quem
432 1525 576 1577 enim
620 1526 869 1580 videbant
893 1525 1277 1597 iustissimum,
1307 1544 1465 1597 quem
1498 1529 1778 1582 modestis-

219 1614 447 1679 simum,
470 1615 614 1670 hunc
639 1624 892 1684 tanquam
914 1619 981 1673 de
1005 1618 1142 1674 coelo
1165 1621 1386 1675 missum
1398 1634 1459 1675 ea
1482 1620 1777 1689 praesertim

222 1713 546 1773 tempestate
575 1694 995 1775 venerabantur,
1036 1710 1287 1765 colebant
1312 1721 1366 1766 et
1395 1712 1777 1765 observabant.

216 1795 362 1849 Huic
414 1804 577 1851 tanta:
649 1789 964 1854 auctoritati
1045 1816 1295 1871 magnum
1346 1802 1778 1857 additamentum

218 1888 467 1942 doctrina
494 1889 613 1959 ejus
654 1890 945 1960 singularis
994 1903 1134 1957 erat,
1166 1907 1270 1961 qua
1329 1895 1611 1961 perbeatas
1664 1895 1778 1948 fieri

217 1993 383 2047 posse
412 1982 741 2050 respublicas
770 1982 949 2048 Plato,
982 1984 1183 2053 ingenii
1217 2000 1280 2039 ac
1312 1985 1592 2052 sapientia:
1621 1983 1780 2035 facile

216 2068 498 2136 princeps,
533 2071 881 2125 existimavit.
924 2074 1173 2127 Doctrina
1203 2074 1368 2134 enim,
1403 2074 1651 2140 potestati
1681 2074 1779 2123 ad-

212 2155 426 2221 juncta,
456 2158 538 2208 vel
571 2158 971 2211 vitiosissimam
995 2174 1264 2225 quamque
1289 2168 1531 2211 naturam
1569 2153 1790 2211 mutare’

215 2254 421 2312 posset,
452 2246 645 2299 nedum
682 2248 875 2300 bonam
898 2248 965 2301 ad
996 2248 1130 2301 bene
1165 2248 1232 2301 de
1260 2247 1510 2302 omnibus
1555 2262 1773 2314 prome-

215 2334 453 2388 rendum
487 2335 784 2403 impellere.
826 2336 954 2390 Haec
983 2336 1125 2388 enim
1182 2334 1309 2390 facit
1367 2345 1426 2388 nt
1477 2337 1778 2405 provincia-

219 2442 345 2480 rum
373 2428 625 2496 pra-sides
650 2437 698 2481 et
723 2427 934 2482 urbium
987 2442 1091 2480 non
1120 2427 1291 2482 solum
1328 2440 1386 2481 se
1406 2426 1594 2481 faciles
1648 2443 1779 2493 pra:-

219 2521 385 2574 beant
412 2521 465 2572 in
490 2520 877 2588 cognoscendis
930 2519 1134 2584 causis,
1169 2519 1473 2573 hominibus
1504 2520 1781 2574 audiendis

219 2612 721 2680 admittendisque,
785 2613 1045 2681 majorum
1105 2611 1352 2681 exemplo
1406 2627 1638 2680 quorum
1694 2628 1781 2667 res

220 2714 406 2777 gestas
449 2702 694 2773 legerint,
748 2719 933 2758 verum
984 2704 1146 2758 etiam
1192 2705 1408 2759 eosdem
1438 2704 1686 2757 admonet
1721 2712 1781 2756 ut

220 2810 346 2849 cum
379 2794 477 2864 ipsi
502 2796 612 2849 sint
630 2795 841 2864 optimi,
874 2810 1089 2849 suorum
1116 2794 1435 2861 cupiditates
1484 2795 1777 2856 refrenent,

222 2886 577 2955 petulantiam
602 2887 915 2953 reprimant,
948 2884 1229 2938 avaritiam
1274 2895 1592 2949 coerceant;
1632 2884 1779 2954 quod

220 2979 441 3048 quidem
470 2978 774 3032 'Bessarion
833 2977 1065 3031 maxime
1110 2977 1411 3032 observavit
1461 2985 1574 3031 toto
1623 2978 1777 3044 quin-

220 3072 483 3139 qniennio
511 3084 620 3137 quo
642 3066 965 3122 Bononiensi
1001 3068 1117 3121 urbi
1142 3068 1404 3153 (praefuit,
1444 3082 1514 3121 ne
1558 3082 1777 3121 suorum

219 3161 445 3215 licentia
476 3170 529 3214 et
559 3162 826 3228 cupiditas
845 3202 861 3225 ,
890 3160 1034 3227 quod
1062 3154 1298 3229 persaepe
1332 3161 1512 3215 multis
1559 3160 1775 3221 accidit,

221 3262 390 3305 tantae
436 3252 714 3320 sapientia:
754 3261 807 3305 et
855 3250 1178 3318 integritatis
1205 3249 1415 3305 laudem
1472 3264 1777 3315 commacu-

220 3342 380 3396 laret.
411 3342 722 3411 Composito
749 3344 887 3395 hunc
908 3342 959 3395 in
1000 3341 1211 3395 modum
1239 3340 1469 3396 civitatis
1490 3351 1653 3404 statu,
1673 3355 1777 3408 quo

214 3433 332 3503 jam
360 3432 598 3487 Bononia
629 3446 875 3488 u-anno
903 3430 1131 3485 feliciter
1154 3431 1301 3492 vixit,
1327 3436 1381 3483 et
1417 3430 1780 3497 nititur‘gynt-

220 3524 434 3578 nasium
472 3524 919 3583 vetustissimum.
968 3522 1287 3590 negligentia
1327 3529 1381 3572 et
1427 3518 1779 3572 seditionibus

218 3616 424 3667 civium
458 3627 595 3680 pene
644 3612 1017 3668 intermissum
1050 3621 1102 3662 et
1132 3609 1575 3676 collapsuln,nnn
1620 3608 1778 3661 modo

217 3707 486 3768 adificiis,
510 3718 691 3757 verum
708 3705 867 3756 etiam
894 3702 1150 3756 institutis
1166 3712 1219 3754 et
1237 3702 1549 3756 melioribus
1568 3702 1778 3756 salariis

218 3797 529 3848 instaurare
567 3807 632 3845 ac
671 3792 924 3856 restituit,
976 3792 1275 3855 conductis,
1307 3793 1553 3859 quamvis
1588 3792 1774 3863 grandi

222 3885 417 3953 pretio,
436 3883 1136 3959 liberaliumédisciplinartuu
1159 3884 1487 3938 doctoribus.
1502 3883 1776 3938 Escitabat

158 4034 159 4037 η
218 3964 692 4030 adolescentes/ad
716 3977 887 4029 studia
918 3978 1177 4029 bonarum
1229 3976 1448 4040 artium,
1498 3976 1774 4042 proposita

216 4067 426 4135 prxmii
483 4076 646 4135 atque
684 4068 905 4121 honoris
941 4081 1069 4136 spe:
1124 4065 1319 4120 inultos
1362 4066 1433 4119 ob
1472 4065 1700 4131 inopiam
1745 4078 1775 4116 a

215 4159 417 4213 studiis
471 4160 772 4213 defecturos
824 4156 1143 4212 liberalitate
1175 4166 1232 4210 et
1285 4156 1773 4209 munificentiasua

211 4252 358 4317 jnvit
379 4262 434 4303 et
470 4250 717 4303 instituto
760 4247 1044 4301 continuit.
1092 4246 1230 4311 Quid
1256 4248 1405 4312 plura
1432 4245 1501 4297 de
1528 4244 1776 4309 amplitu-

215 4340 351 4394 dine
397 4341 556 4407 hujus
582 4339 767 4405 optimi
814 4337 986 4388 Patris
1012 4337 1204 4398 dicam,
1267 4333 1543 4398 Quirites?
1580 4332 1770 4397 ‘Qtta‘nt

210 4432 384 4499 justo,
433 4445 595 4497 quam
635 4428 943 4496 prudenter,
973 4442 1133 4493 quam
1185 4427 1476 4481 clementer
1508 4425 1771 4479 coloniam

219 4530 461 4575 vestram
525 4518 914 4573 Bononiensem
953 4519 1361 4587 gubernaverit,
1413 4518 1666 4581 erexerit,
1722 4519 1783 4589 in,

216 4632 354 4685 pace
381 4613 680 4674 retinuerit,
696 4628 763 4666 es
785 4612 887 4665 hoc
907 4611 1417 4679 deprehendi‘potest
1433 4610 1573 4678 quod
1594 4619 1791 4677 postea

214 4726 373 4765 more
397 4708 658 4776 majorum
682 4704 1098 4759 Bononiensium
1134 4710 1390 4769 patru‘nus
1435 4703 1572 4768 apud
1604 4704 1780 4777 ponti.

219 4801 261 4852 Β
292 4816 353 4853 es
406 4812 621 4864 semper
660 4806 740 4849 est
778 4794 1018 4848 habitus.
1079 4795 1222 4845 Illius
1272 4796 1413 4846 enim
1462 4792 1627 4861 legati
1673 4795 1779 4847 huc

219 4890 497 4942 venientes
524 4888 665 4937 hunc
691 4885 958 4940 hominem
990 4893 1113 4935 ante
1145 4898 1334 4936 omnes
1374 4884 1594 4948 adeunt,
1631 4885 1777 4937 Salu—

216 4993 359 5042 tant,
402 4977 713 5040 consulunt,
746 4977 1055 5030 consultum
1100 4977 1448 5048 comitantur,
1500 4976 1775 5039 reducunt,

215 5074 363 5142 quod
420 5081 503 5124 est
550 5068 798 5119 maxima:
841 5067 1158 5133 integritatis
1188 5079 1269 5125 ,et
1318 5068 1667 5119 continentin
1700 5065 1775 5116 si-

822 5168 831 5197 ῑ
916 5180 930 5188 -τ
1682 5170 1685 5171 ν

215 5180 405 5231 gnum.
836 5212 847 5233 κ

289 5257 355 5307 At
405 5250 713 5317 Beasarion,
742 5246 980 5303 mortuo
1008 5246 1229 5302 Nicolao
1266 5249 1327 5310 V,
1366 5264 1487 5301 cum
1521 5249 1573 5300 in
1602 5249 1774 5300 locum

214 5346 335 5414 eius
362 5342 537 5398 snlIii-i
587 5342 812 5396 alterum
866 5341 1169 5410 pontificem
1225 5356 1445 5393 necesse
1477 5350 1638 5401 esset,
1674 5339 1779 5389 lto-

214 5455 361 5496 maut
383 5436 634 5499 veniens,
652 5434 1079 5504 'lacrymantibus
1105 5432 1525 5485 Bononiensibus
1550 5431 1700 5497 quasi
1746 5445 1790 5481 a‘

216 5542 367 5600 patre
425 5524 729 5587 destitutis,
780 5525 1036 5580 conclave
1081 5532 1399 5592 ingressus;
1422 5523 1788 5588 quorumdam

216 5620 464 5684 Patrum,
498 5628 555 5669 et
591 5618 934 5683 Optimeruin,
969 5614 1223 5682 suffragio
1258 5612 1492 5680 pontifex
1524 5612 1771 5679 designa-

618 5802 641 5809 τ

1257 244 1799 308 PANEGYRICUS
1842 247 2355 309 BESSARIONIS.
2640 235 2645 239 ’
3351 254 3418 294 cx

1886 367 1990 413 tur.
2008 358 2281 423 Quantum
2317 370 2440 409 vero
2463 355 2605 412 adsit
2635 353 2882 409 maximis
2920 352 3128 424 imperii
3150 352 3437 421 provinciis

1882 446 2305 500 etacivita‘tibn's
2364 445 2503 499 livor
2532 454 2697 512 atque
2754 445 2995 508 invidia,
3049 443 3435 512 comprehendi

1883 548 2031 591 Certe
2059 536 2161 589 hoc
2197 534 2313 588 loco
2337 543 2531 603 potest.
2572 533 2800 599 Quidam
2832 533 2976 586 enim
3009 533 3191 589 statim
3223 532 3423 585 suliorti

1883 625 2552 692 suntlevesetvoluptnosi
2576 626 2691 693 qui,
2712 623 3049 678 Bessarionis
3071 623 3435 689 integritatem

1882 727 1935 770 et
1971 716 2283 771 modestiam
2304 715 2481 777 veriti,
2531 715 2773 771 dicerent
2821 713 3075 782 suffragia
3112 714 3256 767 vitio
3303 712 3435 766 inita
3514 705 3517 708 ⁴

1881 807 2061 860 denuo
2088 806 2368 873 repetenda
2398 820 2540 859 esse.
2574 802 2688 859 Non
2716 804 2929 858 obstitit
2946 804 3027 856 vir
3044 805 3277 872 optimus
3298 818 3436 870 quo-

1882 899 2060 951 minus
2090 897 2141 950 id
2169 896 2343 959 fieret,
2369 896 2706 959 existimans,
2735 896 2874 953 quod
2902 909 3084 948 verum
3114 904 3219 959 est,
3253 894 3436 960 ponti-

1882 990 2098 1041 ficatum
2132 1002 2228 1061 sua
2255 1000 2483 1054 persona
2512 987 2632 1055 plus
2662 986 2901 1054 indigere
2920 1000 3079 1053 quam
3104 1000 3165 1042 se
3216 985 3435 1054 pontiﬁ-

1882 1087 2007 1132 catu
2064 1080 2129 1130 ad
2192 1078 2453 1145 integram
2513 1077 2897 1143 gloriam,qua
2956 1076 3195 1143 profecto
3246 1090 3443 1130 carere

1873 1167 1988 1234 jam
2020 1176 2342 1234 non-potest.
2375 1166 2449 1219 Eo
2478 1168 2620 1219 enim
2648 1167 3069 1221 existimationis
3096 1176 3151 1220 et
3178 1167 3333 1220 famae
3356 1167 3440 1218 vir

1882 1256 2246 1324 amplissimus
2266 1256 2507 1319 devenit,
2538 1256 2758 1309 utnulla
2786 1257 2845 1311 ei-
2864 1256 3087 1311 ulterius
3114 1255 3348 1324 dignitas
3370 1258 3433 1307 :ul

1882 1361 2065 1400 veram
2096 1346 2405 1400 felicitatem
2436 1348 2508 1400 sit
2541 1346 2877 1413 requirenda.
2945 1345 3133 1399 Dolere
3195 1355 3433 1399 nostram

1881 1440 2054 1492 vicem
2097 1448 2173 1503 et,
2200 1438 2367 1515 tetius
2422 1438 2733 1505 reipublicae
2775 1438 3115 1499 Christianae,
3149 1453 3256 1490 non
3296 1437 3432 1502 ejus,

1884 1530 2141 1584 debemus
2171 1527 2311 1596 quod
2342 1527 2434 1581 tali
2466 1529 2738 1582 caruimus
2768 1528 3035 1597 principe,
3063 1538 3116 1582 et
3145 1528 3245 1582 liae
3277 1529 3441 1594 pot‘s—

1884 1621 2081 1675 simum
2134 1631 2451 1689 tempestate
2498 1635 2627 1690 qua,
2672 1629 2871 1687 praeter
2916 1628 3196 1674 externum
3231 1621 3436 1675 hostem

1882 1712 1979 1782 qui
2011 1713 2310 1768 cervicibus
2348 1713 2547 1767 nostris
2585 1722 2841 1766 armatus
2864 1711 3122 1765 continuo
3172 1711 3437 1773 imminet,

1883 1803 2131 1866 avaritia,
2188 1803 2376 1877 libido,
2430 1802 2759 1872 ignorantia,
2808 1802 2901 1856 Dei
2957 1810 3123 1869 atque
3172 1801 3433 1855 bonorum

1885 1896 2159 1949 hominum
2188 1903 2543 1962 contemptus,
2572 1894 2823 1949 intestina
2862 1903 2917 1951 et
2958 1894 3272 1961 gravissima
3301 1891 3438 1944 mala

1882 2000 1982 2040 nos
2008 1995 2221 2055 urgent,
2267 1985 2601 2054 opprimunt,
2638 1993 2891 2049 enecant,
2926 1985 3145 2038 nemine
3192 1983 3432 2051 juvantc.

1882 2074 1994 2129 Hoc
2017 2075 2268 2144 pontifice
2304 2076 2574 2140 indigebat
2604 2076 2796 2144 religio
2829 2076 3129 2131 Christiana
3156 2114 3171 2135 ,
3204 2078 3433 2126 laetu-ala

1880 2180 1987 2220 non
2033 2164 2212 2218 minus
2251 2179 2281 2215 a
2332 2164 2478 2218 vitiis
2518 2175 2822 2219 nostrorum
2868 2178 3030 2231 quam
3091 2164 3161 2217 ab
3217 2173 3435 2215 externo

1882 2256 2187 2318 llOSle,“lll.
2231 2254 2517 2323 aliquando
2564 2255 2895 2324 respiraret;
2932 2255 3071 2306 hunc
3132 2253 3433 2317 pentiliccm

1882 2359 2060 2399 mores
2082 2346 2253 2399 nostri
2278 2345 2619 2414 requirebant
2642 2347 2789 2398 omni
2824 2359 2890 2399 ex
2924 2356 3072 2414 parte
3096 2342 3436 2409 labefactati;

1882 2435 2047 2504 hujus
2082 2435 2353 2501 pontificis
2400 2449 2561 2504 opera
2593 2436 2902 2505 indigebant
2943 2437 3204 2489 bonarum
3241 2436 3434 2488 artium

1882 2525 2105 2581 studiosi
2137 2535 2190 2579 et
2242 2527 2296 2579 in
2326 2527 2518 2596 quavis
2554 2527 2804 2581 facultate
2855 2528 3125 2592 industrii,
3159 2530 3245 2596 qui
3300 2542 3438 2580 nunc

1886 2623 2143 2685 tanquam
2186 2615 2395 2684 profani
2433 2626 2846 2669 contemnuntur
2878 2659 2894 2679 ,
2927 2615 3240 2683 rejiciuntur
3265 2625 3315 2668 et
3343 2616 3438 2667 eli-

1882 2708 2177 2761 minantur.
2207 2706 2323 2762 Non
2363 2707 2563 2760 destitit
2598 2716 2769 2757 tamen
2819 2706 3095 2759 Bessarion
3152 2704 3434 2757 Callistum

1882 2813 2102 2852 monere
2123 2809 2177 2852 et
2205 2798 2411 2851 hortari
2436 2806 2515 2859 ut,
2540 2796 2857 2865 interposita
2885 2796 3207 2848 auctoritate
3254 2796 3435 2861 pomi-

1882 2891 2092 2947 ficatus,
2115 2889 2420 2941 saevientem
2457 2888 2663 2941 hostem
2702 2902 2730 2938 a
2782 2888 3083 2942 cervicibus
3105 2886 3439 2941 Christianu-

1880 2994 1999 3033 rum
2031 2978 2389 3047 propulsaret.
2410 2977 2486 3030 Ad
2520 2977 2618 3031 hoc
2642 2992 2856 3047 quoque
2897 2979 3093 3032 bellum
3120 2979 3443 3031 adhortatus

1880 3081 1962 3123 est
2023 3054 2375 3135 Alphonsum,
2408 3068 2687 3137 AragOnia:
2744 3084 2943 3137 regem,
2975 3072 3100 3122 dum
3153 3084 3180 3120 a
3230 3070 3431 3123 balucis

1881 3160 2219 3225 Puteolanis,
2257 3174 2376 3226 quae
2415 3158 2624 3212 adierat
2664 3160 2983 3214 valetudinis
3019 3174 3202 3222 causa,
3229 3158 3439 3230 Neapo‘

1883 3251 1973 3302 lim
2015 3248 2395 3316 proﬁciscitur.
2451 3251 2531 3301 Ad
2586 3250 2844 3318 Cryptam
2895 3249 3294 3316 Neapolitanum
3347 3268 3437 3307 rex.

1884 3356 2077 3409 magno
2100 3336 2596 3394 comitatn‘honoris
2622 3355 2781 3393 causa
2812 3340 3111 3393 Bcssarioni
3142 3342 3196 3395 lit
3220 3344 3433 3406 obvius,

1882 3447 2137 3499 eumque,
2168 3431 2315 3485 nullo
2348 3445 2453 3483 non
2478 3431 2748 3485 comitatis
2784 3444 2834 3484 et
2860 3431 3222 3486 beneficentia»
3243 3448 3437 3502 genere

1882 3524 2144 3583 adhibito,
2191 3524 2244 3575 in
2296 3524 2483 3574 urbem
2518 3522 2685 3575 ducit.
2725 3522 3021 3589 Acceptum
3054 3524 3197 3575 laute
3224 3533 3279 3575 et
3325 3540 3445 3575 ma—

1881 3612 2093 3680 gnifice,
2129 3613 2521 3677 abeuntemqne
2574 3611 2763 3662 eodem
2803 3625 3016 3679 semper
3060 3620 3115 3665 et
3144 3626 3443 3668 veneratus

1882 3714 1931 3757 et
1959 3711 2278 3769 prosecutus
2300 3709 2382 3751 est
2417 3703 2588 3750 vultu.
2732 3764 2733 3767 η
3244 3754 3254 3760 _

1940 3790 2150 3844 Mortuo
2184 3789 2375 3843 deinde
2394 3788 2640 3850 Callisto,
2662 3786 2789 3842 Pius
2816 3787 2861 3840 ll
2890 3789 2945 3843 in
2976 3789 3092 3858 ejus
3123 3791 3293 3847 locum
3321 3792 3440 3848 sui.

1881 3882 2076 3945 fectus,
2112 3888 2432 3935 conventum
2466 3878 2807 3932 Mantuanum
2828 3917 2844 3942 ,
2872 3880 3193 3937 adhortante
3247 3883 3435 3937 Bessa-

1882 3978 2055 4039 rione,
2074 3974 2399 4029 Christianis
2426 3972 2672 4025 omnibus
2698 3976 2763 4024 ad
2784 3982 2984 4025 certam
3013 3973 3151 4047 diem
3172 3976 3433 4037 decrevit,

1881 4083 1989 4134 quo
2053 4065 2291 4119 omnium
2323 4062 2645 4129 -prineipum
2692 4071 2744 4113 et
2802 4061 3113 4126 populorum
3157 4077 3428 4115 consensu

1882 4156 2077 4209 bellum
2107 4153 2299 4206 Turcis
2330 4152 2674 4203 indiceretur.
2701 4148 3017 4202 Convenere
3062 4163 3128 4203 eo
3159 4151 3431 4221 principes

1881 4244 2031 4297 multi
2057 4253 2147 4295 aut
2175 4242 2331 4308 legati
2368 4254 2548 4307 regum
2590 4240 3022 4307 autprincipnm,
3063 4256 3197 4307 quos
3238 4242 3429 4297 Bessa-

1882 4336 1998 4389 riou
2022 4342 2140 4399 post
2176 4320 2657 4400 Pimnipoutiticem
2693 4331 2759 4385 ad
2793 4341 2994 4384 tantum
3018 4341 3067 4385 et
3096 4340 3204 4384 tam
3238 4348 3424 4388 neces-

1880 4429 2082 4481 sarium
2118 4425 2312 4479 bellum
2342 4424 2574 4492 eleganti
2604 4423 2878 4485 oratione,
2906 4440 3064 4493 quam
3097 4426 3149 4478 in
3182 4429 3437 4480 manibus

1882 4520 2163 4583 habemus,
2198 4516 2513 4569 adhortatus
2560 4524 2663 4569 est.
2696 4515 2765 4570 At
2795 4532 2921 4570 vero
2962 4533 3083 4570 cum
3122 4518 3244 4571 huic
3285 4530 3439 4571 tanto

1880 4610 2159 4678 apparatui
2210 4607 2605 4663 Germanorum
2660 4608 2961 4675 principum
3013 4608 3149 4662 inter
3193 4624 3252 4661 se
3295 4609 3439 4662 bella.

1880 4691 2177 4764 obstarent,
2209 4715 2272 4754 co
2298 4700 2517 4753 mittere
2542 4699 2672 4751 Pius
2703 4699 3075 4753 Bessarionem
3107 4703 3277 4755 virum
3306 4719 3399 4769 gm
3418 4730 3462 4742 ο-

1885 4794 2415 4860 rissimuntJegatum
2446 4791 2693 4850 instituit,
2725 4792 2834 4855 qui,
2870 4793 3026 4843 rebus
3063 4793 3114 4842 in
3145 4791 3444 4845 Germania-

1881 4884 2217 4952 cumpositis,
2263 4884 2637 4947 imperatorem
2681 4877 3010 4932 Fridericuai
3055 4895 3118 4935 ac
3180 4883 3420 4951 reliquos

1884 4980 2149 5046 print-ipes
2179 4977 2244 5027 ad
2297 4974 2485 5025 bellum
2515 4971 2704 5024 Turcis
2736 4973 2990 5024 indictum
3032 4974 3429 5027 adhortaretur.

1884 5068 2042 5120 Vadit
2074 5068 2155 5118 vir
2184 5065 2437 5131 optimus,
2468 5063 2589 5114 licet
2613 5062 3029 5124 valetudinarius
3051 5075 3105 5115 et
3141 5064 3315 5117 hieme
3351 5065 3429 5117 ἰη-

1880 5167 2077 5220 st.‘.nte,
2117 5172 2224 5224 quo
2277 5156 2401 5206 l’ius
2459 5154 2703 5218 imperat.
2750 5150 3018 5215 Venetias,
3084 5154 3226 5207 Pado
3271 5169 3431 5206 amne

1882 5252 2113 5317 primum
2142 5247 2372 5306 delatus,
2402 5241 2598 5301 ducem
2640 5257 2703 5294 ac
2737 5252 2980 5294 senatum
3019 5243 3085 5294 ad
3130 5244 3429 5309 suscipien-

1880 5342 2009 5393 dum
2063 5336 2268 5391 tantum
2328 5336 2521 5388 bellum
2578 5334 2913 5395 adhortatus,
2971 5332 3023 5384 in
3085 5332 3433 5385 Germaniam

1882 5433 2109 5483 honesti)
2168 5427 2335 5493 magis
2372 5441 2528 5489 quam
2582 5421 2725 5472 lauto
2782 5431 2835 5471 et
2881 5420 3108 5486 eleganti
3166 5424 3437 5475 comitatu

1880 5524 2041 5574 flectit
2073 5522 2194 5573 iter.
2227 5515 2490 5567 S.evieb:it
2516 5522 2623 5561 tum
2657 5509 2847 5568 hiems,
2885 5509 3171 5562 Februario
3223 5528 3426 5582 mense,

1889 5616 1942 5666 in
1970 5609 2248 5665 Germania
2281 5606 2629 5675 justissimmn,
2648 5614 2766 5668 qua:
2794 5602 2934 5668 regio
2958 5602 2989 5653 li
3008 5603 3295 5670 igidissiutn
3327 5615 3405 5657 cst
