4138 6328
699 382 789 427 Ωιι

597 538 625 561 ί,
700 485 939 538 Vexatus
979 483 1158 553 itaque
1190 498 1310 538 cum
1344 484 1534 545 ventis.
1567 491 1676 538 tum
1722 483 2002 549 imbribus,
2031 494 2140 538 tum
2171 484 2253 538 ni-

702 577 857 629 vibus
889 590 1052 644 prope
1074 576 1364 631 continuis.
1396 576 1598 627 nullum
1635 576 1774 630 diem
1808 576 2101 630 intermisit
2143 589 2253 643 quo

702 668 931 722 ulterius
964 682 1066 719 non
1110 668 1574 734 proficisceretur;
1606 676 1659 720 et
1696 681 1819 721 cum
1852 677 1998 721 stare
2030 665 2253 734 pedibus

702 757 822 825 equi
852 772 959 824 pre
982 756 1146 823 glacie
1182 757 1265 809 vix
1294 765 1529 823 possent,
1559 756 1803 809 volticulo
1838 756 2249 819 Germanorum,

703 850 843 914 quod
872 853 1081 901 traham
1118 863 1389 914 vocamus,
1421 863 1523 901 non
1550 858 1749 912 vectus,
1793 849 1885 903 sed
1917 857 2122 911 tractus
2149 856 2250 902 est.

705 938 940 994 Tandem
967 954 1111 1004 vero,
1130 949 1248 1008 post
1268 939 1476 993 labores
1495 940 1926 1008 prepeintiuitos,
1942 937 2251 992 Noriniber-

705 1044 824 1096 gam
856 1029 1023 1090 venit,
1056 1028 1266 1082 obviam
1289 1028 1582 1095 prodeunte
1608 1026 2020 1080 honoratissimo
2038 1038 2253 1094 quoque

705 1119 844 1182 cive,
894 1118 1275 1187 prodeuntibus
1304 1118 1569 1186 episcopis
1601 1126 1655 1171 et
1692 1125 1802 1171 toto
1853 1116 2019 1171 clero.
2053 1113 2251 1169 Urbem

704 1210 1001 1279 ingressus,
1033 1211 1223 1265 litteris
1253 1210 1434 1262 statim
1483 1222 1547 1262 ac
1580 1206 1788 1261 nuntiis
1818 1205 2088 1275 principes
2114 1204 2253 1260 Ger-

706 1270 894 1353 mania:
915 1270 1070 1354 adse
1106 1307 1284 1363 vocat,
1311 1299 1562 1366 populum
1598 1270 2255 1365 quoque-Norimbergen-

704 1405 815 1443 sem
849 1401 906 1443 ut
940 1392 1083 1445 idem
1109 1390 1272 1444 faciat
1303 1390 1457 1455 longa
1502 1403 1564 1442 ae
1608 1388 1753 1456 gravi
1782 1386 2025 1440 oratione
2057 1384 2255 1439 adhor-

707 1492 727 1531 ι
746 1489 884 1540 itur;
911 1481 960 1532 id
986 1480 1121 1534 velle
1150 1480 1312 1532 Deum
1338 1477 1459 1545 Opt.
1497 1476 1659 1537 Man,
1687 1476 1736 1529 id
1755 1474 1906 1528 Pium
1924 1476 2252 1542 pontificem,

700 1557 758 1624 id
790 1586 874 1624 res
890 1568 1183 1625 Christiani
1205 1568 1379 1637 populi
1411 1567 1633 1621 amictas
1659 1581 1823 1635 prope
1846 1580 1910 1619 ac
1926 1566 2252 1637 profligatas.

708 1661 1082 1728 Supervenere
1114 1668 1293 1712 autem
1335 1666 1439 1710 non
1474 1658 1541 1709 ita
1576 1656 1741 1709 multo
1770 1664 1907 1722 post,
1935 1656 2255 1711 auctoritate
2306 1662 2309 1663 ⁷

705 1752 850 1807 sedis
865 1749 1171 1819 apostolicae
1196 1758 1251 1802 et
1286 1748 1415 1800 tanti
1443 1746 1553 1801 viri,
1573 1745 1710 1799 fama
1737 1745 1962 1813 permoti
1986 1747 2256 1815 principes

709 1842 858 1895 inulti
894 1841 974 1894 vel
1030 1840 1329 1910 principum
1358 1848 1635 1903 oratores;
1696 1839 1792 1891 hos
1820 1838 1984 1902 enim,
2025 1838 2078 1890 in
2128 1852 2257 1893 con-

706 1939 865 1986 ventu
899 1930 1079 1984 audita
1111 1927 1594 1983 controversiarum
1644 1941 1827 1991 causa,
1858 1928 1925 1981 ad
1972 1941 2154 1996 pacem
2203 1936 2258 1981 et

706 2020 1046 2074 concordiam
1084 2020 1260 2073 multis
1289 2032 1351 2072 ac
1400 2018 1649 2071 maximis
1679 2017 1970 2071 rationibus
1997 2031 2256 2072 revocare

705 2125 1076 2182 saepenumero
1103 2121 1325 2166 conatus
1361 2120 1464 2165 est.
1490 2108 1627 2174 Quid
1660 2123 1767 2163 non
1801 2109 2077 2177 cogitavit.
2129 2107 2254 2175 quid

706 2221 812 2258 non
842 2205 971 2273 egit,
1004 2202 1133 2273 quid
1177 2218 1279 2257 non
1319 2202 1453 2272 dixit
1506 2200 1806 2266 Bessarion,
1841 2200 2074 2265 Quirites
2098 2239 2113 2261 ,
2146 2202 2255 2268 quo

706 2312 890 2366 pacem
914 2296 1054 2350 inter
1070 2293 1391 2350 dissidentes
1426 2291 1814 2363 componeret?
1848 2292 2081 2346 Aderant
2108 2293 2255 2362 prin-

707 2402 853 2453 (ἔψυξε
877 2386 1057 2449 multi,
1080 2385 1268 2445 aderat
1296 2383 1587 2438 cardinalis
1623 2383 1995 2451 Augustensis,
2028 2384 2253 2436 aderant

708 2479 939 2547 episcopi
973 2478 1208 2547 quidam,
1248 2477 1431 2529 aderat
1468 2474 1735 2537 Albertus,
1769 2471 2254 2540 Brandiburgensis

712 2570 969 2630 tnarchio,
1030 2567 1253 2619 aderant
1282 2565 1435 2631 lcgati
1466 2563 1721 2631 Bajoarias
1771 2562 1944 2615 ducis.
1978 2560 2086 2615 Hos
2119 2564 2253 2616 duos

710 2660 974 2728 principes
1030 2658 1168 2711 inter
1214 2671 1273 2711 se
1328 2656 1561 2710 maxime
1592 2654 1908 2709 dissidentes
1935 2655 2058 2707 odio
2086 2666 2255 2723 prope

710 2752 964 2819 ingenito,
992 2758 1045 2805 et
1071 2764 1288 2804 monere
1307 2757 1361 2803 et
1394 2762 1581 2817 rogare
1606 2754 1660 2800 ct
1691 2746 1977 2801 obsecrare
2008 2746 2087 2797 vir
2116 2745 2254 2814 opti-

709 2857 829 2895 mus
876 2855 981 2893 non
1023 2840 1323 2903 desinebat,
1372 2830 1587 2899 copiosa
1620 2844 1674 2889 et
1716 2834 1860 2905 gravi
1890 2834 2133 2889 oratione
2189 2834 2253 2886 de

709 2947 838 2998 pace
903 2930 1105 2992 habita,
1163 2941 1320 2995 quam
1375 2925 1529 2994 paulo
1560 2936 1685 2977 ante
1722 2936 1844 2976 cum
1898 2920 2252 2974 admiratione

709 3024 956 3092 legimus,
988 3032 1067 3087 ut,
1097 3018 1349 3087 depositis
1375 3015 1736 3073 simultatibus
1768 3024 1821 3068 et
1841 3013 2001 3075 odiis,
2026 3012 2092 3065 de
2112 3009 2252 3065 bello

705 3115 899 3168 Turcis
926 3110 1203 3165 inferendo
1238 3125 1338 3162 una
1389 3124 1506 3163 cum
1541 3107 1792 3177 pontifice
1831 3114 1883 3159 et
1930 3104 2253 3174 imperatore

707 3205 1028 3274 cogitarent.
1057 3201 1193 3254 Ecce
1213 3200 1336 3253 dum
1361 3200 1411 3251 in
1449 3198 1838 3252 consultatione
1875 3204 2081 3259 essent,
2114 3193 2254 3248 litte-

706 3312 779 3349 ra:
803 3295 853 3347 ei
889 3309 918 3347 a
960 3293 1133 3361 legato
1158 3288 1471 3353 Pannoniae,
1505 3287 1561 3339 S.
1590 3286 1778 3355 Angeli
1807 3284 2083 3348 cardinali,
2128 3284 2252 3336 red-

707 3390 904 3439 duntur
926 3385 1121 3451 quibus
1148 3380 1203 3435 ﬁt
1229 3378 1429 3454 certior
1452 3387 1735 3447 pugnatum
1760 3390 1881 3429 cum
1899 3374 2091 3428 Turcis
2112 3386 2250 3436 esse,

704 3488 757 3530 et
790 3472 1088 3529 Pannonios
1121 3469 1268 3541 gravi
1299 3466 1489 3538 prtelio
1515 3472 1794 3541 superatos
1833 3463 2081 3525 cessisse,
2114 3460 2254 3529 peri-

702 3566 989 3631 culumque
1020 3562 1300 3616 imminere
1330 3573 1399 3613 ne
1445 3558 1646 3621 hostes,
1678 3553 1902 3609 victoria
1931 3551 2078 3616 elati,
2102 3551 2253 3620 longe

704 3674 768 3712 ac
798 3657 902 3710 late
946 3655 1123 3709 omnia
1154 3661 1435 3723 occupent,
1472 3656 1685 3704 vastent
1717 3656 1771 3701 et
1807 3644 2085 3715 diripiant.
2114 3643 2249 3697 Tum

708 3744 988 3800 Bessarion
1030 3740 1477 3815 lacrymabundus
1510 3754 1572 3792 ac
1602 3738 1767 3805 vicem
1790 3734 2111 3791 Christiana:
2147 3734 2250 3787 rci-

708 3836 931 3903 publicac
951 3849 1187 3905 gemens,
1202 3832 1432 3886 breviter
1451 3828 1629 3885 clades
1645 3842 1827 3883 omnes
1844 3826 2047 3882 nostris
2075 3825 2252 3880 illatas

706 3932 1115 3989 commemorat,
1142 3922 1429 3974 imminens
1463 3919 1755 3988 periculum
1782 3917 2038 3981 ostendit,
2064 3928 2250 3982 pacem

704 4026 754 4065 et
786 4012 1124 4067 concordiam
1152 4007 1421 4078 preponit,
1450 4022 1555 4075 quo
1589 4005 1812 4060 liberius
1847 4013 1901 4058 et
1928 4005 2095 4057 tutius
2121 4015 2255 4057 con-

702 4103 900 4171 junctis
948 4102 1111 4155 arntis
1162 4110 1214 4156 et
1244 4097 1412 4168 copiis
1463 4097 1541 4150 ire
1579 4096 1628 4147 in
1682 4097 1885 4150 hostem
1937 4093 2169 4148 ferocem
2200 4101 2256 4146 et

710 4194 910 4249 recenti
968 4192 1185 4248 victoria
1236 4190 1591 4246 exsultantem
1645 4186 1818 4243 liceat.
1883 4184 2015 4242 Cum
2068 4193 2251 4239 autem

707 4286 1067 4356 Norimberga:
1117 4286 1193 4339 nil
1241 4284 1356 4339 fieri
1399 4284 1688 4347 videretur,
1718 4285 1858 4357 quod
1919 4294 1985 4335 eo
2033 4260 2255 4348 propter

704 4378 1012 4431 distantiam
1036 4378 1298 4450 proﬁcisci
1318 4377 1559 4432 Rbenani
1579 4374 1851 4445 principes
1876 4373 2247 4443 gravarentur,

707 4467 940 4523 maxime
966 4449 1093 4522 vero
1111 4467 1379 4537 paiatinus
1399 4480 1601 4532 comes,
1620 4464 1910 4521 transferre
1926 4449 2249 4516 conventum

706 4559 1059 4612 Wormatiam
1096 4561 1301 4626 legatus
1343 4560 1597 4623 instituit,
1634 4571 1700 4609 ne
1732 4557 2021 4625 quicquam
2071 4556 2251 4608 inten-

602 4660 607 4673 ‘
704 4658 872 4701 t-itum
898 4648 1221 4713 relinqueret
1245 4648 1383 4713 quod
1408 4647 1469 4697 ad
1494 4644 1759 4697 sedandas
1789 4644 1909 4695 lites
1936 4643 2246 4709 pertineret.

708 4714 934 4790 vetitum
970 4746 1051 4789 est
1080 4735 1293 4787 tandem
1330 4744 1452 4801 post
1496 4734 1655 4784 multa
1690 4743 1743 4785 et
1768 4730 2082 4800 gravissima
2107 4729 2249 4797 peri-

705 4832 823 4886 cula
846 4827 1197 4881 Wormatiam
1217 4841 1233 4889 ;
1260 4840 1431 4894 neque
1451 4826 1592 4877 enim
1610 4838 1893 4892 peragrare
1908 4822 2248 4877 Germaniam

706 4923 821 4975 sine
847 4916 1096 4987 praesidio
1136 4914 1347 4967 militari
1382 4917 1522 4976 licet,
1558 4915 1698 4981 quod
1731 4914 1869 4981 apud
1904 4929 1994 4967 eos
2021 4917 2245 4982 (tantum

706 5012 845 5066 valet
893 5007 1300 5071 consuetudol)
1360 5008 1553 5072 rapinae
1588 5019 1641 5059 et
1692 5005 1963 5060 latrocinia
1992 5007 2247 5073 quodam-

708 5104 863 5155 modo
892 5111 1145 5154 concessa
1177 5098 1439 5148 videntur.
1459 5097 1748 5163 Susceptus
1776 5096 2000 5163 benigne
2039 5110 2065 5148 a
2091 5092 2249 5147 Wor-

708 5192 1046 5247 macensibus
1069 5189 1349 5243 Bessarion
1392 5188 1595 5255 legatos
1620 5196 1731 5239 tum
1762 5189 2113 5253 imperatoris.
2138 5197 2246 5238 tum

707 5285 933 5338 aliorum
961 5282 1262 5351 principum
1314 5281 1377 5331 ad
1409 5294 1466 5330 se
1495 5284 1669 5339 vocat,
1707 5277 1843 5344 quod
1887 5278 1955 5330 sit
1984 5278 2245 5344 agendum

705 5375 973 5444 proponit.
1008 5372 1365 5439 Disceptstur,
1397 5383 1494 5422 nec
1548 5367 1713 5423 semel
1754 5376 1983 5427 tantum,
2022 5366 2113 5421 sed
2148 5366 2247 5417 ite-

705 5480 825 5517 rum
845 5479 908 5519 ae
930 5463 1109 5519 tertio.
1135 5462 1299 5516 Mittit
1328 5461 1609 5528 episcopos
1642 5458 1784 5509 viros
1820 5455 2163 5523 gravissimos
2196 5464 2250 5507 et

702 5555 936 5623 optimos
964 5570 1098 5624 quos
1137 5569 1315 5611 secum
1351 5552 1580 5605 habebat
1617 5550 1680 5601 ad
1722 5546 1927 5598 vicinos
1952 5536 2241 5610 principes,

2004 369 2216 432 BAPT.
2260 367 2605 431 PLATINE

3800 381 3907 423 exn

2358 500 2425 540 ne
2454 485 2582 554 quid
2644 484 2985 540 omitteretur
3009 483 3150 552 quod
3197 483 3263 538 ad
3302 484 3644 539 concordiam
3680 483 3910 539 faceret.

2358 575 2461 631 Ubi
2494 586 2675 630 autem
2715 575 2848 630 nihil
2887 576 3001 629 fieri
3036 583 3181 644 lauta
3214 573 3571 630 sollicitudine
3609 574 3906 637 videretur,

2357 666 2641 728 monendo,
2690 665 2926 736 rogando
2966 665 3442 734 obsecrandoque,
3480 664 3737 719 Viennam
3778 680 3907 735 pro-

2355 756 2521 812 ficisci
2552 756 2617 812 ad
2653 756 3029 827 imperatorem
3069 754 3318 822 instituit,
3364 770 3554 809 omnes
3584 756 3918 810 adhortatus

2354 856 2410 900 ut
2452 861 2517 900 eo
2568 861 2628 901 se
2683 860 2915 915 propere
2963 845 3287 908 conferrent,
3338 844 3626 897 arbitratus
3678 842 3910 897 Cesaris

2352 936 2635 1003 praesentia
2670 943 2725 989 et
2759 936 3080 991 auctoritate
3124 948 3237 989 rem
3265 943 3503 1003 Optatam
3545 948 3606 987 ex
3634 934 3905 987 sententia

2354 1026 2543 1080 conﬁci
2570 1041 2747 1094 posse.
2781 1025 2989 1096 [agnis
3023 1026 3235 1095 quidem
3264 1032 3428 1094 atque
3460 1025 3666 1093 asperis
3697 1024 3913 1077 itineri-

2354 1117 2541 1173 buseo
2575 1116 2788 1173 tandem
2818 1128 3035 1173 ventum
3078 1123 3180 1172 est.
3220 1114 3307 1171 Fit
3350 1116 3563 1171 obviam
3603 1114 3910 1169 Bessarioui

2356 1207 2647 1276 imperator
2675 1209 2742 1264 ad
2767 1207 2910 1265 mille
2939 1220 3152 1279 passus.
3178 1221 3411 1277 eumque
3441 1206 3587 1259 nullo
3614 1220 3719 1260 non
3754 1205 3907 1259 adhi-

2355 1298 2467 1353 bito
2495 1300 2717 1355 honoris
2747 1314 2945 1373 genere
2980 1300 3036 1355 in
3085 1299 3271 1354 urbem
3305 1298 3471 1352 ducit.
3506 1297 3640 1351 Data
3675 1305 3758 1350 est
3788 1303 3910 1347 tau-

2358 1392 2632 1445 tummodo
2666 1392 2779 1447 dies
2808 1392 2977 1458 quieti
3009 1407 3025 1455 ;
3057 1399 3270 1460 postera
3300 1403 3431 1442 vero
3448 1402 3571 1442 cum
3603 1387 3812 1456 legatus
3842 1386 3905 1437 ad

2356 1482 2755 1549 imperatorem,
2785 1488 2975 1535 contra
3020 1483 3316 1549 imperator
3356 1480 3421 1532 ad
3469 1479 3697 1547 legatum
3747 1476 3910 1545 profl-

2355 1573 2488 1628 cisci
2529 1574 2747 1627 honoris
2781 1587 2939 1627 causa
2967 1572 3334 1632 contenderet,
3363 1569 3583 1637 pervicit
3610 1570 3909 1636 imperator

2354 1663 2420 1717 ad
2461 1662 2832 1716 Bessarlonem
2866 1676 3115 1733 pergens,
3147 1675 3375 1729 quocum
3424 1670 3477 1715 et
3506 1660 3571 1713 de
3602 1674 3733 1727 pace
3758 1670 3907 1712 com-

2356 1755 2603 1821 ponenda
2654 1754 2796 1808 inter
2839 1752 3142 1806 Germaniae
3209 1752 3486 1820 principes
3545 1761 3601 1803 et
3649 1751 3719 1802 de
3768 1746 3905 1802 bello

2356 1843 2550 1900 Turcis
2578 1843 2855 1899 inferendo
2883 1843 3234 1912 longissimus
3261 1850 3314 1897 et
3344 1841 3699 1911 gravissimus
3730 1854 3909 1894 sermo

2354 1943 2436 1987 est
2466 1934 2701 1989 habitus.
2745 1931 2878 1987 Cum
2919 1917 3107 2000 itaque
3137 1932 3406 2001 principes
3431 1940 3483 1985 et
3512 1932 3671 2000 legati
3713 1930 3907 1982 multo-

2356 2041 2470 2079 rum
2515 2023 2804 2087 venissent,
2861 2024 2925 2077 de
2967 2023 3264 2091 eademque
3311 2036 3369 2075 re
3415 2036 3576 2090 quam
3610 2019 3908 2088 saepissime

2354 2117 2499 2173 omni
2546 2124 2740 2170 conatu
2782 2115 2980 2168 frustra
3039 2121 3325 2167 tractatum
3381 2120 3568 2173 esset.
3625 2110 3908 2180 proposito

2355 2206 2525 2277 ipsius
2580 2206 2868 2275 provincia
2913 2206 3274 2259 emolumento
3323 2213 3377 2257 et
3430 2204 3634 2256 honore
3664 2242 3680 2266 ,
3734 2201 3909 2255 redire

2352 2298 2566 2352 tandem
2605 2299 2662 2353 in
2694 2297 2901 2351 italiam
2944 2296 3118 2353 lucem
3167 2295 3541 2351 felicissimam
3577 2293 3653 2364 (i)
3701 2292 3909 2361 legatus

2354 2386 2604 2450 instituit,
2666 2400 2730 2439 ne
2768 2385 2966 2441 frustra
2997 2393 3055 2439 et
3100 2396 3309 2453 tempus
3338 2393 3394 2440 et
3422 2398 3617 2452 corpus
3651 2380 3911 2437 valetudi-

2353 2479 2563 2532 narium
2586 2477 2877 2545 frigoribus
2908 2488 2962 2531 et
2982 2477 3165 2534 labore
3192 2477 3444 2532 itinerum
3474 2475 3714 2529 actadio
3743 2474 3910 2527 animi

2350 2580 2712 2622 consumeret.
2751 2570 2894 2622 Inter
2912 2580 3125 2623 exteras
3152 2576 3357 2637 gentes,
3392 2566 3593 2622 Gracia
3632 2576 3685 2619 et
3706 2564 3915 2618 Latinis

2355 2668 2543 2711 natura
2569 2655 2815 2719 infestas,
2851 2658 3215 2723 periclitatum
3249 2665 3332 2710 est
3355 2656 3550 2724 saepius
3583 2656 3711 2710 dum
3738 2664 3915 2707 temn-

2352 2748 2481 2803 ieuti
2510 2756 2564 2801 et
2609 2746 2801 2800 armati
2840 2761 2944 2800 non
2980 2747 3156 2801 solum
3182 2748 3234 2799 in
3270 2746 3437 2814 agris,
3468 2749 3560 2800 sed
3595 2747 3647 2801 in
3690 2748 3916 2801 urbibus

2351 2850 2708 2914 grassantur;
2749 2840 2966 2897 Viennae
3014 2852 3191 2897 autem
3228 2841 3586 2910 potissimum,
3630 2841 3719 2893 ubi
3759 2854 3917 2909 gym-

2353 2934 2539 2989 nastici
2564 2932 2752 3004 quavis
2778 2933 2989 2989 licentia
3014 2941 3068 2987 et
3095 2931 3388 3002 petulantia
3416 2940 3660 2984 utuntur.
3727 2928 3917 2983 Rediit

2354 3026 2566 3081 tandem
2603 3034 2720 3095 post
2753 3024 3027 3081 biennium
3060 3024 3540 3087 Bessario‘vester,
3561 3021 3819 3088 Quirites,
3854 3031 3917 3075 ut

2351 3128 2510 3183 quem
2553 3114 2829 3170 absentem
2896 3113 3063 3168 Roma
3118 3112 3503 3176 desiderabat,
3562 3112 3809 3181 cupiebat
3860 3121 3922 3165 ct

2352 3203 2497 3258 votis
2534 3204 2771 3271 Optabat,
2801 3214 3115 3274 praesentem
3172 3205 3411 3273 denique
3460 3204 3779 3269 intueretur,
3817 3201 3924 3254 ad-

2354 3295 2643 3349 miraretur
2667 3306 3116 3364 venerareturque
3139 3305 3197 3349 ut
3226 3294 3480 3351 Ecclesia
3509 3293 3761 3349 Romana:
3790 3292 3923 3345 uni-

2356 3399 2478 3438 cum
2513 3383 2757 3439 columen
2802 3396 2857 3439 et
2894 3386 3079 3454 patria:
3115 3392 3306 3439 vestra
3338 3394 3638 3459 parentem.
3669 3383 3783 3437 Non
3812 3383 3924 3436 dc-

2354 3474 2491 3528 stitit
2532 3483 2708 3529 tamen
2757 3474 2839 3529 vir
2885 3473 3123 3543 optimus
3175 3482 3229 3526 et
3279 3472 3706 3542 sapientissimus
3752 3470 3914 3524 Pium

2356 3565 2661 3634 pontificem
2700 3565 2918 3619 hortari
2960 3573 3017 3619 ut
3070 3564 3367 3633 piissimum
3408 3561 3601 3616 bellum
3634 3561 3745 3631 iam
3786 3569 3926 3615 ante

2353 3667 2539 3712 contra
2592 3657 2782 3726 impios
2826 3657 3098 3712 decretum
3148 3655 3581 3723 amplecteretur.
3654 3651 3802 3706 Hanc
3840 3651 3941 3707 ob

2348 3760 2467 3799 rem
2516 3761 2637 3799 cum
2688 3745 2813 3802 Pius
2840 3746 3136 3813 Anconam,
3190 3746 3330 3801 unde
3388 3754 3633 3801 moturus
3680 3753 3797 3799 erat
3860 3743 3922 3797 in

2354 3821 2584 3899 hostem,
2615 3835 2879 3902 proficisci
2930 3835 3270 3899 instituisset,
3314 3833 3492 3902 ibique
3538 3831 3761 3887 classem
3808 3846 3924 3886 un-

2352 3923 2517 3993 diquc
2532 3934 2809 3978 venturam
2839 3940 2868 3977 a
2897 3924 3219 3989 Christianis
3238 3935 3594 3993 exspectant,
3623 3925 3920 3981 Βοιωτίου

2354 4012 2422 4065 ad
2462 4010 2691 4066 Venetos
2725 4026 2951 4080 propere
2983 4013 3258 4067 contendit
3298 4016 3441 4068 sedis
3491 4015 3791 4084 apostolica:
3827 4014 3925 4070 ie-

2354 4109 2544 4171 gatus;
2578 4101 2731 4170 cujus
2769 4102 3062 4161 auctoritas
3094 4112 3300 4156 tantum
3333 4105 3502 4157 valuit
3543 4118 3598 4159 ut
3621 4107 3813 4160 ducem
3854 4117 3924 4163 et

2351 4203 2598 4248 senatum
2636 4191 2703 4247 ad
2756 4192 2807 4245 id
2838 4192 3031 4246 bellum
3087 4192 3376 4259 impulerit.
3432 4193 3633 4249 Parata
3665 4198 3923 4253 triremes

2354 4298 2385 4339 a
2420 4282 2641 4339 Venetis
2657 4285 2931 4346 sunt,,dux
2950 4282 3106 4338 classi
3148 4284 3454 4352 praficitur,
3486 4287 3701 4353 navigat
3733 4288 3952 4342 Δηοῦς.

2353 4390 2499 4440 nam,
2538 4391 2603 4431 eo
2626 4375 2906 4441 Bessarion
2944 4390 3065 4430 cum
3091 4374 3412 4431 triremisua
3436 4376 3673 4445 impensa
3706 4386 3921 4434 structa

2349 4478 2409 4522 et
2434 4478 2641 4523 armata
2666 4468 2964 4522 contendit.
3274 4473 3277 4477 ’

2422 4559 2493 4614 At
2522 4550 2650 4613 vero
2692 4560 2743 4611 in
2780 4567 2927 4613 tanto
2968 4567 3225 4626 apparatu
3265 4557 3359 4613 Pio
3387 4557 3635 4627 pontifice
3670 4568 3915 4626 mortuo,

2350 4662 2473 4702 cum
2514 4661 2704 4702 omnes
2740 4646 2938 4714 passim
2970 4648 3363 4712 dilaberentur,
3396 4650 3508 4718 ipse
3540 4663 3755 4715 quoque
3796 4645 3912 4703 fio-

2350 4724 2490 4793 niam
2540 4739 2605 4791 ad
2651 4738 2883 4791 ineunda
2922 4752 3019 4804 pro
3050 4753 3187 4791 novo
3219 4725 3471 4806 pontiﬁce
3519 4739 3771 4807 suﬂ‘ragia
3825 4756 3915 4794 re-

2349 4830 2613 4894 vertitur;
2652 4842 2756 4895 quo
2780 4837 2981 4890 creato,
3011 4842 3129 4880 cum
3162 4830 3341 4882 outttia
3371 4832 3437 4883 ad
3477 4832 3646 4883 utinm
3684 4843 3910 4900 specta-

2350 4929 2487 4981 rent,
2518 4919 2731 4987 ingenio
2764 4932 2859 4970 suo
2885 4928 2938 4970 et
2967 4918 3207 4971 doctrina
3247 4920 3433 4986 fretus,
3463 4924 3711 4991 quicquid
3736 4920 3836 4975 'otii
3875 4938 3908 4975 a

2348 5011 2511 5063 rebus
2558 5008 2781 5072 publicis
2830 5007 3090 5066 dabatur.
3144 5017 3309 5062 totum
3362 5011 3415 5065 id
3460 5012 3525 5065 ad
3558 5011 3903 5066 scribendum

2348 5098 2573 5153 contulit
2602 5097 2762 5152 homo
2786 5098 3023 5150 omnium
3047 5098 3450 5157 solertissimus.
3474 5101 3606 5155 Cum
3642 5103 3907 5169 prodesse

2348 5202 2529 5241 coram
2578 5187 2765 5240 amicis
2796 5197 2888 5239 aut
2938 5188 3357 5255 periclitantibus
3405 5207 3509 5245 non
3563 5200 3761 5259 posset,
3805 5206 3906 5247 eos

2348 5280 2540 5334 litteris
2571 5281 2780 5347 pietatis
2803 5289 2853 5333 et
2879 5281 3227 5339 humanitatis
3250 5284 3422 5350 plenis
3444 5286 3743 5348 admonuit,
3769 5300 3905 5339 eru-

2346 5372 2463 5437 dtit,
2495 5370 2776 5433 deterruit,
2802 5369 2867 5424 ad
2894 5370 3146 5439 omnium,
3169 5375 3215 5427 si
3240 5390 3344 5441 qua
3377 5376 3431 5429 in
3456 5393 3512 5431 re
3540 5379 3905 5448 deliquerunt,

2348 5463 2638 5517 revocavit.
2679 5462 2880 5515 Harum
2927 5473 3102 5518 exstat
3145 5474 3398 5521 numerus
3446 5483 3609 5537 prope
3654 5469 3907 5528 infinitus

2351 5562 2460 5607 tum
2489 5552 2694 5618 Graece,
2740 5563 2851 5608 tum
2882 5552 3069 5612 Latine
3106 5559 3448 5628 scriptarum.
3510 5558 3649 5615 Duas
3680 5560 3914 5629 scripsis

770 5746 849 5812 ¹(Ι)
886 5741 1056 5800 Verba
1080 5746 1239 5802 lucent
1277 5744 1635 5814 felicissimam
1673 5759 1775 5799 nou
1807 5743 1963 5800 habet
1997 5743 2241 5799 lizovius.
2270 5743 2544 5801 Giesscma
2573 5745 2817 5802 forsitan.
2864 5764 2879 5778 ·

3392 5864 3398 5869 ‘
3421 5860 3448 5870 “
3775 5842 3810 5911 ς
