4138 6328
420 274 449 298 ’.θ’

210 334 347 377 CIIII

210 436 449 495 duorum
504 439 746 496 locorum
772 441 1104 501 laudationes
1143 455 1197 500 et
1230 446 1416 515 patria:
1471 444 1776 513 Trapezun-

214 530 321 583 dos
352 528 469 601 (sic)
500 540 555 586 et
592 531 799 601 Isthmi,
830 536 962 591 adeo
997 534 1271 606 eleganter
1307 544 1361 591 et
1402 535 1664 599 absolute,
1717 541 1775 588 ut

218 622 521 688 provincias
570 624 699 694 ipsa:
729 635 785 681 et
831 626 1156 696 benignitate
1180 627 1305 684 caeli
1347 635 1401 682 et
1449 612 1693 681 ubertate
1722 631 1779 679 et

219 711 436 782 "usum
496 719 754 782 omnium,
810 730 865 775 et
920 719 1275 787 portuositate
1317 719 1557 774 littorum
1618 726 1779 781 atque

218 804 503 861 hominum
564 808 960 879 ingeniosorum
1010 819 1065 865 et
1110 811 1526 867 fortissimorum
1583 808 1776 876 copia,

218 897 396 951 cuivis
456 900 744 968 provincia
787 904 1019 958 conferri
1063 903 1604 972 posserviderentur.
1659 898 1777 954 Non

216 987 347 1042 dico
375 1002 534 1055 quam
567 992 742 1057 docte,
772 1006 932 1060 quam
968 994 1277 1048 memoriter
1308 992 1497 1047 horum
1540 990 1776 1045 locorum

218 1095 315 1138 res
338 1085 579 1154 publicas
609 1093 663 1140 et
695 1087 951 1156 quidquid
978 1088 1031 1141 in
1061 1086 1147 1141 his
1170 1099 1279 1141 tum
1302 1086 1466 1150 bello,
1498 1094 1611 1140 tum
1644 1098 1779 1154 pace

216 1182 438 1242 gestum
463 1175 551 1240 sit,
578 1186 998 1242 commemoret,
1026 1178 1318 1243 describat,
1351 1182 1525 1237 notet.
1556 1175 1612 1230 id
1658 1173 1779 1244 qui-

217 1265 347 1319 dem
372 1265 512 1320 Ideo
558 1265 836 1335 ingeniose
871 1276 925 1322 et
975 1276 1248 1332 accurate,
1283 1277 1342 1321 ut
1388 1281 1477 1321 res
1511 1265 1642 1334 ipsa
1671 1278 1777 1319 non

217 1348 529 1427 descriptae,
567 1358 662 1414 sed
693 1356 761 1413 ab
791 1362 977 1415 eodem
1007 1360 1261 1415 institutae
1283 1368 1339 1413 et
1369 1367 1531 1427 gesta
1561 1355 1782 1411 videan-

223 1458 337 1504 tur.
368 1448 426 1503 In
474 1450 931 1506 consolationibus
965 1450 1133 1506 tribus
1149 1444 1285 1521 quas
1310 1449 1375 1504 ad
1400 1450 1777 1517 imperatorem

217 1526 872 1610 Constantinopolitanum
909 1543 959 1596 in
1012 1552 1184 1597 morte
1228 1541 1411 1595 uxoris
1456 1537 1681 1601 habuit,
1713 1537 1778 1590 ad

217 1620 583 1686 constantiam
614 1643 667 1687 et
694 1633 1066 1688 fortitudinem
1094 1632 1366 1689 hominem
1403 1631 1575 1700 ipsum
1610 1628 1780 1698 plurio

217 1722 329 1778 bus
363 1723 658 1780 rationibus
710 1735 946 1789 revocat,
991 1723 1167 1780 verbis
1209 1721 1543 1792 gravissimis
1572 1728 1625 1775 et
1658 1733 1782 1774 seu-

221 1816 412 1870 tentiis
442 1817 732 1872 ostendens
772 1818 847 1872 uil
873 1814 994 1871 nevi
1040 1817 1155 1886 ejus
1180 1812 1470 1883 .majestati
1520 1810 1782 1865 accidisse

217 1921 351 1963 cum
392 1923 536 1964 mors
567 1909 815 1964 omnibus
845 1908 915 1963 sit
955 1923 1059 1962 non
1094 1907 1214 1961 dico
1245 1918 1528 1959 commune
1558 1901 1780 1964 malum,

218 1998 321 2052 sed
357 2000 753 2067 receptaculum
794 2013 825 2052 a
874 1998 1049 2061 malis,
1090 1998 1135 2051 si
1187 1998 1324 2051 bene
1373 2010 1437 2049 ac
1475 1998 1782 2048 constanter

221 2093 392 2143 vitam
434 2093 750 2146 duxerimus
808 2091 1258 2160 quemadmodum
1307 2088 1545 2157 reginam
1609 2085 1779 2151 ipsam

222 2182 432 2237 vixisse
454 2184 712 2237 ostendit.
749 2181 1061 2237 Confutavit
1107 2180 1371 2235 acerrime
1404 2178 1553 2245 gravi
1581 2184 1633 2228 et
1694 2189 1784 2227 co-

218 2273 376 2342 piosa
404 2272 651 2325 oratione
677 2261 772 2325 eos
796 2270 888 2337 qui
922 2269 1263 2337 pertinaciter
1278 2266 1447 2320 nimis
1468 2269 1781 2318 asseverant

220 2365 431 2419 dictum
458 2363 584 2418 illud
604 2361 826 2416 Joannis
851 2361 916 2416 de
944 2359 1104 2414 Petro
1122 2397 1139 2424 ,
1175 2369 1193 2408 ι
1232 2357 1325 2411 Sic
1353 2371 1479 2412 eum
1508 2354 1627 2409 volo
1669 2368 1782 2407 ma-

222 2470 381 2518 nere,
409 2454 535 2524 quid
556 2455 621 2508 ad
649 2463 721 2521 te,
750 2472 771 2505 ι
805 2467 926 2509 cum
950 2451 1234 2506 dicendum
1254 2449 1348 2512 sit,
1373 2464 1394 2500 ι
1429 2448 1626 2504 Sieum
1661 2445 1781 2501 volo

222 2544 613 2613 manere,quid
641 2545 706 2599 ad
738 2545 827 2599 te?
857 2562 877 2595 ι
912 2542 1021 2599 lloc
1042 2550 1221 2597 autem
1243 2543 1433 2612 probat
1460 2549 1515 2595 et
1537 2539 1785 2595 doctissi.

222 2653 439 2693 morum
490 2638 765 2694 hominum
810 2638 1132 2691 auctoritate
1165 2643 1219 2690 et
1246 2633 1432 2690 Greca
1474 2633 1649 2687 littera
1680 2644 1783 2701 qua

218 2728 462 2786 Joannes
488 2729 832 2800 Evangelium
858 2729 1095 2795 scripsit,
1126 2740 1181 2783 et
1214 2727 1395 2782 Latina
1430 2726 1717 2793 locutione,
1746 2740 1784 2778 a

219 2838 336 2894 qua
370 2825 556 2892 modus
608 2823 697 2877 ille
739 2820 955 2876 dicendi
986 2821 1141 2889 longe
1190 2820 1467 2874 abhorret.
1497 2816 1605 2872 Sed
1655 2818 1789 2870 adeo

220 2916 449 2986 copiose
479 2915 532 2969 in
561 2914 928 2969 adversarium
962 2912 1155 2979 surgit,
1196 2908 1457 2975 Quirites,
1488 2917 1546 2960 ut
1581 2906 1784 2959 nullum

221 3008 399 3078 prope
420 3016 681 3069 erratum,
707 3012 802 3056 aut
847 3001 978 3054 vitio
1012 2999 1365 3068 interpretum
1411 2996 1783 3056 commissum,

220 3106 321 3151 aut
356 3095 679 3165 negligentia
710 3092 1075 3153 librariorum,
1113 3098 1207 3144 aut
1249 3088 1454 3143 incuria
1495 3088 1784 3157 legentium

219 3190 279 3244 in
310 3196 425 3244 tota
450 3186 729 3255 Scriptura
761 3198 919 3239 sacra
952 3184 1344 3255 prtetermittat.
1372 3181 1560 3252 Aperit
1580 3182 1780 3243 otnnia,

222 3281 488 3347 disputat,
544 3276 755 3341 refellit,
798 3277 977 3331 docet.
1018 3258 1220 3329 Eodem
1254 3260 1468 3329 dicendi
1498 3282 1554 3329 et
1605 3274 1790 3342 dispu-

222 3370 379 3426 tandi
412 3379 652 3425 torrente
694 3366 950 3437 Ephesini
988 3367 1231 3437 episcopi
1258 3366 1587 3438 opinionem,
1637 3379 1789 3420 asse-

226 3463 423 3527 rentis,
471 3460 733 3531 Spiritum
770 3470 1014 3517 sanctum
1048 3474 1080 3513 a
1111 3460 1275 3513 Patre
1305 3468 1508 3511 tantum
1546 3460 1784 3524 prodire,

219 3556 492 3611 acerrime
530 3552 800 3609 confutat.
854 3548 1039 3606 Sancti
1078 3548 1450 3614 Bessarionis,
1481 3547 1621 3600 unde
1672 3546 1789 3615 ipse

222 3660 428 3700 nosnen
473 3644 702 3711 accepit,
750 3641 939 3711 patria!
971 3640 1209 3708 parentis
1259 3652 1322 3691 ac
1357 3636 1589 3705 patroni,
1627 3634 1786 3688 vitam

224 3732 517 3801 diligenter
546 3746 609 3786 ac
637 3730 857 3798 copiose
897 3727 1131 3794 scripsit.
1175 3725 1357 3780 Sancti
1386 3724 1661 3780 Francisei
1689 3739 1785 3779 or-

226 3826 436 3888 dinem,
479 3824 635 3892 cujus
674 3829 932 3891 patronus
967 3819 1199 3873 habetur
1221 3860 1237 3884 ,
1268 3828 1576 3873 constanter
1606 3832 1670 3871 ac
1698 3832 1789 3872 sa-

222 3917 447 3986 pienter
470 3924 676 3968 tutatus
696 3922 800 3967 est.
833 3911 947 3967 Non
977 3921 1059 3967 est
1089 3926 1277 3980 passus
1309 3910 1615 3981 quempiam
1651 3911 1789 3965 bene

225 4011 299 4063 de
320 4020 520 4075 genere
546 4005 784 4059 humano
809 4004 1059 4059 meritum
1102 4002 1478 4058 maledicentia
1502 4014 1625 4074 post
1648 4018 1787 4056 mor-

224 4108 341 4165 tem
363 4097 611 4152 lacerari.
649 4093 802 4152 Unde
822 4097 1084 4155 acerrime
1110 4097 1166 4151 in
1196 4095 1633 4151 calunmiatorem
1664 4094 1787 4149 Pla-

224 4190 378 4255 tonis
413 4188 643 4259 insurgit
674 4202 739 4244 eo
783 4187 1057 4243 volumine
1094 4196 1148 4241 et
1180 4186 1398 4256 quidem
1434 4186 1618 4239 divino
1645 4186 1788 4253 quod

225 4297 404 4351 nuper
452 4296 646 4349 magna
702 4294 821 4333 cum
874 4290 1050 4332 vestra
1120 4278 1533 4344 exspectatione
1598 4275 1784 4329 edidit.

220 4371 403 4437 Quam
437 4372 618 4441 gravis
664 4370 736 4424 sit
768 4369 822 4421 in
868 4366 1154 4428 laudando,
1186 4365 1413 4419 acerbus
1456 4365 1510 4416 in
1544 4366 1787 4431 .vitupe-

226 4463 428 4524 rando,
448 4463 504 4514 in
527 4458 813 4515 sententiis
838 4465 1082 4524 argutus,
1110 4457 1164 4508 in
1195 4454 1507 4509 disserendo
1549 4453 1785 4516 subtilis,

225 4557 285 4607 in
313 4550 640 4604 confutando
675 4562 821 4611 acer,
870 4561 937 4601 ex
970 4547 1072 4600 hoc
1105 4545 1247 4600 libro
1286 4545 1666 4614 comprehendi
1695 4560 1789 4615 po-

226 4650 361 4703 test,
388 4642 443 4693 in
469 4654 577 4708 quo
602 4652 779 4693 rerum
805 4636 1041 4691 omnium
1062 4674 1079 4699 ,
1108 4634 1409 4690 divinarum
1442 4646 1497 4690 et
1527 4635 1786 4688 humana-

226 4746 377 4796 rum,
410 4730 630 4785 scientia
660 4739 913 4797 tanquam
944 4728 995 4781 in
1030 4727 1268 4781 sacrario
1295 4727 1530 4797 reposita
1557 4728 1785 4782 videtur.

232 4822 381 4876 Hinc
416 4832 497 4874 est
532 4828 681 4875 certe
710 4823 852 4888 quod
880 4819 1128 4872 hauriant
1164 4818 1430 4887 theologi,
1459 4819 1786 4888 philosophi,

230 4913 631 4977 mathematici,
680 4921 945 4971 oratores.
976 4910 1239 4965 dialectici
1284 4921 1338 4965 et
1375 4914 1600 4980 quodvis
1626 4928 1790 4983 genus

232 5005 519 5059 hominum
547 5002 783 5057 civilium
819 5016 887 5055 ac
926 5005 1311 5057 studiosorum.
1349 5002 1557 5057 Nullam
1588 5014 1786 5058 sectam

226 5094 678 5168 philos0phorut‘n
714 5072 1074 5160 praterinittit
1101 5107 1259 5159 quam
1297 5107 1401 5146 non
1433 5104 1580 5148 notet
1612 5108 1627 5146 :
1656 5095 1782 5161 quid

226 5186 465 5255 quisque
498 5183 718 5243 dixerit,
755 5182 895 5246 quod
952 5183 1162 5249 probari
1218 5182 1575 5251 improbarive
1596 5185 1793 5253 posset

224 5254 497 5329 ostendit:
520 5280 578 5324 ut
604 5271 1061 5345 Pythagoreorum
1086 5254 1303 5324 nimiam
1341 5272 1620 5339 pietatem,
1638 5272 1793 5341 Cyni-

226 5379 417 5419 corum
442 5363 827 5425 rusticitatem,
858 5359 1159 5415 Stoicorum
1189 5362 1557 5416 austeritatem
1595 5362 1787 5431 earpit,

229 5457 305 5512 ita
318 5452 801 5523 Peripateticorum
814 5463 867 5505 et
884 5461 1117 5505 veterum
1131 5452 1570 5507 Academicorum
1586 5452 1788 5507 medio-

225 5547 478 5604 eritatem
502 5544 923 5609 laudauextollit
942 5544 1305 5609 Aristotelem,
1329 5544 1597 5600 Platonem
1619 5545 1791 5616 philo-

298 5727 374 5800 (Ι)
407 5726 509 5780 llic
546 5723 693 5777 cnim
840 5724 1090 5779 debuisset
1118 5738 1223 5779 om.
1258 5723 1506 5782 Bzuvius.

1266 327 1411 391 PAN
1419 326 1796 390 EGYRIFUS
1835 324 2123 431 BFSSAR
2130 329 2358 395 IONIS.

3312 348 3437 391 ειιν

1882 445 2174 514 sophorum
2200 451 2500 522 principem
2520 450 2667 520 facit,
2693 466 2922 522 quocum
2949 454 3099 522 plum
3118 453 3441 510 Christianis

1885 543 2119 597 ostendit
2143 546 2429 600 convenire
2445 561 2605 616 quam
2624 560 2744 601 eum
2762 547 2944 617 aliquo
2964 548 3398 616 philosophorum
3420 565 3437 613 ;

1884 649 2061 704 neque
2089 638 2139 691 id
2177 638 2391 707 quidem
2446 638 2813 707 theologorum
2848 652 3158 696 nostrorum
3202 632 3435 696 auctori-

1885 732 1991 780 tate
2021 730 2395 785 tantummodo
2430 731 2621 799 probat
2646 770 2662 795 ,
2709 745 2895 787 verum
2925 732 3087 788 etiam
3129 732 3442 803 syllogismo

1882 824 1935 870 et
1966 819 2289 884 rationibus.
2348 822 2544 892 quibus
2591 821 2959 878 adversarium
3012 824 3084 877 ita
3118 823 3443 891 circumagit

1880 918 1936 965 et
1979 911 2239 997 opprimit
2291 921 2350 967 ut
2385 926 2556 983 neque
2579 928 2685 983 quo
2716 928 2775 969 se
2810 914 3037 993 recipiat
3082 914 3443 969 calumniator

1880 1001 2052 1056 divini
2109 1002 2353 1060 Platonis
2403 1004 2631 1070 haheat,
2694 1019 2872 1073 neque
2916 1004 3041 1074 quid
3096 1007 3438 1073 respondeat,

1879 1092 2104 1148 obrutus
2140 1096 2495 1163 argumentis,
2534 1096 2960 1153 satis'inveniat.
2993 1096 3145 1151 Huiic
3171 1096 3435 1165 siquidem

1885 1182 2301 1240 homuncionem
2322 1187 2404 1241 vir
2430 1187 2792 1256 amplissimus
2815 1190 2887 1243 ita
2914 1188 3182 1242 interdum
3203 1186 3435 1252 deridet,

1877 1281 2092 1328 servata
2120 1276 2386 1346 gravitate
2411 1277 2710 1350 dignitatis,
2742 1288 2802 1335 ut
2844 1279 2999 1335 fateri
3042 1287 3200 1349 cogat
3234 1293 3293 1334 se
3326 1293 3434 1333 non

1880 1364 2041 1419 modo
2064 1364 2398 1425 intellexisse
2416 1368 2657 1426 Platonis
2678 1380 2936 1437 mentem,
2967 1354 3122 1440 quem
3154 1368 3240 1425 hic
3262 1383 3435 1425 novus

1878 1454 2191 1512 Carneades
2243 1458 2527 1529 imperitiae
2556 1498 2573 1526 ,
2629 1462 3022 1536 turpitudinis,‘
3060 1462 3439 1518 inconstantia

1880 1547 2077 1614 arguit,
2108 1548 2201 1603 sed
2244 1564 2313 1605 ne
2347 1551 2543 1621 linguae
2589 1552 2804 1622 quidem
2830 1553 3032 1610 Graeca:
3060 1553 3438 1622 proprietatem

1883 1638 2137 1707 tenuisse,
2170 1654 2295 1699 cum
2326 1643 2442 1713 ipse
2474 1642 2692 1700 Graecus
2720 1644 2792 1699 sit
2814 1654 2870 1699 et
2885 1644 3132 1700 Platonis
3165 1645 3307 1714 leges
3331 1658 3438 1698 non

1885 1732 2105 1789 Latinas
2138 1733 2338 1801 facere,
2388 1734 2485 1791 sed
2536 1735 2831 1804 depravare
2853 1747 3098 1808 conatus,
3134 1734 3442 1805 philosophi

1881 1824 2179 1880 sententias
2198 1824 2524 1883 everteritet
2539 1824 2881 1881 obscuriores
2907 1812 3214 1881 reddiderit.
3231 1824 3441 1891 Quanta

1882 1917 2046 1971 fuerit
2060 1916 2221 1984 hujus
2242 1916 2495 1983 audacia,
2515 1915 2770 1982 Quirites.
2789 1917 3219 1982 animadvertite,
3234 1932 3442 1985 quaso.

1882 2007 1981 2063 Hic
2011 2008 2159 2063 enim
2193 2023 2255 2063 ac
2285 2008 2330 2063 si
2366 2009 2423 2062 in
2446 2007 2637 2078 quavis
2669 2008 2891 2062 scientia
2913 2049 2930 2074 ,
2959 2010 3202 2067 doctrina
3230 2019 3283 2062 et
3304 2009 3446 2062 anti-

1871 2097 2093 2166 quitate
2140 2098 2290 2152 solus
2325 2097 2516 2151 doctor
2563 2098 2804 2165 gentium
2856 2097 3146 2151 haberetur
3191 2106 3244 2149 et
3294 2097 3442 2155 solus

1885 2199 2221 2259 peragrasset
2234 2192 2421 2245 orbem
2440 2198 2706 2245 terrarum
2728 2190 2970 2245 discendi
2997 2204 3159 2242 causa
3186 2188 3441 2257 quidquid

1886 2278 2084 2346 ubique
2114 2292 2369 2332 arcanum
2397 2287 2451 2333 et
2474 2278 2809 2333 reconditum
2844 2288 2960 2344 est,
2989 2287 3044 2330 ut
3079 2278 3355 2331 Platonem
3385 2286 3445 2332 et

1880 2368 2237 2439 Pythagoram
2273 2368 2470 2424 iecisse
2516 2369 2915 2435 intelleximus,
2946 2369 3096 2423 solus
3120 2369 3173 2420 in
3215 2367 3455 2435 publicis,

1887 2460 2114 2530 Europa
2164 2463 2464 2533 gymnasiis
2528 2461 2743 2532 Gorgiae
2788 2460 3039 2516 Leontini
3084 2470 3142 2515 et
3190 2459 3442 2514 Archelai

1887 2569 2091 2610 morem
2123 2569 2154 2609 a
2200 2554 2423 2611 Socrate
2451 2553 2689 2610 derisum
2722 2564 3053 2623 usurpasset,
3092 2552 3444 2622 quaestionem

1890 2648 2099 2705 scilicet
2140 2650 2197 2705 in
2226 2659 2499 2705 conventu
2527 2657 2582 2703 et
2614 2662 2814 2702 corona
2864 2647 3138 2699 hominum
3190 2643 3443 2713 poscendi

1887 2749 1942 2795 et
1968 2742 2161 2811 jubere
2186 2742 2529 2809 dicere,un
2560 2739 2627 2793 de
2659 2753 2715 2791 re
2750 2739 2977 2804 quisque
3023 2736 3199 2800 w-llet,
3234 2734 3442 2797 audire,

1884 2844 1994 2883 non
2027 2845 2094 2884 eo
2140 2829 2460 2885 temeritatis
2491 2826 2735 2896 progredi
2772 2835 2933 2893 ;certe
2971 2825 3247 2878 debuisset
3276 2824 3351 2892 (Ι)
3388 2832 3447 2874 ιιι

1888 2921 2256 2975 doctissimum
2290 2919 2639 2974 Aristotelem
2668 2935 2787 2973 cum
2828 2918 3009 2972 divino
3057 2916 3297 2976 Platone,
3331 2916 3441 2965 dis-

1887 3010 2117 3076 eipulum
2146 3022 2362 3065 acutum
2380 3027 2499 3067 cum
2530 3012 2864 3071 atnplissimo
2887 3019 3209 3079 praeceptore
3235 3006 3447 3062 coiifer—

1888 3109 1971 3153 ret
1998 3114 2061 3153 ac
2086 3103 2469 3156 committeret.
2514 3099 2686 3169 Hujus
2731 3112 2912 3161 tamen,
2944 3100 3165 3155 audacia
3195 3100 3265 3153 nil
3288 3098 3446 3153 nobis

1888 3192 2079 3255 obfuit,
2112 3191 2372 3259 QuiriteS,
2396 3194 2878 3267 imovehementer
2919 3192 3119 3264 profuit
3148 3209 3162 3260 ;
3196 3204 3247 3244 et
3279 3192 3324 3247 si
3356 3189 3443 3244 cui

1890 3285 2014 3340 licet
2047 3297 2237 3353 optare
2264 3295 2322 3339 ut
2352 3286 2546 3354 aliquis
2576 3294 2781 3355 peccet,
2824 3286 2875 3338 id
2914 3295 3062 3341 certe
3108 3283 3261 3337 nobis
3308 3284 3444 3335 adeo

1888 3378 2139 3445 precibus
2161 3377 2557 3445 exposcendum
2602 3375 2722 3431 fuit.
2759 3376 2866 3430 llac
2897 3378 3039 3430 enim
3077 3360 3444 3443 indignatione

1890 3470 2196 3524 caucitalus
2228 3467 2536 3535 Bessarieu,
2573 3484 2787 3522 omnem
2826 3471 3063 3520 omnium
3099 3466 3447 3533 pltilosottlio-

1890 3575 2006 3612 ruut
2030 3562 2122 3628 qui
2157 3576 2391 3629 unquam
2424 3562 2571 3615 fuere
2597 3560 2916 3614 sententiam
2935 3558 3194 3627 ,explicat,
3222 3565 3274 3608 et
3303 3555 3447 3624 quod

1891 3651 2128 3703 maxime
2160 3653 2453 3718 optandum
2478 3659 2614 3711 erat,
2652 3632 2950 3702 doctrinam
2976 3658 3028 3699 et
3064 3655 3295 3699 ruentem
3323 3642 3447 3696 Pla-

1891 3744 2054 3804 tonis,
2100 3757 2130 3794 a
2169 3742 2383 3795 nemine
2419 3740 2531 3794 fere
2571 3740 2846 3808 juniorum
2884 3740 3177 3808 cognitam,
3211 3737 3449 3806 explicat

1890 3844 1947 3889 et
1979 3834 2171 3903 aperit,
2203 3844 2261 3887 ut
2291 3830 2548 3901 perfacile
2578 3838 2858 3899 apparent,
2887 3844 3075 3883 omnes
3118 3838 3292 3884 scctas
3326 3843 3447 3897 qua:

1892 3908 2083 3997 sanum
2116 3922 2318 3997 aliquid
2345 3935 2537 3991 sapere
2561 3920 2832 3983 videntur,
2859 3917 2924 3971 ab
2946 3918 3061 3986 ipso
3096 3916 3314 3972 Platone
3331 3927 3449 3971 tau-

1888 4000 2051 4085 quam
2082 3996 2304 4083 perenni
2330 4023 2384 4067 et
2414 4011 2687 4065 uberrimo
2715 4008 2861 4062 fonte
2893 4022 3130 4061 manare.

1960 4102 2055 4159 His
2084 4104 2266 4168 rebus,
2299 4117 2418 4170 quae
2447 4099 2778 4168 gravissime
2811 4108 2937 4151 sunt
2972 4106 3025 4148 et
3064 4106 3231 4147 totum
3268 4093 3441 4147 homi-

1890 4210 2009 4250 nem
2054 4208 2223 4262 prOpe
2278 4193 2592 4260 requirunt,
2642 4189 2879 4240 intentos
2916 4200 3012 4253 pro
3048 4193 3285 4251 tenipore
3316 4184 3444 4237 lies-

1886 4285 2096 4347 aarion,
2135 4284 2208 4336 nil
2246 4292 2424 4335 tamen
2468 4294 2702 4347 unquam
2728 4278 2910 4331 omisit
2934 4278 3075 4345 quod
3120 4277 3184 4329 ad
3208 4274 3443 4329 officiunt

1886 4368 2252 4423 cardinulatus
2300 4367 2614 4437 pertineret.
2648 4363 2777 4418 Rem
2824 4365 3057 4416 divinam
3098 4375 3151 4416 et
3195 4362 3337 4414 domi
3387 4372 3440 4416 et

1889 4461 2025 4515 foris
2048 4474 2321 4527 nunquam
2355 4456 2662 4514 intermittit
2693 4470 2709 4509 :
2739 4466 2985 4509 senatum
3019 4453 3341 4518 frequentat,
3389 4452 3442 4506 in

1888 4566 1993 4620 quo
2036 4550 2310 4605 secundus
2366 4564 2395 4602 a
2426 4546 2678 4617 pontiﬁce
2727 4546 2973 4601 habetur.
3006 4544 3337 4598 Sententiam
3390 4544 3441 4595 iu

1888 4641 2385 4698 consultationibus
2410 4641 2643 4711 graviter
2686 4648 2739 4691 et
2766 4649 3081 4693 constanter
3117 4635 3441 4705 erepublica

1866 4736 2201 4791 ‘Christiana
2234 4742 2417 4788 tuetur
2444 4749 2461 4799 ;
2508 4729 2794 4787 clientibus
2824 4739 2877 4783 et
2925 4729 3272 4783 familiaribus
3306 4728 3441 4795 apud

1892 4826 2202 4897 pontificem
2224 4825 2578 4893 patrocinium
2608 4838 2759 4877 suum
2781 4826 3025 4889 praestat;
3046 4821 3442 4873 circumventos

1895 4918 2159 4970 malorum
2192 4914 2420 4969 fallaciis
2448 4914 2695 4979 adjuvat;
2732 4913 2903 4987 bonos
2932 4922 2987 4963 ct
3027 4912 3209 4961 doctos
3243 4910 3304 4961 ad
3334 4926 3443 4960 nie—

1893 5010 2079 5061 liorem
2109 5008 2382 5061 fortunam
2416 5018 2463 5057 et
2515 5003 2874 5056 honestiorem
2910 5000 3180 5069 dignitatis
3219 4999 3436 5066 gradum

1893 5098 2454 5152 commendationibus
2485 5096 2596 5150 suis
2624 5093 2961 5163 gravissimis
3006 5105 3068 5144 ac
3093 5090 3318 5159 propriis
3356 5091 3440 5139 fn-

1891 5194 2183 5245 cultatibus
2234 5189 2499 5244 interdum
2550 5186 2742 5251 erigit,
2777 5184 3029 5236 familiam
3078 5183 3219 5235 dmni
3252 5183 3343 5233 alit
3390 5184 3439 5231 in

1896 5291 2123 5348 utraque
2142 5280 2322 5347 lingua
2351 5275 2775 5331 eruditissimam
2814 5282 2868 5327 et
2894 5273 2945 5326 in
2973 5274 3160 5341 quavis
3190 5270 3441 5347 facultate

1892 5370 2285 5444 doetissintam.
2323 5366 2496 5423 Vestri
2550 5367 2622 5420 illi
2670 5366 2905 5434 majores
2932 5404 2947 5430 ,
2986 5363 3239 5427 Quirites,
3296 5348 3441 5409 virus

1893 5461 2238 5517 demissiones
2256 5460 2313 5526 in
2344 5459 2756 5515 contubernium
2787 5472 2937 5512 suum
2976 5449 3299 5518 recipiebant
3354 5450 3442 5500 di-

1892 5554 2073 5610 scendi
2103 5561 2157 5617 et
2182 5550 2595 5623 philosophandi
2620 5564 2806 5613 causa,
2842 5558 2896 5601 ut
2927 5544 3107 5613 Scipio
3131 5540 3441 5607 Africanus,
