4138 6328
740 277 845 321 CXV

744 374 977 429 Ennium
1003 381 1241 442 poetam,
1257 371 1537 427 Panetium
1570 371 1966 441 pltilosopnum,
2018 371 2291 441 Polybium

745 468 1100 531 historicum;
1138 465 1358 528 Luculli,
1394 464 1625 518 Catones
1656 472 1708 517 'et
1733 462 2003 518 Hortensii
2043 465 2293 517 Arcltiaut

748 567 957 622 poetam
987 573 1001 619 ;
1036 558 1324 609 Cicerones
1374 555 1688 623 Cratippum
1738 554 2114 622 philosophum
2145 570 2160 617 ;
2191 554 2291 606 Cu.

746 650 1032 715 Pompeius
1091 648 1333 700 Lenaeum
1405 648 1698 721 libertum;
1764 651 2037 716 Augustus
2095 647 2291 710 Caesar,

745 739 1078 803 Apollonium
1110 735 1517 805 Pergamenum.
1552 736 1747 791 Multos
1782 738 1869 805 qui
1904 738 1953 789 id
1981 736 2160 790 fecere
2185 750 2293 789 non

746 831 809 881 de
850 829 1106 881 Romanis
1141 838 1363 891 tantum,
1393 829 1486 881 sed
1520 829 1678 881 etiam
1711 829 1776 880 de
1798 829 2039 883 externis
2062 843 2299 883 comme-

746 935 953 971 morare
1004 934 1237 987 possem.
1296 921 1417 973 Haec
1442 930 1627 972 tamen
1669 920 1739 974 sit
1793 920 2123 975 Bessarionis
2156 935 2294 988 prte-

745 1012 893 1075 cipna
928 1011 1040 1061 laus
1070 1012 1207 1077 quod
1236 1025 1362 1062 suos
1388 1026 1488 1062 non
1521 1011 1775 1076 religione
1800 1019 2009 1064 tantum
2040 1020 2094 1062 et
2123 1011 2291 1063 mori-

745 1106 839 1151 bus
894 1103 958 1153 ad
1007 1103 1139 1154 lictte
1200 1102 1481 1154 vivendum
1553 1102 1822 1164 instituit,
1887 1115 2069 1153 verum
2129 1101 2291 1153 etiam

746 1192 1064 1254 litteratura,
1096 1193 1423 1254 eruditione,
1471 1192 1711 1245 doctrina
1768 1192 1840 1243 ita
1881 1191 2112 1253 imbuit,
2146 1191 2234 1243 ubi
2263 1206 2292 1243 a

748 1282 978 1348 negotiis
1030 1282 1260 1347 publicis
1312 1292 1485 1343 vacat,
1542 1294 1595 1335 ut
1652 1283 1812 1346 idem,
1845 1284 2290 1349 quemadmodum

745 1374 977 1437 quotidie
1002 1372 1293 1433 cernimus,
1326 1372 1476 1424 multi
1508 1384 1559 1424 et
1601 1372 1811 1437 quidem
1850 1370 1993 1425 docti
2031 1384 2289 1440 tanquam

746 1476 807 1515 ex
832 1478 968 1529 equo
995 1461 1229 1529 Trojano
1246 1462 1325 1527 (ut
1344 1463 1407 1513 de
1445 1462 1678 1515 Isocrate
1708 1462 1783 1515 ait
1803 1461 2012 1530 Cicero)
2042 1462 2294 1514 continue

747 1552 1026 1616 prodeant,
1068 1563 1129 1601 ac
1154 1546 1333 1615 plures
1364 1562 1527 1614 prepe
1550 1564 1709 1616 quam
1733 1563 1799 1601 ex
1826 1547 2026 1615 reliqua
2055 1548 2291 1602 Romana

747 1640 916 1693 curia.
949 1637 1088 1703 Quid
1136 1638 1287 1691 deest
1335 1637 1550 1691 Nicolao
1605 1638 1855 1701 Perotlo,
1894 1639 2296 1709 archiepiscopo

751 1729 1055 1797 Sipontino,
1088 1730 1230 1796 quod
1286 1730 1352 1781 ad
1412 1742 1590 1783 mores
1635 1739 1689 1783 et
1745 1729 2041 1783 doctrinam
2092 1728 2300 1783 faciat?

752 1821 945 1875 Gravis
980 1836 1075 1889 pro
1106 1819 1385 1888 dignitate,
1406 1821 1583 1893 comis
1612 1830 1666 1897 et
1700 1821 1986 1885 humanus,
2014 1820 2203 1874 seribit
2234 1835 2297 1875 ac

749 1913 875 1964 dicit
904 1913 1172 1980 eleganter
1200 1920 1253 1964 ct
1300 1912 1559 1977 copiose;
1610 1911 1702 1965 sed
1743 1912 1835 1979 qui
1893 1910 2075 1966 Graaca
2110 1911 2297 1966 Latina

750 2003 948 2057 faceret
999 2016 1157 2056 nemo
1219 2003 1395 2054 adhuc
1455 2008 1609 2055 suate
1662 2011 1841 2055 nostra
1897 2004 2144 2055 inventus
2193 2011 2294 2058 est.

750 2092 958 2157 Qttatila
991 2094 1061 2147 sit
1098 2092 1369 2146 Theodori
1387 2091 1561 2157 Gazfe,
1586 2092 1682 2145 vit’t
1721 2093 1931 2160 Optimi,
1964 2091 2209 2149 doctrina
2242 2102 2297 2147 et

753 2183 1003 2245 m'tulitio,
1024 2194 1133 2235 tum
1165 2182 1348 2236 Grmca
1381 2192 1491 2235 tum
1511 2182 1803 2245 Latina,ex
1831 2183 1930 2235 hoc
1960 2183 2040 2235 vel
2064 2184 2297 2237 maxime

747 2272 1066 2339 deprehendi
1114 2282 1293 2341 potest
1334 2274 1476 2341 quod
1529 2288 1717 2326 omnes
1772 2274 2034 2327 bonarum
2096 2275 2292 2329 artiutn

749 2365 971 2416 studiosi
1020 2367 1083 2415 dc
1109 2364 1286 2432 aliqua
1334 2379 1392 2416 re
1422 2366 1753 2433 ambigentes
1802 2366 1946 2418 hunc
1977 2367 2176 2419 adeunt
2227 2382 2293 2421 ex

753 2463 863 2503 tota
892 2453 1199 2504 civitate-ut
1238 2454 1512 2505 oraculum
1576 2453 1739 2505 totius
1773 2455 2087 2509 eruditionis
2120 2470 2183 2508 ac
2216 2457 2265 2508 di

751 2541 1003 2609 st-iplinaz.
1033 2540 1148 2605 ilic,
1170 2543 1280 2609 etsi
1318 2541 1532 2594 Cttecus
1566 2543 1653 2605 sit,
1684 2543 1750 2593 ita
1780 2541 1968 2597 Latine
2000 2545 2207 2610 scribit,
2237 2555 2296 2597 ut

753 2631 950 2685 nullam
976 2630 1197 2700 hospitis
1229 2632 1579 2700 specietnpm:
1601 2648 1658 2685 se
1684 2634 1839 2685 ferat.
1873 2633 1988 2688 Non
2019 2640 2102 2688 est
2134 2635 2297 2691 omit-

753 2728 941 2776 tendus
987 2722 1216 2777 Joannes
1263 2722 1477 2788 Gattus,
1533 2718 1810 2793 theologus
1841 2724 2298 2793 philosophusque

752 2814 1001 2882 insignis;
1031 2828 1137 2867 non
1177 2814 1413 2867 Valerius
1446 2814 1817 2877 Viterbiensis,
1842 2816 2141 2870 eruditione
2171 2831 2294 2870 cum

753 2907 935 2972 quovis
976 2905 1175 2971 Optimo
1221 2906 1400 2957 aetatis
1425 2914 1618 2958 nostra:
1648 2905 1857 2960 medico
1894 2906 2295 2972 conferendus;

752 3010 855 3044 nun
884 2992 1241 3055 Andronicus,
1271 2990 1453 3045 Gmca
1504 3002 1556 3045 et
1600 2993 1790 3045 Latina
1844 2992 2024 3063 lingua
2055 2995 2298 3063 apprime

753 3085 1013 3136 eruditus.
1071 3082 1207 3135 Sunt
1236 3083 1368 3135 etin
1409 3083 1527 3149 ejus
1554 3084 1906 3136 contubernio
1939 3084 2029 3151 qui
2083 3085 2300 3150 pontifi-

754 3174 893 3225 cium
928 3189 989 3225 ac
1028 3172 1183 3225 civile
1218 3173 1309 3241 jus
1339 3174 1536 3242 quique
1581 3175 1958 3227 mathematica
1991 3176 2193 3242 optime
2228 3184 2303 3227 te-

756 3274 936 3315 neant.
970 3263 1383 3331 Subsequuntur
1418 3274 1471 3316 et
1514 3265 1736 3329 iuvenes
1781 3264 1993 3332 quidam
2025 3265 2117 3333 qui
2171 3265 2302 3317 vali—

757 3354 935 3407 diores
983 3354 1133 3419 l'acti,
1181 3362 1433 3419 tanquam
1470 3353 1717 3421 generosi
1747 3353 1879 3421 pulli
1911 3362 1965 3406 et
1994 3366 2061 3407 ex
2104 3355 2303 3422 optima

758 3446 908 3515 prole
968 3444 1188 3511 sumpti,
1220 3459 1325 3498 non
1355 3430 1537 3497 tubam
1585 3454 1676 3498 aut
1720 3458 2031 3513 campanam
2062 3446 2308 3501 reformi-

758 3539 982 3594 dabunt.
1012 3538 1078 3593 lli
1101 3537 1307 3592 fructus
1331 3536 1903 3606 oboriunturundique
1930 3537 2302 3594 adubertatetn

760 3642 865 3681 non
907 3629 1067 3682 unius
1108 3627 1361 3693 civitatis,
1412 3630 1508 3681 Sed
1554 3630 1716 3682 totius
1767 3626 2077 3696 provinciae,
2102 3612 2304 3684 Bessa-

760 3717 926 3771 riouis
955 3735 1116 3787 opera
1152 3728 1208 3771 et
1241 3719 1509 3785 impensa,
1539 3719 1629 3784 qui
1661 3734 1768 3773 non
1798 3733 1903 3772 una
1927 3720 1979 3773 in
2012 3736 2071 3774 re
2098 3730 2301 3775 tantum

760 3805 1168 3861 liberalissimas
1206 3824 1396 3860 manus
1418 3848 1432 3870 ,
1466 3810 1563 3863 sed
1603 3810 1658 3862 in
1693 3810 1933 3876 pluribus
1974 3811 2304 3866 circumfert.

763 3896 1044 3950 Mzseratus
1071 3898 1375 3951 Graecorum
1408 3899 1765 3952 calamitatem
1788 3939 1805 3962 ,
1840 3898 2006 3953 multa
2026 3884 2308 3956 nummum

764 3988 876 4041 tnill
900 4003 1239 4045 aaureorum
1271 4002 1373 4058 pro
1397 3988 1743 4059 redimendis
1762 3988 1989 4057 Captivis
2011 3992 2267 4060 expendit
2290 4009 2306 4058 ;

1511 263 1721 325 ΒΑΡΤ.
1765 264 2114 326 PLATIN/E
2136 266 2678 337 ,PANEGYBICUS
2710 267 3217 333 BESSARIONIS.

3831 279 3947 321 ειιι

2394 376 2600 444 puellas
2631 376 2822 429 multas
2849 376 3329 446 inopiaparentum
3354 379 3545 433 marito
3575 393 3821 435 carentes
3839 396 3946 435 acre

2397 466 2613 533 proprio
2651 466 2775 519 dote
2818 465 2958 519 facta
2991 469 3176 533 nuptui
3218 468 3464 522 collocat.
3499 468 3687 540 Inopes
3717 480 3772 523 et
3810 471 3950 523 vale-

2396 555 2697 609 tudinarius
2722 555 2978 610 continuo
3004 555 3157 622 juvat
3179 571 3195 620 ;
3219 554 3358 611 mdes
3392 572 3573 610 sacras
3601 568 3690 610 aut
3722 558 3949 612 instituit

2397 654 2487 721 aut
2519 645 2781 710 collapsas
2811 652 3069 699 vetustate
3098 644 3286 709 reiicit,
3308 644 3447 711 quod
3472 645 3665 721 indicat
3693 646 3947 716 templum

2396 718 2758 800 apostolorum
2788 734 2838 786 in
2868 732 3034 796 Urbe,
3077 734 3163 787 ubi
3194 734 3448 790 sacellum
3475 733 3577 787 sibi
3606 718 3864 799 condidit,
3897 750 3949 790 et

2394 838 2643 888 secessus
2689 822 2901 891 Cryptae
2946 822 3184 879 Ferrata
3239 825 3410 880 beata:
3456 823 3659 895 Virgini
3712 825 3945 881 dicatus.

2394 902 2622 968 Domum
2644 929 2856 993 quoque
2877 914 2979 968 sibi
3010 917 3221 984 paravit
3257 917 3327 970 ita
3366 914 3612 987 dignitati
3635 924 3686 970 et
3717 915 3945 969 faculta-

2396 1008 2538 1062 tibus
2558 1002 2963 1089 congruentem,
2982 1018 3038 1061 ut
3060 1023 3229 1076 neque
3255 1000 3450 1062 melius
3462 1008 3750 1077 quisquam
3776 1022 3947 1076 neque

2396 1086 2692 1152 modestius
2737 1098 2788 1150 in
2825 1086 2967 1169 Urbe
3008 1100 3231 1155 habitet.
3278 1100 3608 1155 Accedent“
3644 1110 3697 1153 et
3728 1097 3945 1166 quidem

2392 1189 2709 1259 frequenter
2740 1166 2972 1245 libenter
3002 1193 3234 1247 admittit
3270 1208 3284 1242 :
3316 1193 3462 1246 audit
3484 1200 3536 1246 et
3563 1192 3701 1261 quod
3733 1190 3847 1244 ﬁeri
3881 1190 3948 1243 ab

2391 1296 2457 1335 eo
2512 1282 2803 1334 amicorum
2855 1295 3015 1336 causa
3068 1291 3257 1351 potest,
3313 1282 3587 1336 doctorum
3650 1281 3949 1351 praesertim

2394 1386 2618 1439 quorum
2651 1381 2906 1457 patrotius
2938 1380 3041 1433 est,
3089 1372 3141 1425 id
3190 1386 3249 1425 se
3299 1372 3534 1427 libenter
3568 1371 3834 1427 facturum
3868 1383 3953 1423 re.

2395 1462 2675 1530 promittit.
2702 1461 2797 1515 His
2823 1458 2945 1515 vero
2979 1463 3043 1515 de
3068 1477 3166 1516 suo
3184 1460 3448 1518 interdum
3484 1463 3666 1527 donat,
3685 1470 3950 1535 quantum

2397 1552 2444 1604 ei
2519 1566 2613 1619 per
2666 1549 2993 1604 domesticas
3036 1552 3308 1619 impensas
3360 1552 3505 1607 licet.
3563 1537 3950 1607 Bibliotltecam

2398 1638 2657 1702 Gramam,
2676 1638 2889 1706 triginta
2913 1639 3145 1694 millibus
3173 1655 3512 1707 nummorum
3537 1638 3823 1695 aureorum
3840 1653 3954 1693 em-

2385 1738 2540 1801 ptam
2567 1732 2802 1786 Venetiis
2819 1732 3104 1796 exstruxit,
3124 1748 3190 1786 ne
3210 1733 3428 1788 omnino
3450 1734 3743 1787 litteratura
3769 1726 3955 1787 Gt’aeca

2400 1821 2669 1876 deﬁceret.
2703 1818 2851 1873 Vidit
2882 1822 3023 1874 enim
3057 1836 3174 1875 eam
3208 1821 3391 1875 urbem
3438 1832 3655 1890 propter
3704 1823 3958 1877 vicinita-

2398 1922 2576 1966 temet
2613 1911 3000 1981 navigationem
3030 1910 3233 1966 Gracia
3273 1927 3303 1965 a
3332 1913 3574 1967 barbaris
3600 1914 3807 1965 vexatis
3841 1927 3959 1965 esse

2399 2002 2853 2069 pereommodam.
2885 2000 3111 2055 Omabit
3141 2010 3196 2054 et
3224 1999 3362 2054 hanc
3406 2007 3635 2052 vestram
3685 1999 3959 2052 civitatem

2397 2090 2587 2144 Latina
2661 2090 3017 2161 supellectile,
3073 2090 3118 2145 si
3179 2090 3227 2145 ei
3293 2087 3599 2158 aliquandiu
3657 2088 3841 2143 vivere
3901 2088 3965 2141 li-

2396 2183 2586 2235 out-rit.
2842 2230 2843 2235 η

2465 2271 2620 2327 Hunc
2650 2273 2829 2339 itaque
2858 2270 3152 2337 hominem,
3178 2268 3445 2345 Quirites,
3462 2264 3553 2338 qui
3579 2268 3647 2323 ob
3671 2282 3824 2324 suam
3859 2268 3969 2321 sin-

2397 2362 2637 2433 gularem
2668 2356 3010 2431 sapientiam,
3053 2361 3435 2426 constantiam,
3468 2360 3647 2426 ﬁdem,
3683 2358 3967 2425 pietatem,

2397 2450 2788 2513 fortitudinem,
2830 2449 3244 2514 humanitatem,
3281 2451 3528 2519 gratiam,
3576 2446 3966 2508 eruditionem,

2398 2538 2693 2593 doctrinam
2728 2538 2851 2592 facit
2897 2540 3190 2607 quominus
3231 2538 3505 2603 Socrates,
3548 2537 3820 2600 Platones,
3851 2537 3971 2590 Ari-

2399 2630 2640 2694 stoteles,
2684 2627 2918 2692 Graecos,
2980 2626 3201 2692 Numas,
3257 2626 3546 2694 Varrones,
3581 2627 3795 2689 Brutos,
3843 2626 3973 2680 Sul-

2400 2722 2581 2790 pitios,
2614 2719 2851 2774 Catones
2873 2728 3082 2773 vestros
3123 2716 3465 2781 desideretis,
3516 2716 3679 2779 hunc,
3721 2717 3968 2784 inquam,

2364 2858 2375 2859 η
2402 2812 2639 2868 omnium
2688 2809 2965 2865 hominem
3012 2810 3149 2864 bene
3178 2809 3242 2862 de
3283 2809 3483 2876 optimo
3531 2819 3743 2876 quoque
3796 2814 3853 2858 et
3890 2806 3973 2858 itt-

2404 2902 2615 2959 dustrio
2665 2902 2941 2966 meritum,
2965 2899 3146 2964 colite,
3179 2892 3463 2955 obseriate
3496 2910 3564 2950 ac
3592 2890 3974 2963 frequentibus

2403 2993 2655 3048 laudibus
2674 2987 2964 3046 celebrate.
2983 2987 3109 3053 ,Hac
3129 2986 3333 3041 ratione
3354 2986 3522 3061 (tanta
3554 2994 3632 3039 est
3674 2984 3976 3037 auctoritas

2405 3083 2602 3150 vestra)
2635 3093 2689 3137 et
2720 3083 2984 3137 bonorum
3011 3080 3221 3153 ingenia
3249 3079 3315 3133 ad
3349 3079 3598 3132 virtutem
3628 3071 3966 3138 excitabitis,

2407 3174 2679 3242 proposita
2735 3172 2901 3238 gloria
2958 3172 3159 3241 optima
3218 3170 3286 3224 ad
3345 3168 3658 3223 excitandos
3721 3166 3979 3221 homines

2410 3262 2677 3326 calcaria;
2712 3270 2765 3315 et
2800 3259 2973 3315 malos
3000 3275 3029 3312 a
3056 3261 3188 3313 vitio
3212 3258 3573 3320 deterrebitis,
3597 3272 3716 3311 cum
3752 3271 3785 3308 a
3819 3254 3978 3309 vobis

2416 3351 2721 3423 posthabcri
2759 3360 2853 3404 aut
2891 3349 3065 3403 notari
3105 3350 3398 3418 ﬂagitiosos
3436 3347 3713 3400 dedecoris
3741 3360 3811 3399 ac
3858 3356 3977 3399 tur-

2409 3445 2664 3515 pitudinis
2695 3450 2818 3499 nuta
2847 3441 3116 3497 videbunt.
3179 3439 3289 3510 Ego
3341 3454 3467 3493 vero
3520 3436 3785 3507 maximas
3823 3437 3980 3489 vobis

2410 3537 2609 3608 gratias
2633 3548 2731 3605 ago
2754 3533 2893 3604 quod
2929 3548 3013 3588 me
3038 3531 3221 3585 audire
3244 3530 3433 3599 quovis
3466 3529 3623 3582 modo
3653 3519 3975 3594 loquentem

2410 3628 2724 3691 volueritis;
2751 3626 2979 3696 majores
3010 3635 3186 3679 tamen
3227 3623 3505 3676 habiturus
3552 3621 3596 3674 si
3626 3634 3720 3673 vos
3753 3634 3978 3685 quoque

2411 3721 2805 3783 Bessariouem,
2871 3718 3083 3772 Patrem
3132 3714 3548 3784 amplissimum,
3596 3711 3793 3781 quovis
3839 3727 3979 3780 pm:-

2413 3813 2568 3865 couio
2589 3811 2830 3880 dignum,
2855 3809 3115 3863 laudibus
3127 3807 3321 3862 vestris
3340 3802 3810 3875 Quatgravtssium
3824 3809 3976 3862 sunt,

2414 3898 2835 3954 celebraveritis.
