4138 6328
1652 170 1685 257 l

177 338 297 377 Cl"!

795 330 1301 395 BESSARIONIS
1342 336 1532 397 ACTA
1572 337 1655 397 IN
1694 340 2135 403 LEGATIONE
2164 339 2661 405 BONONIENSI.

3192 359 3359 403 ανιη

176 476 3358 517 ________________________________________________

473 990 956 1081 SANCTIE
1035 992 1565 1087 ROMAN/E
1640 956 2241 1094 ECCLESIIE
2279 950 3031 1133 TCARD'INAtLts

1224 1211 1598 1325 ACTA
1682 1211 2309 1334 SELECTA
2752 1224 2759 1317 ;
2866 1140 2869 1143 ’
2991 1152 2995 1156 ’

172 1432 173 1435 ‘
248 1400 255 1405 “
317 1430 497 1502 otia
541 1433 647 1495 AD
704 1432 895 1496 EJUS
938 1433 1438 1498 LEGATIONEM
1477 1438 1580 1500 ΙΝ-
1621 1440 1798 1501 URB]

1802 1441 1831 1500 Ε
1866 1441 2208 1503 BONONIA
2243 1444 2719 1511 EXARCHATU
2757 1452 3159 1521 RAVENNIE.

949 1527 1045 1587 ET
1074 1527 1600 1593 ROMANDIOLE
1636 1533 2045 1596 PROVINCIA
2075 1538 2537 1612 PERTINENT,

1087 1662 1138 1767 Ε
1178 1678 1291 1723 ms.
1322 1664 1541 1728 codice
1568 1663 1864 1727 Vaticano
1904 1667 2275 1753 deprompta
2309 1670 2419 1750 (a).

900 1966 942 2022 Ι.

223 2060 530 2123 Betui-ton,
562 2061 904 2116 miseratione
922 2058 1102 2113 divina
1120 2058 1411 2127 episcopus
1440 2058 1704 2114 Tuscula-

162 2166 272 2214 nus,
295 2148 439 2203 8.3.
474 2128 731 2205 Ecclesia:
754 2150 1062 2214 cardinalis,
1103 2150 1155 2203 in
1190 2151 1404 2206 civitate
1453 2151 1704 2204 Bononia

157 2240 549 2307 enrcliatuque
581 2238 892 2292 Ravennate
940 2248 992 2291 et
1025 2237 1390 2293 Romandiola
1427 2240 1702 2307 provincia

163 2330 458 2398 apostolica
504 2330 650 2384 sedis
684 2329 889 2397 legatus
915 2329 982 2381 de
1006 2329 1202 2401 latere,
1231 2328 1427 2384 dilecto
1456 2328 1565 2382 tilio
1613 2342 1702 2382 ar-

160 2422 558 2492 chipresbytero
596 2421 839 2477 ecclesia
882 2420 1175 2489 collegiata
1224 2422 1391 2473 sancti
1458 2419 1701 2474 Damiani

162 2514 536 2569 Saxenatensis
560 2513 810 2569 dicecesis
839 2512 1061 2566 salutem
1086 2511 1139 2564 in
1174 2511 1399 2565 Domino
1423 2512 1705 2580 sempiter-

158 2620 291 2658 nam.
630 2619 636 2624 ’

220 2694 292 2750 Ex
315 2696 560 2765 injuncto
582 2696 737 2751 nobis
759 2695 1043 2764 legationis
1063 2709 1306 2760 munere,
1327 2706 1488 2763 prout
1506 2695 1707 2751 decens

157 2796 207 2840 et
262 2801 558 2856 congruum
606 2796 709 2850 est,
751 2787 815 2839 ad
857 2800 917 2838 ea
952 2786 1182 2839 libenter
1233 2786 1560 2840 intendimus
1611 2800 1708 2854 per

164 2891 272 2939 qua
306 2876 507 2946 inopia
544 2875 917 2943 ecclesiarum,
967 2877 1258 2941 prasertim
1290 2878 1705 2939 catliedralium,

155 2944 475 3034 illarumque
500 2944 801 3019 antistitum
853 2964 1265 3020 necessitatibus
1295 2967 1362 3021 de
1400 2967 1709 3020 ευῠνριιιῐορ

162 3059 240 3113 nis
290 3058 495 3127 auxilio
527 3054 871 3124 provideatur
897 3064 1221 3123 opportuno,
1255 3063 1312 3109 ut
1346 3071 1535 3119 onera,
1577 3056 1707 3122 ipsis

158 3148 219 3201 ad
236 3162 423 3202 eorum
460 3155 658 3200 statum
702 3147 954 3200 decenter
987 3148 1279 3201 tenendum
1314 3146 1700 3213 incumbentis,

153 3236 360 3292 fscilius
380 3246 701 3307 supportare
721 3237 949 3290 valeant.
969 3236 1111 3291 Sane
1138 3253 1232 3306 pro
1252 3247 1401 3303 parte
1428 3238 1703 3291 reverendi

153 3328 202 3383 in
229 3331 449 3385 Christo
475 3328 652 3384 Patris
679 3328 884 3383 domini
936 3327 1161 3382 Mariani
1191 3328 1429 3405 episcopi
1460 3329 1704 3381 Saxena.

154 3422 316 3476 tensis
346 3422 538 3489 petitio
571 3434 747 3489 nuper
781 3418 938 3475 nobis
981 3419 1157 3473 oblata
1210 3416 1533 3479 continebat,
1559 3417 1700 3481 quod

150 3509 261 3578 ejus
280 3510 527 3567 Ecclesia
553 3512 960 3570 Saxenatensis,
980 3511 1063 3562 cui
1095 3522 1328 3575 praesse
1344 3508 1699 3573 dignoscitur,

154 3599 305 3661 fuerit
343 3611 397 3654 et
424 3601 495 3653 sit
522 3600 573 3651 in
602 3598 800 3650 annuis
818 3595 1073 3662 reditibus
1094 3595 1167 3646 ita
1211 3595 1384 3647 tenuis
1427 3604 1499 3645 et‘
1524 3595 1698 3655 exilis,

154 3691 286 3756 quod
342 3690 467 3757 ipse
520 3687 741 3741 minime
771 3686 944 3737 valeat
1003 3684 1305 3739 secundum
1349 3685 1701 3739 condecentia

152 3786 315 3832 spius
337 3780 422 3831 sui
446 3792 503 3831 se
522 3785 573 3830 et
596 3776 699 3830 sibi
722 3775 1019 3829 servientes
1040 3777 1321 3829 commode
1338 3774 1699 3829 substentare.

151 3866 385 3933 Cumque
415 3865 470 3918 in
502 3865 721 3921 dioecesi
746 3864 863 3932 ejus
895 3864 963 3917 sit
982 3863 1233 3930 ecclesia,
1260 3878 1353 3918 seu
1377 3864 1526 3932 plebs
1552 3878 1703 3916 rura-

154 3956 214 4009 lis
244 3967 554 4027 nuncupata
603 3955 658 4010 S.
695 3955 875 4010 Maria
894 3954 1249 4025 Romagnani,
1286 3955 1472 4011 liabitu
1501 3963 1701 4019 tamen,

151 4056 199 4101 et
228 4063 333 4103 non
358 4058 486 4103 actu
530 4048 812 4114 curata,in
844 4048 1151 4101 nemoribus
1176 4058 1229 4102 et
1261 4047 1395 4102 locis
1429 4046 1703 4116 sylvestri-

149 4137 245 4193 bus
272 4141 593 4204 constituta,
625 4140 690 4193 ad
715 4154 949 4207 prasens
981 4154 1180 4193 vacans
1216 4153 1309 4206 per
1330 4138 1535 4192 obitum
1566 4137 1695 4189 olim

152 4229 498 4300 Sempliciani
533 4231 728 4287 dudum
772 4230 1011 4282 canonici
1048 4229 1450 4291 Saxenatensis,
1481 4242 1572 4281 seu
1608 4242 1701 4293 per

150 4320 347 4375 obitum
368 4322 585 4376 Sanctis
606 4322 728 4374 olim
757 4321 916 4373 etiam
935 4320 1089 4372 dicta
1115 4318 1353 4372 ecclesia
1374 4316 1705 4370 Saxenatcu-

151 4413 221 4465 sis
258 4412 507 4466 canonici
538 4412 843 4463 ultimorum
870 4418 1133 4462 rectorum
1160 4408 1317 4462 dicta:
1333 4409 1593 4473 ecclesia,
1614 4422 1704 4461 seu

152 4504 319 4570 plebis
362 4521 377 4558 :
423 4502 626 4556 idcirco
654 4516 719 4555 ex
748 4501 968 4568 speciali
1009 4501 1177 4569 gratia
1225 4501 1291 4554 de
1337 4499 1708 4554 subventionis

158 4592 353 4647 auxilio
380 4603 702 4645 succurrere
724 4588 894 4643 eidem
926 4588 1183 4643 vellemus
1198 4603 1262 4642 ac
1278 4589 1485 4657 plebem
1506 4588 1699 4656 prafa-

150 4691 253 4733 tam
278 4681 577 4750 episcopali
606 4682 759 4733 dicta
786 4678 1035 4733 Ecclesia
1072 4679 1422 4734 Saxenatensi
1449 4687 1709 4749 perpetuo

153 4773 323 4835 uuire,
350 4781 406 4824 et
462 4771 805 4834 incorporare
852 4770 1217 4839 dignarentur.
1269 4768 1377 4823 Nos
1428 4784 1578 4832 ergo,
1616 4769 1706 4836 qui

154 4860 442 4915 indefessis
482 4861 675 4912 studiis
726 4858 865 4912 votis
923 4859 1166 4913 favemus
1222 4844 1561 4927 supplicium,
1597 4857 1699 4921 piis

152 4953 447 5017 prasertim
481 4950 646 5020 justis
673 4958 833 5017 atque
866 4949 1130 5012 honestis,
1163 4950 1470 5017 pradictam
1492 4947 1694 5014 plebem

152 5041 205 5095 S.
242 5041 452 5107 Maria,
477 5041 636 5109 cujus
661 5039 866 5095 fructus
894 5038 986 5092 XV
1019 5040 1182 5093 libras
1212 5040 1330 5091 auri
1381 5039 1448 5091 de
1488 5049 1697 5089 camera

148 5134 441 5186 secundum
483 5146 822 5186 communem
873 5131 1279 5184 aestimationem
1340 5129 1568 5181 valerem
1604 5142 1699 5178 an-

148 5235 308 5274 nunm
343 5233 456 5273 non
485 5219 772 5283 excedunt,
814 5228 871 5271 ut
907 5220 1043 5272 idem
1070 5220 1353 5286 episcopus
1385 5218 1599 5279 asserit,-
1645 5223 1697 5269 ct

147 5309 296 5361 sicut
326 5290 676 5374 prauiittitur
702 5319 997 5370 vacantem,
1033 5309 1146 5360 sive
1178 5309 1280 5359 alio
1311 5306 1499 5372 quovis
1540 5305 1696 5357 modo

145 5409 234 5455 aut
258 5416 320 5453 ea
338 5397 564 5452 alterius
581 5396 943 5464 cujuscunque
985 5410 1206 5461 persona
1249 5409 1439 5449 vacare
1463 5395 1693 5460 dicatur,

1802 1971 2013 2025 etiamsi
2042 1979 2191 2025 tanto
2225 1980 2462 2046 tempore
2489 1975 2784 2037 vacaverit,
2816 1976 2958 2046 quod
2996 1975 3112 2044 ejus
3146 1976 3363 2033 collatio

1809 2076 1905 2115 seu
1934 2062 2173 2127 provisio
2198 2044 2350 2129 juxta
2395 2062 2777 2116 Lateranensis
2808 2044 3009 2116 sta‘lnta
3043 2064 3257 2117 concilii
3288 2048 3361 2119 sit

1802 2151 1864 2219 ad
1888 2151 2068 2204 sedem
2098 2152 2449 2217 apostolicam
2474 2151 2706 2220 legitime
2722 2153 2993 2219 devoluta,
3014 2154 3225 2207 etiamsi
3265 2170 3356 2219 fis-

1799 2241 2234 2295 constitutionem
2259 2256 2378 2310 qua
2421 2241 2607 2308 incipit
2641 2242 3083 2306 Exsecrabilium,
3113 2259 3349 2303 vacare',

1778 2328 1855 2386 et
1889 2333 2030 2386 inter
2067 2333 2276 2401 aliquos
2303 2332 2388 2399 lis,
2417 2333 2571 2401 cujus
2614 2343 2815 2387 statum
2852 2336 2939 2389 hic
2979 2349 3076 2402 pro
3103 2350 3363 2409 expresso

1803 2424 2003 2476 haberi.
2044 2423 2315 2489 volumus,
2353 2423 2583 2499 pendeat
2615 2424 2874 2489 indecisa,
2925 2439 3044 2478 cum
3106 2424 3356 2477 omnibus

1796 2514 2010 2582 juribus
2038 2524 2093 2569 et
2128 2515 2469 2585 pertinentiis
2488 2516 2620 2581 suis,
2644 2517 2929 2584 episcopali
2950 2517 3101 2570 dicta
3120 2519 3361 2593 ecclesia

1805 2607 2158 2661 Saxenatensi
2185 2596 2511 2660 auctoritate
2543 2606 2825 2685 legationis
2848 2620 2901 2659 et
2927 2608 3068 2661 omni
3105 2608 3205 2660 alia
3234 2623 3362 2661 anc-

1804 2699 2044 2763 toritate,
2070 2714 2173 2767 qua
2221 2697 2513 2766 fungimur,
2554 2709 2809 2767 perpetuo
2842 2698 3078 2762 unitnus,
3113 2700 3359 2752 annecti—

1804 2803 1924 2843 mus
1952 2798 2005 2843 et
2032 2790 2461 2858 incorporamus,
2498 2791 2870 2853 decernentes,
2912 2802 2967 2841 ut
2996 2788 3214 2859 praefato
3248 2792 3362 2858 epi-

1803 2892 1965 2946 scOpo
1993 2877 2217 2947 ejusque
2246 2878 2648 2934 successoribus
2695 2878 2853 2932 liceat
2873 2879 3143 2946 prafatam
3178 2866 3351 2934 ecclo-

1804 2969 1937 3023 siam
1967 2968 2182 3023 Sancta
2205 2968 2384 3022 Maria
2410 2985 2529 3024 cum
2552 2959 2958 3023 dicta'Ecclesia
2992 2971 3352 3025 Saxeuatensi
3406 2962 3411 2967 ’

1804 3060 2074 3131 perpetuis
2108 3058 2440 3127 temporibus
2469 3059 2616 3113 licite
2662 3071 2714 3115 et
2739 3060 2902 3113 libere
2935 3062 3185 3123 retinere,
3218 3062 3359 3113 fruc-

1809 3163 2000 3220 tusque
2056 3158 2110 3203 et
2161 3150 2364 3204 reditus
2414 3165 2619 3213 omnes,
2672 3152 3001 3221 etsingnlos
3063 3167 3185 3203 cum
3224 3153 3382 3204 inte-'

1806 3244 1998 3312 gritate
2022 3242 2302 3312 percipere
2326 3242 2807 3297 constitutionibus
2838 3243 3183 3312 synodalibus
3208 3243 3360 3325 dicta

1806 3334 2055 3387 Ecclesia
2086 3331 2488 3403 Saxenatensis,
2517 3348 2616 3386 nec
2648 3349 2753 3386 non
2793 3333 3227 3400 provincialibus,
3267 3347 3358 3385 seu

1802 3421 1869 3472 ad
1892 3422 2184 3475 canonicos
2208 3430 2261 3473 et
2294 3419 2583 3489 capitulum
2617 3422 2774 3473 dicta
2805 3421 3065 3474 Ecclesia
3114 3421 3358 3472 Saxona-

1804 3510 1970 3560 tensis
1998 3508 2257 3575 provisio,
2284 3524 2377 3562 seu
2436 3510 2779 3575 prasentatio
2803 3511 3026 3561 rectoris
3071 3510 3356 3575 pertineat,

1803 3599 2121 3663 caterisque
2153 3597 2205 3648 in
2253 3597 2585 3649 contrarium
2643 3597 2965 3652 facientibus
3004 3602 3357 3659 non_obstan,o

1803 3684 1950 3738 tibus
1980 3685 2411 3753 quibuscunque,
2445 3682 2638 3751 quibus
2673 3684 2922 3737 omnibus
2953 3686 3166 3752 proprio
3212 3696 3354 3739 motu

1802 3781 1858 3829 et
1893 3790 1959 3828 ex
2022 3782 2168 3827 certa
2218 3772 2445 3827 scientia
2489 3772 2845 3839 derogamus;
2904 3776 3258 3828 decernentes
3288 3793 3353 3830 ex

1805 3880 1950 3919 nunc
1985 3864 2198 3917 irritum
2223 3874 2275 3917 et
2304 3865 2482 3927 inane,
2510 3862 2554 3917 si
2582 3878 2739 3917 secus
2769 3877 2932 3931 super
2959 3864 3025 3917 iis
3056 3879 3083 3915 a
3116 3881 3355 3932 quocun-

1804 3970 1909 4025 que
1940 3940 2193 4020 scienter,
2231 3954 2316 4008 vel
2365 3954 2673 4022 ignoranter
2704 3954 2984 4020 contigerit
3021 3960 3352 4025 attetnptari.

1806 4046 2070 4112 Quocirca
2100 4046 2407 4099 discretioni
2439 4054 2543 4098 tua
2570 4047 2890 4100 auctoritate
2929 4046 3142 4116 prafata
3171 4059 3357 4101 tenore

1806 4137 2157 4204 prasentium
2190 4137 2576 4191 committimus
2610 4134 2675 4190 'et
2716 4139 3052 4200 mandamus,
3087 4150 3355 4206 quatenus

1806 4241 1902 4294 per
1926 4236 1974 4279 te
2008 4226 2089 4279 vel
2123 4226 2287 4278 alium
2323 4242 2421 4279 seu
2460 4228 2592 4281 alios
2621 4228 2865 4281 eumdem
2900 4231 3209 4296 episcopum
3270 4230 3349 4282 vel

1806 4326 2216 4387 procuratorem
2258 4331 2417 4371 suum
2472 4317 2590 4385 ejus
2645 4318 2860 4372 nomine
2912 4320 3260 4387 recipientem
3303 4322 3353 4373 in

1802 4407 2138 4475 corporalem
2193 4408 2591 4475 possessionem
2647 4410 2803 4463 dicta
2855 4410 3106 4463 Ecclesia
3146 4410 3356 4463 Sancta

1803 4500 2001 4565 Maria,
2036 4515 2097 4552 ac
2130 4500 2332 4568 jurium
2364 4508 2418 4553 et
2439 4500 2885 4564 pertinentiarum
2932 4501 3169 4567 ejusdem
3199 4505 3373 4554 indu-.

1805 4605 1922 4653 cas,
1966 4600 2019 4644 et
2044 4592 2360 4643 auctoritate
2419 4600 2602 4641 nostra
2654 4592 2926 4643 induetum
2976 4592 3246 4657 defendas,
3302 4608 3356 4644 a-

1806 4690 1953 4732 tuoto
2008 4679 2202 4730 exinde
2248 4677 2481 4745 quolibet
2521 4676 2709 4730 illicito
2750 4678 3054 4744 detentorc,
3084 4668 3354 4735 facias‘di-

1804 4779 1951 4821 ctum
1979 4770 2290 4835 episcopum
2327 4769 2405 4820 vel
2426 4770 2544 4834 ejus
2581 4780 2982 4836 procuratorem
3015 4773 3079 4823 ad
3111 4772 3351 4824 eamdem

1804 4858 2052 4910 eclesiatn
2087 4859 2290 4909 admitti
2320 4866 2474 4925 prout
2511 4868 2592 4910 est
2641 4862 2827 4921 moris,
2866 4862 3095 4928 sibique,
3124 4865 3204 4913 vel
3234 4863 3352 4928 ejus

1805 4950 2140 5015 procuratori
2175 4949 2239 5002 de
2264 4948 2545 5015 fructibus,
2588 4951 2850 5005 reditibus
2881 4960 2931 5005 ct
2978 4956 3347 5019 proventibus,

1796 5038 2011 5104 jttribus
2046 5050 2101 5093 et
2138 5040 2553 5095 obventionibus
2591 5042 2858 5096 universis
2895 5045 3099 5114 integre
3136 5061 3353 5112 respon-

1805 5131 1939 5196 deri,
1963 5132 2391 5185 contradictores
2438 5146 2529 5200 per
2594 5147 2875 5185 censuram
2926 5133 3345 5187 ecclesiasticam

1803 5229 1858 5271 et
1883 5221 1984 5272 alia
2033 5220 2171 5287 juris
2225 5221 2459 5274 remedia
2490 5224 2898 5289 compescenda.

1873 5396 2063 5447 Datum
2101 5394 2350 5446 Bononia
2374 5411 2424 5445 Vl
2458 5353 2696 5447 Januarii
2727 5384 2886 5445 “53.

205 5556 274 5615 (rt)
298 5542 462 5619 supra
485 5556 600 5616 (col.
622 5554 757 5619 XIX),
776 5557 959 5619 mentio
985 5556 1043 5619 ii_t_
1070 5556 1130 5603 de
1160 5555 1459 5619 llcssarionis
1490 5556 1737 5619 legatione
1757 5554 2089 5619 _Bon_onie_nsi.
2120 5554 2234 5619 Acta
2254 5566 2362 5619 qua
2403 5556 2458 5598 ad
2482 5553 2606 5619 lianc
2631 5552 2925 5618 legationem
2959 5552 3349 5619 auertant__edii_lit

148 5613 397 5665 [επέτθυῖ
428 5613 647 5665 Υεήειίἱε
679 5615 811 5670 ΠΗ,
840 5629 969 5675 apuo
1008 5616 1310 5663 Tommasum
1340 5616 1609 5671 Bettiuelli,
1646 5618 1694 5662 in
1722 5614 1798 5661 llbl

1802 5627 1844 5657 ro
1871 5613 2101 5672 inscripto
2126 5628 2138 5662 :
2166 5613 2474 5663 Miscellauea
2495 5613 2547 5660 di
2564 5613 2693 5661 varie
2715 5620 2922 5673 operate
2974 5620 3021 5652 In
3042 5626 3086 5660 n.
3125 5613 3242 5660 \‘til.
3280 5616 3348 5662 tua

144 5676 220 5725 hic
235 5678 482 5738 addimus,
503 5685 555 5727 ut
589 5680 833 5739 potuimus
869 5674 936 5739 (at
969 5690 1059 5725 non
1098 5678 1277 5736 ubique
1312 5678 1594 5736 potuimus),
1627 5678 1901 5724 emendata.
1926 5674 2057 5721 Eutr.
