  <div class='ocr_page' id='page_1' title='image "/cluster/home/n/w/nwhite01/storage/ocr_20150623/161/pst.000005714834/083.png"; bbox 0 0 4138 6328; ppageno 0'>
   <div class='ocr_carea' id='block_1_1' title="bbox 711 247 839 307">
    <p class='ocr_par' dir='ltr' id='par_1_1' title="bbox 711 247 839 307">
     <span class='ocr_line' id='line_1_1' title="bbox 711 247 839 307; baseline 0 -19"><span class='ocrx_word' id='word_1_1' title='bbox 711 247 839 307; x_wconf 69' lang='lat' dir='ltr'><strong>ciris</strong></span> 
     </span>
    </p>
   </div>
   <div class='ocr_carea' id='block_1_2' title="bbox 1454 348 1520 405">
    <p class='ocr_par' dir='ltr' id='par_1_2' title="bbox 1454 348 1520 405">
     <span class='ocr_line' id='line_1_2' title="bbox 1454 348 1520 405; baseline 0 0"><span class='ocrx_word' id='word_1_2' title='bbox 1454 348 1520 405; x_wconf 82' lang='grc' dir='ltr'><strong>ΙΙ.</strong></span> 
     </span>
    </p>
   </div>
   <div class='ocr_carea' id='block_1_3' title="bbox 786 459 2273 533">
    <p class='ocr_par' dir='ltr' id='par_1_3' title="bbox 786 459 2273 533">
     <span class='ocr_line' id='line_1_3' title="bbox 786 459 2273 533; baseline 0.013 -22"><span class='ocrx_word' id='word_1_3' title='bbox 786 459 948 513; x_wconf 77' lang='lat' dir='ltr'><strong>Besso</strong></span> <span class='ocrx_word' id='word_1_4' title='bbox 958 462 1091 523; x_wconf 86' lang='lat' dir='ltr'><strong>rion,</strong></span> <span class='ocrx_word' id='word_1_5' title='bbox 1115 461 1463 533; x_wconf 80' lang='lat' dir='ltr'><strong>miseratione</strong></span> <span class='ocrx_word' id='word_1_6' title='bbox 1482 464 1662 523; x_wconf 88' lang='lat' dir='ltr'><strong>divina</strong></span> <span class='ocrx_word' id='word_1_7' title='bbox 1678 479 1881 526; x_wconf 67' lang='lat' dir='ltr'><strong>sanetae</strong></span> <span class='ocrx_word' id='word_1_8' title='bbox 1898 471 2152 532; x_wconf 71' lang='lat' dir='ltr'><strong>Romana:</strong></span> <span class='ocrx_word' id='word_1_9' title='bbox 2174 475 2273 530; x_wconf 83' lang='lat' dir='ltr'><strong>Ec-</strong></span> 
     </span>
    </p>
   </div>
   <div class='ocr_carea' id='block_1_4' title="bbox 717 542 2274 632">
    <p class='ocr_par' dir='ltr' id='par_1_4' title="bbox 717 542 2274 632">
     <span class='ocr_line' id='line_1_4' title="bbox 717 542 2274 632; baseline 0.013 -33"><span class='ocrx_word' id='word_1_10' title='bbox 717 549 894 603; x_wconf 73' lang='lat' dir='ltr'><strong>clesia:</strong></span> <span class='ocrx_word' id='word_1_11' title='bbox 916 551 1229 616; x_wconf 82' lang='lat' dir='ltr'><strong>cardinalis,</strong></span> <span class='ocrx_word' id='word_1_12' title='bbox 1258 542 1547 626; x_wconf 75' lang='lat' dir='ltr'><strong>episcopus</strong></span> <span class='ocrx_word' id='word_1_13' title='bbox 1572 557 2274 632; x_wconf 73' lang='lat' dir='ltr'><strong>Tusculanus,apestolic:e</strong></span> 
     </span>
    </p>
   </div>
   <div class='ocr_carea' id='block_1_5' title="bbox 718 640 2272 718">
    <p class='ocr_par' dir='ltr' id='par_1_5' title="bbox 718 640 2272 718">
     <span class='ocr_line' id='line_1_5' title="bbox 718 640 2272 718; baseline 0.01 -27"><span class='ocrx_word' id='word_1_14' title='bbox 718 640 864 693; x_wconf 86' lang='lat' dir='ltr'><strong>sedis</strong></span> <span class='ocrx_word' id='word_1_15' title='bbox 894 641 1095 710; x_wconf 88' lang='lat' dir='ltr'><strong>legatus</strong></span> <span class='ocrx_word' id='word_1_16' title='bbox 1140 644 1207 698; x_wconf 89' lang='lat' dir='ltr'><strong>de</strong></span> <span class='ocrx_word' id='word_1_17' title='bbox 1236 644 1405 700; x_wconf 97' lang='lat' dir='ltr'><strong>latere</strong></span> <span class='ocrx_word' id='word_1_18' title='bbox 1461 647 1515 701; x_wconf 93' lang='lat' dir='ltr'><strong>in</strong></span> <span class='ocrx_word' id='word_1_19' title='bbox 1547 649 1766 705; x_wconf 86' lang='lat' dir='ltr'><strong>civitate</strong></span> <span class='ocrx_word' id='word_1_20' title='bbox 1800 649 2082 718; x_wconf 68' lang='lat' dir='ltr'><strong>Bononia,</strong></span> <span class='ocrx_word' id='word_1_21' title='bbox 2107 668 2272 709; x_wconf 79' lang='lat' dir='ltr'><strong>exar-</strong></span> 
     </span>
    </p>
   </div>
   <div class='ocr_carea' id='block_1_6' title="bbox 716 730 2273 814">
    <p class='ocr_par' dir='ltr' id='par_1_6' title="bbox 716 730 2273 814">
     <span class='ocr_line' id='line_1_6' title="bbox 716 730 2273 814; baseline 0.013 -34"><span class='ocrx_word' id='word_1_22' title='bbox 716 730 880 783; x_wconf 83' lang='lat' dir='ltr'><strong>cliatu</strong></span> <span class='ocrx_word' id='word_1_23' title='bbox 911 731 1179 788; x_wconf 67' lang='lat' dir='ltr'><strong>Ravennae</strong></span> <span class='ocrx_word' id='word_1_24' title='bbox 1208 743 1264 789; x_wconf 93' lang='lat' dir='ltr'><strong>et</strong></span> <span class='ocrx_word' id='word_1_25' title='bbox 1284 734 1655 795; x_wconf 76' lang='lat' dir='ltr'><strong>Romandiol&#39;e</strong></span> <span class='ocrx_word' id='word_1_26' title='bbox 1700 742 1983 809; x_wconf 81' lang='lat' dir='ltr'><strong>provincia</strong></span> <span class='ocrx_word' id='word_1_27' title='bbox 2011 743 2066 798; x_wconf 90' lang='lat' dir='ltr'><strong>in</strong></span> <span class='ocrx_word' id='word_1_28' title='bbox 2104 745 2273 814; x_wconf 84' lang='lat' dir='ltr'><strong>spiri-</strong></span> 
     </span>
    </p>
   </div>
   <div class='ocr_carea' id='block_1_7' title="bbox 719 820 2274 901">
    <p class='ocr_par' dir='ltr' id='par_1_7' title="bbox 719 820 2274 901">
     <span class='ocr_line' id='line_1_7' title="bbox 719 820 2274 901; baseline 0.013 -30"><span class='ocrx_word' id='word_1_29' title='bbox 719 820 951 875; x_wconf 88' lang='lat' dir='ltr'><strong>tualibus</strong></span> <span class='ocrx_word' id='word_1_30' title='bbox 982 835 1035 876; x_wconf 91' lang='lat' dir='ltr'><strong>et</strong></span> <span class='ocrx_word' id='word_1_31' title='bbox 1067 826 1452 892; x_wconf 88' lang='lat' dir='ltr'><strong>temporalibus</strong></span> <span class='ocrx_word' id='word_1_32' title='bbox 1497 830 1767 901; x_wconf 84' lang='lat' dir='ltr'><strong>generalis</strong></span> <span class='ocrx_word' id='word_1_33' title='bbox 1805 831 2065 901; x_wconf 79' lang='lat' dir='ltr'><strong>vicarius,</strong></span> <span class='ocrx_word' id='word_1_34' title='bbox 2122 848 2274 901; x_wconf 84' lang='lat' dir='ltr'><strong>reve-</strong></span> 
     </span>
    </p>
   </div>
   <div class='ocr_carea' id='block_1_8' title="bbox 716 900 2274 994">
    <p class='ocr_par' dir='ltr' id='par_1_8' title="bbox 716 900 2274 994">
     <span class='ocr_line' id='line_1_8' title="bbox 716 900 2274 994; baseline 0.012 -32"><span class='ocrx_word' id='word_1_35' title='bbox 716 911 884 965; x_wconf 89' lang='lat' dir='ltr'><strong>rendo</strong></span> <span class='ocrx_word' id='word_1_36' title='bbox 919 913 971 965; x_wconf 91' lang='lat' dir='ltr'><strong>in</strong></span> <span class='ocrx_word' id='word_1_37' title='bbox 995 914 1211 971; x_wconf 76' lang='lat' dir='ltr'><strong>Christo</strong></span> <span class='ocrx_word' id='word_1_38' title='bbox 1246 914 1388 971; x_wconf 83' lang='lat' dir='ltr'><strong>Patri</strong></span> <span class='ocrx_word' id='word_1_39' title='bbox 1414 918 1645 975; x_wconf 80' lang='lat' dir='ltr'><strong>Domino</strong></span> <span class='ocrx_word' id='word_1_40' title='bbox 1685 922 1942 993; x_wconf 82' lang='lat' dir='ltr'><strong>episeopo</strong></span> <span class='ocrx_word' id='word_1_41' title='bbox 1976 900 2172 994; x_wconf 60' lang='lat' dir='ltr'><strong>Regia,</strong></span> <span class='ocrx_word' id='word_1_42' title='bbox 2217 935 2274 979; x_wconf 91' lang='lat' dir='ltr'><strong>et</strong></span> 
     </span>
    </p>
   </div>
   <div class='ocr_carea' id='block_1_9' title="bbox 716 998 2273 1082">
    <p class='ocr_par' dir='ltr' id='par_1_9' title="bbox 716 998 2273 1082">
     <span class='ocr_line' id='line_1_9' title="bbox 716 998 2273 1082; baseline 0.012 -29"><span class='ocrx_word' id='word_1_43' title='bbox 716 998 927 1058; x_wconf 85' lang='lat' dir='ltr'><strong>dilectis</strong></span> <span class='ocrx_word' id='word_1_44' title='bbox 955 1002 1007 1057; x_wconf 90' lang='lat' dir='ltr'><strong>in</strong></span> <span class='ocrx_word' id='word_1_45' title='bbox 1050 1004 1268 1062; x_wconf 82' lang='lat' dir='ltr'><strong>Christo</strong></span> <span class='ocrx_word' id='word_1_46' title='bbox 1319 1006 1446 1066; x_wconf 81' lang='lat' dir='ltr'><strong>ﬁliis</strong></span> <span class='ocrx_word' id='word_1_47' title='bbox 1472 1011 1709 1081; x_wconf 86' lang='lat' dir='ltr'><strong>capitulo</strong></span> <span class='ocrx_word' id='word_1_48' title='bbox 1740 1011 1987 1082; x_wconf 79' lang='lat' dir='ltr'><strong>eiusdem</strong></span> <span class='ocrx_word' id='word_1_49' title='bbox 2024 1017 2273 1073; x_wconf 68' lang='lat' dir='ltr'><strong>ecclesia</strong></span> 
     </span>
    </p>
   </div>
   <div class='ocr_carea' id='block_1_10' title="bbox 717 1085 1405 1165">
    <p class='ocr_par' dir='ltr' id='par_1_10' title="bbox 717 1085 1405 1165">
     <span class='ocr_line' id='line_1_10' title="bbox 717 1085 1405 1165; baseline 0.012 -18"><span class='ocrx_word' id='word_1_50' title='bbox 717 1092 941 1148; x_wconf 87' lang='lat' dir='ltr'><strong>salutem</strong></span> <span class='ocrx_word' id='word_1_51' title='bbox 964 1096 1017 1151; x_wconf 92' lang='lat' dir='ltr'><strong>lu</strong></span> <span class='ocrx_word' id='word_1_52' title='bbox 1036 1085 1283 1165; x_wconf 83' lang='lat' dir='ltr'><strong>Domino,</strong></span> <span class='ocrx_word' id='word_1_53' title='bbox 1297 1107 1405 1155; x_wconf 86' lang='lat' dir='ltr'><strong>etc.</strong></span> 
     </span>
    </p>
   </div>
   <div class='ocr_carea' id='block_1_11' title="bbox 785 1185 2271 1263">
    <p class='ocr_par' dir='ltr' id='par_1_11' title="bbox 785 1185 2271 1263">
     <span class='ocr_line' id='line_1_11' title="bbox 785 1185 2271 1263; baseline 0.009 -23"><span class='ocrx_word' id='word_1_54' title='bbox 785 1185 918 1240; x_wconf 87' lang='lat' dir='ltr'><strong>Cum</strong></span> <span class='ocrx_word' id='word_1_55' title='bbox 937 1204 967 1241; x_wconf 92' lang='lat' dir='ltr'><strong>a</strong></span> <span class='ocrx_word' id='word_1_56' title='bbox 993 1189 1147 1244; x_wconf 89' lang='lat' dir='ltr'><strong>nobis</strong></span> <span class='ocrx_word' id='word_1_57' title='bbox 1173 1192 1375 1258; x_wconf 86' lang='lat' dir='ltr'><strong>petitur</strong></span> <span class='ocrx_word' id='word_1_58' title='bbox 1392 1193 1533 1263; x_wconf 88' lang='lat' dir='ltr'><strong>quod</strong></span> <span class='ocrx_word' id='word_1_59' title='bbox 1557 1193 1826 1249; x_wconf 82' lang='lat' dir='ltr'><strong>honestati</strong></span> <span class='ocrx_word' id='word_1_60' title='bbox 1855 1198 2178 1255; x_wconf 90' lang='lat' dir='ltr'><strong>convenitet</strong></span> <span class='ocrx_word' id='word_1_61' title='bbox 2202 1200 2271 1254; x_wconf 87' lang='lat' dir='ltr'><strong>ad</strong></span> 
     </span>
    </p>
   </div>
   <div class='ocr_carea' id='block_1_12' title="bbox 718 1274 2271 1357">
    <p class='ocr_par' dir='ltr' id='par_1_12' title="bbox 718 1274 2271 1357">
     <span class='ocr_line' id='line_1_12' title="bbox 718 1274 2271 1357; baseline 0.01 -29"><span class='ocrx_word' id='word_1_62' title='bbox 718 1274 975 1332; x_wconf 80' lang='lat' dir='ltr'><strong>honorem</strong></span> <span class='ocrx_word' id='word_1_63' title='bbox 988 1280 1343 1335; x_wconf 82' lang='lat' dir='ltr'><strong>ecclesiarum</strong></span> <span class='ocrx_word' id='word_1_64' title='bbox 1377 1284 1675 1352; x_wconf 71' lang='lat' dir='ltr'><strong>praesertim</strong></span> <span class='ocrx_word' id='word_1_65' title='bbox 1696 1286 2085 1342; x_wconf 85' lang='lat' dir='ltr'><strong>cathedralium</strong></span> <span class='ocrx_word' id='word_1_66' title='bbox 2107 1290 2271 1357; x_wconf 86' lang='lat' dir='ltr'><strong>cedit,</strong></span> 
     </span>
    </p>
   </div>
   <div class='ocr_carea' id='block_1_13' title="bbox 722 1368 2272 1444">
    <p class='ocr_par' dir='ltr' id='par_1_13' title="bbox 722 1368 2272 1444">
     <span class='ocr_line' id='line_1_13' title="bbox 722 1368 2272 1444; baseline 0.01 -25"><span class='ocrx_word' id='word_1_67' title='bbox 722 1368 1033 1441; x_wconf 37' lang='lat' dir='ltr'><strong>animo‘uos</strong></span> <span class='ocrx_word' id='word_1_68' title='bbox 1052 1370 1211 1425; x_wconf 87' lang='lat' dir='ltr'><strong>decet</strong></span> <span class='ocrx_word' id='word_1_69' title='bbox 1235 1370 1422 1427; x_wconf 81' lang='lat' dir='ltr'><strong>libenti</strong></span> <span class='ocrx_word' id='word_1_70' title='bbox 1439 1373 1757 1440; x_wconf 85' lang='lat' dir='ltr'><strong>concedere,</strong></span> <span class='ocrx_word' id='word_1_71' title='bbox 1778 1384 1836 1429; x_wconf 86' lang='lat' dir='ltr'><strong>et</strong></span> <span class='ocrx_word' id='word_1_72' title='bbox 1858 1378 2153 1444; x_wconf 75' lang='lat' dir='ltr'><strong>petentium</strong></span> <span class='ocrx_word' id='word_1_73' title='bbox 2175 1380 2272 1434; x_wconf 84' lang='lat' dir='ltr'><strong>de-</strong></span> 
     </span>
    </p>
   </div>
   <div class='ocr_carea' id='block_1_14' title="bbox 717 1458 2270 1540">
    <p class='ocr_par' dir='ltr' id='par_1_14' title="bbox 717 1458 2270 1540">
     <span class='ocr_line' id='line_1_14' title="bbox 717 1458 2270 1540; baseline 0.01 -30"><span class='ocrx_word' id='word_1_74' title='bbox 717 1458 932 1514; x_wconf 87' lang='lat' dir='ltr'><strong>sideriis</strong></span> <span class='ocrx_word' id='word_1_75' title='bbox 956 1461 1265 1529; x_wconf 72' lang='lat' dir='ltr'><strong>prcsidium</strong></span> <span class='ocrx_word' id='word_1_76' title='bbox 1292 1463 1576 1531; x_wconf 84' lang='lat' dir='ltr'><strong>impertiri.</strong></span> <span class='ocrx_word' id='word_1_77' title='bbox 1598 1464 1733 1521; x_wconf 88' lang='lat' dir='ltr'><strong>Cum</strong></span> <span class='ocrx_word' id='word_1_78' title='bbox 1760 1468 1970 1536; x_wconf 82' lang='lat' dir='ltr'><strong>itaque,</strong></span> <span class='ocrx_word' id='word_1_79' title='bbox 1987 1470 2146 1524; x_wconf 73' lang='lat' dir='ltr'><strong>si‘cuti</strong></span> <span class='ocrx_word' id='word_1_80' title='bbox 2175 1485 2270 1540; x_wconf 86' lang='lat' dir='ltr'><strong>pe-</strong></span> 
     </span>
    </p>
   </div>
   <div class='ocr_carea' id='block_1_15' title="bbox 720 1546 2271 1627">
    <p class='ocr_par' dir='ltr' id='par_1_15' title="bbox 720 1546 2271 1627">
     <span class='ocr_line' id='line_1_15' title="bbox 720 1546 2271 1627; baseline 0.01 -25"><span class='ocrx_word' id='word_1_81' title='bbox 720 1546 928 1603; x_wconf 86' lang='lat' dir='ltr'><strong>titionis</strong></span> <span class='ocrx_word' id='word_1_82' title='bbox 957 1560 1149 1606; x_wconf 74' lang='lat' dir='ltr'><strong>vestrae</strong></span> <span class='ocrx_word' id='word_1_83' title='bbox 1181 1552 1333 1608; x_wconf 91' lang='lat' dir='ltr'><strong>nobis</strong></span> <span class='ocrx_word' id='word_1_84' title='bbox 1365 1554 1563 1611; x_wconf 70' lang='lat' dir='ltr'><strong>oblata</strong></span> <span class='ocrx_word' id='word_1_85' title='bbox 1609 1560 1781 1613; x_wconf 88' lang='lat' dir='ltr'><strong>series</strong></span> <span class='ocrx_word' id='word_1_86' title='bbox 1806 1561 2140 1627; x_wconf 79' lang='lat' dir='ltr'><strong>continebat,</strong></span> <span class='ocrx_word' id='word_1_87' title='bbox 2177 1578 2271 1619; x_wconf 89' lang='lat' dir='ltr'><strong>vos</strong></span> 
     </span>
    </p>
   </div>
   <div class='ocr_carea' id='block_1_16' title="bbox 718 1638 2273 1717">
    <p class='ocr_par' dir='ltr' id='par_1_16' title="bbox 718 1638 2273 1717">
     <span class='ocr_line' id='line_1_16' title="bbox 718 1638 2273 1717; baseline 0.012 -27"><span class='ocrx_word' id='word_1_88' title='bbox 718 1638 971 1704; x_wconf 73' lang='lat' dir='ltr'><strong>pmlatus</strong></span> <span class='ocrx_word' id='word_1_89' title='bbox 991 1641 1244 1697; x_wconf 88' lang='lat' dir='ltr'><strong>dominus</strong></span> <span class='ocrx_word' id='word_1_90' title='bbox 1276 1644 1558 1714; x_wconf 80' lang='lat' dir='ltr'><strong>episeOpus</strong></span> <span class='ocrx_word' id='word_1_91' title='bbox 1576 1646 1767 1717; x_wconf 84' lang='lat' dir='ltr'><strong>Regio.</strong></span> <span class='ocrx_word' id='word_1_92' title='bbox 1804 1665 1911 1705; x_wconf 87' lang='lat' dir='ltr'><strong>una</strong></span> <span class='ocrx_word' id='word_1_93' title='bbox 1936 1668 2057 1707; x_wconf 92' lang='lat' dir='ltr'><strong>cum</strong></span> <span class='ocrx_word' id='word_1_94' title='bbox 2076 1656 2273 1708; x_wconf 80' lang='lat' dir='ltr'><strong>vestris</strong></span> 
     </span>
    </p>
   </div>
   <div class='ocr_carea' id='block_1_17' title="bbox 718 1729 2268 1802">
    <p class='ocr_par' dir='ltr' id='par_1_17' title="bbox 718 1729 2268 1802">
     <span class='ocr_line' id='line_1_17' title="bbox 718 1729 2268 1802; baseline 0.011 -22"><span class='ocrx_word' id='word_1_95' title='bbox 718 1729 999 1802; x_wconf 75' lang='lat' dir='ltr'><strong>canonicis</strong></span> <span class='ocrx_word' id='word_1_96' title='bbox 1012 1745 1107 1798; x_wconf 87' lang='lat' dir='ltr'><strong>pro</strong></span> <span class='ocrx_word' id='word_1_97' title='bbox 1137 1733 1340 1787; x_wconf 91' lang='lat' dir='ltr'><strong>honore</strong></span> <span class='ocrx_word' id='word_1_98' title='bbox 1361 1736 1515 1789; x_wconf 63' lang='lat' dir='ltr'><strong>dicta</strong></span> <span class='ocrx_word' id='word_1_99' title='bbox 1530 1734 1785 1791; x_wconf 75' lang='lat' dir='ltr'><strong>Ecclesiae</strong></span> <span class='ocrx_word' id='word_1_100' title='bbox 1813 1740 1881 1794; x_wconf 84' lang='lat' dir='ltr'><strong>ad</strong></span> <span class='ocrx_word' id='word_1_101' title='bbox 1914 1740 2268 1797; x_wconf 80' lang='lat' dir='ltr'><strong>imitationem</strong></span> 
     </span>
    </p>
   </div>
   <div class='ocr_carea' id='block_1_18' title="bbox 718 1822 2272 1890">
    <p class='ocr_par' dir='ltr' id='par_1_18' title="bbox 718 1822 2272 1890">
     <span class='ocr_line' id='line_1_18' title="bbox 718 1822 2272 1890; baseline 0.01 -16"><span class='ocrx_word' id='word_1_102' title='bbox 718 1822 943 1876; x_wconf 89' lang='lat' dir='ltr'><strong>aliarum</strong></span> <span class='ocrx_word' id='word_1_103' title='bbox 966 1825 1310 1879; x_wconf 78' lang='lat' dir='ltr'><strong>ecclesiarum</strong></span> <span class='ocrx_word' id='word_1_104' title='bbox 1349 1830 1735 1884; x_wconf 86' lang='lat' dir='ltr'><strong>eathedraliutn</strong></span> <span class='ocrx_word' id='word_1_105' title='bbox 1754 1832 2014 1888; x_wconf 80' lang='lat' dir='ltr'><strong>duxeritis</strong></span> <span class='ocrx_word' id='word_1_106' title='bbox 2030 1844 2272 1890; x_wconf 87' lang='lat' dir='ltr'><strong>statuen-</strong></span> 
     </span>
    </p>
   </div>
   <div class='ocr_carea' id='block_1_19' title="bbox 716 1912 2268 1985">
    <p class='ocr_par' dir='ltr' id='par_1_19' title="bbox 716 1912 2268 1985">
     <span class='ocr_line' id='line_1_19' title="bbox 716 1912 2268 1985; baseline 0.009 -20"><span class='ocrx_word' id='word_1_107' title='bbox 716 1912 847 1966; x_wconf 91' lang='lat' dir='ltr'><strong>dum</strong></span> <span class='ocrx_word' id='word_1_108' title='bbox 881 1916 1020 1981; x_wconf 93' lang='lat' dir='ltr'><strong>quod</strong></span> <span class='ocrx_word' id='word_1_109' title='bbox 1054 1916 1283 1985; x_wconf 85' lang='lat' dir='ltr'><strong>quilibet</strong></span> <span class='ocrx_word' id='word_1_110' title='bbox 1309 1917 1463 1973; x_wconf 64' lang='lat' dir='ltr'><strong>dictae</strong></span> <span class='ocrx_word' id='word_1_111' title='bbox 1489 1922 1730 1976; x_wconf 70' lang='lat' dir='ltr'><strong>ecclesiae</strong></span> <span class='ocrx_word' id='word_1_112' title='bbox 1756 1924 2053 1978; x_wconf 74' lang='lat' dir='ltr'><strong>Canonicus</strong></span> <span class='ocrx_word' id='word_1_113' title='bbox 2099 1926 2268 1981; x_wconf 88' lang='lat' dir='ltr'><strong>almu-</strong></span> 
     </span>
    </p>
   </div>
   <div class='ocr_carea' id='block_1_20' title="bbox 718 1995 2268 2083">
    <p class='ocr_par' dir='ltr' id='par_1_20' title="bbox 718 1995 2268 2083">
     <span class='ocr_line' id='line_1_20' title="bbox 718 1995 2268 2083; baseline 0.01 -28"><span class='ocrx_word' id='word_1_114' title='bbox 718 2002 792 2055; x_wconf 90' lang='lat' dir='ltr'><strong>tia</strong></span> <span class='ocrx_word' id='word_1_115' title='bbox 818 2002 1009 2058; x_wconf 80' lang='lat' dir='ltr'><strong>debeat</strong></span> <span class='ocrx_word' id='word_1_116' title='bbox 1043 2007 1121 2060; x_wconf 89' lang='lat' dir='ltr'><strong>uti</strong></span> <span class='ocrx_word' id='word_1_117' title='bbox 1170 2005 1223 2083; x_wconf 73' lang='lat' dir='ltr'><strong>in</strong></span> <span class='ocrx_word' id='word_1_118' title='bbox 1277 1995 1501 2063; x_wconf 81' lang='lat' dir='ltr'><strong>ecclesi</strong></span> <span class='ocrx_word' id='word_1_119' title='bbox 1536 2013 1808 2079; x_wconf 70' lang='lat' dir='ltr'><strong>prmlibata</strong></span> <span class='ocrx_word' id='word_1_120' title='bbox 1857 2015 2049 2068; x_wconf 79' lang='lat' dir='ltr'><strong>saltem</strong></span> <span class='ocrx_word' id='word_1_121' title='bbox 2081 2016 2268 2071; x_wconf 85' lang='lat' dir='ltr'><strong>diebus</strong></span> 
     </span>
    </p>
   </div>
   <div class='ocr_carea' id='block_1_21' title="bbox 717 2093 2270 2169">
    <p class='ocr_par' dir='ltr' id='par_1_21' title="bbox 717 2093 2270 2169">
     <span class='ocr_line' id='line_1_21' title="bbox 717 2093 2270 2169; baseline 0.008 -20"><span class='ocrx_word' id='word_1_122' title='bbox 717 2093 919 2151; x_wconf 74' lang='lat' dir='ltr'><strong>festivis</strong></span> <span class='ocrx_word' id='word_1_123' title='bbox 943 2105 996 2151; x_wconf 89' lang='lat' dir='ltr'><strong>et</strong></span> <span class='ocrx_word' id='word_1_124' title='bbox 1013 2097 1341 2169; x_wconf 84' lang='lat' dir='ltr'><strong>solemnibus</strong></span> <span class='ocrx_word' id='word_1_125' title='bbox 1369 2100 1420 2153; x_wconf 91' lang='lat' dir='ltr'><strong>in</strong></span> <span class='ocrx_word' id='word_1_126' title='bbox 1449 2100 1661 2168; x_wconf 71' lang='lat' dir='ltr'><strong>olﬁciis,</strong></span> <span class='ocrx_word' id='word_1_127' title='bbox 1701 2112 1757 2159; x_wconf 84' lang='lat' dir='ltr'><strong>et</strong></span> <span class='ocrx_word' id='word_1_128' title='bbox 1779 2105 1939 2159; x_wconf 89' lang='lat' dir='ltr'><strong>etiam</strong></span> <span class='ocrx_word' id='word_1_129' title='bbox 1962 2105 2270 2163; x_wconf 73' lang='lat' dir='ltr'><strong>Mansiona-</strong></span> 
     </span>
    </p>
   </div>
   <div class='ocr_carea' id='block_1_22' title="bbox 716 2187 2265 2255">
    <p class='ocr_par' dir='ltr' id='par_1_22' title="bbox 716 2187 2265 2255">
     <span class='ocr_line' id='line_1_22' title="bbox 716 2187 2265 2255; baseline 0.01 -16"><span class='ocrx_word' id='word_1_130' title='bbox 716 2187 783 2240; x_wconf 89' lang='lat' dir='ltr'><strong>rii</strong></span> <span class='ocrx_word' id='word_1_131' title='bbox 813 2189 1080 2255; x_wconf 66' lang='lat' dir='ltr'><strong>praedicta</strong></span> <span class='ocrx_word' id='word_1_132' title='bbox 1094 2190 1336 2246; x_wconf 67' lang='lat' dir='ltr'><strong>ecclesiae</strong></span> <span class='ocrx_word' id='word_1_133' title='bbox 1357 2206 1506 2247; x_wconf 91' lang='lat' dir='ltr'><strong>more</strong></span> <span class='ocrx_word' id='word_1_134' title='bbox 1527 2195 2011 2252; x_wconf 85' lang='lat' dir='ltr'><strong>mansionariorum</strong></span> <span class='ocrx_word' id='word_1_135' title='bbox 2037 2200 2265 2254; x_wconf 90' lang='lat' dir='ltr'><strong>aliarum</strong></span> 
     </span>
    </p>
   </div>
   <div class='ocr_carea' id='block_1_23' title="bbox 716 2275 2267 2359">
    <p class='ocr_par' dir='ltr' id='par_1_23' title="bbox 716 2275 2267 2359">
     <span class='ocr_line' id='line_1_23' title="bbox 716 2275 2267 2359; baseline 0.012 -30"><span class='ocrx_word' id='word_1_136' title='bbox 716 2275 1065 2332; x_wconf 89' lang='lat' dir='ltr'><strong>ecclesiarum</strong></span> <span class='ocrx_word' id='word_1_137' title='bbox 1086 2280 1470 2336; x_wconf 90' lang='lat' dir='ltr'><strong>eatbedralium</strong></span> <span class='ocrx_word' id='word_1_138' title='bbox 1500 2284 1738 2353; x_wconf 87' lang='lat' dir='ltr'><strong>subiecta</strong></span> <span class='ocrx_word' id='word_1_139' title='bbox 1772 2301 1929 2355; x_wconf 69' lang='lat' dir='ltr'><strong>pinna</strong></span> <span class='ocrx_word' id='word_1_140' title='bbox 1972 2288 2024 2342; x_wconf 94' lang='lat' dir='ltr'><strong>in</strong></span> <span class='ocrx_word' id='word_1_141' title='bbox 2083 2290 2267 2359; x_wconf 86' lang='lat' dir='ltr'><strong>huius-</strong></span> 
     </span>
    </p>
   </div>
   <div class='ocr_carea' id='block_1_24' title="bbox 717 2369 2268 2454">
    <p class='ocr_par' dir='ltr' id='par_1_24' title="bbox 717 2369 2268 2454">
     <span class='ocr_line' id='line_1_24' title="bbox 717 2369 2268 2454; baseline 0.012 -33"><span class='ocrx_word' id='word_1_142' title='bbox 717 2369 863 2422; x_wconf 88' lang='lat' dir='ltr'><strong>modi</strong></span> <span class='ocrx_word' id='word_1_143' title='bbox 940 2372 1319 2429; x_wconf 85' lang='lat' dir='ltr'><strong>constitutione</strong></span> <span class='ocrx_word' id='word_1_144' title='bbox 1367 2385 1642 2441; x_wconf 88' lang='lat' dir='ltr'><strong>contenta,</strong></span> <span class='ocrx_word' id='word_1_145' title='bbox 1697 2390 1753 2434; x_wconf 91' lang='lat' dir='ltr'><strong>et</strong></span> <span class='ocrx_word' id='word_1_146' title='bbox 1813 2384 2121 2439; x_wconf 75' lang='lat' dir='ltr'><strong>successive</strong></span> <span class='ocrx_word' id='word_1_147' title='bbox 2174 2399 2268 2454; x_wconf 89' lang='lat' dir='ltr'><strong>per</strong></span> 
     </span>
    </p>
   </div>
   <div class='ocr_carea' id='block_1_25' title="bbox 718 2460 2269 2528">
    <p class='ocr_par' dir='ltr' id='par_1_25' title="bbox 718 2460 2269 2528">
     <span class='ocr_line' id='line_1_25' title="bbox 718 2460 2269 2528; baseline 0.01 -16"><span class='ocrx_word' id='word_1_148' title='bbox 718 2460 875 2513; x_wconf 84' lang='lat' dir='ltr'><strong>aliam</strong></span> <span class='ocrx_word' id='word_1_149' title='bbox 905 2463 1073 2516; x_wconf 87' lang='lat' dir='ltr'><strong>modo-</strong></span> <span class='ocrx_word' id='word_1_150' title='bbox 1123 2463 1283 2518; x_wconf 88' lang='lat' dir='ltr'><strong>simili</strong></span> <span class='ocrx_word' id='word_1_151' title='bbox 1307 2467 1743 2524; x_wconf 84' lang='lat' dir='ltr'><strong>constitutionem</strong></span> <span class='ocrx_word' id='word_1_152' title='bbox 1771 2472 2096 2528; x_wconf 84' lang='lat' dir='ltr'><strong>celebratam</strong></span> <span class='ocrx_word' id='word_1_153' title='bbox 2128 2475 2269 2528; x_wconf 89' lang='lat' dir='ltr'><strong>inhi-</strong></span> 
     </span>
    </p>
   </div>
   <div class='ocr_carea' id='block_1_26' title="bbox 718 2548 2266 2626">
    <p class='ocr_par' dir='ltr' id='par_1_26' title="bbox 718 2548 2266 2626">
     <span class='ocr_line' id='line_1_26' title="bbox 718 2548 2266 2626; baseline 0.007 -23"><span class='ocrx_word' id='word_1_154' title='bbox 718 2548 963 2613; x_wconf 86' lang='lat' dir='ltr'><strong>bueritis,</strong></span> <span class='ocrx_word' id='word_1_155' title='bbox 997 2561 1051 2605; x_wconf 89' lang='lat' dir='ltr'><strong>et</strong></span> <span class='ocrx_word' id='word_1_156' title='bbox 1078 2566 1331 2620; x_wconf 74' lang='lat' dir='ltr'><strong>expresse</strong></span> <span class='ocrx_word' id='word_1_157' title='bbox 1360 2555 1741 2610; x_wconf 85' lang='lat' dir='ltr'><strong>mandaveritis</strong></span> <span class='ocrx_word' id='word_1_158' title='bbox 1772 2573 1840 2613; x_wconf 87' lang='lat' dir='ltr'><strong>ne</strong></span> <span class='ocrx_word' id='word_1_159' title='bbox 1868 2560 1988 2626; x_wconf 86' lang='lat' dir='ltr'><strong>quis</strong></span> <span class='ocrx_word' id='word_1_160' title='bbox 2011 2563 2152 2614; x_wconf 90' lang='lat' dir='ltr'><strong>alius</strong></span> <span class='ocrx_word' id='word_1_161' title='bbox 2178 2577 2266 2617; x_wconf 71' lang='lat' dir='ltr'><strong>ca-</strong></span> 
     </span>
    </p>
   </div>
   <div class='ocr_carea' id='block_1_27' title="bbox 718 2641 2270 2721">
    <p class='ocr_par' dir='ltr' id='par_1_27' title="bbox 718 2641 2270 2721">
     <span class='ocr_line' id='line_1_27' title="bbox 718 2641 2270 2721; baseline 0.01 -29"><span class='ocrx_word' id='word_1_162' title='bbox 718 2641 944 2697; x_wconf 85' lang='lat' dir='ltr'><strong>nonicos</strong></span> <span class='ocrx_word' id='word_1_163' title='bbox 979 2642 1215 2712; x_wconf 82' lang='lat' dir='ltr'><strong>cujusvis</strong></span> <span class='ocrx_word' id='word_1_164' title='bbox 1250 2645 1473 2700; x_wconf 78' lang='lat' dir='ltr'><strong>alterius</strong></span> <span class='ocrx_word' id='word_1_165' title='bbox 1507 2647 1748 2702; x_wconf 71' lang='lat' dir='ltr'><strong>ecclesia:</strong></span> <span class='ocrx_word' id='word_1_166' title='bbox 1780 2650 2075 2721; x_wconf 65' lang='lat' dir='ltr'><strong>collegiate</strong></span> <span class='ocrx_word' id='word_1_167' title='bbox 2107 2657 2159 2708; x_wconf 91' lang='lat' dir='ltr'><strong>iu</strong></span> <span class='ocrx_word' id='word_1_168' title='bbox 2190 2653 2270 2708; x_wconf 83' lang='lat' dir='ltr'><strong>ci-</strong></span> 
     </span>
    </p>
   </div>
   <div class='ocr_carea' id='block_1_28' title="bbox 715 2732 2264 2813">
    <p class='ocr_par' dir='ltr' id='par_1_28' title="bbox 715 2732 2264 2813">
     <span class='ocr_line' id='line_1_28' title="bbox 715 2732 2264 2813; baseline 0.014 -34"><span class='ocrx_word' id='word_1_169' title='bbox 715 2732 900 2795; x_wconf 82' lang='lat' dir='ltr'><strong>vitate,</strong></span> <span class='ocrx_word' id='word_1_170' title='bbox 934 2733 1017 2787; x_wconf 90' lang='lat' dir='ltr'><strong>vel</strong></span> <span class='ocrx_word' id='word_1_171' title='bbox 1074 2734 1297 2790; x_wconf 77' lang='lat' dir='ltr'><strong>dimeesi</strong></span> <span class='ocrx_word' id='word_1_172' title='bbox 1348 2735 1553 2807; x_wconf 74' lang='lat' dir='ltr'><strong>Regina</strong></span> <span class='ocrx_word' id='word_1_173' title='bbox 1586 2737 1891 2795; x_wconf 71' lang='lat' dir='ltr'><strong>constitutae</strong></span> <span class='ocrx_word' id='word_1_174' title='bbox 1930 2742 2008 2796; x_wconf 91' lang='lat' dir='ltr'><strong>uti</strong></span> <span class='ocrx_word' id='word_1_175' title='bbox 2054 2743 2264 2813; x_wconf 88' lang='lat' dir='ltr'><strong>debeat,</strong></span> 
     </span>
    </p>
   </div>
   <div class='ocr_carea' id='block_1_29' title="bbox 715 2822 2262 2902">
    <p class='ocr_par' dir='ltr' id='par_1_29' title="bbox 715 2822 2262 2902">
     <span class='ocr_line' id='line_1_29' title="bbox 715 2822 2262 2902; baseline 0.01 -29"><span class='ocrx_word' id='word_1_176' title='bbox 715 2822 910 2889; x_wconf 89' lang='lat' dir='ltr'><strong>possit,</strong></span> <span class='ocrx_word' id='word_1_177' title='bbox 942 2822 1026 2877; x_wconf 87' lang='lat' dir='ltr'><strong>vel</strong></span> <span class='ocrx_word' id='word_1_178' title='bbox 1053 2832 1344 2893; x_wconf 68' lang='lat' dir='ltr'><strong>praesumat</strong></span> <span class='ocrx_word' id='word_1_179' title='bbox 1370 2826 1661 2896; x_wconf 82' lang='lat' dir='ltr'><strong>aliquibus,</strong></span> <span class='ocrx_word' id='word_1_180' title='bbox 1688 2831 1775 2884; x_wconf 90' lang='lat' dir='ltr'><strong>vel</strong></span> <span class='ocrx_word' id='word_1_181' title='bbox 1814 2831 1994 2902; x_wconf 88' lang='lat' dir='ltr'><strong>aliqua</strong></span> <span class='ocrx_word' id='word_1_182' title='bbox 2024 2832 2262 2902; x_wconf 88' lang='lat' dir='ltr'><strong>almutia,</strong></span> 
     </span>
    </p>
   </div>
   <div class='ocr_carea' id='block_1_30' title="bbox 686 2913 2264 2991">
    <p class='ocr_par' dir='ltr' id='par_1_30' title="bbox 686 2913 2264 2991">
     <span class='ocr_line' id='line_1_30' title="bbox 686 2913 2264 2991; baseline 0.01 -26"><span class='ocrx_word' id='word_1_183' title='bbox 686 2964 691 2971; x_wconf 85' lang='grc'><em>,</em></span> <span class='ocrx_word' id='word_1_184' title='bbox 715 2913 801 2967; x_wconf 88' lang='lat' dir='ltr'><strong>vel</strong></span> <span class='ocrx_word' id='word_1_185' title='bbox 829 2914 1067 2970; x_wconf 86' lang='lat' dir='ltr'><strong>alinutiis</strong></span> <span class='ocrx_word' id='word_1_186' title='bbox 1081 2916 1240 2971; x_wconf 87' lang='lat' dir='ltr'><strong>simili</strong></span> <span class='ocrx_word' id='word_1_187' title='bbox 1260 2917 1339 2972; x_wconf 88' lang='lat' dir='ltr'><strong>vel</strong></span> <span class='ocrx_word' id='word_1_188' title='bbox 1366 2918 1649 2985; x_wconf 85' lang='lat' dir='ltr'><strong>similibus,</strong></span> <span class='ocrx_word' id='word_1_189' title='bbox 1670 2920 1912 2991; x_wconf 73' lang='lat' dir='ltr'><strong>dissimili</strong></span> <span class='ocrx_word' id='word_1_190' title='bbox 1938 2924 2018 2978; x_wconf 82' lang='lat' dir='ltr'><strong>vel</strong></span> <span class='ocrx_word' id='word_1_191' title='bbox 2033 2923 2264 2988; x_wconf 82' lang='lat' dir='ltr'><strong>dissimi-</strong></span> 
     </span>
    </p>
   </div>
   <div class='ocr_carea' id='block_1_31' title="bbox 714 2998 2263 3072">
    <p class='ocr_par' dir='ltr' id='par_1_31' title="bbox 714 2998 2263 3072">
     <span class='ocr_line' id='line_1_31' title="bbox 714 2998 2263 3072; baseline 0.011 -20"><span class='ocrx_word' id='word_1_192' title='bbox 714 2998 856 3055; x_wconf 74' lang='lat' dir='ltr'><strong>libus</strong></span> <span class='ocrx_word' id='word_1_193' title='bbox 881 3003 979 3055; x_wconf 89' lang='lat' dir='ltr'><strong>sub</strong></span> <span class='ocrx_word' id='word_1_194' title='bbox 1017 3017 1173 3072; x_wconf 70' lang='lat' dir='ltr'><strong>pretia</strong></span> <span class='ocrx_word' id='word_1_195' title='bbox 1198 3007 1773 3065; x_wconf 79' lang='lat' dir='ltr'><strong>excommunicationis</strong></span> <span class='ocrx_word' id='word_1_196' title='bbox 1803 3020 1857 3065; x_wconf 90' lang='lat' dir='ltr'><strong>et</strong></span> <span class='ocrx_word' id='word_1_197' title='bbox 1882 3012 2263 3069; x_wconf 76' lang='lat' dir='ltr'><strong>beneﬁciorum</strong></span> 
     </span>
    </p>
   </div>
   <div class='ocr_carea' id='block_1_32' title="bbox 717 3090 2267 3169">
    <p class='ocr_par' dir='ltr' id='par_1_32' title="bbox 717 3090 2267 3169">
     <span class='ocr_line' id='line_1_32' title="bbox 717 3090 2267 3169; baseline 0.01 -28"><span class='ocrx_word' id='word_1_198' title='bbox 717 3090 1051 3156; x_wconf 78' lang='lat' dir='ltr'><strong>privationis.</strong></span> <span class='ocrx_word' id='word_1_199' title='bbox 1072 3093 1305 3163; x_wconf 85' lang='lat' dir='ltr'><strong>proutin</strong></span> <span class='ocrx_word' id='word_1_200' title='bbox 1335 3095 1493 3149; x_wconf 90' lang='lat' dir='ltr'><strong>dictis</strong></span> <span class='ocrx_word' id='word_1_201' title='bbox 1512 3098 1986 3154; x_wconf 80' lang='lat' dir='ltr'><strong>constitutionibus</strong></span> <span class='ocrx_word' id='word_1_202' title='bbox 2013 3115 2147 3169; x_wconf 89' lang='lat' dir='ltr'><strong>quas</strong></span> <span class='ocrx_word' id='word_1_203' title='bbox 2178 3104 2267 3157; x_wconf 90' lang='lat' dir='ltr'><strong>hic</strong></span> 
     </span>
    </p>
   </div>
   <div class='ocr_carea' id='block_1_33' title="bbox 717 3182 2262 3251">
    <p class='ocr_par' dir='ltr' id='par_1_33' title="bbox 717 3182 2262 3251">
     <span class='ocr_line' id='line_1_33' title="bbox 717 3182 2262 3251; baseline 0.01 -21"><span class='ocrx_word' id='word_1_204' title='bbox 717 3193 815 3247; x_wconf 93' lang='lat' dir='ltr'><strong>pro</strong></span> <span class='ocrx_word' id='word_1_205' title='bbox 870 3182 1141 3251; x_wconf 77' lang='lat' dir='ltr'><strong>expressis</strong></span> <span class='ocrx_word' id='word_1_206' title='bbox 1194 3183 1380 3237; x_wconf 87' lang='lat' dir='ltr'><strong>haberi</strong></span> <span class='ocrx_word' id='word_1_207' title='bbox 1420 3185 1688 3249; x_wconf 76' lang='lat' dir='ltr'><strong>v‘olumus,</strong></span> <span class='ocrx_word' id='word_1_208' title='bbox 1720 3186 1881 3243; x_wconf 87' lang='lat' dir='ltr'><strong>latius</strong></span> <span class='ocrx_word' id='word_1_209' title='bbox 1937 3192 2262 3245; x_wconf 87' lang='lat' dir='ltr'><strong>continetur.</strong></span> 
     </span>
    </p>
   </div>
   <div class='ocr_carea' id='block_1_34' title="bbox 715 3269 2267 3346">
    <p class='ocr_par' dir='ltr' id='par_1_34' title="bbox 715 3269 2267 3346">
     <span class='ocr_line' id='line_1_34' title="bbox 715 3269 2267 3346; baseline 0.01 -26"><span class='ocrx_word' id='word_1_210' title='bbox 715 3269 896 3334; x_wconf 81' lang='lat' dir='ltr'><strong>Quare</strong></span> <span class='ocrx_word' id='word_1_211' title='bbox 927 3284 1023 3340; x_wconf 90' lang='lat' dir='ltr'><strong>pro</strong></span> <span class='ocrx_word' id='word_1_212' title='bbox 1052 3280 1206 3340; x_wconf 88' lang='lat' dir='ltr'><strong>parte</strong></span> <span class='ocrx_word' id='word_1_213' title='bbox 1260 3281 1436 3327; x_wconf 79' lang='lat' dir='ltr'><strong>vestra</strong></span> <span class='ocrx_word' id='word_1_214' title='bbox 1495 3285 1553 3328; x_wconf 88' lang='lat' dir='ltr'><strong>et</strong></span> <span class='ocrx_word' id='word_1_215' title='bbox 1602 3275 1820 3343; x_wconf 84' lang='lat' dir='ltr'><strong>capituli</strong></span> <span class='ocrx_word' id='word_1_216' title='bbox 1869 3277 2078 3346; x_wconf 68' lang='lat' dir='ltr'><strong>praiati</strong></span> <span class='ocrx_word' id='word_1_217' title='bbox 2114 3282 2267 3338; x_wconf 88' lang='lat' dir='ltr'><strong>nobis</strong></span> 
     </span>
    </p>
   </div>
   <div class='ocr_carea' id='block_1_35' title="bbox 716 3360 2265 3434">
    <p class='ocr_par' dir='ltr' id='par_1_35' title="bbox 716 3360 2265 3434">
     <span class='ocr_line' id='line_1_35' title="bbox 716 3360 2265 3434; baseline 0.008 -20"><span class='ocrx_word' id='word_1_218' title='bbox 716 3361 1070 3428; x_wconf 84' lang='lat' dir='ltr'><strong>supplicatum</strong></span> <span class='ocrx_word' id='word_1_219' title='bbox 1093 3360 1215 3427; x_wconf 78' lang='lat' dir='ltr'><strong>fuit,</strong></span> <span class='ocrx_word' id='word_1_220' title='bbox 1244 3369 1504 3431; x_wconf 86' lang='lat' dir='ltr'><strong>quatenus</strong></span> <span class='ocrx_word' id='word_1_221' title='bbox 1525 3378 1624 3433; x_wconf 89' lang='lat' dir='ltr'><strong>pro</strong></span> <span class='ocrx_word' id='word_1_222' title='bbox 1648 3366 1899 3421; x_wconf 86' lang='lat' dir='ltr'><strong>validiori</strong></span> <span class='ocrx_word' id='word_1_223' title='bbox 1918 3369 2265 3434; x_wconf 80' lang='lat' dir='ltr'><strong>subsistentia</strong></span> 
     </span>
    </p>
   </div>
   <div class='ocr_carea' id='block_1_36' title="bbox 713 3452 2268 3533">
    <p class='ocr_par' dir='ltr' id='par_1_36' title="bbox 713 3452 2268 3533">
     <span class='ocr_line' id='line_1_36' title="bbox 713 3452 2268 3533; baseline 0.008 -26"><span class='ocrx_word' id='word_1_224' title='bbox 713 3452 1189 3508; x_wconf 77' lang='lat' dir='ltr'><strong>constitutionibus</strong></span> <span class='ocrx_word' id='word_1_225' title='bbox 1218 3453 1506 3522; x_wconf 69' lang='lat' dir='ltr'><strong>praedictis,</strong></span> <span class='ocrx_word' id='word_1_226' title='bbox 1543 3470 1605 3511; x_wconf 89' lang='lat' dir='ltr'><strong>ac</strong></span> <span class='ocrx_word' id='word_1_227' title='bbox 1644 3458 1895 3513; x_wconf 89' lang='lat' dir='ltr'><strong>omnibus</strong></span> <span class='ocrx_word' id='word_1_228' title='bbox 1942 3469 1995 3513; x_wconf 90' lang='lat' dir='ltr'><strong>et</strong></span> <span class='ocrx_word' id='word_1_229' title='bbox 2040 3463 2268 3533; x_wconf 76' lang='lat' dir='ltr'><strong>singulis</strong></span> 
     </span>
    </p>
   </div>
   <div class='ocr_carea' id='block_1_37' title="bbox 713 3543 2268 3609">
    <p class='ocr_par' dir='ltr' id='par_1_37' title="bbox 713 3543 2268 3609">
     <span class='ocr_line' id='line_1_37' title="bbox 713 3543 2268 3609; baseline 0.009 -14"><span class='ocrx_word' id='word_1_230' title='bbox 713 3543 979 3597; x_wconf 86' lang='lat' dir='ltr'><strong>contentis</strong></span> <span class='ocrx_word' id='word_1_231' title='bbox 1008 3546 1059 3599; x_wconf 90' lang='lat' dir='ltr'><strong>in</strong></span> <span class='ocrx_word' id='word_1_232' title='bbox 1082 3544 1236 3600; x_wconf 86' lang='lat' dir='ltr'><strong>dictis</strong></span> <span class='ocrx_word' id='word_1_233' title='bbox 1252 3548 1728 3604; x_wconf 84' lang='lat' dir='ltr'><strong>constitutionibus</strong></span> <span class='ocrx_word' id='word_1_234' title='bbox 1746 3560 1949 3605; x_wconf 66' lang='lat' dir='ltr'><strong>nostra</strong></span> <span class='ocrx_word' id='word_1_235' title='bbox 1977 3554 2268 3609; x_wconf 82' lang='lat' dir='ltr'><strong>conﬁrma-</strong></span> 
     </span>
    </p>
   </div>
   <div class='ocr_carea' id='block_1_38' title="bbox 716 3634 2264 3713">
    <p class='ocr_par' dir='ltr' id='par_1_38' title="bbox 716 3634 2264 3713">
     <span class='ocr_line' id='line_1_38' title="bbox 716 3634 2264 3713; baseline 0.007 -25"><span class='ocrx_word' id='word_1_236' title='bbox 716 3634 880 3688; x_wconf 88' lang='lat' dir='ltr'><strong>tionis</strong></span> <span class='ocrx_word' id='word_1_237' title='bbox 900 3636 1061 3689; x_wconf 90' lang='lat' dir='ltr'><strong>robur</strong></span> <span class='ocrx_word' id='word_1_238' title='bbox 1079 3634 1313 3704; x_wconf 85' lang='lat' dir='ltr'><strong>adiicere</strong></span> <span class='ocrx_word' id='word_1_239' title='bbox 1341 3634 1703 3707; x_wconf 86' lang='lat' dir='ltr'><strong>dignaremur,</strong></span> <span class='ocrx_word' id='word_1_240' title='bbox 1725 3654 1941 3695; x_wconf 88' lang='lat' dir='ltr'><strong>omnem</strong></span> <span class='ocrx_word' id='word_1_241' title='bbox 1968 3641 2264 3713; x_wconf 87' lang='lat' dir='ltr'><strong>supplendo</strong></span> 
     </span>
    </p>
   </div>
   <div class='ocr_carea' id='block_1_39' title="bbox 715 3715 2265 3795">
    <p class='ocr_par' dir='ltr' id='par_1_39' title="bbox 715 3715 2265 3795">
     <span class='ocr_line' id='line_1_39' title="bbox 715 3715 2265 3795; baseline 0.008 -15"><span class='ocrx_word' id='word_1_242' title='bbox 715 3727 1006 3791; x_wconf 81' lang='lat' dir='ltr'><strong>defectum,</strong></span> <span class='ocrx_word' id='word_1_243' title='bbox 1036 3728 1078 3782; x_wconf 90' lang='lat' dir='ltr'><strong>si</strong></span> <span class='ocrx_word' id='word_1_244' title='bbox 1104 3728 1226 3795; x_wconf 83' lang='lat' dir='ltr'><strong>quis</strong></span> <span class='ocrx_word' id='word_1_245' title='bbox 1260 3729 1438 3783; x_wconf 78' lang='lat' dir='ltr'><strong>forsan</strong></span> <span class='ocrx_word' id='word_1_246' title='bbox 1462 3730 1814 3785; x_wconf 77' lang='lat' dir='ltr'><strong>intervenerit</strong></span> <span class='ocrx_word' id='word_1_247' title='bbox 1848 3733 1900 3786; x_wconf 92' lang='lat' dir='ltr'><strong>in</strong></span> <span class='ocrx_word' id='word_1_248' title='bbox 1922 3715 2265 3792; x_wconf 75' lang='lat' dir='ltr'><strong>eisdein.Nos</strong></span> 
     </span>
    </p>
   </div>
   <div class='ocr_carea' id='block_1_40' title="bbox 713 3818 2266 3895">
    <p class='ocr_par' dir='ltr' id='par_1_40' title="bbox 713 3818 2266 3895">
     <span class='ocr_line' id='line_1_40' title="bbox 713 3818 2266 3895; baseline 0.008 -27"><span class='ocrx_word' id='word_1_249' title='bbox 713 3832 842 3883; x_wconf 83' lang='lat' dir='ltr'><strong>ergo</strong></span> <span class='ocrx_word' id='word_1_250' title='bbox 865 3818 1057 3872; x_wconf 80' lang='lat' dir='ltr'><strong>vestris</strong></span> <span class='ocrx_word' id='word_1_251' title='bbox 1076 3828 1126 3871; x_wconf 88' lang='lat' dir='ltr'><strong>et</strong></span> <span class='ocrx_word' id='word_1_252' title='bbox 1152 3820 1367 3886; x_wconf 91' lang='lat' dir='ltr'><strong>capituli</strong></span> <span class='ocrx_word' id='word_1_253' title='bbox 1394 3820 1631 3887; x_wconf 66' lang='lat' dir='ltr'><strong>praedicti</strong></span> <span class='ocrx_word' id='word_1_254' title='bbox 1664 3822 1717 3874; x_wconf 92' lang='lat' dir='ltr'><strong>in</strong></span> <span class='ocrx_word' id='word_1_255' title='bbox 1757 3823 1859 3877; x_wconf 89' lang='lat' dir='ltr'><strong>hac</strong></span> <span class='ocrx_word' id='word_1_256' title='bbox 1886 3832 2034 3892; x_wconf 88' lang='lat' dir='ltr'><strong>parte</strong></span> <span class='ocrx_word' id='word_1_257' title='bbox 2060 3828 2266 3895; x_wconf 79' lang='lat' dir='ltr'><strong>suppli-</strong></span> 
     </span>
    </p>
   </div>
   <div class='ocr_carea' id='block_1_41' title="bbox 714 3898 2262 3982">
    <p class='ocr_par' dir='ltr' id='par_1_41' title="bbox 714 3898 2262 3982">
     <span class='ocr_line' id='line_1_41' title="bbox 714 3898 2262 3982; baseline 0.006 -21"><span class='ocrx_word' id='word_1_258' title='bbox 714 3908 1310 3977; x_wconf 67' lang='lat' dir='ltr'><strong>cationibusyquautom</strong></span> <span class='ocrx_word' id='word_1_259' title='bbox 1343 3922 1465 3962; x_wconf 89' lang='lat' dir='ltr'><strong>cum</strong></span> <span class='ocrx_word' id='word_1_260' title='bbox 1486 3909 1593 3964; x_wconf 88' lang='lat' dir='ltr'><strong>Deo</strong></span> <span class='ocrx_word' id='word_1_261' title='bbox 1612 3898 2262 3982; x_wconf 38' lang='lat' dir='ltr'><strong>pessumum-annuente»</strong></span> 
     </span>
    </p>
   </div>
   <div class='ocr_carea' id='block_1_42' title="bbox 715 4000 2265 4072">
    <p class='ocr_par' dir='ltr' id='par_1_42' title="bbox 715 4000 2265 4072">
     <span class='ocr_line' id='line_1_42' title="bbox 715 4000 2265 4072; baseline 0.005 -20"><span class='ocrx_word' id='word_1_262' title='bbox 715 4000 1126 4055; x_wconf 86' lang='lat' dir='ltr'><strong>constitutiones</strong></span> <span class='ocrx_word' id='word_1_263' title='bbox 1180 4001 1486 4067; x_wconf 67' lang='lat' dir='ltr'><strong>praedictas;</strong></span> <span class='ocrx_word' id='word_1_264' title='bbox 1513 4014 1737 4067; x_wconf 92' lang='lat' dir='ltr'><strong>quarum</strong></span> <span class='ocrx_word' id='word_1_265' title='bbox 1769 4010 2008 4057; x_wconf 90' lang='lat' dir='ltr'><strong>tenorem</strong></span> <span class='ocrx_word' id='word_1_266' title='bbox 2050 4005 2138 4059; x_wconf 91' lang='lat' dir='ltr'><strong>hic</strong></span> <span class='ocrx_word' id='word_1_267' title='bbox 2169 4019 2265 4072; x_wconf 90' lang='lat' dir='ltr'><strong>pro</strong></span> 
     </span>
    </p>
   </div>
   <div class='ocr_carea' id='block_1_43' title="bbox 714 4088 2268 4163">
    <p class='ocr_par' dir='ltr' id='par_1_43' title="bbox 714 4088 2268 4163">
     <span class='ocr_line' id='line_1_43' title="bbox 714 4088 2268 4163; baseline 0.003 -20"><span class='ocrx_word' id='word_1_268' title='bbox 714 4105 975 4157; x_wconf 78' lang='lat' dir='ltr'><strong>expresso</strong></span> <span class='ocrx_word' id='word_1_269' title='bbox 1004 4089 1191 4142; x_wconf 85' lang='lat' dir='ltr'><strong>haberi</strong></span> <span class='ocrx_word' id='word_1_270' title='bbox 1223 4088 1491 4155; x_wconf 88' lang='lat' dir='ltr'><strong>volumus,</strong></span> <span class='ocrx_word' id='word_1_271' title='bbox 1520 4092 1808 4159; x_wconf 84' lang='lat' dir='ltr'><strong>omniaque</strong></span> <span class='ocrx_word' id='word_1_272' title='bbox 1834 4091 1939 4145; x_wconf 88' lang='lat' dir='ltr'><strong>alia</strong></span> <span class='ocrx_word' id='word_1_273' title='bbox 1977 4102 2034 4147; x_wconf 84' lang='lat' dir='ltr'><strong>et</strong></span> <span class='ocrx_word' id='word_1_274' title='bbox 2061 4094 2268 4163; x_wconf 88' lang='lat' dir='ltr'><strong>singula</strong></span> 
     </span>
    </p>
   </div>
   <div class='ocr_carea' id='block_1_44' title="bbox 718 4178 2270 4249">
    <p class='ocr_par' dir='ltr' id='par_1_44' title="bbox 718 4178 2270 4249">
     <span class='ocr_line' id='line_1_44' title="bbox 718 4178 2270 4249; baseline 0.005 -18"><span class='ocrx_word' id='word_1_275' title='bbox 718 4194 815 4249; x_wconf 89' lang='lat' dir='ltr'><strong>per</strong></span> <span class='ocrx_word' id='word_1_276' title='bbox 842 4195 958 4243; x_wconf 84' lang='lat' dir='ltr'><strong>vos,</strong></span> <span class='ocrx_word' id='word_1_277' title='bbox 983 4187 1041 4231; x_wconf 89' lang='lat' dir='ltr'><strong>ut</strong></span> <span class='ocrx_word' id='word_1_278' title='bbox 1060 4180 1361 4248; x_wconf 65' lang='lat' dir='ltr'><strong>praefertur,</strong></span> <span class='ocrx_word' id='word_1_279' title='bbox 1393 4178 1533 4233; x_wconf 85' lang='lat' dir='ltr'><strong>iacta</strong></span> <span class='ocrx_word' id='word_1_280' title='bbox 1566 4190 1623 4234; x_wconf 94' lang='lat' dir='ltr'><strong>et</strong></span> <span class='ocrx_word' id='word_1_281' title='bbox 1644 4182 1891 4235; x_wconf 89' lang='lat' dir='ltr'><strong>ordinata</strong></span> <span class='ocrx_word' id='word_1_282' title='bbox 1922 4191 2036 4237; x_wconf 87' lang='lat' dir='ltr'><strong>rata</strong></span> <span class='ocrx_word' id='word_1_283' title='bbox 2064 4183 2270 4241; x_wconf 59' lang='lat' dir='ltr'><strong>haben-</strong></span> 
     </span>
    </p>
   </div>
   <div class='ocr_carea' id='block_1_45' title="bbox 721 4272 2261 4346">
    <p class='ocr_par' dir='ltr' id='par_1_45' title="bbox 721 4272 2261 4346">
     <span class='ocr_line' id='line_1_45' title="bbox 721 4272 2261 4346; baseline 0.003 -21"><span class='ocrx_word' id='word_1_284' title='bbox 721 4284 800 4326; x_wconf 85' lang='lat' dir='ltr'><strong>tes</strong></span> <span class='ocrx_word' id='word_1_285' title='bbox 824 4283 879 4325; x_wconf 90' lang='lat' dir='ltr'><strong>et</strong></span> <span class='ocrx_word' id='word_1_286' title='bbox 899 4280 1069 4337; x_wconf 75' lang='lat' dir='ltr'><strong>grata,</strong></span> <span class='ocrx_word' id='word_1_287' title='bbox 1098 4273 1185 4324; x_wconf 90' lang='lat' dir='ltr'><strong>illa</strong></span> <span class='ocrx_word' id='word_1_288' title='bbox 1214 4272 1534 4325; x_wconf 84' lang='lat' dir='ltr'><strong>auctoritate</strong></span> <span class='ocrx_word' id='word_1_289' title='bbox 1557 4272 1847 4340; x_wconf 81' lang='lat' dir='ltr'><strong>apostolica</strong></span> <span class='ocrx_word' id='word_1_290' title='bbox 1879 4282 2079 4329; x_wconf 70' lang='lat' dir='ltr'><strong>nostra</strong></span> <span class='ocrx_word' id='word_1_291' title='bbox 2114 4276 2261 4346; x_wconf 84' lang='lat' dir='ltr'><strong>lega-_</strong></span> 
     </span>
    </p>
   </div>
   <div class='ocr_carea' id='block_1_46' title="bbox 720 4362 2266 4433">
    <p class='ocr_par' dir='ltr' id='par_1_46' title="bbox 720 4362 2266 4433">
     <span class='ocr_line' id='line_1_46' title="bbox 720 4362 2266 4433; baseline 0.003 -17"><span class='ocrx_word' id='word_1_292' title='bbox 720 4362 882 4418; x_wconf 87' lang='lat' dir='ltr'><strong>tionis</strong></span> <span class='ocrx_word' id='word_1_293' title='bbox 907 4366 1163 4431; x_wconf 88' lang='lat' dir='ltr'><strong>omnique</strong></span> <span class='ocrx_word' id='word_1_294' title='bbox 1208 4362 1309 4414; x_wconf 78' lang='lat' dir='ltr'><strong>alia</strong></span> <span class='ocrx_word' id='word_1_295' title='bbox 1337 4364 1677 4425; x_wconf 87' lang='lat' dir='ltr'><strong>auctoritate,</strong></span> <span class='ocrx_word' id='word_1_296' title='bbox 1710 4377 1815 4429; x_wconf 87' lang='lat' dir='ltr'><strong>qua</strong></span> <span class='ocrx_word' id='word_1_297' title='bbox 1844 4363 2117 4433; x_wconf 81' lang='lat' dir='ltr'><strong>fungimur</strong></span> <span class='ocrx_word' id='word_1_298' title='bbox 2138 4382 2266 4421; x_wconf 85' lang='lat' dir='ltr'><strong>con-</strong></span> 
     </span>
    </p>
   </div>
   <div class='ocr_carea' id='block_1_47' title="bbox 719 4453 2268 4527">
    <p class='ocr_par' dir='ltr' id='par_1_47' title="bbox 719 4453 2268 4527">
     <span class='ocr_line' id='line_1_47' title="bbox 719 4453 2268 4527; baseline 0.004 -19"><span class='ocrx_word' id='word_1_299' title='bbox 719 4456 1014 4519; x_wconf 83' lang='lat' dir='ltr'><strong>limiamus,</strong></span> <span class='ocrx_word' id='word_1_300' title='bbox 1028 4453 1386 4525; x_wconf 76' lang='lat' dir='ltr'><strong>approbemus</strong></span> <span class='ocrx_word' id='word_1_301' title='bbox 1404 4465 1457 4507; x_wconf 85' lang='lat' dir='ltr'><strong>et</strong></span> <span class='ocrx_word' id='word_1_302' title='bbox 1476 4455 1752 4523; x_wconf 69' lang='lat' dir='ltr'><strong>praesentis</strong></span> <span class='ocrx_word' id='word_1_303' title='bbox 1766 4456 1946 4525; x_wconf 78' lang='lat' dir='ltr'><strong>scripti</strong></span> <span class='ocrx_word' id='word_1_304' title='bbox 1971 4459 2268 4527; x_wconf 86' lang='lat' dir='ltr'><strong>patrocinio</strong></span> 
     </span>
    </p>
   </div>
   <div class='ocr_carea' id='block_1_48' title="bbox 654 4540 2269 4615">
    <p class='ocr_par' dir='ltr' id='par_1_48' title="bbox 654 4540 2269 4615">
     <span class='ocr_line' id='line_1_48' title="bbox 654 4540 2269 4615; baseline 0.007 -23"><span class='ocrx_word' id='word_1_305' title='bbox 654 4600 662 4605; x_wconf 91' lang='lat'>_</span> <span class='ocrx_word' id='word_1_306' title='bbox 720 4542 1112 4595; x_wconf 87' lang='lat' dir='ltr'><strong>communimus</strong></span> <span class='ocrx_word' id='word_1_307' title='bbox 1143 4540 1439 4610; x_wconf 89' lang='lat' dir='ltr'><strong>supplendo</strong></span> <span class='ocrx_word' id='word_1_308' title='bbox 1461 4555 1651 4596; x_wconf 88' lang='lat' dir='ltr'><strong>omnes</strong></span> <span class='ocrx_word' id='word_1_309' title='bbox 1673 4543 1936 4611; x_wconf 82' lang='lat' dir='ltr'><strong>defectus,</strong></span> <span class='ocrx_word' id='word_1_310' title='bbox 1980 4546 2024 4601; x_wconf 93' lang='lat' dir='ltr'><strong>si</strong></span> <span class='ocrx_word' id='word_1_311' title='bbox 2057 4550 2144 4615; x_wconf 86' lang='lat' dir='ltr'><strong>qui</strong></span> <span class='ocrx_word' id='word_1_312' title='bbox 2183 4549 2269 4603; x_wconf 86' lang='lat' dir='ltr'><strong>itt-</strong></span> 
     </span>
    </p>
   </div>
   <div class='ocr_carea' id='block_1_49' title="bbox 722 4632 2267 4710">
    <p class='ocr_par' dir='ltr' id='par_1_49' title="bbox 722 4632 2267 4710">
     <span class='ocr_line' id='line_1_49' title="bbox 722 4632 2267 4710; baseline 0.006 -25"><span class='ocrx_word' id='word_1_313' title='bbox 722 4634 1048 4687; x_wconf 80' lang='lat' dir='ltr'><strong>terveneriut</strong></span> <span class='ocrx_word' id='word_1_314' title='bbox 1080 4633 1131 4686; x_wconf 90' lang='lat' dir='ltr'><strong>in</strong></span> <span class='ocrx_word' id='word_1_315' title='bbox 1162 4632 1476 4702; x_wconf 75' lang='lat' dir='ltr'><strong>pra-missis,</strong></span> <span class='ocrx_word' id='word_1_316' title='bbox 1528 4633 1723 4703; x_wconf 88' lang='lat' dir='ltr'><strong>illaque</strong></span> <span class='ocrx_word' id='word_1_317' title='bbox 1756 4634 2100 4693; x_wconf 88' lang='lat' dir='ltr'><strong>decernimus</strong></span> <span class='ocrx_word' id='word_1_318' title='bbox 2146 4655 2267 4710; x_wconf 83' lang='lat' dir='ltr'><strong>per-</strong></span> 
     </span>
    </p>
   </div>
   <div class='ocr_carea' id='block_1_50' title="bbox 721 4723 2261 4795">
    <p class='ocr_par' dir='ltr' id='par_1_50' title="bbox 721 4723 2261 4795">
     <span class='ocr_line' id='line_1_50' title="bbox 721 4723 2261 4795; baseline 0.004 -18"><span class='ocrx_word' id='word_1_319' title='bbox 721 4724 899 4791; x_wconf 85' lang='lat' dir='ltr'><strong>petuis</strong></span> <span class='ocrx_word' id='word_1_320' title='bbox 948 4723 1147 4778; x_wconf 79' lang='lat' dir='ltr'><strong>futuris</strong></span> <span class='ocrx_word' id='word_1_321' title='bbox 1175 4724 1500 4791; x_wconf 88' lang='lat' dir='ltr'><strong>temporibus</strong></span> <span class='ocrx_word' id='word_1_322' title='bbox 1538 4724 1922 4781; x_wconf 89' lang='lat' dir='ltr'><strong>inviolabiliter</strong></span> <span class='ocrx_word' id='word_1_323' title='bbox 1956 4730 2261 4795; x_wconf 87' lang='lat' dir='ltr'><strong>observari,</strong></span> 
     </span>
    </p>
   </div>
   <div class='ocr_carea' id='block_1_51' title="bbox 722 4815 2269 4885">
    <p class='ocr_par' dir='ltr' id='par_1_51' title="bbox 722 4815 2269 4885">
     <span class='ocr_line' id='line_1_51' title="bbox 722 4815 2269 4885; baseline 0.007 -19"><span class='ocrx_word' id='word_1_324' title='bbox 722 4831 826 4873; x_wconf 80' lang='lat' dir='ltr'><strong>non</strong></span> <span class='ocrx_word' id='word_1_325' title='bbox 849 4815 1185 4869; x_wconf 84' lang='lat' dir='ltr'><strong>obstantibus</strong></span> <span class='ocrx_word' id='word_1_326' title='bbox 1209 4815 1621 4885; x_wconf 84' lang='lat' dir='ltr'><strong>qnibitscunque</strong></span> <span class='ocrx_word' id='word_1_327' title='bbox 1642 4819 2136 4883; x_wconf 88' lang='lat' dir='ltr'><strong>constitutionibus.</strong></span> <span class='ocrx_word' id='word_1_328' title='bbox 2160 4833 2269 4877; x_wconf 85' lang='lat' dir='ltr'><strong>sta-</strong></span> 
     </span>
    </p>
   </div>
   <div class='ocr_carea' id='block_1_52' title="bbox 722 4906 2269 4968">
    <p class='ocr_par' dir='ltr' id='par_1_52' title="bbox 722 4906 2269 4968">
     <span class='ocr_line' id='line_1_52' title="bbox 722 4906 2269 4968; baseline 0.006 -11"><span class='ocrx_word' id='word_1_329' title='bbox 722 4907 852 4957; x_wconf 86' lang='lat' dir='ltr'><strong>tutis</strong></span> <span class='ocrx_word' id='word_1_330' title='bbox 872 4914 925 4958; x_wconf 89' lang='lat' dir='ltr'><strong>et</strong></span> <span class='ocrx_word' id='word_1_331' title='bbox 942 4906 1415 4962; x_wconf 77' lang='lat' dir='ltr'><strong>consuetudinibus</strong></span> <span class='ocrx_word' id='word_1_332' title='bbox 1435 4917 1489 4962; x_wconf 89' lang='lat' dir='ltr'><strong>et</strong></span> <span class='ocrx_word' id='word_1_333' title='bbox 1508 4908 1627 4962; x_wconf 81' lang='lat' dir='ltr'><strong>aliis</strong></span> <span class='ocrx_word' id='word_1_334' title='bbox 1645 4907 1697 4961; x_wconf 89' lang='lat' dir='ltr'><strong>in</strong></span> <span class='ocrx_word' id='word_1_335' title='bbox 1713 4910 2045 4966; x_wconf 87' lang='lat' dir='ltr'><strong>contrarium</strong></span> <span class='ocrx_word' id='word_1_336' title='bbox 2070 4909 2269 4968; x_wconf 78' lang='lat' dir='ltr'><strong>iacien-</strong></span> 
     </span>
    </p>
   </div>
   <div class='ocr_carea' id='block_1_53' title="bbox 722 4995 884 5049">
    <p class='ocr_par' dir='ltr' id='par_1_53' title="bbox 722 4995 884 5049">
     <span class='ocr_line' id='line_1_53' title="bbox 722 4995 884 5049; baseline 0 0"><span class='ocrx_word' id='word_1_337' title='bbox 722 4995 884 5049; x_wconf 81' lang='lat' dir='ltr'><strong>tibus.</strong></span> 
     </span>
    </p>
   </div>
   <div class='ocr_carea' id='block_1_54' title="bbox 790 5082 1999 5151">
    <p class='ocr_par' dir='ltr' id='par_1_54' title="bbox 790 5082 1999 5151">
     <span class='ocr_line' id='line_1_54' title="bbox 790 5082 1999 5151; baseline 0.006 -15"><span class='ocrx_word' id='word_1_338' title='bbox 790 5082 979 5138; x_wconf 88' lang='lat' dir='ltr'><strong>Datom</strong></span> <span class='ocrx_word' id='word_1_339' title='bbox 1014 5085 1287 5151; x_wconf 64' lang='lat' dir='ltr'><strong>Bononia,</strong></span> <span class='ocrx_word' id='word_1_340' title='bbox 1307 5087 1392 5142; x_wconf 91' lang='lat' dir='ltr'><strong>dic</strong></span> <span class='ocrx_word' id='word_1_341' title='bbox 1422 5102 1473 5143; x_wconf 86' lang='lat' dir='ltr'><strong>vi</strong></span> <span class='ocrx_word' id='word_1_342' title='bbox 1514 5089 1819 5146; x_wconf 76' lang='lat' dir='ltr'><strong>Decembris</strong></span> <span class='ocrx_word' id='word_1_343' title='bbox 1844 5090 1999 5146; x_wconf 62' lang='lat'><strong>1552.</strong></span> 
     </span>
    </p>
   </div>
   <div class='ocr_carea' id='block_1_55' title="bbox 1442 5223 1534 5277">
    <p class='ocr_par' dir='ltr' id='par_1_55' title="bbox 1442 5223 1534 5277">
     <span class='ocr_line' id='line_1_55' title="bbox 1442 5223 1534 5277; baseline 0 0"><span class='ocrx_word' id='word_1_344' title='bbox 1442 5223 1534 5277; x_wconf 83' lang='grc' dir='ltr'><strong>ΙΙΙ.</strong></span> 
     </span>
    </p>
   </div>
   <div class='ocr_carea' id='block_1_56' title="bbox 781 5335 2269 5409">
    <p class='ocr_par' dir='ltr' id='par_1_56' title="bbox 781 5335 2269 5409">
     <span class='ocr_line' id='line_1_56' title="bbox 781 5335 2269 5409; baseline 0.004 -21"><span class='ocrx_word' id='word_1_345' title='bbox 781 5335 1095 5399; x_wconf 77' lang='lat' dir='ltr'><strong>Bcssarion,</strong></span> <span class='ocrx_word' id='word_1_346' title='bbox 1123 5344 1252 5398; x_wconf 84' lang='lat' dir='ltr'><strong>ete.,</strong></span> <span class='ocrx_word' id='word_1_347' title='bbox 1272 5338 1558 5391; x_wconf 85' lang='lat' dir='ltr'><strong>venerabili</strong></span> <span class='ocrx_word' id='word_1_348' title='bbox 1594 5341 1706 5393; x_wconf 89' lang='lat' dir='ltr'><strong>viro</strong></span> <span class='ocrx_word' id='word_1_349' title='bbox 1729 5339 2005 5409; x_wconf 79' lang='lat' dir='ltr'><strong>Sylvestro</strong></span> <span class='ocrx_word' id='word_1_350' title='bbox 2042 5339 2269 5405; x_wconf 85' lang='lat' dir='ltr'><strong>Quirino</strong></span> 
     </span>
    </p>
   </div>
   <div class='ocr_carea' id='block_1_57' title="bbox 722 5423 2268 5498">
    <p class='ocr_par' dir='ltr' id='par_1_57' title="bbox 722 5423 2268 5498">
     <span class='ocr_line' id='line_1_57' title="bbox 722 5423 2268 5498; baseline 0.006 -23"><span class='ocrx_word' id='word_1_351' title='bbox 722 5423 1048 5491; x_wconf 70' lang='lat' dir='ltr'><strong>dthnetiis,</strong></span> <span class='ocrx_word' id='word_1_352' title='bbox 1074 5429 1411 5481; x_wconf 80' lang='lat' dir='ltr'><strong>decretorum</strong></span> <span class='ocrx_word' id='word_1_353' title='bbox 1454 5432 1683 5498; x_wconf 73' lang='lat' dir='ltr'><strong>dOCiut‘i,</strong></span> <span class='ocrx_word' id='word_1_354' title='bbox 1714 5432 2149 5486; x_wconf 84' lang='lat' dir='ltr'><strong>reverendissimi</strong></span> <span class='ocrx_word' id='word_1_355' title='bbox 2172 5432 2268 5484; x_wconf 85' lang='lat' dir='ltr'><strong>do-</strong></span> 
     </span>
    </p>
   </div>
   <div class='ocr_carea' id='block_1_58' title="bbox 728 5515 2269 5587">
    <p class='ocr_par' dir='ltr' id='par_1_58' title="bbox 728 5515 2269 5587">
     <span class='ocr_line' id='line_1_58' title="bbox 728 5515 2269 5587; baseline 0.005 -21"><span class='ocrx_word' id='word_1_356' title='bbox 728 5515 858 5566; x_wconf 91' lang='lat' dir='ltr'><strong>mini</strong></span> <span class='ocrx_word' id='word_1_357' title='bbox 885 5517 1270 5587; x_wconf 75' lang='lat' dir='ltr'><strong>archiepiscopi</strong></span> <span class='ocrx_word' id='word_1_358' title='bbox 1321 5519 1653 5575; x_wconf 72' lang='lat' dir='ltr'><strong>Ravennatis</strong></span> <span class='ocrx_word' id='word_1_359' title='bbox 1702 5523 1925 5587; x_wconf 80' lang='lat' dir='ltr'><strong>vicario,</strong></span> <span class='ocrx_word' id='word_1_360' title='bbox 1947 5522 2172 5577; x_wconf 83' lang='lat' dir='ltr'><strong>salutem</strong></span> <span class='ocrx_word' id='word_1_361' title='bbox 2214 5531 2269 5577; x_wconf 86' lang='lat' dir='ltr'><strong>et</strong></span> 
     </span>
    </p>
   </div>
   <div class='ocr_carea' id='block_1_59' title="bbox 727 5608 1712 5671">
    <p class='ocr_par' dir='ltr' id='par_1_59' title="bbox 727 5608 1712 5671">
     <span class='ocr_line' id='line_1_59' title="bbox 727 5608 1712 5671; baseline 0.002 -8"><span class='ocrx_word' id='word_1_362' title='bbox 727 5608 993 5665; x_wconf 85' lang='lat' dir='ltr'><strong>sinceram</strong></span> <span class='ocrx_word' id='word_1_363' title='bbox 1024 5613 1076 5666; x_wconf 91' lang='lat' dir='ltr'><strong>in</strong></span> <span class='ocrx_word' id='word_1_364' title='bbox 1105 5612 1331 5671; x_wconf 83' lang='lat' dir='ltr'><strong>Domino</strong></span> <span class='ocrx_word' id='word_1_365' title='bbox 1366 5612 1712 5669; x_wconf 83' lang='lat' dir='ltr'><strong>charitatcm.</strong></span> 
     </span>
    </p>
   </div>
   <div class='ocr_carea' id='block_1_60' title="bbox 1962 245 2705 313">
    <p class='ocr_par' dir='ltr' id='par_1_60' title="bbox 1962 245 2705 313">
     <span class='ocr_line' id='line_1_60' title="bbox 1962 245 2705 313; baseline -0.003 -3"><span class='ocrx_word' id='word_1_366' title='bbox 1962 245 2480 313; x_wconf 78' lang='lat' dir='ltr'><strong>BESSARIONIS</strong></span> <span class='ocrx_word' id='word_1_367' title='bbox 2517 249 2705 311; x_wconf 75' lang='lat' dir='ltr'><strong>ACTA</strong></span> 
     </span>
    </p>
   </div>
   <div class='ocr_carea' id='block_1_61' title="bbox 3826 245 3940 288">
    <p class='ocr_par' dir='ltr' id='par_1_61' title="bbox 3826 245 3940 288">
     <span class='ocr_line' id='line_1_61' title="bbox 3826 245 3940 288; baseline 0 -1"><span class='ocrx_word' id='word_1_368' title='bbox 3826 245 3940 288; x_wconf 69' lang='grc' dir='ltr'><strong>(ιιι</strong></span> 
     </span>
    </p>
   </div>
   <div class='ocr_carea' id='block_1_62' title="bbox 2453 344 3947 430">
    <p class='ocr_par' dir='ltr' id='par_1_62' title="bbox 2453 344 3947 430">
     <span class='ocr_line' id='line_1_62' title="bbox 2453 344 3947 430; baseline -0.005 -16"><span class='ocrx_word' id='word_1_369' title='bbox 2453 358 2615 415; x_wconf 87' lang='lat' dir='ltr'><strong>Sedis</strong></span> <span class='ocrx_word' id='word_1_370' title='bbox 2643 344 2960 430; x_wconf 65' lang='lat' dir='ltr'><strong>apostolicae</strong></span> <span class='ocrx_word' id='word_1_371' title='bbox 2990 352 3330 425; x_wconf 86' lang='lat' dir='ltr'><strong>providentia</strong></span> <span class='ocrx_word' id='word_1_372' title='bbox 3374 352 3767 422; x_wconf 81' lang='lat' dir='ltr'><strong>circumspecta</strong></span> <span class='ocrx_word' id='word_1_373' title='bbox 3798 366 3947 407; x_wconf 75' lang='lat' dir='ltr'><strong>non-</strong></span> 
     </span>
    </p>
   </div>
   <div class='ocr_carea' id='block_1_63' title="bbox 2377 436 3944 523">
    <p class='ocr_par' dir='ltr' id='par_1_63' title="bbox 2377 436 3944 523">
     <span class='ocr_line' id='line_1_63' title="bbox 2377 436 3944 523; baseline -0.004 -17"><span class='ocrx_word' id='word_1_374' title='bbox 2377 436 2652 523; x_wconf 81' lang='lat' dir='ltr'><strong>nunquam</strong></span> <span class='ocrx_word' id='word_1_375' title='bbox 2692 455 2927 522; x_wconf 81' lang='lat' dir='ltr'><strong>rigorem</strong></span> <span class='ocrx_word' id='word_1_376' title='bbox 2948 450 3091 518; x_wconf 82' lang='lat' dir='ltr'><strong>iuris</strong></span> <span class='ocrx_word' id='word_1_377' title='bbox 3119 447 3532 505; x_wconf 87' lang='lat' dir='ltr'><strong>mansuetudine</strong></span> <span class='ocrx_word' id='word_1_378' title='bbox 3563 456 3847 513; x_wconf 81' lang='lat' dir='ltr'><strong>temperat.</strong></span> <span class='ocrx_word' id='word_1_379' title='bbox 3877 454 3944 500; x_wconf 83' lang='lat' dir='ltr'><strong>et</strong></span> 
     </span>
    </p>
   </div>
   <div class='ocr_carea' id='block_1_64' title="bbox 2376 537 3949 612">
    <p class='ocr_par' dir='ltr' id='par_1_64' title="bbox 2376 537 3949 612">
     <span class='ocr_line' id='line_1_64' title="bbox 2376 537 3949 612; baseline -0.005 -15"><span class='ocrx_word' id='word_1_380' title='bbox 2376 545 2521 612; x_wconf 86' lang='lat' dir='ltr'><strong>quod</strong></span> <span class='ocrx_word' id='word_1_381' title='bbox 2553 558 2831 599; x_wconf 89' lang='lat' dir='ltr'><strong>sacrorum</strong></span> <span class='ocrx_word' id='word_1_382' title='bbox 2864 556 3131 598; x_wconf 85' lang='lat' dir='ltr'><strong>canonum</strong></span> <span class='ocrx_word' id='word_1_383' title='bbox 3149 541 3440 610; x_wconf 82' lang='lat' dir='ltr'><strong>prohibent</strong></span> <span class='ocrx_word' id='word_1_384' title='bbox 3456 539 3699 591; x_wconf 86' lang='lat' dir='ltr'><strong>instituta</strong></span> <span class='ocrx_word' id='word_1_385' title='bbox 3722 537 3793 590; x_wconf 90' lang='lat' dir='ltr'><strong>de</strong></span> <span class='ocrx_word' id='word_1_386' title='bbox 3812 551 3949 605; x_wconf 85' lang='lat' dir='ltr'><strong>gra-</strong></span> 
     </span>
    </p>
   </div>
   <div class='ocr_carea' id='block_1_65' title="bbox 2379 634 3947 707">
    <p class='ocr_par' dir='ltr' id='par_1_65' title="bbox 2379 634 3947 707">
     <span class='ocr_line' id='line_1_65' title="bbox 2379 634 3947 707; baseline -0.005 -16"><span class='ocrx_word' id='word_1_387' title='bbox 2379 636 2452 691; x_wconf 90' lang='lat' dir='ltr'><strong>tia</strong></span> <span class='ocrx_word' id='word_1_388' title='bbox 2479 636 2830 707; x_wconf 63' lang='lat' dir='ltr'><strong>benignitatis</strong></span> <span class='ocrx_word' id='word_1_389' title='bbox 2859 634 3117 706; x_wconf 86' lang='lat' dir='ltr'><strong>indulget,</strong></span> <span class='ocrx_word' id='word_1_390' title='bbox 3151 643 3308 703; x_wconf 90' lang='lat' dir='ltr'><strong>prout</strong></span> <span class='ocrx_word' id='word_1_391' title='bbox 3334 645 3685 699; x_wconf 87' lang='lat' dir='ltr'><strong>personarum</strong></span> <span class='ocrx_word' id='word_1_392' title='bbox 3713 640 3770 684; x_wconf 86' lang='lat' dir='ltr'><strong>et</strong></span> <span class='ocrx_word' id='word_1_393' title='bbox 3801 639 3947 684; x_wconf 78' lang='lat' dir='ltr'><strong>tem-</strong></span> 
     </span>
    </p>
   </div>
   <div class='ocr_carea' id='block_1_66' title="bbox 2377 721 3947 807">
    <p class='ocr_par' dir='ltr' id='par_1_66' title="bbox 2377 721 3947 807">
     <span class='ocr_line' id='line_1_66' title="bbox 2377 721 3947 807; baseline -0.006 -25"><span class='ocrx_word' id='word_1_394' title='bbox 2377 741 2569 796; x_wconf 86' lang='lat' dir='ltr'><strong>porum</strong></span> <span class='ocrx_word' id='word_1_395' title='bbox 2590 726 2862 797; x_wconf 77' lang='lat' dir='ltr'><strong>qualitate</strong></span> <span class='ocrx_word' id='word_1_396' title='bbox 2887 735 3110 795; x_wconf 81' lang='lat' dir='ltr'><strong>pensata</strong></span> <span class='ocrx_word' id='word_1_397' title='bbox 3133 724 3187 780; x_wconf 89' lang='lat' dir='ltr'><strong>id</strong></span> <span class='ocrx_word' id='word_1_398' title='bbox 3216 724 3271 807; x_wconf 73' lang='lat' dir='ltr'><strong>in</strong></span> <span class='ocrx_word' id='word_1_399' title='bbox 3306 722 3421 778; x_wconf 92' lang='lat' dir='ltr'><strong>Deo</strong></span> <span class='ocrx_word' id='word_1_400' title='bbox 3447 721 3947 788; x_wconf 59' lang='lat' dir='ltr'><strong>salubriter&#39;expe-</strong></span> 
     </span>
    </p>
   </div>
   <div class='ocr_carea' id='block_1_67' title="bbox 2376 811 3946 889">
    <p class='ocr_par' dir='ltr' id='par_1_67' title="bbox 2376 811 3946 889">
     <span class='ocr_line' id='line_1_67' title="bbox 2376 811 3946 889; baseline -0.005 -16"><span class='ocrx_word' id='word_1_401' title='bbox 2376 818 2493 873; x_wconf 89' lang='lat' dir='ltr'><strong>dire</strong></span> <span class='ocrx_word' id='word_1_402' title='bbox 2519 818 2821 889; x_wconf 71' lang='lat' dir='ltr'><strong>cognoscit.</strong></span> <span class='ocrx_word' id='word_1_403' title='bbox 2857 816 3004 874; x_wconf 85' lang='lat' dir='ltr'><strong>Sane</strong></span> <span class='ocrx_word' id='word_1_404' title='bbox 3028 831 3092 873; x_wconf 83' lang='lat' dir='ltr'><strong>ex</strong></span> <span class='ocrx_word' id='word_1_405' title='bbox 3118 824 3271 886; x_wconf 81' lang='lat' dir='ltr'><strong>parte</strong></span> <span class='ocrx_word' id='word_1_406' title='bbox 3299 813 3677 882; x_wconf 65' lang='lat' dir='ltr'><strong>Bartholomai</strong></span> <span class='ocrx_word' id='word_1_407' title='bbox 3702 814 3770 866; x_wconf 87' lang='lat' dir='ltr'><strong>de</strong></span> <span class='ocrx_word' id='word_1_408' title='bbox 3791 811 3946 865; x_wconf 84' lang='lat' dir='ltr'><strong>Stre-</strong></span> 
     </span>
    </p>
   </div>
   <div class='ocr_carea' id='block_1_68' title="bbox 2376 900 3949 981">
    <p class='ocr_par' dir='ltr' id='par_1_68' title="bbox 2376 900 3949 981">
     <span class='ocr_line' id='line_1_68' title="bbox 2376 900 3949 981; baseline -0.007 -16"><span class='ocrx_word' id='word_1_409' title='bbox 2376 911 2605 981; x_wconf 87' lang='lat' dir='ltr'><strong>gonibus</strong></span> <span class='ocrx_word' id='word_1_410' title='bbox 2640 918 2697 964; x_wconf 89' lang='lat' dir='ltr'><strong>et</strong></span> <span class='ocrx_word' id='word_1_411' title='bbox 2730 906 2913 964; x_wconf 73' lang='lat' dir='ltr'><strong>Iariie</strong></span> <span class='ocrx_word' id='word_1_412' title='bbox 2948 907 3211 978; x_wconf 87' lang='lat' dir='ltr'><strong>Gasparis</strong></span> <span class='ocrx_word' id='word_1_413' title='bbox 3244 907 3314 962; x_wconf 91' lang='lat' dir='ltr'><strong>de</strong></span> <span class='ocrx_word' id='word_1_414' title='bbox 3360 903 3622 961; x_wconf 77' lang='lat' dir='ltr'><strong>Ianusiis</strong></span> <span class='ocrx_word' id='word_1_415' title='bbox 3648 903 3716 957; x_wconf 89' lang='lat' dir='ltr'><strong>de</strong></span> <span class='ocrx_word' id='word_1_416' title='bbox 3747 900 3949 956; x_wconf 72' lang='lat' dir='ltr'><strong>Roscia</strong></span> 
     </span>
    </p>
   </div>
   <div class='ocr_carea' id='block_1_69' title="bbox 2376 988 3946 1071">
    <p class='ocr_par' dir='ltr' id='par_1_69' title="bbox 2376 988 3946 1071">
     <span class='ocr_line' id='line_1_69' title="bbox 2376 988 3946 1071; baseline -0.008 -16"><span class='ocrx_word' id='word_1_417' title='bbox 2376 996 2619 1056; x_wconf 85' lang='lat' dir='ltr'><strong>mulieris</strong></span> <span class='ocrx_word' id='word_1_418' title='bbox 2641 1000 2931 1071; x_wconf 79' lang='lat' dir='ltr'><strong>coniugum</strong></span> <span class='ocrx_word' id='word_1_419' title='bbox 2972 988 3132 1052; x_wconf 87' lang='lat' dir='ltr'><strong>nobis</strong></span> <span class='ocrx_word' id='word_1_420' title='bbox 3160 996 3340 1071; x_wconf 83' lang='lat' dir='ltr'><strong>oblata</strong></span> <span class='ocrx_word' id='word_1_421' title='bbox 3370 992 3560 1063; x_wconf 88' lang='lat' dir='ltr'><strong>petitio</strong></span> <span class='ocrx_word' id='word_1_422' title='bbox 3601 990 3946 1050; x_wconf 79' lang='lat' dir='ltr'><strong>continebat.</strong></span> 
     </span>
    </p>
   </div>
   <div class='ocr_carea' id='block_1_70' title="bbox 2376 1078 3948 1161">
    <p class='ocr_par' dir='ltr' id='par_1_70' title="bbox 2376 1078 3948 1161">
     <span class='ocr_line' id='line_1_70' title="bbox 2376 1078 3948 1161; baseline -0.008 -17"><span class='ocrx_word' id='word_1_423' title='bbox 2376 1092 2517 1159; x_wconf 88' lang='lat' dir='ltr'><strong>quod</strong></span> <span class='ocrx_word' id='word_1_424' title='bbox 2542 1090 2643 1160; x_wconf 80' lang='lat' dir='ltr'><strong>ipsi</strong></span> <span class='ocrx_word' id='word_1_425' title='bbox 2664 1091 2754 1144; x_wconf 91' lang='lat' dir='ltr'><strong>diu</strong></span> <span class='ocrx_word' id='word_1_426' title='bbox 2771 1090 3110 1161; x_wconf 86' lang='lat' dir='ltr'><strong>ignorantes,</strong></span> <span class='ocrx_word' id='word_1_427' title='bbox 3137 1088 3352 1157; x_wconf 91' lang='lat' dir='ltr'><strong>aliquod</strong></span> <span class='ocrx_word' id='word_1_428' title='bbox 3374 1082 3826 1154; x_wconf 85' lang='lat' dir='ltr'><strong>impedimentum</strong></span> <span class='ocrx_word' id='word_1_429' title='bbox 3854 1078 3948 1132; x_wconf 77' lang='lat' dir='ltr'><strong>in-</strong></span> 
     </span>
    </p>
   </div>
   <div class='ocr_carea' id='block_1_71' title="bbox 2378 1172 3946 1248">
    <p class='ocr_par' dir='ltr' id='par_1_71' title="bbox 2378 1172 3946 1248">
     <span class='ocr_line' id='line_1_71' title="bbox 2378 1172 3946 1248; baseline -0.008 -15"><span class='ocrx_word' id='word_1_430' title='bbox 2378 1189 2461 1233; x_wconf 74' lang='lat' dir='ltr'><strong>ter</strong></span> <span class='ocrx_word' id='word_1_431' title='bbox 2487 1192 2583 1233; x_wconf 88' lang='lat' dir='ltr'><strong>eos</strong></span> <span class='ocrx_word' id='word_1_432' title='bbox 2616 1180 2879 1235; x_wconf 71' lang='lat' dir='ltr'><strong>exsistere</strong></span> <span class='ocrx_word' id='word_1_433' title='bbox 2906 1178 3199 1248; x_wconf 89' lang='lat' dir='ltr'><strong>quominus</strong></span> <span class='ocrx_word' id='word_1_434' title='bbox 3224 1183 3441 1246; x_wconf 88' lang='lat' dir='ltr'><strong>possent</strong></span> <span class='ocrx_word' id='word_1_435' title='bbox 3474 1175 3539 1227; x_wconf 89' lang='lat' dir='ltr'><strong>ad</strong></span> <span class='ocrx_word' id='word_1_436' title='bbox 3565 1172 3794 1226; x_wconf 86' lang='lat' dir='ltr'><strong>invicem</strong></span> <span class='ocrx_word' id='word_1_437' title='bbox 3826 1182 3946 1248; x_wconf 47' lang='lat' dir='ltr'><strong>tua:</strong></span> 
     </span>
    </p>
   </div>
   <div class='ocr_carea' id='block_1_72' title="bbox 2377 1263 3946 1339">
    <p class='ocr_par' dir='ltr' id='par_1_72' title="bbox 2377 1263 3946 1339">
     <span class='ocr_line' id='line_1_72' title="bbox 2377 1263 3946 1339; baseline -0.004 -19"><span class='ocrx_word' id='word_1_438' title='bbox 2377 1267 2758 1323; x_wconf 86' lang='lat' dir='ltr'><strong>trimonialiter</strong></span> <span class='ocrx_word' id='word_1_439' title='bbox 2811 1269 3077 1339; x_wconf 84' lang='lat' dir='ltr'><strong>copulari,</strong></span> <span class='ocrx_word' id='word_1_440' title='bbox 3134 1265 3545 1321; x_wconf 86' lang='lat' dir='ltr'><strong>matrimonium</strong></span> <span class='ocrx_word' id='word_1_441' title='bbox 3583 1263 3726 1317; x_wconf 81' lang='lat' dir='ltr'><strong>inter</strong></span> <span class='ocrx_word' id='word_1_442' title='bbox 3753 1275 3814 1315; x_wconf 87' lang='lat' dir='ltr'><strong>se</strong></span> <span class='ocrx_word' id='word_1_443' title='bbox 3843 1274 3946 1329; x_wconf 84' lang='lat' dir='ltr'><strong>per</strong></span> 
     </span>
    </p>
   </div>
   <div class='ocr_carea' id='block_1_73' title="bbox 2318 1350 3943 1426">
    <p class='ocr_par' dir='ltr' id='par_1_73' title="bbox 2318 1350 3943 1426">
     <span class='ocr_line' id='line_1_73' title="bbox 2318 1350 3943 1426; baseline -0.004 -17"><span class='ocrx_word' id='word_1_444' title='bbox 2318 1366 2324 1387; x_wconf 55' lang='grc' dir='ltr'><strong>ε</strong></span> <span class='ocrx_word' id='word_1_445' title='bbox 2377 1357 2537 1411; x_wconf 88' lang='lat' dir='ltr'><strong>verba</strong></span> <span class='ocrx_word' id='word_1_446' title='bbox 2566 1360 2631 1413; x_wconf 90' lang='lat' dir='ltr'><strong>de</strong></span> <span class='ocrx_word' id='word_1_447' title='bbox 2657 1359 2908 1426; x_wconf 66' lang='lat' dir='ltr'><strong>presenti</strong></span> <span class='ocrx_word' id='word_1_448' title='bbox 2942 1358 3278 1413; x_wconf 85' lang='lat' dir='ltr'><strong>clandestine</strong></span> <span class='ocrx_word' id='word_1_449' title='bbox 3295 1361 3710 1418; x_wconf 79' lang='lat' dir='ltr'><strong>contraxerunt,</strong></span> <span class='ocrx_word' id='word_1_450' title='bbox 3733 1350 3943 1406; x_wconf 84' lang='lat' dir='ltr'><strong>carnali</strong></span> 
     </span>
    </p>
   </div>
   <div class='ocr_carea' id='block_1_74' title="bbox 2376 1441 3943 1514">
    <p class='ocr_par' dir='ltr' id='par_1_74' title="bbox 2376 1441 3943 1514">
     <span class='ocr_line' id='line_1_74' title="bbox 2376 1441 3943 1514; baseline -0.003 -14"><span class='ocrx_word' id='word_1_451' title='bbox 2376 1447 2564 1514; x_wconf 86' lang='lat' dir='ltr'><strong>copula</strong></span> <span class='ocrx_word' id='word_1_452' title='bbox 2622 1447 2765 1503; x_wconf 88' lang='lat' dir='ltr'><strong>inter</strong></span> <span class='ocrx_word' id='word_1_453' title='bbox 2796 1464 2891 1504; x_wconf 89' lang='lat' dir='ltr'><strong>eos</strong></span> <span class='ocrx_word' id='word_1_454' title='bbox 2924 1447 3167 1503; x_wconf 81' lang='lat' dir='ltr'><strong>nondum</strong></span> <span class='ocrx_word' id='word_1_455' title='bbox 3219 1446 3559 1510; x_wconf 85' lang='lat' dir='ltr'><strong>subsecuta;</strong></span> <span class='ocrx_word' id='word_1_456' title='bbox 3598 1441 3943 1511; x_wconf 82' lang='lat' dir='ltr'><strong>postmodum</strong></span> 
     </span>
    </p>
   </div>
   <div class='ocr_carea' id='block_1_75' title="bbox 2376 1535 3943 1606">
    <p class='ocr_par' dir='ltr' id='par_1_75' title="bbox 2376 1535 3943 1606">
     <span class='ocr_line' id='line_1_75' title="bbox 2376 1535 3943 1606; baseline -0.002 -20"><span class='ocrx_word' id='word_1_457' title='bbox 2376 1548 2507 1590; x_wconf 89' lang='lat' dir='ltr'><strong>vero</strong></span> <span class='ocrx_word' id='word_1_458' title='bbox 2535 1537 2603 1591; x_wconf 91' lang='lat' dir='ltr'><strong>ad</strong></span> <span class='ocrx_word' id='word_1_459' title='bbox 2637 1550 2821 1592; x_wconf 80' lang='lat' dir='ltr'><strong>earum</strong></span> <span class='ocrx_word' id='word_1_460' title='bbox 2854 1539 3099 1606; x_wconf 86' lang='lat' dir='ltr'><strong>pervenit</strong></span> <span class='ocrx_word' id='word_1_461' title='bbox 3131 1536 3379 1593; x_wconf 88' lang='lat' dir='ltr'><strong>notitiam</strong></span> <span class='ocrx_word' id='word_1_462' title='bbox 3406 1535 3549 1605; x_wconf 89' lang='lat' dir='ltr'><strong>quod</strong></span> <span class='ocrx_word' id='word_1_463' title='bbox 3578 1541 3773 1603; x_wconf 87' lang='lat' dir='ltr'><strong>quarto</strong></span> <span class='ocrx_word' id='word_1_464' title='bbox 3802 1545 3943 1585; x_wconf 61' lang='lat' dir='ltr'><strong>conc</strong></span> 
     </span>
    </p>
   </div>
   <div class='ocr_carea' id='block_1_76' title="bbox 2380 1624 3947 1696">
    <p class='ocr_par' dir='ltr' id='par_1_76' title="bbox 2380 1624 3947 1696">
     <span class='ocr_line' id='line_1_76' title="bbox 2380 1624 3947 1696; baseline -0.003 -17"><span class='ocrx_word' id='word_1_465' title='bbox 2380 1626 2765 1695; x_wconf 84' lang='lat' dir='ltr'><strong>sanguinitatis</strong></span> <span class='ocrx_word' id='word_1_466' title='bbox 2794 1630 2958 1696; x_wconf 79' lang='lat' dir='ltr'><strong>gradu</strong></span> <span class='ocrx_word' id='word_1_467' title='bbox 2990 1629 3220 1684; x_wconf 88' lang='lat' dir='ltr'><strong>invicem</strong></span> <span class='ocrx_word' id='word_1_468' title='bbox 3251 1633 3374 1681; x_wconf 89' lang='lat' dir='ltr'><strong>sunt</strong></span> <span class='ocrx_word' id='word_1_469' title='bbox 3398 1624 3696 1695; x_wconf 87' lang='lat' dir='ltr'><strong>coniuncti,</strong></span> <span class='ocrx_word' id='word_1_470' title='bbox 3718 1629 3947 1692; x_wconf 86' lang='lat' dir='ltr'><strong>propter</strong></span> 
     </span>
    </p>
   </div>
   <div class='ocr_carea' id='block_1_77' title="bbox 2378 1717 3950 1785">
    <p class='ocr_par' dir='ltr' id='par_1_77' title="bbox 2378 1717 3950 1785">
     <span class='ocr_line' id='line_1_77' title="bbox 2378 1717 3950 1785; baseline -0.003 -16"><span class='ocrx_word' id='word_1_471' title='bbox 2378 1717 2520 1784; x_wconf 89' lang='lat' dir='ltr'><strong>quod</strong></span> <span class='ocrx_word' id='word_1_472' title='bbox 2554 1718 2606 1770; x_wconf 91' lang='lat' dir='ltr'><strong>in</strong></span> <span class='ocrx_word' id='word_1_473' title='bbox 2636 1718 2943 1785; x_wconf 90' lang='lat' dir='ltr'><strong>huiusmodi</strong></span> <span class='ocrx_word' id='word_1_474' title='bbox 2978 1717 3323 1773; x_wconf 89' lang='lat' dir='ltr'><strong>matrimonio</strong></span> <span class='ocrx_word' id='word_1_475' title='bbox 3368 1729 3643 1770; x_wconf 88' lang='lat' dir='ltr'><strong>remanere</strong></span> <span class='ocrx_word' id='word_1_476' title='bbox 3671 1729 3781 1768; x_wconf 90' lang='lat' dir='ltr'><strong>non</strong></span> <span class='ocrx_word' id='word_1_477' title='bbox 3814 1726 3950 1783; x_wconf 84' lang='lat' dir='ltr'><strong>pos-</strong></span> 
     </span>
    </p>
   </div>
   <div class='ocr_carea' id='block_1_78' title="bbox 2379 1805 3945 1879">
    <p class='ocr_par' dir='ltr' id='par_1_78' title="bbox 2379 1805 3945 1879">
     <span class='ocr_line' id='line_1_78' title="bbox 2379 1805 3945 1879; baseline -0.002 -19"><span class='ocrx_word' id='word_1_478' title='bbox 2379 1815 2528 1872; x_wconf 87' lang='lat' dir='ltr'><strong>sunt,</strong></span> <span class='ocrx_word' id='word_1_479' title='bbox 2579 1810 2874 1877; x_wconf 88' lang='lat' dir='ltr'><strong>apostolica</strong></span> <span class='ocrx_word' id='word_1_480' title='bbox 2906 1824 3068 1879; x_wconf 89' lang='lat' dir='ltr'><strong>super</strong></span> <span class='ocrx_word' id='word_1_481' title='bbox 3108 1810 3211 1864; x_wconf 90' lang='lat' dir='ltr'><strong>hoc</strong></span> <span class='ocrx_word' id='word_1_482' title='bbox 3243 1822 3349 1863; x_wconf 89' lang='lat' dir='ltr'><strong>non</strong></span> <span class='ocrx_word' id='word_1_483' title='bbox 3379 1808 3598 1861; x_wconf 89' lang='lat' dir='ltr'><strong>obtenta</strong></span> <span class='ocrx_word' id='word_1_484' title='bbox 3654 1805 3945 1872; x_wconf 61' lang='lat' dir='ltr'><strong>dispensao</strong></span> 
     </span>
    </p>
   </div>
   <div class='ocr_carea' id='block_1_79' title="bbox 2382 1896 3950 1971">
    <p class='ocr_par' dir='ltr' id='par_1_79' title="bbox 2382 1896 3950 1971">
     <span class='ocr_line' id='line_1_79' title="bbox 2382 1896 3950 1971; baseline -0.003 -16"><span class='ocrx_word' id='word_1_485' title='bbox 2382 1905 2543 1958; x_wconf 88' lang='lat' dir='ltr'><strong>tione.</strong></span> <span class='ocrx_word' id='word_1_486' title='bbox 2578 1901 2637 1955; x_wconf 86' lang='lat' dir='ltr'><strong>Et</strong></span> <span class='ocrx_word' id='word_1_487' title='bbox 2690 1901 3044 1956; x_wconf 87' lang='lat' dir='ltr'><strong>sicuteadem</strong></span> <span class='ocrx_word' id='word_1_488' title='bbox 3094 1900 3284 1971; x_wconf 89' lang='lat' dir='ltr'><strong>petitio</strong></span> <span class='ocrx_word' id='word_1_489' title='bbox 3316 1896 3672 1966; x_wconf 88' lang='lat' dir='ltr'><strong>subiungebat</strong></span> <span class='ocrx_word' id='word_1_490' title='bbox 3719 1899 3767 1952; x_wconf 90' lang='lat' dir='ltr'><strong>si</strong></span> <span class='ocrx_word' id='word_1_491' title='bbox 3804 1899 3950 1951; x_wconf 88' lang='lat' dir='ltr'><strong>inter</strong></span> 
     </span>
    </p>
   </div>
   <div class='ocr_carea' id='block_1_80' title="bbox 2377 1987 3947 2059">
    <p class='ocr_par' dir='ltr' id='par_1_80' title="bbox 2377 1987 3947 2059">
     <span class='ocr_line' id='line_1_80' title="bbox 2377 1987 3947 2059; baseline -0.003 -12"><span class='ocrx_word' id='word_1_492' title='bbox 2377 1992 2826 2047; x_wconf 74' lang='lat' dir='ltr'><strong>Bartholomzeum</strong></span> <span class='ocrx_word' id='word_1_493' title='bbox 2852 2001 2908 2045; x_wconf 88' lang='lat' dir='ltr'><strong>et</strong></span> <span class='ocrx_word' id='word_1_494' title='bbox 2926 1990 3146 2046; x_wconf 70' lang='lat' dir='ltr'><strong>Mariam</strong></span> <span class='ocrx_word' id='word_1_495' title='bbox 3176 1989 3424 2059; x_wconf 68' lang='lat' dir='ltr'><strong>praelatos</strong></span> <span class='ocrx_word' id='word_1_496' title='bbox 3447 1987 3742 2042; x_wconf 84' lang='lat' dir='ltr'><strong>divortium</strong></span> <span class='ocrx_word' id='word_1_497' title='bbox 3764 1987 3947 2053; x_wconf 79' lang='lat' dir='ltr'><strong>ﬁeret,</strong></span> 
     </span>
    </p>
   </div>
   <div class='ocr_carea' id='block_1_81' title="bbox 2375 2080 3952 2149">
    <p class='ocr_par' dir='ltr' id='par_1_81' title="bbox 2375 2080 3952 2149">
     <span class='ocr_line' id='line_1_81' title="bbox 2375 2080 3952 2149; baseline -0.004 -12"><span class='ocrx_word' id='word_1_498' title='bbox 2375 2082 2762 2146; x_wconf 85' lang='lat' dir='ltr'><strong>dissensiones,</strong></span> <span class='ocrx_word' id='word_1_499' title='bbox 2788 2082 2985 2136; x_wconf 89' lang='lat' dir='ltr'><strong>damna</strong></span> <span class='ocrx_word' id='word_1_500' title='bbox 3009 2090 3064 2136; x_wconf 91' lang='lat' dir='ltr'><strong>et</strong></span> <span class='ocrx_word' id='word_1_501' title='bbox 3088 2082 3340 2136; x_wconf 79' lang='lat' dir='ltr'><strong>scandala</strong></span> <span class='ocrx_word' id='word_1_502' title='bbox 3364 2080 3504 2135; x_wconf 86' lang='lat' dir='ltr'><strong>inter</strong></span> <span class='ocrx_word' id='word_1_503' title='bbox 3529 2080 3697 2149; x_wconf 83' lang='lat' dir='ltr'><strong>ipsos,</strong></span> <span class='ocrx_word' id='word_1_504' title='bbox 3719 2093 3952 2134; x_wconf 82' lang='lat' dir='ltr'><strong>eorum—</strong></span> 
     </span>
    </p>
   </div>
   <div class='ocr_carea' id='block_1_82' title="bbox 2373 2169 3950 2243">
    <p class='ocr_par' dir='ltr' id='par_1_82' title="bbox 2373 2169 3950 2243">
     <span class='ocr_line' id='line_1_82' title="bbox 2373 2169 3950 2243; baseline -0.001 -16"><span class='ocrx_word' id='word_1_505' title='bbox 2373 2186 2479 2242; x_wconf 91' lang='lat' dir='ltr'><strong>que</strong></span> <span class='ocrx_word' id='word_1_506' title='bbox 2510 2174 2947 2243; x_wconf 86' lang='lat' dir='ltr'><strong>consanguineos</strong></span> <span class='ocrx_word' id='word_1_507' title='bbox 3000 2180 3055 2229; x_wconf 86' lang='lat' dir='ltr'><strong>et</strong></span> <span class='ocrx_word' id='word_1_508' title='bbox 3082 2173 3285 2227; x_wconf 87' lang='lat' dir='ltr'><strong>amicos</strong></span> <span class='ocrx_word' id='word_1_509' title='bbox 3316 2172 3513 2226; x_wconf 85' lang='lat' dir='ltr'><strong>exinde</strong></span> <span class='ocrx_word' id='word_1_510' title='bbox 3560 2169 3950 2225; x_wconf 83' lang='lat' dir='ltr'><strong>verosimiliter</strong></span> 
     </span>
    </p>
   </div>
   <div class='ocr_carea' id='block_1_83' title="bbox 2374 2260 3950 2332">
    <p class='ocr_par' dir='ltr' id='par_1_83' title="bbox 2374 2260 3950 2332">
     <span class='ocr_line' id='line_1_83' title="bbox 2374 2260 3950 2332; baseline 0 -17"><span class='ocrx_word' id='word_1_511' title='bbox 2374 2262 2577 2317; x_wconf 77' lang='lat' dir='ltr'><strong>exoriri</strong></span> <span class='ocrx_word' id='word_1_512' title='bbox 2639 2272 2881 2332; x_wconf 84' lang='lat' dir='ltr'><strong>possent.</strong></span> <span class='ocrx_word' id='word_1_513' title='bbox 2910 2262 3091 2328; x_wconf 85' lang='lat' dir='ltr'><strong>Quare</strong></span> <span class='ocrx_word' id='word_1_514' title='bbox 3120 2279 3215 2331; x_wconf 90' lang='lat' dir='ltr'><strong>pro</strong></span> <span class='ocrx_word' id='word_1_515' title='bbox 3262 2274 3424 2332; x_wconf 87' lang='lat' dir='ltr'><strong>parte</strong></span> <span class='ocrx_word' id='word_1_516' title='bbox 3470 2260 3857 2315; x_wconf 73' lang='lat' dir='ltr'><strong>Bartholomtei</strong></span> <span class='ocrx_word' id='word_1_517' title='bbox 3888 2270 3950 2315; x_wconf 75' lang='lat' dir='ltr'><strong>et</strong></span> 
     </span>
    </p>
   </div>
   <div class='ocr_carea' id='block_1_84' title="bbox 2374 2350 3951 2421">
    <p class='ocr_par' dir='ltr' id='par_1_84' title="bbox 2374 2350 3951 2421">
     <span class='ocr_line' id='line_1_84' title="bbox 2374 2350 3951 2421; baseline -0.001 -17"><span class='ocrx_word' id='word_1_518' title='bbox 2374 2351 2556 2406; x_wconf 69' lang='lat' dir='ltr'><strong>Mariae</strong></span> <span class='ocrx_word' id='word_1_519' title='bbox 2590 2352 2750 2408; x_wconf 90' lang='lat' dir='ltr'><strong>nobis</strong></span> <span class='ocrx_word' id='word_1_520' title='bbox 2785 2352 2887 2407; x_wconf 81' lang='lat' dir='ltr'><strong>fuit</strong></span> <span class='ocrx_word' id='word_1_521' title='bbox 2928 2352 3203 2409; x_wconf 89' lang='lat' dir='ltr'><strong>humiliter</strong></span> <span class='ocrx_word' id='word_1_522' title='bbox 3232 2353 3589 2421; x_wconf 87' lang='lat' dir='ltr'><strong>supplicatum</strong></span> <span class='ocrx_word' id='word_1_523' title='bbox 3624 2360 3681 2405; x_wconf 90' lang='lat' dir='ltr'><strong>ut</strong></span> <span class='ocrx_word' id='word_1_524' title='bbox 3717 2350 3951 2419; x_wconf 76' lang='lat' dir='ltr'><strong>ipsiset</strong></span> 
     </span>
    </p>
   </div>
   <div class='ocr_carea' id='block_1_85' title="bbox 2374 2440 3947 2511">
    <p class='ocr_par' dir='ltr' id='par_1_85' title="bbox 2374 2440 3947 2511">
     <span class='ocr_line' id='line_1_85' title="bbox 2374 2440 3947 2511; baseline -0.001 -15"><span class='ocrx_word' id='word_1_525' title='bbox 2374 2456 2560 2496; x_wconf 91' lang='lat' dir='ltr'><strong>eorum</strong></span> <span class='ocrx_word' id='word_1_526' title='bbox 2591 2442 2814 2500; x_wconf 85' lang='lat' dir='ltr'><strong>cuilibet</strong></span> <span class='ocrx_word' id='word_1_527' title='bbox 2849 2457 3014 2511; x_wconf 87' lang='lat' dir='ltr'><strong>super</strong></span> <span class='ocrx_word' id='word_1_528' title='bbox 3038 2443 3143 2498; x_wconf 88' lang='lat' dir='ltr'><strong>hoc</strong></span> <span class='ocrx_word' id='word_1_529' title='bbox 3166 2440 3251 2498; x_wconf 84' lang='lat' dir='ltr'><strong>de</strong></span> <span class='ocrx_word' id='word_1_530' title='bbox 3279 2443 3639 2499; x_wconf 83' lang='lat' dir='ltr'><strong>absolutionis</strong></span> <span class='ocrx_word' id='word_1_531' title='bbox 3672 2441 3947 2496; x_wconf 72' lang='lat' dir='ltr'><strong>beneﬁcio</strong></span> 
     </span>
    </p>
   </div>
   <div class='ocr_carea' id='block_1_86' title="bbox 2376 2530 3948 2610">
    <p class='ocr_par' dir='ltr' id='par_1_86' title="bbox 2376 2530 3948 2610">
     <span class='ocr_line' id='line_1_86' title="bbox 2376 2530 3948 2610; baseline 0 -25"><span class='ocrx_word' id='word_1_532' title='bbox 2376 2546 2405 2585; x_wconf 86' lang='lat' dir='ltr'><strong>a</strong></span> <span class='ocrx_word' id='word_1_533' title='bbox 2430 2530 2663 2603; x_wconf 73' lang='lat' dir='ltr'><strong>generali</strong></span> <span class='ocrx_word' id='word_1_534' title='bbox 2698 2534 3273 2610; x_wconf 75' lang='lat' dir='ltr'><strong>excommunicationis</strong></span> <span class='ocrx_word' id='word_1_535' title='bbox 3300 2534 3771 2601; x_wconf 87' lang='lat' dir='ltr'><strong>sententia,qnam</strong></span> <span class='ocrx_word' id='word_1_536' title='bbox 3810 2547 3948 2600; x_wconf 67' lang='lat' dir='ltr'><strong>pro.</strong></span> 
     </span>
    </p>
   </div>
   <div class='ocr_carea' id='block_1_87' title="bbox 2373 2623 3946 2693">
    <p class='ocr_par' dir='ltr' id='par_1_87' title="bbox 2373 2623 3946 2693">
     <span class='ocr_line' id='line_1_87' title="bbox 2373 2623 3946 2693; baseline 0.002 -18"><span class='ocrx_word' id='word_1_537' title='bbox 2373 2629 2493 2692; x_wconf 88' lang='lat' dir='ltr'><strong>pter</strong></span> <span class='ocrx_word' id='word_1_538' title='bbox 2546 2630 2880 2678; x_wconf 88' lang='lat' dir='ltr'><strong>contractum</strong></span> <span class='ocrx_word' id='word_1_539' title='bbox 2917 2623 3249 2677; x_wconf 88' lang='lat' dir='ltr'><strong>clandestine</strong></span> <span class='ocrx_word' id='word_1_540' title='bbox 3299 2624 3702 2677; x_wconf 87' lang='lat' dir='ltr'><strong>matrimonium</strong></span> <span class='ocrx_word' id='word_1_541' title='bbox 3745 2625 3946 2693; x_wconf 83' lang='lat' dir='ltr'><strong>huius-</strong></span> 
     </span>
    </p>
   </div>
   <div class='ocr_carea' id='block_1_88' title="bbox 2373 2714 3950 2784">
    <p class='ocr_par' dir='ltr' id='par_1_88' title="bbox 2373 2714 3950 2784">
     <span class='ocr_line' id='line_1_88' title="bbox 2373 2714 3950 2784; baseline -0.001 -15"><span class='ocrx_word' id='word_1_542' title='bbox 2373 2714 2517 2769; x_wconf 87' lang='lat' dir='ltr'><strong>modi</strong></span> <span class='ocrx_word' id='word_1_543' title='bbox 2579 2714 2982 2784; x_wconf 88' lang='lat' dir='ltr'><strong>quomodolibet</strong></span> <span class='ocrx_word' id='word_1_544' title='bbox 3058 2714 3423 2781; x_wconf 88' lang='lat' dir='ltr'><strong>incurrerunt,</strong></span> <span class='ocrx_word' id='word_1_545' title='bbox 3480 2723 3534 2767; x_wconf 92' lang='lat' dir='ltr'><strong>et</strong></span> <span class='ocrx_word' id='word_1_546' title='bbox 3619 2724 3950 2782; x_wconf 62' lang='lat' dir='ltr'><strong>opportuna</strong></span> 
     </span>
    </p>
   </div>
   <div class='ocr_carea' id='block_1_89' title="bbox 2372 2804 3944 2875">
    <p class='ocr_par' dir='ltr' id='par_1_89' title="bbox 2372 2804 3944 2875">
     <span class='ocr_line' id='line_1_89' title="bbox 2372 2804 3944 2875; baseline 0.001 -17"><span class='ocrx_word' id='word_1_547' title='bbox 2372 2804 2786 2875; x_wconf 87' lang='lat' dir='ltr'><strong>dispensationis</strong></span> <span class='ocrx_word' id='word_1_548' title='bbox 2809 2806 2982 2875; x_wconf 88' lang='lat' dir='ltr'><strong>gratia</strong></span> <span class='ocrx_word' id='word_1_549' title='bbox 3002 2805 3286 2874; x_wconf 87' lang='lat' dir='ltr'><strong>providere</strong></span> <span class='ocrx_word' id='word_1_550' title='bbox 3308 2806 3374 2860; x_wconf 89' lang='lat' dir='ltr'><strong>de</strong></span> <span class='ocrx_word' id='word_1_551' title='bbox 3392 2805 3722 2873; x_wconf 71' lang='lat' dir='ltr'><strong>benignitate</strong></span> <span class='ocrx_word' id='word_1_552' title='bbox 3745 2813 3944 2859; x_wconf 76' lang='lat' dir='ltr'><strong>nostra</strong></span> 
     </span>
    </p>
   </div>
   <div class='ocr_carea' id='block_1_90' title="bbox 2371 2893 3953 2966">
    <p class='ocr_par' dir='ltr' id='par_1_90' title="bbox 2371 2893 3953 2966">
     <span class='ocr_line' id='line_1_90' title="bbox 2371 2893 3953 2966; baseline -0.003 -14"><span class='ocrx_word' id='word_1_553' title='bbox 2371 2896 2743 2966; x_wconf 88' lang='lat' dir='ltr'><strong>dignaremur.</strong></span> <span class='ocrx_word' id='word_1_554' title='bbox 2785 2895 2895 2953; x_wconf 82' lang='lat' dir='ltr'><strong>Nos</strong></span> <span class='ocrx_word' id='word_1_555' title='bbox 2944 2897 3127 2965; x_wconf 86' lang='lat' dir='ltr'><strong>itaque</strong></span> <span class='ocrx_word' id='word_1_556' title='bbox 3175 2896 3415 2964; x_wconf 85' lang='lat' dir='ltr'><strong>ipsorum</strong></span> <span class='ocrx_word' id='word_1_557' title='bbox 3454 2893 3833 2948; x_wconf 66' lang='lat' dir='ltr'><strong>Bartholomei</strong></span> <span class='ocrx_word' id='word_1_558' title='bbox 3884 2904 3953 2949; x_wconf 78' lang='lat' dir='ltr'><strong>et</strong></span> 
     </span>
    </p>
   </div>
   <div class='ocr_carea' id='block_1_91' title="bbox 2372 2982 3952 3055">
    <p class='ocr_par' dir='ltr' id='par_1_91' title="bbox 2372 2982 3952 3055">
     <span class='ocr_line' id='line_1_91' title="bbox 2372 2982 3952 3055; baseline -0.001 -16"><span class='ocrx_word' id='word_1_559' title='bbox 2372 2984 2555 3040; x_wconf 66' lang='lat' dir='ltr'><strong>Maria</strong></span> <span class='ocrx_word' id='word_1_560' title='bbox 2587 2987 2640 3040; x_wconf 92' lang='lat' dir='ltr'><strong>in</strong></span> <span class='ocrx_word' id='word_1_561' title='bbox 2691 2986 2790 3041; x_wconf 85' lang='lat' dir='ltr'><strong>hac</strong></span> <span class='ocrx_word' id='word_1_562' title='bbox 2808 2995 2967 3054; x_wconf 83' lang='lat' dir='ltr'><strong>parte</strong></span> <span class='ocrx_word' id='word_1_563' title='bbox 3003 2984 3493 3055; x_wconf 81' lang='lat' dir='ltr'><strong>supplicationibus</strong></span> <span class='ocrx_word' id='word_1_564' title='bbox 3534 2982 3800 3045; x_wconf 88' lang='lat' dir='ltr'><strong>inclinati,</strong></span> <span class='ocrx_word' id='word_1_565' title='bbox 3843 2997 3952 3037; x_wconf 82' lang='lat' dir='ltr'><strong>eo-</strong></span> 
     </span>
    </p>
   </div>
   <div class='ocr_carea' id='block_1_92' title="bbox 2371 3060 3948 3145">
    <p class='ocr_par' dir='ltr' id='par_1_92' title="bbox 2371 3060 3948 3145">
     <span class='ocr_line' id='line_1_92' title="bbox 2371 3060 3948 3145; baseline -0.002 -14"><span class='ocrx_word' id='word_1_566' title='bbox 2371 3060 2596 3145; x_wconf 83' lang='lat' dir='ltr'><strong>rumque</strong></span> <span class='ocrx_word' id='word_1_567' title='bbox 2627 3078 2933 3133; x_wconf 87' lang='lat' dir='ltr'><strong>animarum</strong></span> <span class='ocrx_word' id='word_1_568' title='bbox 2978 3078 3135 3132; x_wconf 89' lang='lat' dir='ltr'><strong>saluti</strong></span> <span class='ocrx_word' id='word_1_569' title='bbox 3190 3076 3477 3145; x_wconf 87' lang='lat' dir='ltr'><strong>providere</strong></span> <span class='ocrx_word' id='word_1_570' title='bbox 3519 3084 3574 3130; x_wconf 88' lang='lat' dir='ltr'><strong>et</strong></span> <span class='ocrx_word' id='word_1_571' title='bbox 3622 3074 3948 3144; x_wconf 77' lang='lat' dir='ltr'><strong>huiusmodi</strong></span> 
     </span>
    </p>
   </div>
   <div class='ocr_carea' id='block_1_93' title="bbox 2372 3164 3953 3235">
    <p class='ocr_par' dir='ltr' id='par_1_93' title="bbox 2372 3164 3953 3235">
     <span class='ocr_line' id='line_1_93' title="bbox 2372 3164 3953 3235; baseline -0.004 -12"><span class='ocrx_word' id='word_1_572' title='bbox 2372 3168 2804 3224; x_wconf 86' lang='lat' dir='ltr'><strong>dissensionibus</strong></span> <span class='ocrx_word' id='word_1_573' title='bbox 2832 3182 2894 3222; x_wconf 87' lang='lat' dir='ltr'><strong>ac</strong></span> <span class='ocrx_word' id='word_1_574' title='bbox 2916 3168 3202 3231; x_wconf 73' lang='lat' dir='ltr'><strong>scandulis,</strong></span> <span class='ocrx_word' id='word_1_575' title='bbox 3225 3179 3487 3235; x_wconf 81' lang='lat' dir='ltr'><strong>quantum</strong></span> <span class='ocrx_word' id='word_1_576' title='bbox 3515 3180 3638 3219; x_wconf 91' lang='lat' dir='ltr'><strong>cum</strong></span> <span class='ocrx_word' id='word_1_577' title='bbox 3665 3164 3775 3218; x_wconf 87' lang='lat' dir='ltr'><strong>Deo</strong></span> <span class='ocrx_word' id='word_1_578' title='bbox 3802 3178 3953 3231; x_wconf 86' lang='lat' dir='ltr'><strong>pos-</strong></span> 
     </span>
    </p>
   </div>
   <div class='ocr_carea' id='block_1_94' title="bbox 2373 3253 3953 3323">
    <p class='ocr_par' dir='ltr' id='par_1_94' title="bbox 2373 3253 3953 3323">
     <span class='ocr_line' id='line_1_94' title="bbox 2373 3253 3953 3323; baseline -0.001 -14"><span class='ocrx_word' id='word_1_579' title='bbox 2373 3270 2578 3321; x_wconf 89' lang='lat' dir='ltr'><strong>sumus,</strong></span> <span class='ocrx_word' id='word_1_580' title='bbox 2604 3256 2823 3310; x_wconf 89' lang='lat' dir='ltr'><strong>obviare</strong></span> <span class='ocrx_word' id='word_1_581' title='bbox 2849 3254 3111 3320; x_wconf 87' lang='lat' dir='ltr'><strong>volentes,</strong></span> <span class='ocrx_word' id='word_1_582' title='bbox 3137 3256 3202 3309; x_wconf 71' lang='grc' dir='ltr'><strong>Β.</strong></span> <span class='ocrx_word' id='word_1_583' title='bbox 3230 3254 3296 3309; x_wconf 82' lang='lat' dir='ltr'><strong>V.</strong></span> <span class='ocrx_word' id='word_1_584' title='bbox 3318 3254 3385 3312; x_wconf 89' lang='lat' dir='ltr'><strong>de</strong></span> <span class='ocrx_word' id='word_1_585' title='bbox 3414 3269 3518 3323; x_wconf 87' lang='lat' dir='ltr'><strong>qua</strong></span> <span class='ocrx_word' id='word_1_586' title='bbox 3551 3253 3602 3306; x_wconf 82' lang='lat' dir='ltr'><strong>in</strong></span> <span class='ocrx_word' id='word_1_587' title='bbox 3635 3253 3700 3306; x_wconf 89' lang='lat' dir='ltr'><strong>iis</strong></span> <span class='ocrx_word' id='word_1_588' title='bbox 3732 3262 3786 3307; x_wconf 90' lang='lat' dir='ltr'><strong>et</strong></span> <span class='ocrx_word' id='word_1_589' title='bbox 3814 3254 3953 3308; x_wconf 84' lang='lat' dir='ltr'><strong>aliis</strong></span> 
     </span>
    </p>
   </div>
   <div class='ocr_carea' id='block_1_95' title="bbox 2374 3340 3949 3419">
    <p class='ocr_par' dir='ltr' id='par_1_95' title="bbox 2374 3340 3949 3419">
     <span class='ocr_line' id='line_1_95' title="bbox 2374 3340 3949 3419; baseline 0.001 -23"><span class='ocrx_word' id='word_1_590' title='bbox 2374 3343 2585 3413; x_wconf 87' lang='lat' dir='ltr'><strong>plenam</strong></span> <span class='ocrx_word' id='word_1_591' title='bbox 2635 3344 2685 3397; x_wconf 93' lang='lat' dir='ltr'><strong>in</strong></span> <span class='ocrx_word' id='word_1_592' title='bbox 2728 3343 2958 3397; x_wconf 85' lang='lat' dir='ltr'><strong>Domino</strong></span> <span class='ocrx_word' id='word_1_593' title='bbox 2986 3342 3236 3399; x_wconf 77' lang='lat' dir='ltr'><strong>ﬁduciam</strong></span> <span class='ocrx_word' id='word_1_594' title='bbox 3267 3342 3577 3397; x_wconf 86' lang='lat' dir='ltr'><strong>obtinemus</strong></span> <span class='ocrx_word' id='word_1_595' title='bbox 3607 3340 3949 3419; x_wconf 74' lang='lat' dir='ltr'><strong>auctoritate</strong></span> 
     </span>
    </p>
   </div>
   <div class='ocr_carea' id='block_1_96' title="bbox 2373 3431 3937 3507">
    <p class='ocr_par' dir='ltr' id='par_1_96' title="bbox 2373 3431 3937 3507">
     <span class='ocr_line' id='line_1_96' title="bbox 2373 3431 3937 3507; baseline -0.002 -19"><span class='ocrx_word' id='word_1_596' title='bbox 2373 3434 2662 3504; x_wconf 86' lang='lat' dir='ltr'><strong>apostolica</strong></span> <span class='ocrx_word' id='word_1_597' title='bbox 2680 3435 2835 3490; x_wconf 88' lang='lat' dir='ltr'><strong>nobis</strong></span> <span class='ocrx_word' id='word_1_598' title='bbox 2853 3447 3131 3499; x_wconf 86' lang='lat' dir='ltr'><strong>concessa,</strong></span> <span class='ocrx_word' id='word_1_599' title='bbox 3146 3447 3250 3503; x_wconf 92' lang='lat' dir='ltr'><strong>qua</strong></span> <span class='ocrx_word' id='word_1_600' title='bbox 3276 3432 3544 3501; x_wconf 86' lang='lat' dir='ltr'><strong>iungimur</strong></span> <span class='ocrx_word' id='word_1_601' title='bbox 3560 3431 3611 3485; x_wconf 90' lang='lat' dir='ltr'><strong>in</strong></span> <span class='ocrx_word' id='word_1_602' title='bbox 3631 3432 3731 3486; x_wconf 90' lang='lat' dir='ltr'><strong>bac</strong></span> <span class='ocrx_word' id='word_1_603' title='bbox 3753 3442 3937 3507; x_wconf 58' lang='lat' dir='ltr'><strong>parte,</strong></span> 
     </span>
    </p>
   </div>
   <div class='ocr_carea' id='block_1_97' title="bbox 2374 3523 3942 3594">
    <p class='ocr_par' dir='ltr' id='par_1_97' title="bbox 2374 3523 3942 3594">
     <span class='ocr_line' id='line_1_97' title="bbox 2374 3523 3942 3594; baseline -0.001 -17"><span class='ocrx_word' id='word_1_604' title='bbox 2374 3541 2469 3594; x_wconf 90' lang='lat' dir='ltr'><strong>per</strong></span> <span class='ocrx_word' id='word_1_605' title='bbox 2497 3526 2609 3580; x_wconf 62' lang='lat' dir='ltr'><strong>hac</strong></span> <span class='ocrx_word' id='word_1_606' title='bbox 2653 3527 2853 3594; x_wconf 84' lang='lat' dir='ltr'><strong>scripta</strong></span> <span class='ocrx_word' id='word_1_607' title='bbox 2890 3525 3303 3588; x_wconf 87' lang='lat' dir='ltr'><strong>committimus,</strong></span> <span class='ocrx_word' id='word_1_608' title='bbox 3335 3532 3387 3577; x_wconf 88' lang='lat' dir='ltr'><strong>et</strong></span> <span class='ocrx_word' id='word_1_609' title='bbox 3425 3523 3766 3586; x_wconf 88' lang='lat' dir='ltr'><strong>mandamus,</strong></span> <span class='ocrx_word' id='word_1_610' title='bbox 3794 3535 3942 3589; x_wconf 86' lang='lat' dir='ltr'><strong>qua-</strong></span> 
     </span>
    </p>
   </div>
   <div class='ocr_carea' id='block_1_98' title="bbox 2374 3615 3947 3684">
    <p class='ocr_par' dir='ltr' id='par_1_98' title="bbox 2374 3615 3947 3684">
     <span class='ocr_line' id='line_1_98' title="bbox 2374 3615 3947 3684; baseline -0.004 -11"><span class='ocrx_word' id='word_1_611' title='bbox 2374 3628 2531 3673; x_wconf 87' lang='lat' dir='ltr'><strong>tenus</strong></span> <span class='ocrx_word' id='word_1_612' title='bbox 2563 3619 2780 3673; x_wconf 89' lang='lat' dir='ltr'><strong>eosdem</strong></span> <span class='ocrx_word' id='word_1_613' title='bbox 2815 3616 3271 3673; x_wconf 69' lang='lat' dir='ltr'><strong>Bartholomaeum</strong></span> <span class='ocrx_word' id='word_1_614' title='bbox 3305 3626 3359 3671; x_wconf 92' lang='lat' dir='ltr'><strong>et</strong></span> <span class='ocrx_word' id='word_1_615' title='bbox 3390 3615 3613 3669; x_wconf 76' lang='lat' dir='ltr'><strong>Mariam</strong></span> <span class='ocrx_word' id='word_1_616' title='bbox 3650 3622 3810 3684; x_wconf 87' lang='lat' dir='ltr'><strong>atque</strong></span> <span class='ocrx_word' id='word_1_617' title='bbox 3836 3629 3947 3667; x_wconf 81' lang='lat' dir='ltr'><strong>co-</strong></span> 
     </span>
    </p>
   </div>
   <div class='ocr_carea' id='block_1_99' title="bbox 2373 3703 3946 3777">
    <p class='ocr_par' dir='ltr' id='par_1_99' title="bbox 2373 3703 3946 3777">
     <span class='ocr_line' id='line_1_99' title="bbox 2373 3703 3946 3777; baseline -0.003 -16"><span class='ocrx_word' id='word_1_618' title='bbox 2373 3723 2492 3761; x_wconf 86' lang='lat' dir='ltr'><strong>rum</strong></span> <span class='ocrx_word' id='word_1_619' title='bbox 2519 3709 2831 3776; x_wconf 85' lang='lat' dir='ltr'><strong>quemlibet,</strong></span> <span class='ocrx_word' id='word_1_620' title='bbox 2870 3709 2916 3763; x_wconf 87' lang='lat' dir='ltr'><strong>si</strong></span> <span class='ocrx_word' id='word_1_621' title='bbox 2958 3710 3071 3762; x_wconf 61' lang='lat' dir='ltr'><strong>haec</strong></span> <span class='ocrx_word' id='word_1_622' title='bbox 3099 3707 3375 3761; x_wconf 88' lang='lat' dir='ltr'><strong>humiliter</strong></span> <span class='ocrx_word' id='word_1_623' title='bbox 3406 3706 3690 3777; x_wconf 65' lang='lat' dir='ltr'><strong>petierint,</strong></span> <span class='ocrx_word' id='word_1_624' title='bbox 3726 3703 3794 3759; x_wconf 83' lang='lat' dir='ltr'><strong>ab</strong></span> <span class='ocrx_word' id='word_1_625' title='bbox 3830 3706 3946 3775; x_wconf 56' lang='lat' dir='ltr'><strong>hllf</strong></span> 
     </span>
    </p>
   </div>
   <div class='ocr_carea' id='block_1_100' title="bbox 2365 3796 3946 3865">
    <p class='ocr_par' dir='ltr' id='par_1_100' title="bbox 2365 3796 3946 3865">
     <span class='ocr_line' id='line_1_100' title="bbox 2365 3796 3946 3865; baseline 0 -15"><span class='ocrx_word' id='word_1_626' title='bbox 2365 3796 2600 3865; x_wconf 88' lang='lat' dir='ltr'><strong>jusmodi</strong></span> <span class='ocrx_word' id='word_1_627' title='bbox 2652 3797 3228 3858; x_wconf 74' lang='lat' dir='ltr'><strong>exeninmunicationis</strong></span> <span class='ocrx_word' id='word_1_628' title='bbox 3283 3798 3578 3860; x_wconf 86' lang='lat' dir='ltr'><strong>sententia,</strong></span> <span class='ocrx_word' id='word_1_629' title='bbox 3611 3798 3946 3850; x_wconf 82' lang='lat' dir='ltr'><strong>auctoritate</strong></span> 
     </span>
    </p>
   </div>
   <div class='ocr_carea' id='block_1_101' title="bbox 2371 3884 3949 3954">
    <p class='ocr_par' dir='ltr' id='par_1_101' title="bbox 2371 3884 3949 3954">
     <span class='ocr_line' id='line_1_101' title="bbox 2371 3884 3949 3954; baseline 0.001 -16"><span class='ocrx_word' id='word_1_630' title='bbox 2371 3887 2672 3954; x_wconf 86' lang='lat' dir='ltr'><strong>apostolica</strong></span> <span class='ocrx_word' id='word_1_631' title='bbox 2692 3886 2907 3954; x_wconf 68' lang='lat' dir='ltr'><strong>praelata</strong></span> <span class='ocrx_word' id='word_1_632' title='bbox 2931 3887 3222 3940; x_wconf 81' lang='lat' dir='ltr'><strong>absolvatis</strong></span> <span class='ocrx_word' id='word_1_633' title='bbox 3246 3886 3300 3939; x_wconf 86' lang='lat' dir='ltr'><strong>in</strong></span> <span class='ocrx_word' id='word_1_634' title='bbox 3325 3885 3497 3940; x_wconf 76' lang='lat' dir='ltr'><strong>forma</strong></span> <span class='ocrx_word' id='word_1_635' title='bbox 3525 3884 3781 3941; x_wconf 67' lang='lat' dir='ltr'><strong>Ecclesia!</strong></span> <span class='ocrx_word' id='word_1_636' title='bbox 3799 3899 3949 3940; x_wconf 82' lang='lat' dir='ltr'><strong>con-</strong></span> 
     </span>
    </p>
   </div>
   <div class='ocr_carea' id='block_1_102' title="bbox 2344 3975 3943 4046">
    <p class='ocr_par' dir='ltr' id='par_1_102' title="bbox 2344 3975 3943 4046">
     <span class='ocr_line' id='line_1_102' title="bbox 2344 3975 3943 4046; baseline 0.002 -17"><span class='ocrx_word' id='word_1_637' title='bbox 2344 4017 2348 4020; x_wconf 23' lang='lat'><strong>.</strong></span> <span class='ocrx_word' id='word_1_638' title='bbox 2372 3986 2547 4040; x_wconf 88' lang='lat' dir='ltr'><strong>sueta,</strong></span> <span class='ocrx_word' id='word_1_639' title='bbox 2573 3975 2835 4043; x_wconf 89' lang='lat' dir='ltr'><strong>iniunctis</strong></span> <span class='ocrx_word' id='word_1_640' title='bbox 2890 3977 3017 4030; x_wconf 90' lang='lat' dir='ltr'><strong>inde</strong></span> <span class='ocrx_word' id='word_1_641' title='bbox 3049 3989 3237 4030; x_wconf 87' lang='lat' dir='ltr'><strong>eorum</strong></span> <span class='ocrx_word' id='word_1_642' title='bbox 3258 3978 3477 4033; x_wconf 88' lang='lat' dir='ltr'><strong>cuilibet</strong></span> <span class='ocrx_word' id='word_1_643' title='bbox 3502 3993 3601 4046; x_wconf 91' lang='lat' dir='ltr'><strong>pro</strong></span> <span class='ocrx_word' id='word_1_644' title='bbox 3628 3978 3788 4032; x_wconf 87' lang='lat' dir='ltr'><strong>modo</strong></span> <span class='ocrx_word' id='word_1_645' title='bbox 3808 3980 3943 4033; x_wconf 83' lang='lat' dir='ltr'><strong>cul-</strong></span> 
     </span>
    </p>
   </div>
   <div class='ocr_carea' id='block_1_103' title="bbox 2379 4063 3947 4136">
    <p class='ocr_par' dir='ltr' id='par_1_103' title="bbox 2379 4063 3947 4136">
     <span class='ocr_line' id='line_1_103' title="bbox 2379 4063 3947 4136; baseline 0.003 -18"><span class='ocrx_word' id='word_1_646' title='bbox 2379 4080 2457 4134; x_wconf 66' lang='lat' dir='ltr'><strong>pae</strong></span> <span class='ocrx_word' id='word_1_647' title='bbox 2488 4065 2803 4132; x_wconf 74' lang='lat' dir='ltr'><strong>pmnitentia</strong></span> <span class='ocrx_word' id='word_1_648' title='bbox 2845 4063 3070 4118; x_wconf 86' lang='lat' dir='ltr'><strong>salutari</strong></span> <span class='ocrx_word' id='word_1_649' title='bbox 3105 4073 3160 4119; x_wconf 87' lang='lat' dir='ltr'><strong>et</strong></span> <span class='ocrx_word' id='word_1_650' title='bbox 3178 4065 3317 4126; x_wconf 81' lang='lat' dir='ltr'><strong>aliis.</strong></span> <span class='ocrx_word' id='word_1_651' title='bbox 3347 4082 3465 4135; x_wconf 71' lang='lat' dir='ltr'><strong>qua:</strong></span> <span class='ocrx_word' id='word_1_652' title='bbox 3490 4068 3557 4121; x_wconf 89' lang='lat' dir='ltr'><strong>de</strong></span> <span class='ocrx_word' id='word_1_653' title='bbox 3571 4068 3695 4136; x_wconf 87' lang='lat' dir='ltr'><strong>iure</strong></span> <span class='ocrx_word' id='word_1_654' title='bbox 3730 4069 3947 4123; x_wconf 85' lang='lat' dir='ltr'><strong>lueriut</strong></span> 
     </span>
    </p>
   </div>
   <div class='ocr_carea' id='block_1_104' title="bbox 2378 4154 3946 4226">
    <p class='ocr_par' dir='ltr' id='par_1_104' title="bbox 2378 4154 3946 4226">
     <span class='ocr_line' id='line_1_104' title="bbox 2378 4154 3946 4226; baseline 0.003 -18"><span class='ocrx_word' id='word_1_655' title='bbox 2378 4156 2718 4224; x_wconf 87' lang='lat' dir='ltr'><strong>iniungenda.</strong></span> <span class='ocrx_word' id='word_1_656' title='bbox 2779 4154 2997 4209; x_wconf 89' lang='lat' dir='ltr'><strong>Demum</strong></span> <span class='ocrx_word' id='word_1_657' title='bbox 3037 4156 3082 4211; x_wconf 87' lang='lat' dir='ltr'><strong>si</strong></span> <span class='ocrx_word' id='word_1_658' title='bbox 3113 4158 3184 4211; x_wconf 88' lang='lat' dir='ltr'><strong>ita</strong></span> <span class='ocrx_word' id='word_1_659' title='bbox 3214 4165 3314 4223; x_wconf 85' lang='lat' dir='ltr'><strong>est,</strong></span> <span class='ocrx_word' id='word_1_660' title='bbox 3340 4167 3395 4211; x_wconf 91' lang='lat' dir='ltr'><strong>et</strong></span> <span class='ocrx_word' id='word_1_661' title='bbox 3437 4158 3577 4211; x_wconf 79' lang='lat' dir='ltr'><strong>dicta</strong></span> <span class='ocrx_word' id='word_1_662' title='bbox 3608 4157 3771 4211; x_wconf 74' lang='lat' dir='ltr'><strong>Maria</strong></span> <span class='ocrx_word' id='word_1_663' title='bbox 3806 4175 3946 4226; x_wconf 87' lang='lat' dir='ltr'><strong>pro-</strong></span> 
     </span>
    </p>
   </div>
   <div class='ocr_carea' id='block_1_105' title="bbox 2380 4244 3943 4312">
    <p class='ocr_par' dir='ltr' id='par_1_105' title="bbox 2380 4244 3943 4312">
     <span class='ocr_line' id='line_1_105' title="bbox 2380 4244 3943 4312; baseline 0.002 -16"><span class='ocrx_word' id='word_1_664' title='bbox 2380 4253 2495 4312; x_wconf 86' lang='lat' dir='ltr'><strong>pter</strong></span> <span class='ocrx_word' id='word_1_665' title='bbox 2518 4246 2619 4298; x_wconf 89' lang='lat' dir='ltr'><strong>boc</strong></span> <span class='ocrx_word' id='word_1_666' title='bbox 2644 4256 2794 4312; x_wconf 86' lang='lat' dir='ltr'><strong>rapta</strong></span> <span class='ocrx_word' id='word_1_667' title='bbox 2821 4260 2924 4297; x_wconf 90' lang='lat' dir='ltr'><strong>non</strong></span> <span class='ocrx_word' id='word_1_668' title='bbox 2959 4244 3275 4311; x_wconf 79' lang='lat' dir='ltr'><strong>iuerit,cutn</strong></span> <span class='ocrx_word' id='word_1_669' title='bbox 3310 4246 3509 4301; x_wconf 85' lang='lat' dir='ltr'><strong>eisdem</strong></span> <span class='ocrx_word' id='word_1_670' title='bbox 3538 4244 3943 4305; x_wconf 70' lang='lat' dir='ltr'><strong>Bar-tboloma-o</strong></span> 
     </span>
    </p>
   </div>
   <div class='ocr_carea' id='block_1_106' title="bbox 2378 4334 3945 4406">
    <p class='ocr_par' dir='ltr' id='par_1_106' title="bbox 2378 4334 3945 4406">
     <span class='ocr_line' id='line_1_106' title="bbox 2378 4334 3945 4406; baseline 0.003 -17"><span class='ocrx_word' id='word_1_671' title='bbox 2378 4343 2432 4389; x_wconf 90' lang='lat' dir='ltr'><strong>et</strong></span> <span class='ocrx_word' id='word_1_672' title='bbox 2468 4334 2633 4390; x_wconf 72' lang='lat' dir='ltr'><strong>Maria</strong></span> <span class='ocrx_word' id='word_1_673' title='bbox 2668 4345 2726 4388; x_wconf 93' lang='lat' dir='ltr'><strong>ut</strong></span> <span class='ocrx_word' id='word_1_674' title='bbox 2773 4337 3156 4405; x_wconf 88' lang='lat' dir='ltr'><strong>impedimento</strong></span> <span class='ocrx_word' id='word_1_675' title='bbox 3187 4338 3364 4406; x_wconf 88' lang='lat' dir='ltr'><strong>quarti</strong></span> <span class='ocrx_word' id='word_1_676' title='bbox 3446 4337 3945 4405; x_wconf 79' lang='lat' dir='ltr'><strong>consanguinitatis</strong></span> 
     </span>
    </p>
   </div>
   <div class='ocr_carea' id='block_1_107' title="bbox 2377 4426 3946 4495">
    <p class='ocr_par' dir='ltr' id='par_1_107' title="bbox 2377 4426 3946 4495">
     <span class='ocr_line' id='line_1_107' title="bbox 2377 4426 3946 4495; baseline 0.003 -17"><span class='ocrx_word' id='word_1_677' title='bbox 2377 4428 2579 4493; x_wconf 87' lang='lat' dir='ltr'><strong>gradus</strong></span> <span class='ocrx_word' id='word_1_678' title='bbox 2610 4426 2925 4495; x_wconf 86' lang='lat' dir='ltr'><strong>huiusmodi</strong></span> <span class='ocrx_word' id='word_1_679' title='bbox 2953 4443 2983 4479; x_wconf 83' lang='grc' dir='ltr'><strong>ιι</strong></span> <span class='ocrx_word' id='word_1_680' title='bbox 3000 4441 3068 4481; x_wconf 93' lang='lat' dir='ltr'><strong>on</strong></span> <span class='ocrx_word' id='word_1_681' title='bbox 3108 4428 3375 4494; x_wconf 80' lang='lat' dir='ltr'><strong>obstante,</strong></span> <span class='ocrx_word' id='word_1_682' title='bbox 3405 4428 3457 4481; x_wconf 91' lang='lat' dir='ltr'><strong>in</strong></span> <span class='ocrx_word' id='word_1_683' title='bbox 3504 4428 3645 4483; x_wconf 89' lang='lat' dir='ltr'><strong>dicto</strong></span> <span class='ocrx_word' id='word_1_684' title='bbox 3679 4428 3758 4482; x_wconf 86' lang='lat' dir='ltr'><strong>sic</strong></span> <span class='ocrx_word' id='word_1_685' title='bbox 3790 4428 3946 4483; x_wconf 88' lang='lat' dir='ltr'><strong>inter</strong></span> 
     </span>
    </p>
   </div>
   <div class='ocr_carea' id='block_1_108' title="bbox 2375 4517 3943 4573">
    <p class='ocr_par' dir='ltr' id='par_1_108' title="bbox 2375 4517 3943 4573">
     <span class='ocr_line' id='line_1_108' title="bbox 2375 4517 3943 4573; baseline 0.003 -3"><span class='ocrx_word' id='word_1_686' title='bbox 2375 4530 2467 4570; x_wconf 87' lang='lat' dir='ltr'><strong>eos</strong></span> <span class='ocrx_word' id='word_1_687' title='bbox 2490 4526 2770 4573; x_wconf 89' lang='lat' dir='ltr'><strong>contracto</strong></span> <span class='ocrx_word' id='word_1_688' title='bbox 2800 4517 3142 4572; x_wconf 87' lang='lat' dir='ltr'><strong>matrimonio</strong></span> <span class='ocrx_word' id='word_1_689' title='bbox 3182 4532 3460 4572; x_wconf 87' lang='lat' dir='ltr'><strong>remanere</strong></span> <span class='ocrx_word' id='word_1_690' title='bbox 3486 4527 3541 4572; x_wconf 90' lang='lat' dir='ltr'><strong>et</strong></span> <span class='ocrx_word' id='word_1_691' title='bbox 3577 4518 3641 4571; x_wconf 89' lang='lat' dir='ltr'><strong>ad</strong></span> <span class='ocrx_word' id='word_1_692' title='bbox 3676 4518 3820 4572; x_wconf 86' lang='lat' dir='ltr'><strong>illius</strong></span> <span class='ocrx_word' id='word_1_693' title='bbox 3843 4534 3943 4573; x_wconf 87' lang='lat' dir='ltr'><strong>so-</strong></span> 
     </span>
    </p>
   </div>
   <div class='ocr_carea' id='block_1_109' title="bbox 2376 4608 3944 4677">
    <p class='ocr_par' dir='ltr' id='par_1_109' title="bbox 2376 4608 3944 4677">
     <span class='ocr_line' id='line_1_109' title="bbox 2376 4608 3944 4677; baseline 0.002 -16"><span class='ocrx_word' id='word_1_694' title='bbox 2376 4608 2806 4662; x_wconf 60' lang='lat' dir='ltr'><strong>lemniza‘tiouem</strong></span> <span class='ocrx_word' id='word_1_695' title='bbox 2841 4608 3229 4677; x_wconf 14' lang='lat' dir='ltr'><strong>iustarsanctze</strong></span> <span class='ocrx_word' id='word_1_696' title='bbox 3276 4610 3460 4663; x_wconf 86' lang='lat' dir='ltr'><strong>matris</strong></span> <span class='ocrx_word' id='word_1_697' title='bbox 3492 4609 3749 4664; x_wconf 66' lang='lat' dir='ltr'><strong>Ecclesia:</strong></span> <span class='ocrx_word' id='word_1_698' title='bbox 3778 4610 3944 4664; x_wconf 75' lang='lat' dir='ltr'><strong>insti-</strong></span> 
     </span>
    </p>
   </div>
   <div class='ocr_carea' id='block_1_110' title="bbox 2377 4699 3944 4769">
    <p class='ocr_par' dir='ltr' id='par_1_110' title="bbox 2377 4699 3944 4769">
     <span class='ocr_line' id='line_1_110' title="bbox 2377 4699 3944 4769; baseline 0.001 -16"><span class='ocrx_word' id='word_1_699' title='bbox 2377 4702 2637 4753; x_wconf 89' lang='lat' dir='ltr'><strong>tutionem</strong></span> <span class='ocrx_word' id='word_1_700' title='bbox 2661 4708 2715 4753; x_wconf 92' lang='lat' dir='ltr'><strong>et</strong></span> <span class='ocrx_word' id='word_1_701' title='bbox 2741 4714 2944 4753; x_wconf 89' lang='lat' dir='ltr'><strong>morem</strong></span> <span class='ocrx_word' id='word_1_702' title='bbox 2973 4701 3177 4768; x_wconf 67' lang='lat' dir='ltr'><strong>patriae,</strong></span> <span class='ocrx_word' id='word_1_703' title='bbox 3220 4702 3509 4769; x_wconf 84' lang='lat' dir='ltr'><strong>procedere</strong></span> <span class='ocrx_word' id='word_1_704' title='bbox 3558 4699 3727 4753; x_wconf 87' lang='lat' dir='ltr'><strong>libere</strong></span> <span class='ocrx_word' id='word_1_705' title='bbox 3784 4712 3840 4753; x_wconf 90' lang='lat' dir='ltr'><strong>et</strong></span> <span class='ocrx_word' id='word_1_706' title='bbox 3875 4701 3944 4754; x_wconf 84' lang='lat' dir='ltr'><strong>li—</strong></span> 
     </span>
    </p>
   </div>
   <div class='ocr_carea' id='block_1_111' title="bbox 2375 4790 3941 4859">
    <p class='ocr_par' dir='ltr' id='par_1_111' title="bbox 2375 4790 3941 4859">
     <span class='ocr_line' id='line_1_111' title="bbox 2375 4790 3941 4859; baseline 0.003 -16"><span class='ocrx_word' id='word_1_707' title='bbox 2375 4791 2491 4845; x_wconf 41' lang='lat' dir='ltr'><strong>cite&#39;</strong></span> <span class='ocrx_word' id='word_1_708' title='bbox 2516 4794 2812 4857; x_wconf 85' lang='lat' dir='ltr'><strong>possint,et</strong></span> <span class='ocrx_word' id='word_1_709' title='bbox 2841 4790 3049 4845; x_wconf 89' lang='lat' dir='ltr'><strong>valeant</strong></span> <span class='ocrx_word' id='word_1_710' title='bbox 3070 4791 3392 4845; x_wconf 85' lang='lat' dir='ltr'><strong>auctoritate</strong></span> <span class='ocrx_word' id='word_1_711' title='bbox 3421 4792 3713 4859; x_wconf 87' lang='lat' dir='ltr'><strong>apostolica</strong></span> <span class='ocrx_word' id='word_1_712' title='bbox 3732 4792 3941 4859; x_wconf 64' lang='lat' dir='ltr'><strong>pretii.</strong></span> 
     </span>
    </p>
   </div>
   <div class='ocr_carea' id='block_1_112' title="bbox 2374 4881 3939 4948">
    <p class='ocr_par' dir='ltr' id='par_1_112' title="bbox 2374 4881 3939 4948">
     <span class='ocr_line' id='line_1_112' title="bbox 2374 4881 3939 4948; baseline 0.003 -14"><span class='ocrx_word' id='word_1_713' title='bbox 2374 4890 2463 4934; x_wconf 87' lang='lat' dir='ltr'><strong>cta</strong></span> <span class='ocrx_word' id='word_1_714' title='bbox 2488 4881 2808 4947; x_wconf 83' lang='lat' dir='ltr'><strong>dispensetis</strong></span> <span class='ocrx_word' id='word_1_715' title='bbox 2830 4881 3032 4948; x_wconf 87' lang='lat' dir='ltr'><strong>prolem</strong></span> <span class='ocrx_word' id='word_1_716' title='bbox 3062 4895 3125 4934; x_wconf 77' lang='lat' dir='ltr'><strong>ex</strong></span> <span class='ocrx_word' id='word_1_717' title='bbox 3158 4882 3499 4937; x_wconf 88' lang='lat' dir='ltr'><strong>matrimonio</strong></span> <span class='ocrx_word' id='word_1_718' title='bbox 3528 4881 3939 4948; x_wconf 78' lang='lat' dir='ltr'><strong>suscipiendam</strong></span> 
     </span>
    </p>
   </div>
   <div class='ocr_carea' id='block_1_113' title="bbox 2375 4974 3935 5045">
    <p class='ocr_par' dir='ltr' id='par_1_113' title="bbox 2375 4974 3935 5045">
     <span class='ocr_line' id='line_1_113' title="bbox 2375 4974 3935 5045; baseline 0.005 -18"><span class='ocrx_word' id='word_1_719' title='bbox 2375 4974 2682 5043; x_wconf 87' lang='lat' dir='ltr'><strong>huiusmodi</strong></span> <span class='ocrx_word' id='word_1_720' title='bbox 2732 4975 3030 5044; x_wconf 85' lang='lat' dir='ltr'><strong>legitimam</strong></span> <span class='ocrx_word' id='word_1_721' title='bbox 3062 4975 3422 5031; x_wconf 80' lang='lat' dir='ltr'><strong>decernendo.</strong></span> <span class='ocrx_word' id='word_1_722' title='bbox 3452 4974 3515 5031; x_wconf 73' lang='lat' dir='ltr'><strong>In</strong></span> <span class='ocrx_word' id='word_1_723' title='bbox 3543 4991 3788 5045; x_wconf 71' lang='lat' dir='ltr'><strong>quorum,</strong></span> <span class='ocrx_word' id='word_1_724' title='bbox 3816 4988 3935 5035; x_wconf 82' lang='lat' dir='ltr'><strong>etc.</strong></span> 
     </span>
    </p>
   </div>
   <div class='ocr_carea' id='block_1_114' title="bbox 2448 5085 3373 5153">
    <p class='ocr_par' dir='ltr' id='par_1_114' title="bbox 2448 5085 3373 5153">
     <span class='ocr_line' id='line_1_114' title="bbox 2448 5085 3373 5153; baseline -0.001 -12"><span class='ocrx_word' id='word_1_725' title='bbox 2448 5090 2635 5141; x_wconf 90' lang='lat' dir='ltr'><strong>Datum</strong></span> <span class='ocrx_word' id='word_1_726' title='bbox 2659 5086 2934 5153; x_wconf 70' lang='lat' dir='ltr'><strong>Bononiae,</strong></span> <span class='ocrx_word' id='word_1_727' title='bbox 2962 5085 3034 5138; x_wconf 73' lang='grc'><strong>22</strong></span> <span class='ocrx_word' id='word_1_728' title='bbox 3059 5086 3187 5140; x_wconf 72' lang='lat' dir='ltr'><strong>Maii</strong></span> <span class='ocrx_word' id='word_1_729' title='bbox 3219 5086 3373 5140; x_wconf 66' lang='grc' dir='ltr'><strong>αδδ.</strong></span> 
     </span>
    </p>
   </div>
   <div class='ocr_carea' id='block_1_115' title="bbox 3108 5218 3195 5273">
    <p class='ocr_par' dir='ltr' id='par_1_115' title="bbox 3108 5218 3195 5273">
     <span class='ocr_line' id='line_1_115' title="bbox 3108 5218 3195 5273; baseline -0.034 1"><span class='ocrx_word' id='word_1_730' title='bbox 3108 5218 3195 5273; x_wconf 74' lang='grc' dir='ltr'><strong>ιν.</strong></span> 
     </span>
    </p>
   </div>
   <div class='ocr_carea' id='block_1_116' title="bbox 2446 5332 3942 5403">
    <p class='ocr_par' dir='ltr' id='par_1_116' title="bbox 2446 5332 3942 5403">
     <span class='ocr_line' id='line_1_116' title="bbox 2446 5332 3942 5403; baseline 0.001 -15"><span class='ocrx_word' id='word_1_731' title='bbox 2446 5335 2750 5397; x_wconf 85' lang='lat' dir='ltr'><strong>Bessarion.</strong></span> <span class='ocrx_word' id='word_1_732' title='bbox 2800 5335 3145 5387; x_wconf 85' lang='lat' dir='ltr'><strong>miseratione</strong></span> <span class='ocrx_word' id='word_1_733' title='bbox 3174 5332 3355 5387; x_wconf 88' lang='lat' dir='ltr'><strong>divina</strong></span> <span class='ocrx_word' id='word_1_734' title='bbox 3393 5335 3676 5403; x_wconf 74' lang='lat' dir='ltr'><strong>episcOpns</strong></span> <span class='ocrx_word' id='word_1_735' title='bbox 3723 5334 3942 5391; x_wconf 66' lang='lat' dir='ltr'><strong>Tusco.</strong></span> 
     </span>
    </p>
   </div>
   <div class='ocr_carea' id='block_1_117' title="bbox 2378 5424 3940 5494">
    <p class='ocr_par' dir='ltr' id='par_1_117' title="bbox 2378 5424 3940 5494">
     <span class='ocr_line' id='line_1_117' title="bbox 2378 5424 3940 5494; baseline 0.001 -14"><span class='ocrx_word' id='word_1_736' title='bbox 2378 5430 2549 5491; x_wconf 82' lang='lat' dir='ltr'><strong>latius,</strong></span> <span class='ocrx_word' id='word_1_737' title='bbox 2574 5429 2630 5479; x_wconf 71' lang='grc' dir='ltr'><strong>ὃ.</strong></span> <span class='ocrx_word' id='word_1_738' title='bbox 2650 5425 2785 5479; x_wconf 80' lang='lat' dir='ltr'><strong>R.E.</strong></span> <span class='ocrx_word' id='word_1_739' title='bbox 2809 5426 3121 5489; x_wconf 83' lang='lat' dir='ltr'><strong>cartlinalis,</strong></span> <span class='ocrx_word' id='word_1_740' title='bbox 3152 5424 3396 5479; x_wconf 66' lang='lat' dir='ltr'><strong>Nicanus</strong></span> <span class='ocrx_word' id='word_1_741' title='bbox 3414 5427 3701 5494; x_wconf 80' lang='lat' dir='ltr'><strong>vttlgariter</strong></span> <span class='ocrx_word' id='word_1_742' title='bbox 3720 5442 3940 5481; x_wconf 78' lang='lat' dir='ltr'><strong>nuncu-</strong></span> 
     </span>
    </p>
   </div>
   <div class='ocr_carea' id='block_1_118' title="bbox 2378 5517 3941 5589">
    <p class='ocr_par' dir='ltr' id='par_1_118' title="bbox 2378 5517 3941 5589">
     <span class='ocr_line' id='line_1_118' title="bbox 2378 5517 3941 5589; baseline 0.001 -18"><span class='ocrx_word' id='word_1_743' title='bbox 2378 5531 2552 5589; x_wconf 78' lang='lat' dir='ltr'><strong>patus.</strong></span> <span class='ocrx_word' id='word_1_744' title='bbox 2576 5521 2625 5569; x_wconf 91' lang='lat' dir='ltr'><strong>in</strong></span> <span class='ocrx_word' id='word_1_745' title='bbox 2644 5518 2861 5571; x_wconf 77' lang='lat' dir='ltr'><strong>civitate</strong></span> <span class='ocrx_word' id='word_1_746' title='bbox 2881 5517 3129 5570; x_wconf 72' lang='lat' dir='ltr'><strong>Bononia:</strong></span> <span class='ocrx_word' id='word_1_747' title='bbox 3160 5520 3483 5571; x_wconf 78' lang='lat' dir='ltr'><strong>exarchalus</strong></span> <span class='ocrx_word' id='word_1_748' title='bbox 3503 5518 3573 5569; x_wconf 85' lang='lat' dir='ltr'><strong>Ra</strong></span> <span class='ocrx_word' id='word_1_749' title='bbox 3585 5523 3941 5575; x_wconf 79' lang='lat' dir='ltr'><strong>vcnnatcnsis</strong></span> 
     </span>
    </p>
   </div>
   <div class='ocr_carea' id='block_1_119' title="bbox 2377 5608 3945 5678">
    <p class='ocr_par' dir='ltr' id='par_1_119' title="bbox 2377 5608 3945 5678">
     <span class='ocr_line' id='line_1_119' title="bbox 2377 5608 3945 5678; baseline -0.001 -11"><span class='ocrx_word' id='word_1_750' title='bbox 2377 5620 2431 5667; x_wconf 86' lang='lat' dir='ltr'><strong>et</strong></span> <span class='ocrx_word' id='word_1_751' title='bbox 2466 5609 2831 5665; x_wconf 64' lang='lat' dir='ltr'><strong>llomandiolir</strong></span> <span class='ocrx_word' id='word_1_752' title='bbox 2863 5609 3137 5677; x_wconf 82' lang='lat' dir='ltr'><strong>provincia</strong></span> <span class='ocrx_word' id='word_1_753' title='bbox 3190 5610 3333 5663; x_wconf 86' lang='lat' dir='ltr'><strong>sedis</strong></span> <span class='ocrx_word' id='word_1_754' title='bbox 3366 5608 3671 5678; x_wconf 71' lang='lat' dir='ltr'><strong>apostolica:</strong></span> <span class='ocrx_word' id='word_1_755' title='bbox 3726 5610 3945 5678; x_wconf 66' lang='lat' dir='ltr'><strong>legatus</strong></span> 
     </span>
    </p>
   </div>
  </div>
