4138 6328
226 263 355 305 cm

222 354 300 420 de
318 362 509 425 latere.
529 364 727 420 dilecto
761 364 869 420 tilio
888 366 1079 422 .loanni
1110 366 1385 431 Anthemi,
1409 369 1607 425 clerico
1639 368 1774 423 Par-

224 455 726 522 mensidtabitatori
760 456 936 512 Castri
969 456 1319 527 Crepalcorii,
1350 460 1575 516 salutem
1602 461 1777 516 etsiu—

222 558 408 601 ccam
438 546 493 600 in
520 545 752 601 Domino
775 546 1115 604 cbaritatem.
1640 592 1641 595 η

297 632 433 692 Vita
456 644 512 692 et
536 653 752 695 morum
772 639 1050 708 honestas,
1091 640 1304 709 aliaque
1329 641 1614 696 laudabilia
1647 654 1775 710 pro-

224 727 412 808 bitatis
438 737 493 784 et
536 728 797 785 virtutum
824 732 1035 799 merita,
1068 744 1229 800 super
1259 733 1453 803 quibus
1503 734 1643 802 apud
1678 746 1777 788 nos

225 816 337 873 Me
372 819 533 890 digno
578 812 974 890 eorumendaris
1005 822 1337 889 testimonio,l
1362 837 1462 877 nos
1490 822 1775 885 inducunt,

224 920 292 967 ut
318 910 417 968 tibi
450 912 744 972 reddantur
767 912 833 968 ad
862 910 1088 985 gratiam
1126 912 1396 979 liberales.
1422 912 1555 970 Cum
1596 916 1776 984 itaque

221 1000 388 1057 sicuti
419 1002 693 1071 petitionis
720 1011 827 1058 tua
852 1003 1008 1059 nobis
1022 1003 1214 1059 oblata:
1241 1004 1410 1061 series
1440 1004 1775 1068 continebat,

226 1090 557 1146 venerabilis
614 1090 697 1146 vir
742 1092 994 1149 dominus
1046 1091 1282 1148 Joannes
1347 1091 1605 1149 Senensis
1677 1094 1774 1149 do-

223 1188 498 1235 cretorum
545 1181 754 1247 doctor,
789 1181 1070 1237 reverendi
1099 1185 1265 1251 patris
1311 1183 1515 1239 domini
1566 1183 1774 1255 Guroni

216 1269 418 1326 lari:
449 1270 696 1328 Eatensis
737 1273 1185 1328 commendatarii
1224 1273 1539 1328 monasterii
1590 1273 1774 1329 Sancti

226 1358 476 1417 Silvestri
527 1363 594 1417 de
648 1360 878 1425 lantua,
918 1361 1236 1418 Mutinensis
1263 1361 1509 1419 dioecesis
1544 1364 1599 1418 in
1631 1363 1775 1418 dicto

224 1453 555 1508 monasterio
577 1453 843 1523 generalis
861 1452 1115 1519 vicarius,
1132 1462 1357 1509 vacante
1379 1454 1657 1521 clericatu,
1675 1470 1775 1511 seu

225 1540 463 1600 clericus
501 1542 766 1599 beneﬂcio
791 1543 1035 1599 instituto
1084 1546 1139 1598 in
1183 1544 1420 1600 Ecclesia
1475 1560 1571 1603 seu
1622 1546 1778 1614 plebe

119 1672 129 1678 -
224 1632 447 1689 Sanctae
469 1632 648 1689 Maria:
670 1632 742 1693 de
758 1624 1061 1691 Brennucio
1088 1635 1155 1691 de
1180 1633 1517 1705 Crepaicorio
1537 1636 1776 1709 subjecta

226 1724 561 1780 monasterio
620 1726 880 1793 praedicto
927 1723 1109 1781 Sancti
1180 1725 1427 1782 Silvestri
1471 1726 1775 1790 Cumoleni,

225 1816 544 1871 clericatum
575 1816 671 1870 tibi
696 1813 893 1870 ioanni
930 1816 1150 1886 prmfato
1179 1817 1486 1881 contulerit,
1527 1828 1580 1873 ct
1618 1819 1686 1875 de
1713 1834 1777 1874 eo

226 1905 526 1971 providerit
547 1924 567 1963 :
604 1920 771 1977 quare
797 1922 894 1978 pro
918 1916 1073 1977 parte
1092 1904 1180 1962 tua
1207 1908 1367 1964 nobis
1390 1907 1490 1963 fuit
1509 1909 1778 1979 supplica-

228 2004 373 2059 tum,
402 2005 459 2050 ut
487 1998 692 2052 dictum
722 1998 1032 2053 clericatum
1058 1999 1126 2052 de
1153 2012 1292 2053 novo
1324 1999 1421 2053 tibi
1444 1999 1693 2054 conferre
1721 2009 1777 2053 et

226 2085 300 2137 de
329 2098 397 2137 eo
421 2087 701 2150 providere
733 2088 1004 2141 vellemus.
1035 2085 1142 2140 Nos
1175 2086 1351 2154 itaque
1376 2088 1482 2139 tuis
1504 2086 1777 2154 supplica-

230 2171 469 2225 tionibus
496 2172 1120 2236 inciinati,collationem
1162 2183 1215 2228 et
1238 2176 1599 2244 provisionem
1641 2190 1778 2245 prie-

227 2258 406 2312 dictas
459 2262 776 2316 auctoritate
824 2273 1020 2317 nostra:
1076 2264 1361 2333 legationis
1394 2267 1772 2335 approbantes,

225 2351 477 2404 eumdem
501 2352 813 2406 clericatum
839 2348 969 2408 cum
995 2356 1245 2410 omnibus
1264 2341 1474 2426 iul-ibus
1524 2366 1579 2412 et
1606 2359 1775 2427 perti-

228 2442 431 2497 ncntiis
457 2444 571 2497 suis
594 2443 692 2498 tibi
717 2446 779 2498 de
805 2460 944 2500 novo
974 2446 1318 2513 conferimus,
1339 2458 1392 2502 et
1414 2447 1481 2502 tle
1498 2448 1588 2503 illo
1613 2449 1776 2503 etiam

228 2533 597 2599 providemus,
627 2534 733 2588 nisi
762 2533 828 2589 de
866 2535 959 2590 ille
994 2540 1235 2606 tempore
1267 2536 1406 2593 datae
1430 2539 1779 2608 prementium

228 2624 309 2677 sit
334 2623 491 2679 alteri
513 2624 604 2692 ius
628 2626 936 2694 quaesitum,
957 2641 1171 2693 curam,
1206 2628 1441 2695 regimen
1473 2638 1527 2683 et
1552 2630 1781 2684 admini-

229 2708 571 2771 strationem
601 2708 769 2785 ipsius
820 2728 925 2772 tam
983 2719 1036 2772 in
1076 2718 1477 2787 temporalibus,
1531 2734 1694 2787 quam
1726 2720 1778 2774 in

227 2808 609 2876 spiritualibus
630 2808 721 2862 tibi
739 2810 979 2878 plenarie
1006 2810 1390 2865 committenda
1413 2827 1429 2875 ;
1460 2811 1782 2866 mandantes

230 2900 488 2953 omnibus
530 2909 585 2954 et
611 2900 836 2968 singulis
882 2900 1113 2961 colonis,
1147 2899 1537 2955 laboratoribus
1570 2911 1621 2955 et
1661 2901 1780 2957 aliis

232 2998 410 3043 terras
453 2999 508 3042 et
542 2988 905 3058 possessiones
952 2988 1077 3044 dicti
1128 2988 1419 3044 clericatus
1475 2992 1783 3045 tenentibus

228 3092 387 3146 quos
424 3078 519 3131 tibi
553 3078 623 3143 _de
653 3078 895 3147 ejusdem
930 3076 1210 3143 fructibus,
1274 3079 1529 3161 reditibus
1576 3087 1630 3137 et
1656 3095 1784 3150 pro-

233 3142 487 3221 ventibus
514 3142 723 3237 integre
745 3175 801 3222 et
829 3166 996 3223 libere
1026 3142 1386 3237 respondeant
1413 3142 1560 3223 et'ut
1590 3142 1784 3225 litierie

230 3266 436 3309 nostra:
456 3254 705 3309 debitum
739 3258 1034 3311 sortiantur
1085 3256 1357 3323 effectum,
1396 3259 1784 3313 committimus

232 3355 294 3400 et
319 3344 633 3400 mandamus
657 3347 908 3403 omnibus
926 3358 979 3402 et
1004 3348 1232 3417 singulis
1248 3347 1627 3402 ecclesiasticis
1643 3348 1782 3400 dun-

235 3445 393 3489 taxat
424 3437 667 3503 personis
689 3437 791 3490 sub
821 3446 1003 3492 nostra
1053 3437 1317 3505 legatione
1347 3434 1685 3503 degentibus,
1715 3435 1782 3489 ad

232 3543 378 3597 quos
413 3537 703 3597 presentes
757 3537 952 3581 nostra:
982 3528 1169 3579 litterae
1201 3524 1559 3592 pervenerint,
1606 3534 1660 3577 et
1688 3539 1783 3579 ea-

236 3619 483 3671 rumdem
510 3617 691 3683 vigore
713 3615 939 3681 ,fuerint
969 3614 1215 3681 requisiti
1246 3613 1595 3682 singulariter
1622 3615 1704 3669 vel
1730 3618 1781 3668 in

234 3706 507 3770 solidum;
533 3714 794 3772 quatenus
826 3712 876 3757 te
903 3704 1152 3758 inducant
1170 3705 1223 3757 in
1258 3705 1448 3758 realem
1475 3714 1634 3774 atque
1663 3720 1783 3760 cor-

234 3796 478 3865 poralem
504 3796 906 3863 possessionem
935 3793 1065 3848 dicti
1106 3795 1391 3850 clericatus
1425 3804 1478 3850 et
1510 3796 1783 3851 inductum

234 3874 522 3957 protegant
567 3894 727 3955 atqne
776 3885 1081 3952 defendant,
1143 3895 1325 3941 amoto
1375 3886 1567 3941 exinde
1616 3887 1788 3955 quoli-

233 3979 332 4034 bet
357 3979 543 4033 iliicito
561 3978 861 4042 detentore,
880 3978 1308 4033 contradictores
1332 3980 1600 4049 quoslibet
1623 3989 1785 4050 atque

235 4068 468 4126 rebelles
495 4083 590 4139 per
618 4083 899 4123 censuram
921 4070 1342 4125 ecclesiasticam
1372 4073 1783 4142 compescenda.

318 4184 504 4239 Datum
535 4184 806 4247 Bononia,
856 4159 942 4238 die
971 4182 1037 4237 ts
1062 4182 1261 4251 Aprilis
1303 4182 1461 4250 uso,
1499 4184 1787 4241 indictione

238 4278 337 4346 13,
359 4277 700 4344 pontificatus
724 4274 788 4329 ι).
818 4273 1021 4329 Nicolai
1054 4287 1197 4329 anno
1221 4273 1277 4329 ι.

992 4405 1054 4459 ν.

317 4525 618 4586 Bessarion,
667 4530 773 4577 etc.
822 4522 1015 4577 dilecto
1067 4522 1218 4577 nobis
1249 4520 1446 4578 Pa'sino
1493 4523 1669 4577 Μειιηί
1722 4524 1789 4578 de

236 4616 609 4673 Halchiavelis
640 4616 865 4668 salutem
897 4616 949 4668 in
991 4629 1075 4681 eo,
1111 4616 1163 4668 in
1203 4630 1308 4683 quo
1339 4623 1420 4669 est
1453 4630 1578 4668 vera
1617 4604 1785 4669 salus.

317 4708 565 4761 Exitibita
598 4706 862 4773 siquidem
906 4707 1062 4759 nobis
1103 4721 1197 4773 pro
1239 4707 1312 4757 tui
1339 4717 1489 4774 parte
1528 4708 1791 4774 supplica-

238 4802 320 4855 tio
346 4801 657 4853 continebnt
687 4812 702 4852 :
731 4799 869 4864 quod
899 4811 1019 4849 cum
1069 4797 1132 4849 de
1157 4810 1296 4848 anno
1331 4796 1465 4849 i450
1500 4810 1589 4861 per
1612 4796 1679 4849 ‘D.
1726 4795 1787 4849 L.

236 4892 568 4949 eartlinaletn
596 4891 661 4943 de
683 4888 890 4942 Comite
918 4898 973 4942 tu
997 4889 1317 4957 supplicavet
1334 4888 1378 4940 is
1401 4898 1451 4940 et
1473 4889 1558 4940 alii
1584 4887 1792 4941 nobiles

237 4988 310 5038 de
340 4979 701 5036 Mali-hiavelis
727 4970 959 5047 gratiose
978 4980 1219 5054 exauditi
1241 4980 1590 5034 obtinueritis
1608 4982 1791 5033 decre-

240 5086 380 5137 tum,
409 5072 549 5142 quod
576 5071 703 5126 dicti
737 5070 961 5138 nobiles,
992 5071 1080 5139 qui
1105 5056 1263 5123 erant
1310 5085 1534 5123 numero
1556 5069 1589 5127 .7
1615 5070 1791 5137 capita

241 5165 571 5219 fatniliarum
625 5161 771 5215 nullo
805 5162 964 5216 modo
999 5172 1279 5216 teneantur
1335 5161 1675 5215 contribuere
1724 5160 1793 5214 ad

238 5267 409 5307 onera
441 5251 610 5303 rcaiia
658 5251 963 5318 personalia
996 5249 1076 5304 vel
1113 5249 1264 5319 juxta
1298 5264 1417 5302 cum
1478 5250 1794 5304 hominibus

238 5341 617 5405 iioncastaldi,
649 5341 744 5393 sed
775 5340 1203 5407 intelliget-eatur
1245 5356 1366 5395 esse
1408 5344 1672 5411 segregati
1722 5342 1793 5397 ab

239 5432 553 5487 hominibus
582 5425 953 5493 itoncastaldi,
985 5430 1275 5483 dummodo
1295 5431 1561 5485 solverent
1580 5433 1793 5503 singulo

236 5539 424 5578 mettse
444 5519 695 5576 Comet-ae
712 5518 1010 5573 communis
1032 5516 1386 5573 Bononiensis
1414 5520 1579 5573 libras
1607 5519 1817 5575 decem'

234 5622 540 5682 etseptem,
573 5604 779 5662 solidos
808 5605 991 5661 decem
1015 5602 1219 5664 Bonon.
1272 5608 1518 5667 videlicet
1549 5610 1715 5669 libras
1750 5627 1787 5667 ιι

1293 257 1375 318 1N
1420 255 1850 335 LEGATIONB
1892 206 2412 318 nouomsnsn

3279 270 3346 310 ιι
3350 268 3429 311 ιιι

1884 366 2092 424 solidos
2120 367 2304 423 decem
2329 381 2433 436 pro
2454 365 2696 435 intolibet
2719 368 2896 437 capite
2915 366 3145 422 familias
3166 381 3323 439 prout
3344 386 3436 427 se—

1884 458 2083 513 riosius
2115 466 2266 527 patet
2315 458 2368 512 in
2411 458 2561 513 dicto
2604 457 2846 522 decreto,
2887 468 3182 528 petensque
3218 470 3275 512 ut
3304 476 3432 515 cum

1854 549 2045 619 aliqui
2082 564 2149 604 ex
2204 548 2364 604 dictis
2411 549 2445 602 ’1
2490 548 2764 617 capitibus
2812 547 2928 602 sive
2965 548 3301 616 impotentia,
3340 558 3436 603 aut

1882 638 2215 709 malignitate
2238 647 2491 693 recusent
2515 639 2725 694 solvere
2744 647 2949 709 partem
2971 637 3073 692 sibi
3104 646 3429 706 tangentem,

1883 727 2223 798 inquietaris,
2273 738 2438 800 atque
2468 727 2807 799 compelleris
2832 742 3071 797 persaepe
3110 728 3178 782 ad
3214 728 3437 782 solven-

1845 842 1851 849 ·
1881 818 2012 882 δωι
2034 828 2240 890 partem
2272 820 2462 875 talium
2485 820 2600 875 sive
2622 819 3014 874 recusantium.
3038 805 3218 884 Quare
3240 819 3436 886 digna-

1881 922 2066 965 remur
2091 920 2274 966 nostro
2298 909 2521 981 speciali
2566 912 2781 966 decreto
2810 923 3096 964 secernere
3143 917 3195 964 te
3221 908 3437 977 suppli-

1879 1007 2092 1054 cantem
2122 999 2192 1054 ab
2212 1000 2335 1055 aliis
2377 990 2691 1055 hominibus
2717 1000 2786 1056 de
2832 998 3220 1062 Malchiavelis,
3252 998 3434 1054 soluta

1880 1097 2031 1159 parte
2055 1090 2152 1146 tibi
2183 1099 2452 1162 tangente.
2473 1090 2578 1146 Nos
2607 1098 2785 1147 autem
2804 1091 2921 1161 .qui
2962 1098 3183 1148 assueto
3230 1100 3433 1145 nostra

1883 1190 2091 1236 natura
2129 1182 2316 1237 ordine
2360 1182 2671 1252 supplicum
2724 1181 2976 1250 precibus
3003 1195 3161 1249 quam
3197 1180 3438 1235 libenter

1882 1272 2194 1337 annuimus,
2230 1272 2494 1342 siquidem
2523 1271 2683 1341 digna
2701 1286 2886 1327 eorum
2919 1270 3239 1329 intercessio
3273 1271 3428 1324 vobis

1883 1365 2149 1431 videatur,
2183 1380 2299 1421 rem
2329 1365 2636 1435 pradictam
2665 1364 2732 1419 ad
2766 1372 3001 1417 nostram
3036 1363 3279 1417 notitiam
3297 1377 3431 1415 exa-

1886 1457 2195 1512 minandam
2245 1455 2613 1511 commisimus
2665 1454 2913 1526 prudenti
2970 1453 3089 1507 viro
3141 1450 3433 1506 Paschasio

1887 1546 2119 1602 auditori
2145 1556 2353 1612 nostro,
2400 1545 2490 1614 qui
2538 1554 2751 1614 sumpta
2782 1542 3161 1598 informatione
3190 1538 3431 1610 diligenti

1885 1638 2051 1693 nobis
2097 1638 2301 1703 retulit,
2330 1652 2451 1709 qua:
2496 1652 2594 1703 pro
2621 1637 2697 1691 tui
2741 1646 2892 1707 parte
2946 1635 3187 1705 exposita
3219 1633 3436 1687 fuerunt

1883 1740 2013 1784 vera
2043 1740 2187 1785 esse.
2212 1727 2321 1784 Nos
2347 1742 2475 1797 ergo
2498 1728 2745 1797 precibus
2775 1727 2881 1781 tuis
2914 1739 3118 1780 morem
3157 1732 3431 1793 gerentes,

1846 1820 1941 1901 ‘in
1971 1820 2038 1875 iis
2076 1834 2198 1889 qua:
2244 1834 2548 1887 possumus,
2597 1817 2778 1873 habita
2840 1816 3098 1870 relatione
3151 1814 3430 1884 priedicta,

1882 1911 2173 1981 apostolica
2197 1912 2533 1974 auctoritate,
2555 1924 2656 1977 qua
2683 1907 2977 1976 fungimur,
2998 1907 3272 1961 decretum
3297 1904 3433 1969 alias

1884 2001 1981 2055 tibi
2007 2009 2062 2054 et
2093 2000 2217 2053 aliis
2246 2000 2313 2053 de
2344 1997 2710 2051 Malchiavelis
2742 1996 3009 2050 indultum
3038 1994 3423 2047 confirmamus

1883 2104 1946 2144 ac
1978 2091 2043 2142 de
2075 2102 2211 2142 novo
2237 2088 2580 2142 concedimus
2612 2086 2704 2139 tibi
2732 2084 2926 2136 Pasin’o
2958 2081 3138 2144 modo.
3182 2092 3234 2136 et
3262 2084 3313 2134 in
3351 2082 3432 2136 fu-

1882 2189 2061 2233 turum
2086 2187 2143 2231 ut
2174 2178 2361 2232 solutis
2399 2176 2584 2231 solidis
2642 2174 3033 2246 quinquaginta
3068 2172 3276 2226 Bonon.
3329 2174 3425 2227 tilii

1886 2267 2227 2337 tangentibus
2263 2265 2470 2321 solvere
2497 2280 2593 2335 pro
2633 2274 2786 2336 parte
2815 2276 2903 2321 tua
2949 2267 3093 2321 nullo
3136 2266 3299 2320 modo
3332 2267 3431 2320 tie-

1884 2359 2013 2413 beas
2039 2358 2155 2412 sive
2188 2358 2361 2426 possis
2390 2357 2599 2426 gravari
2632 2372 2751 2411 cum
2780 2356 2940 2411 dictis
2971 2357 3037 2411 de
3068 2356 3435 2411 Malchiavelis

1886 2463 1980 2515 per
2010 2449 2236 2529 aliquem
2269 2447 2545 2502 oilicialem
2576 2452 2879 2503 communis
2904 2448 3259 2504 Bonaniensis
3285 2465 3299 2513 ;
3336 2450 3430 2502 de-

1886 2540 2155 2601 clarantes
2182 2550 2241 2594 ut
2270 2540 2459 2594 solutis
2496 2539 2653 2594 dictis
2693 2540 2879 2594 solidis
2924 2540 3310 2609 quinquaginta
3341 2555 3433 2593 ca-

1888 2646 2048 2687 inerte
2076 2631 2422 2696 Bononiensi,
2468 2640 2522 2686 tu
2568 2643 2663 2685 aut
2690 2631 2828 2684 alius
2863 2640 2951 2684 tuo
2979 2631 3214 2694 nomine,
3246 2631 3329 2685 vel
3353 2630 3431 2683 tui

1888 2722 2240 2790 impostcrum
2303 2721 2683 2777 descendentes
2734 2721 2843 2775 ullo
2885 2723 3061 2785 modo,
3100 2730 3195 2774 aut
3245 2722 3433 2774 ordine

1889 2813 2110 2868 minime
2164 2813 2344 2867 valeas
2401 2812 2717 2878 molestari;
2752 2812 3065 2866 mandantes
3093 2812 3434 2866 thesaurario
3501 2876 3507 2883 ,

1888 2917 2114 2959 camera:
2135 2902 2487 2957 Bononiensis
2514 2916 2579 2955 ac
2604 2901 2975 2957 defensoribus
3007 2901 3224 2956 baveris
3253 2917 3433 2954 came-

1888 3010 1965 3050 ra:
1990 3010 2055 3050 ac
2084 2995 2316 3059 caeteris,
2345 2999 2410 3049 ad
2436 3008 2571 3063 quos
2592 2996 2827 3062 pertinet
2853 3012 2867 3047 :
2901 3003 3168 3063 quatenus
3196 3008 3437 3063 pneseus

1890 3098 2133 3144 nostrum
2168 3087 2439 3142 decretum
2466 3088 2752 3142 observent
2780 3096 2835 3141 et
2867 3086 3071 3141 faciant
3094 3088 3163 3142 ab
3189 3088 3311 3143 aliis
3346 3086 3433 3141 in-

1889 3177 2208 3233 violabiliter
2246 3170 2542 3236 observari.
2568 3174 2627 3229 ln
2658 3189 2886 3244 quorum
2917 3175 3072 3232 fidem
3114 3185 3226 3230 etc.

1960 3290 2149 3346 Datum
2187 3299 2291 3347 etc.
2313 3290 2400 3347 die
2419 3291 2590 3357 prima
2612 3288 2811 3359 Aprilis
2841 3298 2946 3342 etc.

2619 3425 2708 3479 Vi.

1960 3534 2262 3595 Bessarion,
2296 3544 2399 3588 etc.
2458 3532 2707 3586 discretis
2739 3529 2892 3583 nobis
2927 3529 2978 3581 in
3006 3528 3223 3583 Christo
3256 3528 3434 3581 Balta-

1893 3640 1948 3679 sa
1959 3628 1999 3678 ri
2032 3626 2343 3694 presbytero
2365 3622 2831 3690 archipresbytero
2850 3619 3124 3683 lmolcnsi,
3141 3631 3190 3673 et
3211 3620 3433 3673 Thomas

1891 3732 1953 3771 ac
2007 3715 2412 3783 Christophom,
2461 3711 2737 3767 canonicis
2768 3710 3135 3774 lmolensibns,
3184 3720 3293 3764 etc.
3345 3725 3432 3763 sa-

1894 3808 2079 3861 iuletn.

1969 3898 2193 3968 Dignum
2222 3896 2619 3951 arbitramuret
2653 3904 2946 3963 congruum
2979 3898 3037 3945 ut
3080 3889 3183 3943 illis
3244 3890 3428 3943 redda-

1893 4009 2016 4050 mur
2040 3994 2092 4045 in
2136 3988 2463 4044 exhibitione
2511 3985 2696 4057 gratiae
2743 3983 3009 4048 liberales,
3043 3982 3237 4049 quibus
3272 3980 3335 4031 ad
3376 3980 3427 4031 iti

1894 4085 2161 4155 praecipua
2190 4064 2446 4134 virtutum
2467 4077 2658 4131 merita
2690 4074 3028 4131 laudabiliter
3053 4072 3431 4139 suifragnntur.

1893 4180 2026 4235 Cum
2056 4177 2277 4243 filaque,
2306 4173 2444 4227 sicut
2494 4171 2815 4240 accepimus,
2861 4167 3435 4236 archipresbyteratus.

1894 4286 1989 4326 seu
2036 4269 2183 4338 plebs
2216 4268 2425 4321 Sancta!
2449 4264 2627 4319 Maria:
2648 4264 2712 4337 de
2738 4259 2993 4317 Salustria
3009 4256 3289 4310 lmolensis
3309 4255 3442 4307 dia:—

1894 4361 2036 4417 cesis
2056 4375 2178 4414 cum
2204 4374 2332 4415 cura
2362 4367 2530 4423 vacet,
2553 4365 2605 4411 et
2634 4369 2821 4409 vacare
2838 4360 3088 4408 noscatur
3111 4350 3175 4402 ad
3201 4362 3439 4417 praesens

1897 4466 1992 4519 pro
2043 4466 2130 4515 eo,
2187 4450 2328 4518 quod
2384 4447 2683 4503 Ludovicus
2741 4444 3012 4498 Francisci
3058 4480 3073 4495 .
3095 4479 3110 4495 .
3131 4477 3146 4494 .
3168 4480 3180 4493 .
3208 4480 3221 4491 .
3242 4480 3256 4493 .
3277 4477 3293 4492 .
3310 4478 3323 4491 .
3345 4476 3359 4492 .
3382 4476 3397 4491 .
3421 4477 3436 4491 .

1897 4544 2168 4611 presbyter
2201 4539 2480 4593 lmolensis
2506 4538 2706 4590 dudum
2736 4533 3184 4602 archipresbyter,
3220 4546 3314 4583 seu
3360 4544 3440 4580 re-

1897 4641 2011 4683 ctor
2044 4632 2201 4682 dicta:
2232 4630 2399 4697 plebis
2441 4627 2584 4681 aliud
2619 4633 2861 4679 curatum
2916 4638 3007 4675 seu
3042 4618 3443 4685 incompatibilc

1897 4715 2119 4788 ecclesia
2129 4719 2318 4768 sticum
2334 4713 2539 4768 exstitit
2555 4712 2867 4766 beoeiicium
2888 4709 3109 4776 paciilce
3126 4716 3401 4759 assecutus
3422 4721 3439 4770 ;

1894 4800 1994 4860 nos
2023 4808 2261 4859 volentes
2295 4804 2544 4857 dilectum
2595 4802 2749 4854 nobis
2780 4800 2832 4853 in
2875 4797 3091 4851 Christo
3120 4796 3444 4848 Emmanue-

1899 4895 2001 4949 lem
2026 4895 2289 4965 quondam
2325 4890 2581 4947 Anthonii
2610 4890 2931 4944 Cremonen.
2983 4886 3201 4939 fratrem
3235 4886 3440 4939 ordinis

1898 4988 2305 5053 praedicatorum
2374 4992 2429 5036 ct
2472 4980 2841 5049 cappellanum
2908 4976 3176 5046 magniﬁci
3234 4977 3438 5029 domini

1898 5075 2113 5133 Τίδιᾱωὶ
2138 5076 2476 5139 Ιωοιω,βιε.,
2513 5074 2576 5125 de
2591 5067 2782 5124 vitaeet
2800 5083 3006 5122 morum
3032 5070 3307 5120 honestate
3326 5070 3439 5133 plu.-

1900 5167 2092 5222 rimum
2127 5161 2770 5226 commendatum,horum
2799 5159 2993 5211 intuitu
3034 5157 3216 5210 favore
3247 5170 3435 5223 prosc-

1899 5259 1992 5328 qui
2040 5261 2299 5329 gratioso,
2350 5255 2631 5325 praefatum
2689 5250 3293 5321 archipresbyteratum,
3339 5260 3440 5301 seu

1902 5348 2109 5416 plebem
2141 5345 2348 5399 Sanctae
2376 5341 2555 5396 Maria:
2578 5341 2645 5394 de
2680 5337 2960 5401 Salustria,
3001 5338 3138 5391 sicut
3160 5339 3441 5405 ptimum.-

1903 5447 2011 5501 tur,
2036 5436 2149 5490 sive
2176 5434 2279 5487 alio
2296 5432 2483 5499 quovis
2506 5432 2680 5494 modo,
2711 5438 2801 5483 aut
2819 5441 2886 5482 ex
2909 5428 3128 5481 alterius
3154 5428 3441 5495 cujuscun-

1902 5538 2008 5591 que
2038 5525 2188 5593 pa‘rte
2218 5528 2527 5583 vacantem;
2564 5518 2770 5572 etiamsi
2802 5530 2897 5584 per
2944 5515 3166 5567 liberam
3198 5516 3437 5581 resigna-

1904 5594 2107 5671 ιίοιὶεω
2161 5612 2285 5667 dicti
2322 5610 2600 5679 Ludovici,
2652 5620 2744 5665 aut
2804 5607 3024 5665 alterius
3074 5608 3439 5675 cujuscunque
