4138 6328
719 266 888 342 οιιιιι

720 400 877 458 extra
903 398 1200 453 Romanam
1248 399 1452 453 curiam
1486 413 1666 454 coram
1696 398 1908 454 notario
1944 408 2003 454 et
2039 384 2270 465 testibus

723 502 916 561 sponte
946 491 1139 545 factam
1161 508 1177 554 ;
1202 500 1256 557 et
1288 491 1333 543 si
1367 500 1515 543 tanto
1536 500 1773 559 tempore
1800 493 2095 553 vacaverit,
2126 489 2268 557 quod
2310 488 2319 505 λ’

721 580 841 646 ejus
866 579 1082 633 collatio
1110 593 1202 632 seu
1228 578 1465 645 provisio
1487 579 1550 631 ad
1566 580 1744 632 sedem
1758 578 2109 648 apostolicam
2141 578 2273 647 jux-

727 678 779 720 ta
832 665 1209 724 Laleranensis
1240 676 1469 742 statuta
1501 666 1714 722 concilii
1745 648 1847 721 ant.
1874 667 2012 721 alias
2042 680 2271 733 quomo-

727 760 925 812 dolibet
958 760 1189 827 legitime
1213 759 1465 813 tlev’oluta
1499 775 1607 827 seu
1632 759 1940 827 specialiter
1990 759 2071 810 vel
2106 770 2272 835 gene-

724 850 911 901 raliter
935 848 1158 902 exsistat
1186 861 1271 903 :et
1299 851 1341 903 si
1367 864 1526 918 super
1544 865 1605 903 ea
1644 850 1785 903 inter
1809 848 2021 918 aliquos
2052 836 2117 900 lis
2145 860 2275 913 pen-

725 941 847 993 deat
881 940 1137 1005 indecisa,
1163 940 1318 1009 cujus
1344 949 1547 995 statum
1580 940 1669 994 hic
1694 955 1792 1009 pro
1823 938 2154 1003 sufficienter
2178 951 2278 990 ex-

725 1046 914 1099 presso
948 1031 1132 1085 haberi
1156 1032 1427 1086 volumus.
1499 1030 1669 1099 Cujus
1716 1031 1942 1097 fructus,
1991 1028 2278 1082 redituset

724 1098 1015 1187 provrentns
1050 1121 1120 1175 40
1152 1120 1479 1175 ﬂorenorum
1505 1124 1621 1174 auri
1649 1117 2275 1175 deCamerasecundum

725 1226 1060 1265 communem
1090 1212 1495 1267 aestimationem
1531 1214 1765 1268 valerem
1788 1225 2049 1273 annuum,
2081 1219 2139 1263 ut
2169 1208 2280 1263 dic—

729 1312 815 1356 tus
844 1301 1156 1356 Emmanuel
1177 1286 1393 1365 asserit,
1428 1316 1532 1356 non
1561 1303 1848 1364 excedunt,
1877 1314 1999 1354 cum
2029 1298 2279 1352 omnibus

724 1392 939 1461 juribns
1001 1402 1057 1446 et
1086 1393 1422 1461 pertinentiis
1453 1386 1565 1446 suis
1593 1388 2279 1451 eidemEmmanneli,cum

727 1496 856 1547 quo,
890 1490 945 1534 ut
966 1481 1186 1544 asserit,
1214 1480 1501 1549 apostolica
1534 1480 1850 1535 auctoritate
1904 1478 2038 1531 alias
2068 1478 2283 1545 dispen-

728 1578 908 1623 satum
966 1572 1195 1634 eaStitit,
1224 1581 1283 1624 ut
1314 1580 1620 1639 acceptare,
1652 1569 1894 1638 recipere
1949 1576 2007 1621 et
2048 1566 2281 1620 retinere

729 1659 927 1723 valeat,
986 1660 1156 1714 donec
1192 1661 1387 1714 vixerit
1426 1661 1801 1729 quodcunque
1836 1656 2149 1712 beneficium
2178 1670 2280 1710 cu-

734 1758 909 1803 ratum
941 1750 1152 1827 etiamsi
1194 1750 1773 1818 arebipresbyteratus,
1829 1761 1924 1802 seu
1990 1746 2278 1815 prioratns,

730 1839 818 1893 vel
848 1838 949 1892 alia
984 1840 1217 1907 dignitas
1238 1839 1421 1904 fuerit,
1458 1839 1751 1908 apostolica
1805 1847 1861 1892 et
1906 1847 2102 1892 nostra:
2139 1835 2283 1904 lega-

732 1930 896 1983 tionis
933 1940 988 1983 et
1037 1930 1182 1983 omni
1214 1931 1555 1993 auctoritate,
1602 1944 1706 1997 qua
1758 1928 2054 1999 fungimur,
2093 1935 2283 1981 tenore

731 2020 1074 2088 pmsentium
1110 2019 1437 2075 confecimus
1468 2029 1522 2074 et
1550 2020 1617 2074 de
1650 2020 1739 2075 illo
1777 2020 1941 2073 etiam
2009 2018 2110 2073 sibi
2153 2030 2280 2085 pro-

730 2111 996 2173 videmus,
1049 2111 1396 2164 decernentes
1428 2126 1494 2165 ex
1552 2124 1692 2162 nunc
1738 2109 1950 2162 irritum
1997 2118 2052 2161 et
2098 2108 2277 2170 inane,

731 2200 776 2253 si
802 2213 957 2253 secus
983 2214 1145 2269 super
1174 2200 1242 2253 iis
1275 2200 1507 2253 scienter
1534 2200 1617 2254 vel
1659 2200 1966 2268 ignoranter
1995 2197 2281 2265 contigerit

731 2290 1058 2356 attemptari.
1078 2286 1194 2341 Non
1207 2290 1453 2341 obstante
1474 2290 1614 2357 quod
1646 2292 1712 2343 de
1739 2289 1883 2342 dicto
1906 2288 2283 2357 archipresby-

734 2386 930 2440 teratu,
959 2390 1052 2449 seu
1081 2377 1234 2445 plebe
1258 2392 1351 2446 per
1388 2377 1670 2446 quemdam
1695 2375 1972 2431 Nicolaum
2003 2373 2193 2430 Joanni
2228 2384 2282 2428 et

733 2467 1049 2521 canonicum
1080 2467 1399 2522 lmolensem
1442 2477 1695 2536 tanquam
1750 2468 2010 2521 vicarium
2059 2464 2279 2533 capituli

733 2557 1033 2619 lmolensis,
1056 2557 1344 2625 episcopali
1386 2558 1512 2611 sede
1541 2567 1762 2610 vacante
1812 2556 2115 2625 fungentem
2154 2569 2282 2607 auc-

734 2648 951 2700 toritate
980 2646 1298 2713 episcopalis
1320 2646 1463 2700 sedis
1487 2645 1755 2715 praedicta:
1806 2644 2079 2712 provisum
2114 2640 2285 2694 fuisse

736 2736 949 2788 dicatur
1002 2735 1130 2789 licet
1186 2735 1404 2789 nulliter
1432 2745 1486 2787 et
1518 2735 1584 2788 de
1638 2732 1781 2786 facto
1810 2732 2023 2785 cuidam
2060 2727 2284 2782 Nicolao

734 2822 889 2891 Lippi
952 2824 1019 2877 de
1043 2801 1225 2877 Ferris
1244 2824 1311 2878 de
1338 2824 1590 2877 Faventia
1606 2828 1659 2873 et
1680 2820 1818 2886 quod
1834 2820 2115 2873 occasione
2148 2832 2287 2886 pra:-

739 2916 903 2967 tnissa
935 2912 1074 2965 idem
1098 2914 1345 2967 Nicolaus
1370 2911 1777 2981 prmsentialiter
1798 2911 2027 2962 detineat
2047 2920 2099 2961 et
2127 2922 2287 2962 occu-

738 3017 831 3075 pet
875 3008 1075 3059 dictum
1121 3004 1698 3072 archipresbyteratum
1731 3014 1824 3054 seu
1883 3000 2127 3067 plebem:
2186 3015 2287 3052 nos

738 3100 880 3150 enin't
904 3098 1150 3149 volumus
1174 3095 1314 3161 quod
1355 3108 1458 3147 non
1502 3092 1753 3146 obstante
1800 3090 1940 3144 dicta
1991 3090 2288 3157 provisione

740 3189 879 3241 idem
908 3184 1221 3239 Emmanuel
1249 3185 1416 3251 possit
1454 3183 1653 3236 habere
1684 3180 2284 3251 archipresbyteratum,

738 3293 832 3331 seu
861 3278 1069 3345 plebem
1113 3275 1419 3343 praedictam
1470 3283 1524 3325 et
1570 3272 1687 3341 ejus
1747 3271 1952 3325 fructus
1986 3281 2040 3323 et
2087 3271 2289 3324 reditus

740 3383 861 3422 cum
887 3367 1192 3434 integritate
1222 3366 1499 3433 percipere
1539 3364 1737 3417 valeat.
1769 3360 2029 3425 Quocirca
2088 3360 2291 3413 discre-

741 3456 872 3509 tioni
902 3466 1096 3510 vestra:
1119 3456 1435 3508 auctoritate
1459 3452 1677 3522 prafata
1724 3463 1778 3506 et
1810 3463 1995 3507 tenore
2049 3465 2288 3519 prasen-

738 3548 871 3602 tium
901 3547 1283 3602 committimus
1310 3554 1364 3598 et
1396 3546 1716 3600 mandamus
1748 3556 2013 3612 quatenus
2028 3533 2138 3609 ‘per
2192 3555 2289 3595 vos

738 3640 819 3693 vel
857 3640 1018 3694 alium
1052 3654 1149 3693 seu
1175 3638 1308 3691 alios
1334 3638 1580 3691 eumdem
1611 3628 2008 3689 Emmanuelem
2053 3633 2132 3686 vel
2166 3647 2290 3700 pro-

740 3741 1043 3783 curatorem
1062 3744 1218 3782 suum
1241 3716 1359 3797 ejus
1402 3730 1617 3781 nomine
1651 3729 1969 3795 recipientes
2002 3725 2054 3778 in
2083 3726 2284 3777 realetn

739 3832 793 3874 et
820 3822 1151 3888 corporalem
1179 3818 1572 3887 possessionem
1596 3816 2166 3883 archipresbyterattts,
2194 3828 2288 3867 seu

742 3911 907 3979 plebis
932 3910 1196 3978 prmdieta:
1223 3916 1424 3962 sanctae
1441 3906 1645 3960 diaria:
1674 3906 1739 3958 de
1764 3904 2048 3967 Salustria,
2094 3918 2154 3957 ac
2197 3903 2287 3971 ju-

743 4006 878 4058 rium
911 4016 963 4058 et
988 4003 1435 4073 pertinentiarum
1468 4002 1705 4069 ejusdem
1732 4001 2012 4063 inducatis,
2033 4011 2086 4055 et
2105 4011 2290 4054 aucto-

746 4101 903 4151 ritate
934 4106 1114 4149 nostra
1138 4095 1409 4147 inductum
1466 4091 1790 4154 defendatis,
1873 4100 2053 4145 amoto
2095 4091 2290 4144 exinde

744 4187 979 4254 quolibet
1004 4186 1188 4237 illicito
1217 4186 1514 4249 dctentore,
1545 4182 1804 4236 facientes
1837 4171 2035 4235 dictum
2078 4182 2289 4233 Emma-

746 4277 976 4337 nuelem,
1006 4274 1087 4325 vel
1118 4274 1232 4337 ejus
1271 4282 1673 4338 procuratorem
1703 4285 1796 4339 pro
1828 4287 1892 4325 eo
1945 4278 2011 4324 ad
2044 4273 2286 4326 eamdem

747 4365 950 4433 plebem
980 4378 1071 4416 seu
1105 4362 1697 4429 archipresbyteratum,
1732 4372 1787 4411 ut
1818 4371 1897 4412 est
1955 4364 2145 4423 moris,
2195 4365 2291 4414 ad-

748 4456 889 4507 mitti
919 4455 1128 4520 sibique
1154 4450 1234 4505 vel
1264 4452 1380 4519 ejus
1404 4452 1735 4518 procuratori
1782 4452 1844 4503 de
1878 4451 2155 4517 fructibus,
2209 4468 2292 4505 re-

748 4546 953 4598 ditibus
1018 4555 1071 4598 ct
1121 4536 1491 4609 proventibus,
1523 4540 1728 4605 juribus
1778 4549 1833 4592 et
1885 4541 2292 4595 obventionibus

748 4636 1017 4689 universis
1044 4632 1371 4701 responderi,
1419 4632 1839 4683 contradictores
1876 4631 2141 4698 quoslibet
2196 4647 2291 4699 per

748 4741 1029 4780 censuram
1061 4724 1481 4778 ecclesiasticam
1513 4731 1567 4771 et
1598 4720 1698 4771 alia
1726 4720 1861 4788 juris
1883 4721 2117 4772 remedia
2141 4736 2289 4776 com—

749 4821 1035 4886 poscendo.
1066 4817 1125 4869 In
1155 4830 1378 4883 quorum
1406 4813 1583 4877 ﬁdem,
1610 4826 1715 4865 etc.
1770 4856 1773 4857 ν

823 4933 1009 4983 Datum
1054 4929 1322 4992 Bononize,
1355 4918 1425 4981 25
1460 4926 1603 4979 Junii
1638 4926 1789 4991 1430,
1813 4939 1918 4979 etc.

1465 5061 1571 5113 VII.

824 5177 1129 5237 lics-arinn,
1168 5182 1297 5236 εις..
1325 5162 1615 5227 venerabili
1642 5174 1784 5227 Patri
1815 5172 1993 5226 Blasio
2022 5171 2201 5225 abbati
2232 5174 2288 5227 S.

755 5270 824 5322 Μ.
862 5270 911 5320 iu
948 5268 1255 5321 Cosmcdiu.
1282 5265 1414 5316 alias
1447 5265 1624 5317 Sancti
1660 5264 1895 5331 Spiritus
1922 5263 1987 5315 de
2019 5261 2288 5315 Ravenna.

832 5358 992 5423 Digna
1026 5355 1295 5408 reddimnr
1328 5368 1391 5404 ex
1426 5353 1661 5418 injuncto
1696 5352 1850 5404 nobis
1876 5350 2291 5419 lcgationtsofli—

758 5449 840 5498 cio
863 5450 1151 5497 attentione
1181 5444 1414 5503 solliciti,
1442 5454 1497 5493 ut
1525 5443 1576 5493 in
1610 5442 1955 5493 admittendis
1983 5456 2165 5492 eorum
2203 5457 2293 5489 vo-

759 5526 826 5585 tis
866 5537 1170 5586 hc.-:evulu:n
1201 5534 1566 5583 inimsrtiamnr
1590 5546 1864 5582 assensum
1897 5530 1985 5595 qui
2031 5544 2293 5577 ιιιυιικςιρι-

760 5631 980 5689 riolum,
1018 5625 1458 5689 Ctt‘icbi.:t".thliC
1493 5638 1647 5688 atque
1680 5623 1909 5674 loeuruut
1946 5620 2142 5686 quibus
2160 5634 2291 5684 pia--

1956 259 2468 350 nssSAmoms
2506 286 2695 365 acra

3768 299 3921 340 CXXIV

2368 406 2516 460 sunt,
2541 405 2736 451 vacant
2765 396 3098 451 incremento
3119 404 3175 452 et
3203 398 3426 466 paciﬁca
3446 401 3629 455 statui.
3654 400 3802 456 Sane
3827 416 3918 468 pro

2372 494 2523 551 parte
2541 494 2628 537 tua
2662 483 2849 552 petitio
2877 484 3034 539 nobis
3052 485 3229 539 oblata
3258 486 3565 541 continebat
3591 489 3733 556 quod
3756 490 3923 542 eccle-

2373 576 2448 629 sia
2487 574 2657 628 sancti
2693 573 2836 627 Petri
2873 575 2927 628 in
2957 573 3218 629 Bresseda
3244 576 3362 631 sine
3384 590 3510 630 cura
3538 576 3641 629 sita
3674 577 3726 629 in
3773 577 3920 631 terri-

2377 666 2511 717 torio
2538 663 2830 729 Ravennae,
2864 681 2981 734 quae
3007 666 3212 734 jamdiu
3242 676 3326 722 est
3357 668 3689 721 circumdata
3725 668 3924 734 paludi-

2374 756 2475 821 bus
2494 763 2549 807 et
2589 752 2836 809 funditus
2867 757 3101 822 ruinata,
3129 758 3201 811 ita
3224 758 3363 826 quod
3408 774 3511 813 non
3546 770 3631 812 est
3674 760 3926 815 memoria

2376 849 2428 900 in
2452 844 2809 913 contrarium,
2835 849 2977 917 quod
3009 865 3242 918 unquam
3278 849 3437 904 fuerit
3462 849 3693 917 alicujus
3726 848 3926 903 fructus

2373 938 2457 989 vel
2492 938 2709 1001 valoris,
2736 949 2889 993 vacat
2918 940 2984 993 ad
3016 955 3271 1011 praesens,
3306 953 3359 994 et
3387 951 3495 1001 tam
3551 941 3641 993 diu
3694 942 3925 1004 vacavit,

2376 1030 2519 1095 quod
2551 1028 2596 1082 si
2620 1028 2737 1097 ejus
2773 1028 2997 1083 collatio,
3021 1032 3299 1096 spectabat
3336 1033 3406 1099 ad
3463 1031 3697 1098 aliquem
3746 1029 3928 1098 prmia-

2378 1126 2513 1181 tum,
2557 1119 2714 1172 modo
2756 1128 2838 1172 est
2892 1118 3138 1173 devoluta
3168 1120 3234 1172 ad
3301 1121 3484 1173 sedem
3544 1119 3923 1187 apostolicam;

2377 1210 2623 1275 quodque
2659 1208 2938 1277 praefatum
2973 1212 3355 1265 monasterium
3400 1209 3608 1263 Sancta:
3636 1209 3821 1265 Maria
3872 1210 3922 1263 in

2374 1299 2664 1354 Cosmedin
2692 1300 2849 1353 habet
2876 1299 3112 1368 undique
3138 1301 3301 1353 multa
3327 1300 3465 1354 bona
3489 1302 3709 1354 circum.
3731 1299 3924 1353 dictam

2378 1390 2684 1453 ecclesiam,
2717 1390 2860 1444 unde
2916 1390 3077 1446 facile
3133 1392 3359 1455 videtur,
3395 1390 3591 1445 dictam
3647 1391 3926 1445 ecclesiam

2379 1477 2547 1533 fuisse
2578 1479 2870 1547 subjectam
2896 1480 3161 1534 dicto‘tuo
3202 1480 3531 1541 monasterio
3584 1479 3715 1535 licet
3766 1481 3927 1545 ipsius

2381 1569 2690 1621 monasterii
2716 1568 2840 1636 jura
2872 1583 2969 1636 pro
3015 1562 3208 1637 majori
3258 1578 3413 1637 parte
3474 1569 3583 1624 sint
3627 1569 3926 1636 deperdita,

2379 1673 2480 1711 nec
2509 1660 2563 1713 id
2614 1658 2816 1726 liquido
2845 1658 3024 1713 valeas
3078 1661 3468 1715 demonstrare.
3525 1660 3699 1725 Quare
3745 1660 3927 1714 eadem

2378 1749 2564 1816 petitio
2596 1747 2952 1817 subjungebat
2984 1758 3043 1802 ut
3094 1736 3296 1801 dictam
3343 1750 3624 1803 ecclesiam
3681 1750 3838 1802 unire
3881 1755 3931 1801 et

2380 1839 2724 1906 incorporare
2760 1838 3102 1905 dignaremur
3135 1848 3225 1892 tuo
3262 1840 3605 1894 monasterio.
3635 1839 3745 1893 Nos
3780 1852 3927 1906 ergo,

2381 1928 2473 1997 qui
2505 1926 2801 1985 indefessis
2829 1929 3022 1983 studiis
3058 1931 3198 1984 votis
3218 1929 3459 1985 favemus
3488 1929 3673 1997 justis,
3702 1928 3930 1999 praedic-

2380 2028 2488 2074 tam
2520 2020 2800 2074 ecclesiam
2835 2020 3007 2074 sancti
3037 2018 3180 2074 Petri
3212 2029 3267 2075 ut
3294 2021 3635 2089 pramittitur
3654 2028 3931 2073 vaeantem

2380 2110 2434 2163 in
2466 2120 2777 2178 perpetuum
2822 2110 3058 2174 unimus,
3104 2118 3216 2165 etc.
3242 2109 3551 2165 laudantes
3599 2110 3803 2163 vicario
3871 2107 3930 2161 D.

2378 2200 2773 2269 archiepiscopi
2808 2202 3255 2267 Bavennatensis,
3293 2211 3348 2256 et
3384 2200 3634 2255 omnibus
3685 2198 3934 2269 personis

2378 2279 2760 2368 ecclesiasticis
2787 2290 2887 2344 sub
2914 2300 3094 2344 nostra
3149 2292 3413 2359 legatione
3451 2290 3786 2356 degentibus,
3847 2286 3935 2356 qui

2378 2378 2571 2432 barum
2602 2370 2781 2448 vigure
2806 2378 3004 2434 fuerint
3054 2381 3301 2450 requisiti
3349 2390 3614 2448 quatenus
3670 2388 3726 2433 te
3775 2378 3935 2432 indu-

2378 2482 2524 2536 cant,
2553 2483 2657 2528 etc.

2450 2558 2639 2613 Datum
2664 2560 2935 2627 Bononia,
2966 2562 3036 2616 20
3066 2562 3314 2617 Octobris
3348 2562 3505 2619 “50.

3096 2649 3229 2705 Vlll.

2453 2738 2763 2802 Bessarion,
2787 2750 2895 2794 etc.
2933 2739 3143 2794 dilectis
3173 2739 3328 2793 nobis
3360 2740 3411 2790 in
3444 2737 3660 2793 Christo
3688 2754 3936 2794 commu-

2384 2830 2460 2889 ni,
2496 2830 2771 2881 messariis
2805 2838 2858 2881 et
2912 2828 3220 2881 hominibus
3250 2835 3538 2880 terrarum
3593 2826 3838 2881 Succida:
3885 2839 3935 2880 et

2384 2917 2733 2987 Garnaglonis
2756 2919 2966 2986 Alpium
3000 2918 3405 2979 communitatis
3433 2901 3679 2971 Bononiae
3706 2918 3934 2971 salutent

2384 3020 2435 3063 et
2461 3010 2682 3062 sincera:
2708 3008 3012 3062 dilectionis
3037 3007 3308 3061 affectum.

2456 3097 2613 3150 Fides
2644 3110 2697 3149 et
2730 3100 2941 3152 devotio
2972 3108 3148 3153 vestra
3176 3114 3309 3166 quas
3334 3099 3396 3153 ad
3430 3100 3722 3154 Romanam
3752 3098 3937 3151 Eccle-

2385 3189 2518 3242 siam
2544 3190 2749 3241 habetis
2768 3198 2819 3239 et
2840 3196 3370 3256 praesentemjtatuin
3389 3190 3622 3243 civitatis
3645 3190 3899 3243 Bononia:
3916 3206 3931 3242 :

2385 3280 2665 3333 ealatnitas
2716 3278 2954 3345 insuper,
2987 3292 3145 3346 quam
3194 3279 3265 3332 ob
3317 3279 3493 3331 Varias
3547 3294 3829 3348 pressurae
3884 3290 3938 3329 rt

2385 3369 2624 3423 locorum
2660 3370 2895 3438 ipsorum
2924 3369 3259 3422 sterilitatem
3289 3371 3624 3433 substinetis,
3656 3384 3755 3423 nos
3784 3370 3940 3422 indi:-

2384 3468 2534 3522 cunt,
2560 3469 2732 3513 utvos
2758 3458 3145 3528 amplectamur
3170 3458 3443 3513 favoribus
3495 3460 3766 3525 gratiosis.
3824 3460 3938 3512 Du-

2332 3603 2338 3610 ,
2385 3551 2508 3603 dum
2560 3551 2820 3618 siquidem
2877 3564 2972 3618 per
3036 3548 3189 3603 bona:
3247 3550 3521 3602 memoria:
3581 3552 3935 3602 reverendum

2384 3641 2597 3694 Patrem
2625 3639 2687 3693 D.
2724 3641 3005 3694 Fantinum
3045 3637 3306 3695 Venetum
3342 3655 3435 3707 pro
3464 3649 3644 3693 sancta
3691 3641 3937 3693 Romana

2385 3731 2623 3785 Ecclesia
2650 3730 3068 3801 gubernatorem
3108 3731 3340 3784 civitatis
3364 3732 3631 3798 praedictae
3658 3730 3938 3784 decretum

2391 3825 2549 3895 nobis
2578 3820 2939 3889 comperimus
2996 3820 3168 3876 fuisse
3214 3834 3549 3886 concessum,
3606 3831 3658 3873 et
3705 3821 3941 3890 gratiose

2388 3912 2647 3967 indultum
2674 3910 2883 3965 tenoris
2915 3918 2968 3962 et
2990 3910 3335 3964 coninentia:
3360 3912 3755 3979 subsequentis,
3792 3910 3941 3964 vide-

2386 4003 2512 4057 licet
2542 4016 2556 4053 :
2594 4000 2854 4053 Fantinus
2876 4001 3281 4066 protonorariu’s
3302 3998 3534 4053 Venetus
3577 4015 3672 4067 pro
3701 4001 3942 4054 sanctis-

2391 4093 2532 4146 simo
2564 4092 2779 4143 domino
2816 4098 3000 4141 nostro
3024 4089 3085 4141 Ι).
3121 4089 3351 4155 Eugenio
3378 4105 3508 4157 papa
3537 4091 3603 4144 ιν
3651 4100 3705 4143 et
3751 4101 3941 4143 sancta

2389 4182 2627 4235 Romana
2659 4180 2891 4233 Ecclesia
2920 4178 3124 4233 Bouon.
3159 4191 3262 4233 etc.
3312 4180 3633 4247 gubernator
3654 4219 3671 4240 ,
3729 4181 3944 4233 dilectis

2387 4274 2624 4326 nobisin
2659 4268 2873 4323 Christo
2900 4270 3174 4324 communi
3214 4268 3471 4323 Hassario
3526 4278 3579 4323 et
3626 4270 3946 4324 hominibus

2390 4375 2548 4416 terra:
2586 4361 2823 4415 Snccida:
2847 4373 2899 4413 et
2924 4360 3277 4431 Garnaglonis
3296 4362 3502 4429 Alpium
3531 4362 3942 4415 communitatis

2388 4454 2640 4507 Bononiae
2670 4453 2820 4507 salut.
2846 4467 2894 4504 ιη
2924 4454 2972 4504 in
3008 4468 3092 4515 eo,
3127 4456 3217 4521 qui
3251 4465 3332 4507 est
3364 4468 3486 4506 vera
3517 4453 3683 4506 salus.
3734 4452 3942 4509 Diﬂ‘use

2388 4546 2519 4599 satis
2549 4547 2616 4597 de
2648 4544 2956 4597 calamitate
2988 4554 3164 4597 vestra
3199 4546 3329 4598 fides
3358 4546 3510 4600 nobis
3550 4546 3690 4599 facta
3720 4554 3811 4601 est
3845 4560 3942 4612 per

2392 4636 2651 4689 redditam
2681 4632 3123 4700 supplicationem
3153 4648 3312 4699 quam
3335 4632 3703 4687 etcommunis
3720 4631 3944 4683 nomine

2390 4729 2540 4781 nobis
2566 4724 2930 4781 cxhibuistis:
2970 4724 3064 4797 fuit
3096 4725 3235 4776 enim
3274 4739 3436 4777 casus
3498 4726 3610 4791 ipse
3657 4722 3945 4776 miserabi-

2388 4820 2514 4871 lium
2544 4816 2697 4870 facile
2718 4816 2809 4883 qui
2843 4816 3219 4870 misericordes
3238 4823 3383 4879 sunt,
3414 4813 3480 4866 ad
3513 4812 3945 4864 miscricordiam

2386 4909 2740 4971 devinciens;
2791 4920 2900 4959 non
2928 4920 3045 4956 cum
3073 4906 3251 4957 omnia
3284 4906 3548 4971 insperata
3584 4916 3773 4955 natura
3813 4917 3945 4971 qua.

2389 5000 2507 5051 dam
2543 5011 2645 5047 non
2673 4994 2830 5047 facile
2882 4992 3175 5045 tolerabilia
3218 4993 3346 5055 sint,
3377 4993 3489 5060 ipse
3525 4992 3813 5043 imminens
3857 5006 3944 5044 ca-

2360 5103 2480 5139 -sus
2507 5088 2557 5138 in
2584 5085 2734 5137 vobis
2759 5098 2881 5151 erga
2916 5090 3149 5134 nostram
3203 5081 3356 5132 fidem
3413 5082 3661 5146 pietatem
3692 5078 3940 5132 adduxit.

2389 5179 2521 5229 Cum
2556 5184 2757 5232 autem,
2818 5173 2958 5224 sicut
2989 5162 3341 5234 esposuistis,
3379 5169 3645 5221 domicilia
3691 5183 3941 5223 commn-

2391 5279 2595 5331 nesque
2643 5263 2998 5314 habitationes
3034 5269 3225 5309 vestra:
3255 5274 3441 5309 omnes
3489 5259 3739 5311 radicem
3771 5258 3943 5324 lapsa

2390 5361 2510 5401 sunt
2538 5352 2707 5411 fluxu,
2738 5360 2791 5400 et
2824 5347 2973 5397 ruina
3026 5347 3244 5407 montis,
3301 5345 3388 5397 ubi
3436 5346 3718 5399 residentia
3773 5348 3943 5400 vestri

2392 5438 2694 5491 communis
2728 5438 2828 5489 sita
2859 5444 2994 5497 erat,
3026 5436 3245 5502 locaque
3275 5434 3467 5488 fertilia
3494 5436 3635 5489 dicto
3665 5452 3791 5489 casn
3830 5445 3944 5490 ste-

2397 5532 2545 5583 rilem
2572 5527 2898 5592 susceperint
2920 5525 3301 5588 conditionem,
3340 5526 3685 5593 supplicastis
3720 5526 3943 5579 humili-

2405 5633 2507 5684 ια’,
2546 5629 2600 5671 ut
2626 5632 2839 5670 causam
2868 5617 3123 5669 haberent
3152 5617 3395 5669 homines
3436 5618 3655 5671 minime
3675 5615 3942 5671 deseren-
