4138 6328
209 215 345 257 πιχν

212 312 268 365 di
294 325 582 367 commune
612 316 876 377 vestrum,
901 312 1042 380 quod
1084 311 1403 385 imminuere
1426 303 1769 379 di‘gnaremur

212 416 313 469 pro
335 402 558 456 dimidio
605 417 866 456 summam
895 402 1152 456 librarum
1188 392 1580 469 quinquaginta
1632 402 1765 451 dua-

202 506 375 565 rum,
444 490 732 552 solidorum
785 482 1084 554 tredecim,
1139 490 1480 543 denariorum
1541 498 1769 555 quatuor

212 580 422 632 Bonon.
445 594 580 647 quos
604 578 817 648 singulo
837 593 1001 654 anno,
1034 574 1240 633 solvere
1269 592 1364 646 pro
1410 588 1524 628 rata
1583 576 1764 629 salarii

213 670 537 722 ticariorum
562 657 895 739 Capugnani,
921 684 985 723 ac
1004 669 1143 737 quod
1165 667 1352 722 saltem
1388 667 1466 720 sal
1515 665 1669 719 vobis
1711 672 1765 717 et

211 772 395 814 vestro
421 761 692 813 communi
725 759 1090 813 necessarium
1117 756 1341 811 daretur
1386 744 1561 810 vobis»
1590 769 1618 806 a
1679 770 1789 807 caa‘

213 864 375 902 mera
408 849 600 902 saliunt
632 849 967 904 Bononicnse
991 864 1089 917 pro
1143 846 1293 900 libris
1346 846 1513 898 tribus
1560 844 1765 897 Bonan.

212 939 281 987 ad
315 938 578 989 rationem
607 924 813 1000 Corbis,
843 938 982 991 sicut
1006 924 1064 988 iit
1091 936 1298 990 caeteris
1332 935 1452 987 aliis
1503 934 1770 988 comitati-

215 1024 317 1077 bus
340 1026 740 1079 conununitatis
765 1025 972 1079 Bonon.
1008 1015 1230 1092 propter
1262 1038 1448 1076 eorum
1480 1030 1767 1090 pauperta-

208 1123 346 1166 tem.
373 1114 481 1165 Nos
510 1125 684 1167 autem
717 1116 819 1166 etsi
866 1112 1094 1167 ﬁrmiter
1147 1115 1429 1167 credamus
1470 1110 1673 1165 damna
1717 1121 1771 1164 et

206 1201 452 1269 iacturas
477 1212 705 1267 vestras,
735 1213 911 1255 tamen
941 1190 1142 1255 habere
1172 1204 1415 1267 volumus
1463 1202 1514 1253 in
1561 1215 1620 1254 re
1656 1201 1769 1266 ipsa

211 1280 430 1346 omnem
462 1292 768 1358 possibilem
830 1291 1304 1355 informationem;
1344 1304 1563 1358 remque
1621 1304 1769 1342 com-

215 1382 465 1435 misimus
495 1382 783 1435 revereudo
814 1383 880 1435 D.
924 1382 1260 1435 tbesaurario
1300 1392 1371 1434 et-
1396 1380 1771 1435 defensoribus

215 1471 430 1521 haveris
466 1471 765 1524 communis
787 1470 992 1525 Bonon.
1019 1470 1120 1539 Ipsi
1144 1471 1284 1525 enim
1314 1470 1569 1525 inﬁrmati
1596 1469 1772 1521 ﬁrma-

215 1567 412 1611 verunt
444 1559 601 1613 nobis
622 1572 683 1610 ea
704 1573 819 1626 quas
841 1560 893 1611 in
925 1559 1311 1627 supplicatione
1332 1573 1429 1626 per
1448 1571 1542 1612 vos
1561 1564 1771 1609 narrata

217 1658 368 1711 sunt,
435 1650 561 1702 vera
618 1664 774 1714 esse,
809 1649 1198 1717 imminereqnc
1261 1649 1325 1701 ad
1381 1651 1491 1701 haec
1540 1646 1772 1716 pericula

217 1747 415 1802 praeter
437 1738 573 1805 ipsa,
597 1754 714 1807 quae
752 1754 905 1793 mons
928 1740 1038 1809 ipse
1065 1740 1238 1794 adhuc
1267 1739 1515 1793 tenditad
1545 1738 1775 1791 decisio-

219 1839 343 1877 item
378 1840 393 1875 :
427 1828 877 1881 nndesuadebant
930 1829 1105 1894 nobis,
1152 1828 1295 1897 quod
1348 1830 1571 1895 gratiam
1619 1828 1773 1891 vobis

220 1912 522 1969 faceremus
557 1932 572 1970 :
602 1921 741 1983 quod
767 1918 847 1970 sal
884 1918 1036 1971 vobis
1078 1919 1296 1970 daretur
1340 1918 1546 1970 ratione
1597 1917 1774 1970 corbis

221 2020 323 2068 pro
351 2006 501 2057 libris
531 2007 701 2058 tribus
722 2006 929 2060 Bonon.
955 2021 984 2057 a
1040 2021 1271 2069 camera,
1298 2020 1388 2059 seu
1420 2006 1606 2072 canipa
1648 2006 1773 2057 salis

222 2101 443 2145 nostra:
466 2100 521 2144 et
548 2082 971 2159 quod‘salarinm
989 2094 1291 2146 communis
1315 2095 1502 2152 vestri.
1524 2092 1773 2145 videlicet

220 2181 481 2234 librarum
503 2180 1152 2250 quinquagintaduarom,
1176 2180 1471 2235 solidorum
1495 2180 1770 2240 tredecim.

219 2269 570 2323 denariorum
605 2282 853 2339 quatuor,
878 2270 1022 2337 quod
1071 2272 1347 2323 annuatim
1384 2269 1587 2323 solvere
1620 2279 1772 2322 tene-

221 2355 355 2411 mini
381 2372 480 2427 pro
508 2360 709 2413 salario
734 2360 1057 2414 vicariorum
1103 2358 1442 2431 Capugnaui;
1493 2360 1635 2427 quod
1691 2372 1773 2411 rei

222 2450 586 2513 mitteremus,
622 2462 675 2504 et
732 2451 1171 2505 imminueremns
1225 2452 1290 2505 ad
1354 2452 1518 2505 libras
1557 2451 1772 2520 triginta

222 2540 363 2592 duas
391 2539 592 2593 solidos
648 2541 921 2603 tredecim,
970 2542 1224 2596 denarios
1292 2551 1523 2610 quatuor
1565 2541 1769 2596 Bonan.

222 2643 344 2697 qua
368 2630 645 2683 annuatim
671 2615 805 2683 solvi
843 2646 934 2698 per
956 2646 1049 2685 vos
1076 2647 1171 2700 pro
1200 2631 1398 2686 salario
1444 2630 1769 2685 vicariorum

188 2728 527 2773 -teneantur.
560 2719 848 2775 Residuum
899 2731 1099 2787 autem,
1125 2723 1371 2776 videlicet
1410 2723 1575 2775 libras
1601 2721 1672 2774 20
1702 2736 1771 2774 ne

222 2806 595 2875 przjudicium
627 2808 721 2861 ﬁat
743 2823 971 2862 camerae
998 2821 1085 2861 aut
1117 2810 1237 2863 aliis
1271 2809 1767 2876 communitatibus,

221 2896 439 2950 solvant
460 2899 562 2951 hoc
594 2900 772 2968 modo,
795 2910 898 2953 etc.
933 2898 1064 2952 Nam
1086 2899 1226 2953 facta
1244 2884 1334 2954 eSt
1356 2901 1488 2953 alias
1508 2902 1769 2955 constitu-

226 2980 304 3038 tio
334 3000 429 3053 per
459 2988 718 3057 regimina
740 2990 972 3044 civitatis
999 2990 1246 3044 Bononia:
1263 3000 1317 3045 et
1343 2992 1654 3046 c0nﬁrmata
1677 3005 1771 3059 per

223 3074 509 3139 quemdam
537 3075 1035 3129 reverendissimum
1066 3077 1389 3130 cardinalem
1437 3077 1569 3129 alias
1594 3075 1770 3130 Bono-

224 3160 331 3212 nia
355 3161 605 3227 legatum.
636 3162 777 3229 quod
823 3162 1086 3218 introitus
1124 3161 1284 3217 Dacii'
1324 3164 1768 3228 molendinorum,

224 3248 317 3315 qui
347 3262 443 3314 pro
467 3258 582 3303 rata
615 3254 963 3320 contingente
998 3254 1474 3306 communitatibus
1507 3251 1769 3315 Succidte,

223 3336 598 3405 Garuaglonis,
627 3347 683 3391 et
703 3339 1014 3409 Capngnani
1058 3342 1121 3393 ad
1172 3341 1430 3394 rationem
1476 3340 1769 3393 solidorum

223 3438 457 3494 quatuor
495 3442 591 3495 pro
618 3432 785 3481 bucca
808 3442 1154 3495 personarum
1173 3428 1435 3480 dictarum
1457 3434 1767 3480 comitatum

223 3525 666 3568 converterentur
692 3515 757 3566 ad
784 3514 1175 3581 reparationem
1204 3525 1257 3565 et
1279 3516 1346 3566 ad
1381 3514 1767 3581 reaptationem

222 3603 537 3657 balneorum
565 3604 631 3654 de
651 3601 937 3668 Laporetta
968 3590 1363 3655 communitatis
1392 3601 1766 3659 Bononiensis.

220 3690 358 3744 Cum
389 3698 566 3743 autem
590 3692 901 3749 constitutio
935 3691 1048 3758 ipsa
1067 3690 1177 3759 jam
1200 3691 1354 3746 annis
1378 3693 1561 3746 decem
1589 3708 1771 3746 serva-

222 3787 282 3832 ta
305 3780 398 3841 ait,
434 3780 907 3847 reparationeaQue
930 3795 1025 3846 pro
1065 3781 1269 3850 majore
1299 3794 1446 3851 parte
1502 3784 1611 3837 sint
1645 3799 1769 3853 per-

218 3869 401 3929 fectat,
432 3881 730 3936 parumque
760 3879 923 3924 restet
946 3872 1010 3925 ad
1035 3886 1185 3925 suam
1207 3872 1608 3941 perfectionem,
1641 3886 1768 3927 soa-

221 3958 449 4023 debant,
477 3957 622 4027 quod
649 3970 715 4012 ex
738 3959 957 4014 introitu
994 3962 1247 4030 pradicto
1267 3963 1413 4016 Dacii
1438 3965 1771 4020 molendina-

222 4064 349 4111 rum
377 4064 473 4115 pro
500 4056 641 4103 'rata
702 4051 1047 4121 contingente
1079 4054 1238 4129 dictis
1281 4057 1628 4109 comitatibus
1679 4058 1769 4125 qui

178 4170 185 4176 ε
221 4154 325 4209 per
349 4141 603 4195 oliiciales
629 4143 912 4209 deputatos
939 4145 1208 4213 colligitur
1233 4160 1391 4198 causa
1435 4150 1588 4199 dictze
1620 4162 1770 4214 repa-

222 4232 471 4295 rationis,
506 4235 787 4297 capiantur
834 4232 989 4283 dicite
1044 4232 1191 4285 libra:
1235 4234 1305 4288 9.0
1360 4250 1456 4300 pro
1504 4236 1768 4303 completa

222 4321 494 4375 solutione
523 4334 710 4374 eorum
738 4330 855 4388 quae
897 4322 1106 4374 solvere
1140 4324 1460 4377 tenebamini
1498 4342 1593 4390 pro
1631 4326 1771 4377 Sala-

224 4411 308 4463 rio
360 4410 546 4462 vicarii
599 4409 786 4472 vestri,
821 4410 1091 4462 residbnm
1138 4420 1264 4463 Vero
1311 4412 1559 4465 introitus
1599 4412 1769 4481 depu-

225 4509 368 4555 tetur
392 4500 457 4553 ad
483 4500 694 4555 solitam
728 4500 990 4554 dictorum
1014 4500 1323 4564 balneorum
1356 4505 1767 4571 reparationem.

222 4591 340 4644 Hoc
369 4594 512 4645 enim
553 4575 731 4643 suasis
754 4590 907 4643 nobis
947 4588 1163 4658 propter
1196 4591 1390 4643 damna
1455 4602 1628 4645 testra
1663 4610 1768 4647 non

223 4682 569 4735 mediocriter
629 4680 870 4745 placuit:
931 4678 1071 4732 unde
1123 4666 1361 4735 volentes
1406 4684 1456 4733 in
1514 4686 1599 4743 iis,
1652 4673 1769 4750 qua:

222 4782 534 4839 possumus,
567 4768 718 4820 vobis
770 4780 826 4819 et
870 4780 1057 4821 vestra:
1113 4771 1403 4823 calamitati
1460 4774 1765 4835 subvenire,

221 4854 543 4909 auctoritate
572 4854 865 4928 apostolica
905 4870 1005 4922 qua
1042 4854 1315 4923 fungimur
1353 4860 1581 4926 gratiam
1617 4861 1766 4912 vobis

223 4948 473 5009 facimus,
494 4944 842 4997 concedimus
866 4954 921 4996 et
953 4945 1244 5015 illargimnr
1300 4950 1589 5000 secundum
1625 4950 1765 5015 quod

221 5038 284 5090 in
325 5032 892 5113 relatione‘prmdicta
930 5035 1281 5101 signiﬁcatum
1332 5049 1435 5099 est,
1496 5041 1639 5106 quod
1690 5041 1768 5089 sal

221 5128 475 5196 videlicet
495 5126 646 5181 vobis
672 5139 769 5193 pro
799 5138 899 5176 usu
943 5136 1121 5177 vestro
1146 5127 1463 5179 exbibeator
1499 5144 1527 5179 a
1579 5130 1767 5192 caniptt

219 5218 352 5270 salis
396 5216 607 5272 Bonan.
644 5211 751 5284 'pro
804 5215 956 5267 libris
1014 5214 1183 5267 tribus
1245 5215 1447 5270 Bonon.
1512 5228 1769 5283 quatenus

150 5366 159 5371 ,
218 5307 489 5375 siquidem
524 5306 727 5360 solvere
751 5311 957 5357 tantum
988 5300 1225 5357 debeatis
1260 5320 1357 5371 pro
1388 5306 1582 5358 salario
1614 5307 1771 5355 vica-

219 5398 287 5451 rii
315 5386 936 5465 Capugnaul'aouuatim
968 5390 1149 5453 libras
1209 5396 1489 5459 praedictas
1551 5396 1763 5463 triginta

207 5580 215 5581 ί
282 5520 357 5581 (η
393 5502 531 5569 ἑιιςδ
561 5497 872 5582 pontiﬁcatus
903 5524 1032 5564 nuta.

659 5600 931 5663 Fama.
971 5600 1085 5657 Gs.
1131 5592 1324 5668 CLXI.

1264 198 1346 264 ΙΝ
1390 199 1821 277 LEGATIONE
1865 195 2354 264 BONONIENSI.

3286 197 3438 240 CXXVI

1872 314 2023 373 duas,
2062 311 2261 364 solidos
2296 308 2604 376 tredecim,
2663 306 2929 385 denarios
2980 311 3208 372 quatuor
3273 292 3441 354 Bouo—

1872 400 2119 453 nienses:
2147 398 2262 450 aliae
2303 412 2429 450 vero
2462 396 2532 449 20
2563 386 2716 450 libra:
2748 383 2954 447 tantum
3005 393 3283 447 solt-antur
3344 390 3420 439 'de

1873 477 2097 542 intrOitu
2130 488 2380 554 deputata
2437 500 2531 554 pro
2591 474 2902 538 balneorum
2954 482 3290 550 reparatione
3344 494 3436 546 per

1870 591 2014 641 eum,
2044 575 2122 627 vel
2144 591 2257 641 eos,
2294 576 2385 640 qui
2413 577 2479 627 ad
2512 573 2744 627 similent
2797 568 3139 625 eXactione'm
3172 568 3433 637 deputati

1870 662 2020 727 sont,
2047 664 2185 718 sicut
2204 662 2362 716 latius
2380 660 2622 729 superius
2648 673 2963 727 expressum
2988 666 3101 721 est;
3129 645 3439 710 mandantcs

1875 746 2205 803 tltesaurari'o
2242 746 2714 800 cantem‘Bonon.
2744 745 2837 813 qui
2887 740 2988 813 'pro
3030 751 3268 812 tempore
3301 744 3426 805 erit,

1870 833 2246 891 defensoribus
2271 837 2504 899 liat'eri's,
2535 832 2976 898 conductoribus,
3002 848 3064 886 ac
3116 842 3433 900 superstan-

1871 926 2195 989 tibus‘salis,
2228 912 2576 980 exactoribus
2606 923 3189 992 vicariis‘Capugnani,
3230 922 3465 976 oﬁicia-'

1870 1014 2013 1075 libus
2059 1015 2331 1084 deputatis
2371 1016 2435 1069 ad
2496 1015 2621 1070 dicti
2676 1013 2929 1068 introitus
2967 1014 3300 1068 exactiOnem
3339 1027 3437 1080 pro

1873 1105 2216 1171 reparatione
2245 1105 2560 1159 balneorum
2590 1118 2655 1157 ac
2683 1103 2931 1156 omnibus
2956 1110 3025 1154 et;
3052 1101 3279 1169 singulis
3306 1103 3426 1157 aliis

1872 1192 2187 1250 oﬁicialibus
2215 1195 2415 1249 nostris
2439 1204 2494 1248 et
2524 1193 2826 1248 communis
2860 1192 3206 1247 Bononiensis
3235 1193 3434 1260 quibus

1873 1292 2076 1351 spectat
2106 1293 2198 1337 aut
2239 1293 2484 1353 spectare
2537 1285 2715 1352 possit
2753 1284 2805 1337 in
2864 1282 3135 1346 futurum,
3173 1292 3435 1349 quatenus

1874 1372 2017 1427 hanc
2067 1384 2308 1427 nostram
2330 1371 2561 1441 gratiam
2599 1382 2832 1439 servent,
2864 1372 3166 1441 faciantque
3189 1373 3256 1426 de
3301 1384 3436 1424 tem-

1875 1477 2003 1532 pore
2034 1466 2088 1518 in
2115 1473 2327 1533 tempus
2352 1465 2419 1518 ab
2448 1466 2570 1520 aliis
2597 1464 2899 1519 observari.
2936 1464 2991 1516 in
3011 1466 3237 1531 quorum
3276 1462 3432 1515 ﬁdem

1874 1556 2153 1631 praesentis
2169 1556 2541 1610 concessionis
2569 1565 2767 1610 nostrae
2796 1548 3079 1623 decretum,
3116 1556 3253 1619 ﬁeri,
3287 1555 3435 1623 sigil-

1876 1647 2020 1712 lique
2040 1644 2212 1699 nostri
2245 1645 2459 1699 rotundi
2498 1644 2761 1713 jussimus
2827 1644 3177 1713 impressione
3221 1646 3433 1697 muniri.

1945 1735 2134 1787 Datum
2163 1734 2414 1789 Bononiae
2448 1734 2502 1787 in
2543 1733 2739 1803 palatio
2770 1743 2965 1788 nostras
2997 1736 3318 1797 residentia),
3352 1736 3436 1789 die

1874 1825 2063 1894 quinto
2094 1823 2305 1879 decimo
2328 1823 2526 1876 mensis
2559 1821 2841 1876 Februarii
2877 1822 3036 1885 “52.
3094 1820 3297 1889 pontiﬁi
3317 1833 3435 1876 atus

1874 1912 2215 1978 sanctissimi
2254 1912 2457 1965 domini
2485 1914 2656 1979 nostri
2697 1911 2758 1962 Ι).
2803 1909 3027 1984 Ειιεθῐῄὶ
3082 1910 3235 1979 Papa:
3294 1926 3434 1965 anno

1872 2006 2048 2071 primo
2077 2003 2177 2071 (Ι),
2206 2012 2312 2055 etc.

1942 2180 2070 2235 Post
2100 2178 2260 2249 cujus
2301 2181 2518 2250 quidem
2544 2179 2746 2234 decreti
2782 2189 2835 2235 et
2883 2179 3073 2233 indulti
3122 2180 3427 2234 concessio-

1872 2284 2018 2331 nem,
2050 2268 2365 2335 spectabilis
2398 2270 2551 2323 miles
2577 2269 2640 2324 D.
2678 2266 2934 2342 Nicolaus
2960 2270 3025 2323 de
3053 2268 3267 2324 Sanatis
3299 2262 3431 2323 civi-

1875 2356 2000 2414 tatis
2032 2360 2388 2415 Bononiensis
2409 2360 2731 2413 auctot‘itate
2749 2359 3039 2429 apostolica
3071 2359 3125 2412 in
3172 2360 3427 2414 comitem

1872 2452 2166 2506 Palatinum
2197 2461 2528 2521 assumptus,
2572 2452 2623 2505 in
2666 2443 2881 2504 titulum
2911 2451 2992 2505 sui
3032 2450 3319 2504 comitatus
3346 2452 3426 2502 lo-

1873 2558 1994 2598 cum
2027 2545 2363 2613 prtedictnm,
2396 2543 2487 2611 qui
2520 2541 2720 2597 dicitur
2747 2541 3071 2610 Laporetta,
3107 2557 3228 2594 cum
3257 2544 3430 2596 omni-

1873 2636 1974 2689 bus
2009 2634 2352 2704 pertinentiis
2390 2632 2935 2701 etjurisdictionibus
2964 2633 3100 2693 suis,
3160 2646 3220 2684 ac
3263 2631 3427 2684 etiam

1874 2738 1994 2776 cum
2027 2724 2289 2775 vicariatu
2320 2722 2586 2776 dicturum
2622 2732 2909 2782 terrarum,
2937 2729 2991 2773 et
3020 2719 3286 2773 solutione
3326 2733 3421 2773 sov-

1873 2815 2103 2868 lidorom
2160 2824 2395 2882 quatuor
2447 2828 2542 2879 pro
2571 2813 2812 2880 qualibet
2839 2812 3006 2866 bucca
3042 2812 3316 2867 hominum
3373 2822 3427 2862 et

1874 2918 2224 2972 personarum
2251 2904 2304 2956 in
2336 2903 2466 2970 ipsis
2494 2904 2648 2956 terris
2676 2900 3070 2965 exsistentium,
3090 2912 3245 2968 prout
3269 2911 3429 2954 antea

1872 3010 1968 3064 pro
1994 2992 2267 3049 macinatn
2299 3006 2524 3047 camerae
2550 2989 2902 3044 Bononiensis
2935 2990 3143 3043 solvere
3201 3005 3427 3043 consue-

1872 3091 2080 3146 verant,
2121 3081 2314 3137 eadem
2354 3081 2678 3135 auctoritate
2705 3076 3246 3146 obtinuitprovideri,
3270 3086 3427 3145 prout

1872 3174 1926 3227 in
1949 3174 2149 3227 litteris
2180 3172 2494 3241 apostolicis.
2518 3171 2641 3224 inde
2670 3168 2952 3233 confectis,
2976 3176 3031 3222 et
3055 3183 3235 3221 coram
3265 3167 3422 3221 nobis

1873 3266 2126 3320 exhibitis
2153 3266 2559 3335 clareconstat.
2590 3261 2723 3317 Cum
2754 3271 2931 3316 autem
2960 3262 3099 3315 inter
3135 3260 3417 3329 praefatum

1871 3369 2188 3427 generosum
2213 3345 2462 3427 comitem
2492 3362 2549 3407 et
2577 3351 2924 3419 spectabilem
2959 3350 3177 3403 militem
3212 3367 3275 3403 ex
3311 3367 3414 3402 una

1870 3453 2020 3513 parte
2041 3453 2093 3497 et
2127 3444 2353 3497 vicarios
2380 3458 2474 3508 pro
2498 3452 2737 3509 tempore
2758 3444 3037 3506 deputatos
3063 3442 3129 3495 ad
3180 3442 3418 3505 regimen

1869 3542 2133 3587 terrarum
2168 3544 2234 3583 ex
2262 3532 2454 3594 altera,
2488 3544 2553 3584 ac
2591 3530 2752 3583 etiam
2791 3528 3210 3581 communitates
3236 3540 3288 3581 et
3322 3532 3419 3580 lio-

1869 3620 2041 3673 mines
2071 3620 2379 3673 earumdem
2408 3627 2558 3686 parte
2579 3632 2644 3671 ex
2672 3617 2839 3670 altera
2869 3606 3063 3684 sacpius
3108 3629 3420 3670 controver-

1868 3709 1948 3763 sia
1980 3709 2167 3768 fuerit,
2186 3702 2419 3761 etetiam
2447 3709 2623 3776 vigeat
2651 3707 2712 3760 de
2744 3706 2995 3774 praesenti
3028 3707 3310 3760 occasione
3331 3715 3419 3759 ‘so-

1877 3798 2099 3853 lutionis
2133 3797 2319 3852 salarii
2351 3797 2477 3852 dicti
2502 3796 2817 3859 vicariatus,
2846 3808 2901 3851 et
2930 3796 3090 3851 etiam
3136 3795 3420 3849 solutionis

1843 3889 2127 3963 tlibrarum
2182 3888 2387 3957 viginti,
2440 3900 2573 3954 quas
2626 3885 2859 3954 praefata:
2903 3886 3335 3947 communitates,
3365 3897 3420 3938 et

1874 3982 2115 4033 homines
2133 3993 2228 4047 pro
2256 3993 2438 4032 eorum
2469 3976 2655 4032 buccis
2676 3977 2975 4030 macinatus
2993 3975 3101 4042 jam
3129 3977 3289 4029 certis
3309 3977 3420 4029 ela-

1872 4072 1981 4136 psis
2008 4070 2164 4122 annis
2190 4116 2193 4117 ν
2219 4068 2427 4121 solvere
2484 4080 2581 4133 pro
2615 4066 2955 4134 reparatione
3000 4066 3315 4138 balneorum
3351 4067 3417 4119 de

1871 4157 2159 4223 Laporetta
2197 4163 2617 4217 consueverunt,
2684 4155 2748 4209 ad
2810 4170 3039 4222 quorum
3096 4156 3413 4210 solutionem

1872 4248 2099 4311 praefata:
2129 4244 2503 4298 universitates
2523 4251 2575 4297 et
2599 4245 2844 4301 homines
2861 4247 3124 4301 dictarum
3148 4255 3409 4301 terrarum

1870 4336 2193 4392 auctoritate
2221 4335 2515 4403 praainserti
2546 4335 2746 4390 decreti
2794 4351 2853 4391 se
2896 4345 3144 4392 asserunt
3188 4354 3293 4391 non
3332 4350 3410 4392 te-

1871 4428 2025 4481 neri:
2061 4440 2159 4478 nos
2202 4440 2327 4495 ergo
2370 4425 2671 4495 iurgiorum
2735 4430 2987 4482 materias
3018 4440 3291 4496 amputare
3319 4445 3413 4481 cu-

1870 4519 2094 4584 pientes,
2128 4531 2191 4569 ac
2220 4518 2361 4583 paci,
2395 4517 2559 4582 quieti
2588 4526 2641 4569 et
2671 4518 3045 4584 tranquillitati
3083 4520 3412 4571 Subdilorum

1871 4614 2171 4660 nostrorum
2192 4606 2470 4671 providere
2496 4599 2781 4674 plurimum
2807 4605 3143 4666 afl‘ectantes,
3168 4610 3412 4670 ptazsenti

1872 4696 2292 4749 nostrodecreto
2334 4695 2627 4757 ﬁrmamus,
2658 4694 2798 4760 quod
2829 4693 3063 4761 prmi-atas
3092 4695 3413 4746 universita-

1872 4794 1949 4837 tcs
1974 4795 2025 4837 et
2061 4770 2303 4835 homines
2324 4784 2638 4835 earumdem
2668 4796 2764 4849 pro
2784 4784 2928 4835 omni
2960 4797 3023 4837 eo
3050 4794 3100 4836 et
3121 4794 3249 4844 toto,
3271 4788 3411 4849 «μιυά

1869 4872 2149 4926 occasione
2180 4872 2305 4924 dicti
2332 4870 2625 4943 macinatns
2661 4886 2754 4935 pro
2802 4885 2985 4924 eorum
3021 4872 3203 4924 buccis
3233 4887 3408 4923 came-

1873 4976 1944 5015 ra:
1986 4961 2309 5014 Bononiensi
2357 4959 2566 5011 solvere
2601 4969 2847 5013 tenentur
2901 4963 2965 5013 de
2997 4970 3191 5015 caetero
3224 4976 3412 5013 omnes

1870 5053 2108 5118 singulas
2143 5052 2304 5102 libras
2363 5051 2608 5102 undecim
2671 5049 2875 5103 Bonon.
2946 5064 3001 5105 et
3037 5066 3138 5102 non
3196 5050 3414 5103 ulterius

1871 5140 2089 5205 pra-fato
2119 5139 2175 5190 D.
2214 5138 2429 5191 Nicolao
2457 5140 2637 5191 comiti
2669 5136 2919 5206 prtedicto
2959 5151 3010 5192 et
3044 5140 3192 5191 militi
3224 5155 3251 5189 a
3282 5149 3414 5189 tem-

1872 5242 1999 5294 pore
2025 5226 2394 5280 concessionis
2454 5228 2773 5279 auctoritate
2804 5226 3094 5293 apostolica
3140 5226 3238 5277 sibi
3273 5226 3411 5277 fulta

1871 5318 2003 5369 citra
2036 5333 2103 5371 ex
2152 5317 2508 5384 computando
2548 5317 2674 5369 illud
2712 5326 2873 5368 totum
2916 5315 2980 5367 de
3027 5315 3170 5367 dicta
3202 5332 3409 5370 summa

1870 5410 2012 5475 quod
2057 5409 2226 5462 dictus
2268 5408 2644 5461 universitates
2682 5416 2739 5458 et
2786 5407 3028 5459 homines
3062 5407 3301 5474 pra-fato
3347 5411 3411 5463 υ.

2982 5573 3008 5612 ε
