4140 6328
180 252 245 313 33
1123 254 1270 313 liEF
1278 254 1474 323 UTA'I’
1483 252 1556 310 ιο
1596 252 1721 312 MA]

1824 252 1837 307 ί
1878 244 2273 306 EPUESINI.
3138 248 3141 251 λ
3307 234 3379 296 34

186 366 338 420 Ἆλλά
366 364 525 417 τοῦτο
558 367 657 435 μὲν
705 365 931 437 ὕστερον
953 383 966 399 ⁸
1001 368 1097 421 νῦν
1143 369 1201 421 δὲ
1247 369 1409 436 ἀρκεῖ
1439 368 1589 436 ἡμῖν,
1644 367 1721 418 δτι

1827 377 1930 415 nec
1979 374 2098 414 esse
2133 352 2460 427 principium
2521 352 2776 407 conrcnit
2823 351 2875 404 ei
2916 351 3053 415 soli;
3103 352 3379 419 quomodo

171 455 290 509 οὕτε
324 456 357 524 ἡ
387 456 654 523 πρότασίς
692 459 838 509 ἐστιν
864 458 958 527 ἀφ’
990 459 1191 528 ἑαυτῆς
1220 458 1452 527 φανερὰ,
1476 455 1602 508 οὔτε
1630 456 1726 509 αὑ-

171 546 257 606 τὸς
283 544 382 613 τὴν
405 547 651 615 ἀνάγκην
680 547 842 617 ἔθηκε
888 550 987 617 τῆς
1013 549 1345 619 προτάσεως,
1371 546 1505 597 ἀλλά
1527 545 1724 612 μᾶλλον

172 636 265 687 καὶ
282 634 452 704 αὐτῆς
476 634 762 705 τιθεμένης
792 636 961 690 πολλά
990 638 1310 703 συνάγονται
1346 635 1514 703 ψεύδη
1548 633 1635 686 διά
1664 632 1726 683 τὸ

172 726 398 787 πολλοὺς
434 726 607 796 αὐτὴν
639 727 915 796 περιέχειν
947 727 1419 797 προσδιορισμοὺς,
1439 725 1533 792 ἀφ’
1555 717 1632 777 ὧν
1665 724 1724 773 ἐν

172 819 384 889 ἑκὰστῳ
427 820 855 888 συμπεράσματι
888 820 1156 887 λαμὸἀνει
1203 819 1325 870 κατ’
1350 815 1598 880 ἐξουσίαν
1632 813 1723 866 τὸν

168 909 317 976 αὐτῷ
345 908 769 976 χρησιμεύοντα.
843 908 1043 978 Ἐχρῆν
1070 909 1127 962 δὲ
1166 908 1373 968 πάντας
1403 904 1720 973 λαμσάνειν,

168 1000 257 1050 κιὶ
274 997 416 1050 οὕτω
446 999 797 1067 κατεφαίνετο
818 999 965 1069 ἂνκτδ
986 998 1181 1067 ψεῦδος
1199 1001 1294 1066 τῆς
1319 997 1636 1067 προτάσεως
1665 996 1724 1046 ὲν

166 1088 242 1156 τῷ
276 1088 462 1154 ψεῦδει
494 1090 604 1142 τῶν
659 1094 1199 1158 συμπεραινομέιιων.
1233 1087 1472 1157 ’Δφελῶς
1521 1087 1578 1138 δι
1599 1082 1721 1137 εἷπε

166 1180 264 1230 καὶ
292 1180 373 1231 ὅτι
406 1180 466 1230 τὸ
488 1180 680 1247 μόνον
708 1181 795 1231 ἀεὶ
817 1181 953 1249 πρὸς
978 1182 1040 1232 τὸ
1068 1180 1440 1247 ἀντικείμενον
1465 1177 1684 1243 λέγεται
1706 1191 1719 1204 °

162 1268 224 1318 τι
258 1271 365 1335 γὰρ
397 1269 530 1337 προς
552 1268 610 1319 τὸ
638 1270 1010 1336 ἀντικείμενον
1039 1268 1328 1336 λεγόμενον
1357 1266 1487 1337 πρός
1509 1266 1563 1318 τί
1585 1266 1723 1327 ἔστι,

163 1356 304 1409 ὥστε
331 1359 426 1408 καὶ
454 1357 512 1408 τὸ
537 1358 730 1424 μόνον
763 1358 898 1425 πρός
918 1355 971 1407 τί
1002 1359 1151 1409 ἑστιδ
1178 1356 1335 1408 τοῦτο
1368 1354 1423 1407 δὲ
1448 1355 1548 1407 οὐκ
1594 1352 1725 1421 ἀλη-

164 1449 292 1508 θέςι
322 1449 383 1498 τὸ
430 1448 538 1515 γάρ
557 1447 749 1513 μόνον
804 1448 935 1513 πρὸς
968 1447 1121 1499 οὐδέν
1158 1449 1296 1509 ἐστι,
1349 1446 1483 1497 ἀλλά
1524 1443 1724 1513 μᾶλλον

163 1541 312 1591 ἐστιν
338 1539 804 1608 ἀποκληρωτικὺν,
836 1540 899 1592 ἀν
922 1557 978 1591 τε
1006 1541 1129 1608 περὶ
1152 1541 1457 1608 προσώπων
1479 1538 1722 1606 λέγηται,

163 1628 230 1681 ἄν
255 1646 315 1682 τε
351 1632 479 1699 περὶ
510 1631 811 1699 ὶνεργείας,
839 1632 904 1685 ἀν
928 1648 984 1683 τε
1023 1631 1148 1699 περὶ
1176 1629 1417 1683 ὁτουοῦν.
1464 1629 1623 1694 Ἀλλ’,
1648 1629 1725 1692 ὡς

163 1720 364 1784 ἔοικεν,
400 1722 654 1789 οὐδεμίαν
679 1719 817 1773 οἶδεν
848 1723 1179 1790 ἀναφορικοῦ
1227 1723 1320 1773 καὶ
1348 1720 1728 1789 ἀποκληρωτι-

163 1811 260 1861 κοῦ
278 1798 543 1880 διαφορὰν
565 1813 848 1876 ὀνόματος.
884 1814 1100 1875 Ἔξεστι
1129 1812 1183 1864 δὶ
1214 1813 1435 1863 σκοπεῖν
1458 1812 1550 1863 καὶ
1578 1814 1726 1873 ὅπως

162 1901 252 1963 ὑφ’
284 1902 477 1955 ἑαυτοῦ
515 1905 910 1973 συγκρούεται.
963 1903 1148 1956 Εἰπὼν
1176 1906 1284 1972 γὰρ
1313 1906 1395 1956 ὅτι
1432 1903 1491 1955 τὸ
1533 1903 1728 1970 μόνον

160 1991 302 2058 πρὸς
325 1993 386 2045 τὸ
413 1994 789 2062 ἀντικείμενον
813 1996 1048 2061 λέγεται,
1072 1995 1318 2061 ἐπήγαγε
1339 2009 1353 2022 ·
1384 1993 1585 2048 Μόνον
1612 1992 1725 2059 τὰρ

160 2080 370 2146 Πατὴρ
401 2083 434 2133 ὀ
476 2084 700 2153 Πατὴρ,
746 2085 883 2137 ἀλλ’
930 2084 1064 2151 οὐχί
1096 2086 1195 2136 καί
1244 2085 1400 2147 Υἱὸς,
1459 2082 1602 2135 ὥστε
1642 2087 1726 2135 ἐν·

158 2171 336 2222 ταῦθα
364 2172 424 2222 τὸ
452 2173 654 2239 Πατήρ
676 2174 749 2233 ὡς
773 2175 1144 2240 ἀντικείμενον
1176 2172 1443 2238 λαμϐάνει
1474 2172 1549 2239 τῷ
1571 2173 1719 2234 Υἱός·

159 2262 257 2312 καὶ
285 2262 401 2315 ἐστι
452 2260 666 2328 ψεῦδος,
716 2263 800 2313 ὅτι
858 2264 1017 2330 μόνον
1060 2263 1247 2330 Πατήρ
1278 2263 1424 2313 ἐστιν
1453 2274 1468 2289 ⁸
1527 2263 1585 2312 οὺ
1616 2262 1724 2329 γαρ

160 2355 314 2401 ἐστιν
349 2352 376 2402 δ
422 2352 607 2420 Πατὴρ
636 2352 815 2403 ἐκεῖνο
874 2351 1057 2419 μόνον,
1088 2349 1207 2402 καθ’
1234 2350 1262 2402 ὃ
1312 2351 1617 2403 ἀντίκειται
1647 2353 1724 2419 τῷ

158 2443 303 2511 Υιῷ,
332 2442 467 2494 ἀλλά
497 2443 588 2494 καί
608 2460 657 2493 τι
684 2442 888 2512 ἕτερον,
922 2442 1040 2494 καθ’
1070 2442 1097 2493 δ
1127 2441 1240 2510 ἔχει
1269 2442 1541 2493 ἀντίθεσιν
1588 2442 1725 2510 πρὸς

156 2534 221 2583 τὸ
264 2532 422 2600 ἅγιον
454 2532 698 2601 Πνεῦμα,
730 2534 901 2602 ἤγουν
931 2532 1266 2603 ’προεολεύς.
1300 2529 1435 2587 Εἶτα
1484 2535 1683 2600 ἐπάγει
1707 2551 1719 2564 ·

156 2626 271 2679 Kal
305 2626 494 2690 μόνον
521 2626 672 2691 Υἱὸς.
717 2624 858 2680 ἀλλ’
887 2627 961 2679 οὐ
1017 2628 1117 2687 καί
1146 2625 1348 2694 Πατὴρ
1367 2667 1384 2692 ,
1411 2626 1549 2679 ὥστε
1587 2631 1637 2679 εἰ
1664 2629 1726 2678 τὸ

150 2718 355 2786 μόνον
383 2716 517 2787 πρὸς
547 2717 606 2771 τὸ
644 2718 1022 2785 ἀντικείμενον
1052 2718 1290 2786 λέγεται,
1332 2719 1408 2781 ὡς
1445 2718 1609 2781 αὐτὸς
1638 2718 1727 2771 οὔ·

156 2829 241 2863 τω
277 2813 463 2879 φησὶν,
494 2812 691 2864 ὁπόταν
737 2811 866 2881 λέγῃ
914 2812 1006 2865 τὸν
1036 2811 1163 2864 Υίὺν
1189 2809 1325 2865 εἶναι
1364 2813 1525 2880 μόνον
1575 2812 1721 2879 Υίὸν,

157 2906 279 2956 ἀλλ’
307 2905 367 2956 οὐ
392 2906 487 2957 καὶ
511 2904 744 2971 Πατέρα,
771 2905 869 2956 οὐκ
894 2906 1065 2971 εἴργει
1103 2904 1195 2957 τδν
1224 2903 1349 2955 res»
1373 2903 1466 2954 τοῦ
1491 2904 1726 2972 προὸἀλ-

1824 452 1967 505 enim
2000 458 2145 504 esset
2187 448 2483 516 productor
2512 443 2694 508 Pater,
2744 444 2792 495 si
2842 457 2961 496 non
2986 456 3083 510 per
3140 432 3378 495 FJium?

1826 543 1931 597 Sed
1950 542 2017 595 de
2045 540 2148 594 hoc
2166 536 2461 607 posterius;
2483 549 2630 588 nunc
2652 548 2782 588 vero
2803 533 3000 587 sufﬁcit
3023 532 3207 594 nobis,
3230 531 3378 601 quod

1824 644 2003 698 neque
2039 625 2339 696 propositio
2378 625 2469 679 Illa
2503 635 2587 678 est
2640 640 2739 693 per
2789 638 2851 676 se
2899 622 3146 683 evidens,
3199 634 3379 687 neque

1824 719 1940 788 ipse
1964 717 2207 788 ejusdem
2263 715 2640 769 necessitatem
2678 714 2884 779 intulit,
2938 714 3050 767 imo
3102 712 3288 783 potius
3325 719 3381 763 et

1822 825 1886 864 ea
1918 810 2149 862 admissa
2182 806 2347 860 multa
2373 805 2701 875 colliguntur
2732 804 2889 867 falsa,
2914 814 3202 873 propterea
3232 804 3380 873 quod

1823 914 1885 953 ea
1937 898 2137 951 multas
2166 896 2654 951 determinationes
2698 896 2968 959 continet,
3002 910 3033 949 e
3084 895 3286 962 quibus
3323 893 3379 946 in

1824 988 2062 1056 qualibet
2095 988 2446 1041 conclusione
2476 986 2776 1041 secundum
2803 986 3095 1039 arbitrium
3133 984 3237 1039 sibi
3269 983 3378 1037 uti-

1822 1079 1901 1133 les
1932 1079 2047 1146 ipse
2074 1080 2324 1133 assumit.
2355 1078 2650 1148 Oportebat
2689 1087 2871 1132 autem
2908 1090 3100 1130 omnes
3127 1090 3373 1139 sumere,

1824 1181 1879 1224 et
1910 1172 1989 1224 sic
2020 1172 2362 1239 apparuisset
2417 1169 2757 1225 mendacium
2807 1170 2970 1238 hujus
3002 1169 3220 1237 majoris
3252 1182 3379 1236 pro-

1823 1261 2115 1330 positionis
2150 1261 2203 1314 in
2239 1261 2539 1316 mendaciis
2597 1261 2723 1315 inde
2759 1260 3060 1315 conclusis.
3103 1257 3372 1325 lnsipiem

1825 1360 1909 1406 ter
1934 1367 2064 1406 vero
2093 1352 2252 1414 dixit,
2301 1354 2470 1406 solum
2517 1368 2734 1423 semper
2766 1354 2833 1407 ad
2869 1354 3177 1421 Oppositum
3225 1349 3331 1404 dici
3360 1367 3374 1411 ;

1825 1457 1949 1496 nam
1983 1443 2128 1513 quod
2164 1444 2230 1498 ad
2266 1444 2575 1512 oppositum
2635 1443 2836 1498 dicitur
2869 1446 3093 1499 relatum
3148 1452 3231 1498 est
3278 1444 3377 1512 (α),

1826 1537 1971 1590 unde
1998 1547 2053 1591 et
2078 1537 2247 1591 solum
2280 1540 2511 1592 relatum
2548 1541 2729 1603 foret;
2767 1540 2870 1593 hoc
2904 1550 3085 1593 autem
3138 1550 3245 1591 non
3297 1550 3381 1592 est

1826 1644 2056 1694 verum;
2086 1646 2211 1683 nam
2262 1630 2568 1686 solumnun
2598 1633 2661 1683 ad
2710 1630 2941 1700 aliquid,
2997 1630 3093 1685 sed
3125 1618 3197 1684 ad
3248 1630 3380 1683 nihil

1826 1731 1933 1781 est.
1963 1722 2075 1775 imo
2106 1723 2293 1791 potius
2322 1731 2405 1776 est
2436 1723 2802 1783 exclusivum,
2856 1724 2971 1781 sive
3007 1723 3075 1776 de
3128 1723 3383 1791 personis

1827 1811 2063 1877 dicatur,
2095 1812 2211 1865 sive
2242 1816 2309 1867 de
2334 1815 2651 1881 operatione
2683 1816 2796 1868 sive
2824 1816 2890 1868 de
2920 1830 2976 1869 re
3023 1830 3381 1884 quacunque.

1828 1901 1954 1965 Sed,
1994 1910 2052 1954 ut
2084 1901 2316 1965 videtur,
2358 1906 2567 1957 nullam
2599 1905 2703 1959 iste
2736 1907 2884 1958 novit
2920 1906 3134 1959 relativi
3182 1915 3237 1959 ct
3291 1920 3385 1959 ex-

1825 1991 2023 2045 clusivi
2088 1993 2342 2046 vocabuli
2387 1993 2801 2065 difl'erentiain._
2832 1995 3193 2050 Cutisiderare
3252 2011 3382 2049 vero

1827 2082 1988 2134 etiam
2020 2082 2169 2145 licet,
2201 2083 2474 2149 quomodo
2501 2085 2588 2137 illc
2618 2100 2648 2138 a
2676 2100 2733 2138 se
2768 2087 2884 2151 ipso
2910 2086 3201 2151 plectatur.
3226 2087 3383 2139 Post-

1825 2188 1984 2239 quam
2016 2176 2161 2228 enim
2195 2175 2350 2238 dixit,
2373 2177 2542 2229 solum
2566 2177 2631 2230 ad
2656 2180 2965 2247 oppositum
2995 2179 3125 2242 dici,
3150 2179 3337 2232 intulit
3361 2223 3376 2233 ι

1826 2262 2005 2317 Solum
2039 2268 2262 2335 namque
2297 2266 2456 2318 Pater
2487 2278 2562 2322 est
2596 2268 2776 2331 Pater,
2805 2270 3033 2324 sed'non
3071 2281 3120 2323 et
3158 2268 3379 2335 Filius;

1825 2355 1970 2408 unde
2006 2354 2109 2410 hoc
2150 2357 2271 2412 loco
2316 2358 2529 2415 Patrem
2562 2366 2619 2413 ut
2650 2362 2962 2429 oppositum
3002 2362 3139 2417 Filio
3169 2365 3377 2427 sumit;

1822 2455 1879 2499 et
1915 2455 1999 2499 est
2032 2446 2247 2511 falsum,
2294 2464 2417 2502 eum
2476 2450 2651 2504 solum
2692 2466 2814 2505 esse
2858 2451 3108 2519 Patrem;
3173 2454 3377 2508 etenim

1825 2534 1985 2590 Pater
2019 2552 2127 2592 non
2161 2538 2215 2592 id
2246 2540 2421 2593 solum
2450 2550 2537 2594 est
2564 2542 2873 2595 secundum
2905 2542 3050 2611 quod
3082 2544 3378 2611 opponitur

1828 2624 1987 2689 Filio,
2013 2628 2107 2682 sed
2142 2638 2196 2683 et
2223 2630 2369 2683 aliud
2404 2632 2556 2698 quid,
2582 2633 2883 2685 secundum
2906 2633 3053 2699 quod
3086 2632 3245 2686 habet
3277 2648 3378 2701 op—

1825 2720 2152 2786 positionem
2186 2722 2252 2776 ad
2283 2721 2549 2790 Spiritum
2612 2732 2883 2785 sanctum,
2917 2723 3033 2775 sive
3058 2733 3144 2778 est
3172 2733 3227 2777 et
3255 2739 3381 2792 pro-
3412 2785 3416 2789 1

1826 2809 2062 2876 ductor;
2099 2810 2301 2865 deinde
2331 2812 2496 2865 infert
2541 2821 2595 2864 et
2625 2813 2794 2865 solum
2835 2811 3023 2875 Filius,
3072 2831 3175 2868 non
3213 2817 3375 2869 etiam

1824 2899 2005 2962 Pater,
2036 2900 2184 2952 unde
2211 2900 2256 2953 si
2292 2900 2424 2952 illud
2476 2900 2649 2952 solum
2683 2900 2751 2954 ad
2779 2904 3092 2970 oppositum
3150 2906 3375 2970 dicitur,

158 2996 299 3048 λειν.
338 2996 412 3046 Τὸ
455 2994 565 3061 γὰρ
614 2992 814 3061 Πατήρ
866 2993 1003 3045 καθό
1051 2995 1199 3045 ἐστιν
1252 2992 1618 3059 ἀντικείμενον
1647 2992 1721 3061 τῷ

1828 2998 1886 3037 ιιι
1916 2987 2028 3054 ipse
2049 2989 2147 3049 ait,
2173 2988 2390 3053 quando
2412 2987 2545 3040 dicit
2572 2985 2767 3041 Filium
2802 3005 2921 3043 esse
2946 2992 3123 3046 solum
3157 2994 3378 3058 Filium.

159 3087 300 3157 Υίῷ,
330 3087 390 3137 οὐ
426 3087 681 3155 σημαίνει
714 3086 804 3136 τὶν
846 3084 1141 3154 προϐολέα.
1180 3084 1343 3136 ’Δλλὰ
1373 3085 1422 3135 τί
1448 3082 1528 3133 δεῖ
1557 3085 1724 3136 πᾶσιν

158 3178 461 3240 εττεξιέναι,
486 3178 630 3243 imp
676 3179 734 3226 tv
765 3175 841 3244 τῷ
860 3176 1090 3244 παρόντι
1119 3176 1513 3244 ὶπιχειρήματι
1540 3176 1725 3238 κακῶς

157 3274 403 3337 λέγεται,
427 3268 515 3319 διὰ
537 3266 598 3319 τὸ
630 3267 825 3332 σαθρὸν
856 3265 1232 3319 ὑποτεθεῖσθαι
1264 3267 1513 3335 Θεμέλιον
1547 3270 1723 3336 τούτῳ

156 3364 288 3427 τοὺς
319 3360 739 3421 ἀναποδείκτους
778 3359 1022 3419 ἐκείνους
1051 3357 1147 3426 τῆς
1176 3361 1492 3427 προτάσεως
1549 3375 1724 3426 προσ-

156 3454 499 3523 διοριεμοὺς,
553 3453 649 3504 καὶ
706 3451 781 3518 μὴ
832 3448 1039 3511 πάντας
1070 3447 1481 3517 εφαρμόζοντας
1522 3448 1725 3515 ὁμοίως

165 3549 297 3599 πᾶσι
336 3546 452 3607 τοῖς
498 3544 628 3611 περὶ
678 3541 814 3594 Θεοῦ
852 3541 1188 3608 λεγομένοις,
1242 3539 1318 3597 ὠς
1345 3537 1504 3597 αὐτὸς
1546 3538 1719 3600 ἀξιοῖ;

157 3636 386 3687 Βεὸαιοῖ
435 3634 491 3683 δὲ
532 3632 599 3683 τά
636 3629 727 3680 τοῦ
785 3629 1215 3697 ἐπιχειρήματος
1251 3626 1719 3692 συμπεράσματα,

159 3728 226 3777 τό
254 3741 313 3776 τε
353 3724 599 3790 δηλονότι
630 3721 787 3787 μόνον
819 3720 909 3767 τὸν
956 3716 1169 3784 Πατέρα
1198 3714 1371 3767 αῐτιον
1410 3708 1571 3777 εἶναι,
1628 3716 1721 3767 καὶ

159 3814 447 3881 ἑπομένως
474 3812 532 3862 τὸ
566 3812 659 3862 τὸν
704 3808 831 3862 Υίδν
864 3806 1104 3860 αἱτιατδν
1131 3802 1270 3858 εἶναι
1299 3805 1480 3875 μόνον,
1514 3806 1633 3875 οὐχὶ
1666 3806 1722 3859 δὲ

160 3905 261 3955 καὶ
299 3901 494 3962 αἴτιον,
528 3902 709 3968 ῥητοῖς
744 3898 836 3951 τοῦ
862 3899 1022 3953 ’θείου
1052 3896 1413 3968 Δαμασκηνοῦ
1472 3900 1567 3951 καὶ
1590 3899 1721 3951 Θεο-

152 3995 336 4062 δώρου
373 3993 468 4045 τοῦ
525 3974 837 4056 Στουδίτου,
880 3991 976 4054 οὒς
1017 3986 1171 4060 οἶμαι
1224 3990 1393 4043 πλείω
1445 3990 1608 4061 χάριν
1658 3991 1725 4044 ἂν

154 4088 309 4155 ἔχειν
365 4084 540 4153 αὐτῷ,
580 4085 742 4153 είπερ
780 4085 1039 4152 ἐπειρᾶτο
1088 4084 1199 4144 τοῖς
1230 4081 1338 4134 τῶν
1390 4081 1727 4135 διδασκάλων

150 4175 395 4248 πλήθεσι
430 4162 755 4244 συμφώνους
800 4174 1096 4237 δεικνύναι,
1151 4175 1182 4242 ἢ
1215 4178 1263 4226 εί
1305 4174 1501 4242 μόνους
1530 4174 1727 4234 αὐτοὺς

149 4271 341 4339 ἀξιοίη
374 4269 451 4337 τῷ
485 4268 788 4336 βουλήματι
822 4265 1254 4333 συνηγοροῦντας
1293 4263 1456 4315 αὐτοῦ
1485 4265 1595 4315 τῶν
1627 4266 1723 4315 ἀλ·-

1827 3093 1933 3131 non
1973 3078 2133 3130 etiam
2165 3077 2403 3142 Patrem,
2440 3095 2547 3133 non
2590 3093 2737 3136 arcet
2790 3077 2988 3137 Filium
3050 3105 3079 3140 ιι
3143 3088 3381 3159 Spiritus

1826 3172 2205 3238 productione.
2249 3171 2380 3224 Nain
2415 3172 2578 3226 Pater
2611 3176 2913 3229 secundum
2939 3179 3086 3246 quod
3136 3192 3222 3233 est
3280 3198 3380 3251 0p-

1825 3263 2034 3329 positus
2069 3258 2225 3325 Filio,
2258 3278 2366 3316 nou
2406 3263 2793 3333 dicitSpiritus
2821 3268 3235 3337 productorcm.
3276 3273 3379 3328 Ve-

1825 3367 1944 3406 rum
1974 3353 2104 3422 quid
2137 3369 2275 3423 opus
2310 3364 2394 3409 est
2432 3356 2614 3410 omnia
2663 3360 2941 3427 prosequi,
2976 3376 3099 3429 qua:
3159 3363 3211 3415 in
3245 3379 3381 3431 pra:-

1825 3446 1965 3499 senti
2009 3448 2480 3513 argumentatione
2556 3449 2815 3502 dicuntur
2863 3451 3026 3513 male,
3088 3465 3378 3521 propterea

1823 3535 1969 3603 quod
1997 3537 2049 3590 ei
2095 3537 2371 3589 infirmum
2412 3538 2825 3591 fundamentum
2888 3546 3231 3609 suppositum
3296 3561 3379 3599 est

1824 3624 1877 3675 in
1910 3624 2016 3676 illis
2047 3625 2437 3691 propositionis
2465 3625 3017 3683 determinationibus
3044 3635 3372 3699 probatione

1822 3715 2138 3769 carentibus
2167 3730 2267 3769 nec
2295 3717 2509 3769 cunctis
2539 3717 2797 3770 similiter
2826 3718 2895 3771 ad
2931 3732 3129 3776 cuncta
3159 3740 3279 3791 qua:
3307 3728 3378 3779 du

1822 3803 1933 3857 Deo
1966 3802 2244 3865 dicuntur,
2274 3812 2330 3855 ut
2356 3804 2471 3871 ipse
2500 3815 2707 3870 censet,
2741 3811 3208 3866 accommodatis?
3238 3813 3380 3869 Cou-

1826 3894 2004 3947 tirmat
2032 3902 2213 3948 autem
2241 3895 2621 3975 conclusiones
2646 3895 3090 3965 cpicberematis,
3113 3903 3375 3959 nimirum

1825 3987 2000 4041 solum
2036 3986 2253 4041 Patrem
2300 3990 2629 4059 principium
2676 4006 2818 4054 esse,
2883 4003 2939 4046 et
2970 3984 3378 4063 consequenter

1824 4078 2023 4131 Filium
2064 4078 2237 4133 solum
2280 4078 2691 4148 principiatum,
2728 4098 2835 4135 non
2866 4099 2993 4136 vero
3019 4087 3371 4155 principium,

1822 4168 2048 4223 Joannis
2112 4169 2427 4223 Damasceni
2471 4180 2525 4222 et
2579 4170 2851 4225 Theoddri
2885 4176 3118 4230 Studitte
3191 4180 3374 4239 dit-tis.

1824 4260 1941 4327 qui,
1976 4269 2035 4311 ut
2061 4261 2480 4328 puto,.majores
2532 4262 2633 4329 ipsi
2658 4267 2869 4331 gratias
2926 4267 3265 4330 habuissent,
3330 4273 3376 4323 si

144 4365 267 4414 λων
308 4358 645 4413 διδασκάλων
686 4357 904 4410 πάντων
958 4352 1465 4415 κατεξανίστασοαι.
1515 4352 1720 4417 Χάριεν

1825 4363 1920 4402 eos
1952 4351 2237 4402 doctorum
2272 4351 2606 4404 multitudini
2636 4355 2933 4407 concordes
2964 4358 3253 4411 ostendere
3287 4379 3378 4411 co-

144 4456 268 4523 τάρ
295 4454 379 4503 ὅτι
421 4454 517 4502 καὶ
554 4448 661 4499 ἀπὸ
691 4448 797 4498 τῶν
826 4446 1087 4517 ᾀσμάτων
1116 4446 1396 4512 πορίζεται
1438 4445 1537 4512 τῆς
1574 4446 1716 4499 διδα-

144 4544 386 4604 σκαλίας
420 4540 595 4606 ἑαυτῷ
626 4541 725 4607 τὴν
755 4538 1044 4605 βεσαίωσιν
1074 4536 1388 4606 ἀλλαχόθεν,
1416 4540 1489 4598 ὡς
1517 4537 1715 4601 ἔοικεν,

139 4641 209 4693 οὐ
254 4637 575 4705 δυνάμενος.
612 4633 776 4686 Ἀλλά
803 4636 909 4693 τοῖς
937 4630 1463 4701 φιλανθρωποτέροις
1492 4631 1600 4683 τῶν
1645 4632 1717 4683 διο

138 4729 443 4783 ὃασκάλων
477 4726 570 4779 καὶ
625 4726 956 4793 σοφωτέροις
998 4724 1287 4792 ἀκροαταῖς
1342 4723 1494 4775 οὐδὲν
1540 4725 1602 4801 διν
1631 4723 1716 4793 ἔρ-

139 4837 249 4887 γον
287 4818 499 4885 γένοιτο
543 4815 635 4867 καί
670 4814 892 4873 τούτους
922 4815 1262 4881 ἀμφοτέρους
1318 4816 1429 4873 τοῖς
1482 4810 1717 4880 πρώτοις

138 4910 387 4968 ἐκείνοις
457 4905 555 4957 καὶ
614 4903 865 4971 μεγάλοις
899 4903 1239 4962 διδασκάλοις
1292 4905 1602 4953 συνάπτειν.
1659 4904 1717 4952 '0

140 5003 255 5068 μὲν
283 4999 392 5066 γὰρ
421 4996 515 5048 τοῦ
546 4994 679 5047 Θεοῦ
704 4996 864 5062 μονον
893 4996 1057 5061 φησὶν
1088 4990 1227 5044 εἶναι
1259 4995 1317 5044 τὸ
1355 4993 1599 5060 Πνεῦμα,
1626 4992 1717 5044 τοῦ

135 5090 369 5153 Πατρὸς
396 5085 637 5156 δηλονότι
666 5086 759 5137 καὶ
788 5082 879 5134 τοῦ
905 5081 1054 5147 Υἰοῦ,
1103 5076 1177 5134 ὧν
1212 5078 1350 5134 εἶναι
1387 5083 1608 5149 Πνεῦμα
1636 5083 1721 5134 λέ-

132 5194 313 5247 γεται
335 5192 349 5204 °
380 5180 440 5227 οὺ
464 5178 573 5244 γὰρ
606 5177 669 5227 ἐκ
694 5176 851 5244 μόνον
877 5177 1008 5241 φησὶ
1028 5176 1120 5226 τοῦ
1151 5176 1361 5243 Πατρὸ;
1390 5174 1520 5225 αὐτὸ
1555 5171 1713 5237 εἶναι,

132 5265 291 5321 ἀλλὰ
326 5265 489 5332 μόνου
511 5264 604 5315 τοῦ
638 5265 773 5316 Θεοῦ
807 5258 966 5330 εἶναι,
998 5264 1026 5315 ὃ
1055 5265 1316 5335 πάμπολυ
1346 5266 1615 5335 διαφέρει.
1656 5265 1712 5316 Ὀ

129 5361 218 5423 δὲ,
298 5357 349 5406 εί
403 5355 498 5407 καὶ
562 5357 775 5423 ἀληθῶς
828 5357 984 5410 τοῦτο
1043 5359 1138 5428 τῆς
1175 5358 1385 5410 ἐκείνου
1436 5356 1709 5423 ίιεολογίας

1825 4450 1983 4492 natus
2009 4449 2174 4505 esset,
2216 4456 2376 4510 quam
2408 4443 2451 4496 si
2494 4444 2637 4496 solos
2671 4444 2815 4512 ipsos
2844 4460 2953 4497 suae
2983 4448 3246 4500 voluntati
3278 4455 3377 4501 οξξ-

1822 4530 2185 4586 secundantes
2239 4533 2307 4585 ab
2340 4534 2461 4587 aliis
2499 4533 2818 4590 doeturibus
2876 4537 3149 4593 universis
3200 4541 3376 4593 disce-

1822 4622 1953 4677 dere
1984 4633 2039 4677 et
2067 4624 2119 4677 in
2150 4625 2544 4694 eosinsurgere
2575 4634 2800 4679 statuat.
2836 4626 3099 4697 Lepidum
3141 4646 3378 4699 namque

1820 4726 1923 4779 est,
1957 4716 2104 4784 quod
2134 4716 2296 4769 etiam
2330 4732 2395 4769 ex
2425 4716 2650 4771 canticis
2679 4717 2783 4771 sibi
2810 4732 3091 4787 comparat
3121 4735 3233 4773 sua:
3283 4722 3380 4773 do-

1821 4810 2009 4862 ctrina:
2042 4809 2535 4867 confirmationem.
2585 4810 2827 4870 aliunde,
2865 4817 2923 4862 ut
2959 4812 3199 4874 videtur,
3253 4827 3371 4863 eam

1821 4910 2008 4966 petere
2058 4899 2199 4953 haud
2235 4900 2440 4951 valens.
2500 4901 2749 4951 Attamen
2816 4900 2881 4951 iis
2931 4900 3026 4967 qui
3083 4886 3376 4953 humanius

1822 5001 1987 5058 agunt
2017 4986 2072 5045 in
2104 4992 2355 5043 doctores
2392 4991 2694 5057 majorith
2728 4991 2933 5057 pollent
2980 4978 3243 5061 sapientia
3269 5008 3372 5044 au-

1823 5081 2093 5135 ditoribus
2120 5083 2331 5135 nullum
2362 5097 2491 5134 sane
2528 5084 2803 5149 negotium
2857 5083 3098 5147 facessit,
3152 5094 3211 5138 et
3245 5084 3376 5144 .hos

1822 5176 1962 5230 duos
1992 5175 2184 5244 primis
2217 5174 2324 5227 illis
2357 5184 2412 5226 et
2446 5175 2652 5241 magnis
2683 5174 3001 5229 ductoribus
3033 5166 3371 5228 consociare.

1820 5268 1972 5322 Alter
2007 5268 2151 5321 enim
2186 5266 2278 5320 Dei
2312 5268 2488 5321 solum
2520 5267 2653 5320 dicit
2688 5282 2809 5320 csse
2861 5266 3143 5335 Spiritum,
3197 5264 3375 5320 Patris

1821 5360 2077 5417 videlicet
2119 5368 2172 5427 ct
2202 5357 2350 5423 Filii,
2390 5373 2621 5428 quorum
2670 5373 2788 5412 esse
2842 5358 3076 5426 Spiritus
3132 5358 3370 5417 dicitur;

209 5564 302 5637 (α)
349 5558 478 5613 Vide
533 5557 761 5612 Aristot.
818 5556 1068 5630 Categor.
1111 5571 1148 5616 ι.
1193 5562 1234 5628 l,
1280 5581 1333 5635 p.
1395 5566 1449 5620 il
1499 5580 1612 5631 seq.
1653 5576 1704 5620 ct
1744 5564 2040 5628 Mutaphys.
2069 5564 2105 5617 ι.
2140 5576 2213 5628 ιν,
2246 5572 2281 5617 ι.
2309 5559 2373 5627 ιι,
2408 5574 2461 5630 p.
2489 5560 2611 5625 5-22,
2640 5559 2725 5613 ed.
2758 5557 2931 5610 Paris.
2971 5560 3303 5617 Istis-1850.

400 5656 665 5713 Ριτιιοι..
715 5656 829 5714 Gtt.
874 5654 1093 5735 ιῖωίι.

2851 5651 2890 5711 2
