4140 6328
687 296 757 359 35
1898 295 2047 356 0Εο
2059 294 2225 356 lith

2291 296 2698 358 SCHOLARII
3844 300 3922 365 35

689 423 867 478 neque
900 405 1048 461 enim
1084 420 1150 460 ex
1176 405 1294 460 solo
1323 404 1483 459 Patre
1513 404 1664 459 illum
1692 418 1813 459 esse
1852 404 2008 470 dicit,
2040 405 2134 460 sed
2154 420 2241 459 soc

2346 406 2497 458 ἐστὶν
2523 408 2621 477 (l),
2658 407 2831 459 αἴτιον
2884 402 3017 457 εἶναι
3050 405 3296 474 βοῦλεται
3350 409 3441 459 τὸν
3473 406 3691 477 Πατέρα
3729 411 3916 475 μόνον,

684 497 794 551 lius
831 496 924 549 Dei
955 509 1097 559 esse,
1129 492 1273 563 quod
1298 494 1630 562 permultum
1666 492 1869 547 differt.
1904 493 2058 548 Alter
2083 508 2236 556 vero,

684 588 730 639 si
772 585 993 654 quidem
1026 598 1152 639 vere
1177 583 1233 637 id
1254 582 1321 637 ad
1344 584 1463 651 ejus
1491 581 1817 651 theologiam
1849 583 2112 651 pertinet,
2139 581 2241 636 Pa-

634 698 650 737 τ
687 685 823 729 trem
852 676 1024 729 solum
1057 674 1171 727 vult
1197 688 1319 728 esse
1371 673 1727 743 principium,
1782 672 1914 741 quia
1970 671 2121 727 solus
2157 681 2242 726 est

685 768 1012 838 principium
1042 767 1161 822 sine
1200 767 1495 836 principio,
1533 763 1837 819 secundum
1867 778 2033 843 quem
2074 764 2242 843 signi-

686 861 902 913 ticatum
933 868 989 912 et
1022 870 1196 911 causa:
1220 855 1519 925 (principii)
1548 854 1793 918 nomine,
1816 840 1877 907 et
1903 840 2243 923 praepositio-

686 964 751 1001 nc
776 964 838 1000 ea:
864 948 1167 1003 Orientales
1190 964 1379 1003 omnes
1402 948 1651 1004 videmus
1680 950 1778 1014 uti,
1808 964 1876 1003 ex
1907 963 2017 1018 quo
2046 958 2101 1002 et
2125 965 2243 1004 omo

683 1040 766 1093 nis
794 1039 949 1092 nobis
987 1054 1109 1092 cum
1141 1038 1352 1093 Latinis
1386 1039 1692 1093 ditierentia
1726 1039 1961 1102 tollitur,
2001 1038 2098 1093 sed
2131 1054 2241 1092 non

669 1130 811 1182 “dicit
836 1129 1031 1184 Filium
1067 1130 1290 1185 omnino
1316 1130 1493 1200 quoad
1533 1128 1770 1198 Spiritus
1800 1128 1977 1185 sancti
2022 1144 2245 1197 proces-

684 1223 892 1275 sionem
924 1232 978 1277 et
1010 1207 1380 1293 exsistentiam
1410 1235 1515 1273 non
1551 1220 1958 1274 communicare
1984 1235 2106 1273 cum
2140 1220 2242 1273 Pa-

684 1322 794 1375 tre;
825 1314 1098 1381 quomodo
1124 1312 1271 1364 enitn
1318 1311 1371 1363 id
1399 1311 1631 1373 diceret,
1664 1311 1759 1376 qui
1802 1324 1867 1363 ex
1921 1310 2081 1363 Patre
2147 1326 2240 1377 per

681 1402 878 1456 Filium
919 1403 1139 1471 prodire
1170 1410 1226 1453 et
1266 1416 1333 1453 ex
1384 1401 1545 1453 Patre
1594 1414 1690 1467 per
1745 1398 1944 1453 Filium
2012 1398 2241 1467 produci

680 1491 941 1558 Spiritum
974 1490 1259 1559 pratdicat?
1285 1488 1400 1541 Tali
1434 1497 1593 1556 pacto
1613 1495 1891 1541 ostensum
1926 1494 2031 1549 est,
2062 1485 2243 1555 Ephe-

684 1579 751 1631 sii
790 1579 1194 1653 conclusionem
1228 1577 1539 1630 nullatenus
1585 1574 1901 1643 procedere,
1937 1588 2059 1627 cum
2092 1576 2242 1627 inilr-

2347 498 2431 550 ὅτι
2462 498 2623 565 μόνος
2660 497 2899 559 ἀναίτιος
2935 495 3129 561 αἴτιος,
3180 496 3303 550 καθ’
3332 497 3361 549 ὃ
3387 500 3787 566 σημαινόμενον
3810 504 3917 553 καὶ

2344 589 2423 657 τῷ
2452 588 2553 656 τῆς
2595 588 2794 676 attici
2831 588 3056 657 ὀνόματι
3115 590 3210 642 καὶ
3252 591 3318 658 τῇ
3356 589 3423 641 ἐκ
3478 590 3736 658 προθέσει
3781 592 3913 655 τοὺς

2360 679 2739 741 ’Δνατολικοῦς
2784 679 3006 749 ορῶμεν
3046 678 3253 741 πάντας
3306 680 3642 748 χρωμένους,
3671 682 3732 744 ἐξ
3758 681 3812 733 οὗ
3846 683 3917 748 δὴ

2347 771 2439 823 καὶ
2473 771 2622 823 πᾶσα
2656 772 2784 841 ἡμῖν
2833 772 2866 835 ἡ
2899 768 3037 838 πρὸς
3089 770 3354 831 Λατίνους
3391 769 3601 837 ἀνίσχει
3635 773 3871 839 διαφορὰ
3894 790 3909 803 ⁸

2346 860 2460 913 ἀλλ’
2515 862 2575 913 οὐ
2610 858 2762 928 λέγει
2795 861 2886 912 τὸν
2918 859 3048 912 Υἰδν
3109 860 3425 913 παντάπασι
3486 860 3623 927 πρὸς
3679 862 3775 927 τὴν
3814 863 3910 914 τοῦ

2347 952 2499 1018 ἁγίου
2532 952 2850 1021 Πνεῦματος
2890 952 3113 1019 πρόοδον
3136 967 3191 1002 τε
3225 952 3318 1002 καὶ
3346 949 3580 1019 ὓπαρξιν
3609 951 3684 1019 μὴ
3715 969 3912 1003 κοινω-

2348 1043 2457 1091 νεῖν
2502 1040 2579 1109 τῷ
2627 1041 2816 1110 Πατρί.
2852 1039 2971 1100 Πῶς
2999 1038 3108 1106 γὰρ
3144 1036 3199 1099 ὃς
3235 1039 3297 1089 ὲκ
3324 1036 3416 1089 τοῦ
3456 1038 3665 1108 Πατρὸς
3703 1039 3789 1090 διὰ
3817 1038 3912 1090 τοῦ

2348 1129 2475 1181 Υίοῦ
2500 1131 2741 1197 προϊέναι
2774 1132 2868 1181 καὶ
2901 1130 2963 1181 lat
2994 1129 3087 1182 τοῦ
3121 1129 3332 1199 Πατρὸς
3370 1128 3459 1181 διά
3478 1130 3572 1181 τοῦ
3614 1128 3745 1180 Υἰοῦ
3779 1145 3917 1195 προσ

2346 1217 2635 1271 ὄάλλεσθαι
2681 1218 2836 1270 τοῦτο
2867 1217 3165 1286 κηρύττει;
3203 1216 3389 1279 Οὕτως
3429 1217 3575 1287 αῦτῷ
3615 1218 3675 1271 τὸ
3706 1221 3919 1285 συμπέέ

2348 1326 2527 1377 ρασμα
2562 1310 2683 1362 οῦτε
2730 1310 2955 1378 βεῦηκὸς
3009 1308 3242 1377 οὐδαμοῦ
3293 1308 3560 1362 δέδεικται
3623 1309 3725 1377 τῆς
3786 1329 3918 1381 προ·

2344 1402 2549 1460 τάσεως
2590 1402 2733 1469 αὐτῷ
2764 1400 3139 1468 σαλευθείσης,
3192 1399 3287 1451 καὶ
3336 1401 3394 1466 ἐξ
3441 1396 3518 1455 ὦν
3544 1400 3774 1472 ὕστερον
3829 1402 3917 1469 βε-

2346 1487 2533 1541 ϐαιοῦν
2555 1493 2681 1543 αὐτὸ
2733 1493 3008 1561 βούλεται,
3038 1489 3188 1541 οὐδὲν
3215 1490 3374 1545 πλέον
3434 1492 3656 1563 εἴληφεν
3699 1494 3777 1555 εἰς
3828 1494 3919 1562 βε-

2350 1579 2601 1635 δαίωσιν.

683 1679 825 1722 mata
859 1668 1075 1735 penitus
1140 1671 1211 1721 sit
1252 1669 1371 1737 ejus
1420 1667 1613 1747 major
1641 1666 1966 1737 prapositio,
1999 1677 2053 1721 et
2122 1682 2189 1722 ex
2225 1667 2311 1735 iis,
2352 1669 2548 1738 quibus
2586 1683 2771 1742 postea
2804 1676 3125 1731 confirmare
3162 1678 3306 1732 illam
3334 1679 3487 1745 vult,.
3517 1679 3652 1732 nihil
3683 1678 3917 1732 ulterius

686 1765 740 1818 in
782 1761 1247 1816 conﬁrmationem
1317 1758 1546 1827 accepit.

1171 1876 1417 1932 EPllES.
1455 1875 1605 1931 CAP.
1641 1874 1724 1930 IV.

747 1990 856 2043 Nos
890 1986 1107 2057 quidem
1164 1986 1292 2039 dum
1344 1985 1537 2039 Filium
1601 1999 1947 2040 removemus
1996 2000 2026 2039 a
2077 2000 2241 2040 causa

679 2081 935 2149 Spiritus,
970 2078 1260 2149 nihileum
1298 2075 1658 2145 deprimimus
1687 2092 1715 2130 a
1756 2077 2024 2146 dignitate
2057 2076 2152 2131 Dei
2187 2086 2243 2131 et

683 2173 896 2236 Patris;
928 2186 1101 2238 neque
1130 2169 1275 2223 enim
1312 2183 1536 2236 prorsus
1568 2169 2083 2224 communicabilem
2128 2168 2244 2223 dei-

688 2267 813 2316 tatis
860 2276 1077 2315 causam
1113 2260 1368 2322 dicimus,
1402 2260 1544 2313 sicut
1598 2274 1701 2313 nec
1740 2259 2024 2329 principii'
2049 2275 2242 2314 Caren-

682 2357 812 2407 tiam
846 2370 938 2407 seu
969 2354 1439 2405 innascibilitatem
1479 2351 1679 2416 Patris,
1708 2366 1807 2405 nec
1841 2352 2016 2419 ipsam
2060 2360 2241 2420 pater-

680 2446 928 2498 nitatem.
960 2444 1133 2495 Latini
1173 2453 1377 2504 autem,
1406 2444 1497 2508 qtti
1525 2442 2039 2495 communicabilem
2070 2443 2240 2496 deita-

680 2536 752 2588 tis
811 2549 1029 2587 causam
1084 2540 1293 2594 tenent,
1331 2530 1528 2583 deinde
1598 2530 1823 2597 Spiritui
1876 2546 1996 2584 eam
2049 2533 2243 2586 deesse

683 2625 974 2684 aﬂirtnant,
1013 2622 1161 2675 omni
1199 2620 1520 2673 necessitate
1552 2634 1678 2672 eum
1738 2619 2052 2673 inferiorem
2120 2621 2241 2674 red-

684 2718 817 2771 dunt
853 2716 1050 2768 deitate
1083 2723 1138 2766 et
1171 2712 1433 2781 dignitate
1483 2710 1657 2765 Patris
1688 2719 1746 2764 et
1790 2710 1933 2776 Filii,
1966 2720 2021 2763 ct
2050 2726 2244 2767 secun-

680 2814 808 2865 dum
835 2814 937 2864 hoc
959 2810 1335 2877 blasphemare
1372 2807 1426 2858 in
1456 2804 1721 2875 Spiritum
1773 2815 2047 2868 sanctum,
2101 2806 2244 2859 sicut

676 2914 735 2958 ct
766 2902 1067 2957 secundum
1116 2900 1220 2953 alia
1254 2897 1540 2967 multiplici
1573 2897 1734 2949 modo
1770 2904 2064 2965 coguntur.

1240 3006 1685 3065 SCilOLARlUS.

753 3131 930 3184 Latini
964 3129 1126 3183 etiam
1150 3126 1249 3181 hic
1296 3133 1485 3179 contra
1521 3123 1913 3192 blasphemiam
1970 3124 2103 3194 ipsis
2160 3124 2243 3177 in-

2279 1880 2326 1940 B

2796 1878 3059 1930 sessor
3094 1878 3251 1931 κει».
3294 1880 3344 1929 A'
3378 1878 3474 1949 (ε).

2426 1990 2618 2058 Ἥμετς
2649 1989 2747 2057 μὲν
2784 1989 2876 2042 τὸν
2910 1990 3037 2042 Υίδν
3076 1990 3434 2057 ἀφαιροῦντες
3463 1990 3562 2057 τῆς
3595 1990 3777 2053 αἰτίας
3812 1991 3910 2043 τοῦ

2345 2084 2681 2151 Πνεύματος,
2738 2082 2888 2136 οὐδὲν
2919 2083 3086 2136 αὑτὸν
3141 2082 3471 2151 ἑλαττοῦμεν
3504 2082 3603 2149 τῆς
3646 2083 3741 2133 τοῦ
3773 2082 3912 2135 Θεοῦ

2345 2178 2436 2228 καὶ
2475 2175 2683 2243 Πατρὸς
2718 2173 2903 2237 ἀξίας
2942 2173 3060 2226 οὐδὲ
3088 2173 3197 2242 γὰρ
3236 2173 3369 2235 ὅλως
3401 2171 3691 2242 μεταδοτδν
3725 2172 3785 2223 τὸ
3811 2174 3914 2240 τῆς

2343 2264 2591 2333 θεότητος
2644 2264 2813 2317 αῐτιον
2864 2262 3119 2329 λέγομεν,
3173 2261 3361 2330 ὥσπερ
3418 2261 3541 2314 οὐδὲ
3571 2261 3631 2313 τὸ
3667 2260 3913 2314 ἀναίτιον

2340 2354 2433 2407 τοῦ
2471 2354 2704 2423 Πατρδς,
2736 2353 2847 2405 οὐδ’
2874 2342 3067 2421 ἀὐτὴν
3098 2353 3195 2421 τὴν
3224 2352 3556 2421 πατρότητα.
3595 2352 3817 2402 Λατῖνοι
3849 2350 3913 2402 δὲ

2346 2446 2628 2513 μεταδοτδν
2663 2444 2817 2496 τοῦτο
2854 2445 3194 2512 φρονοῦντες,
3229 2439 3347 2495 εἶτα
3376 2442 3437 2493 τὸ
3463 2440 3688 2507 Πνεῦμα
3713 2441 3911 2492 τούτου

2344 2536 2621 2588 λείπεσθαι
2654 2538 2922 2604 λέγοντες,
2975 2538 3172 2599 πάσαις
3201 2537 3470 2604 ἀνάγκαις
3514 2536 3735 2588 ἔλαττον
3775 2534 3909 2586 αὐτὸ

2305 2619 2312 2626 ’
2344 2620 2677 2692 ποιοῦσιτῆς
2702 2626 2795 2677 τοῦ
2824 2626 3030 2694 Πατρδς
3048 2628 3141 2678 καὶ
3169 2627 3301 2678 Υίοῦ
3324 2628 3576 2694 θεότητος
3602 2629 3699 2679 καὶ
3724 2626 3909 2688 ἀξίας,

2345 2715 2438 2765 καὶ
2464 2713 2609 2765 κατά
2638 2715 2795 2767 τοῦτο
2827 2714 3166 2783 βλασφημεῖν
3190 2718 3270 2777 εἰς
3307 2722 3365 2766 τὸ
3388 2718 3612 2782 Πνεῦμα
3635 2718 3698 2767 τὸ
3731 2718 3911 2783 am»,

2344 2800 2531 2869 ὥσπερ
2558 2803 2651 2854 καὶ
2682 2803 2803 2855 κατ’
2830 2801 2965 2857 ἄλλα
2993 2802 3276 2871 πολλαχῶς
3299 2803 3722 2870 ἀναγκάζονται.

2911 3002 2951 3054 υ
3014 3000 3412 3057 ΣΧΟΛΔΡῙΟΣ.

2415 3117 2477 3169 Οἱ
2517 3115 2733 3168 Λατῖνοι
2768 3112 3043 3167 κάνταῦθα
3074 3114 3211 3181 πρὸς
3240 3116 3338 3182 τὴν
3380 3114 3503 3167 κατ’
3529 3114 3711 3167 αὐτῶν
3746 3116 3913 3185 βλασς

677 3233 940 3276 tcutatam
976 3220 1162 3272 cadem
1195 3215 1505 3268 defensione
1540 3225 1785 3279 utentur,
1823 3230 1928 3285 qua
1963 3228 2017 3270 et
2050 3218 2117 3269 ad
2156 3231 2241 3269 se-

2343 3208 2555 3276 φημίαν
2588 3204 3015 3275 ἀπολογήσονται
3042 3207 3109 3256 τὰ
3138 3201 3399 3268 αῦτά,οἷα
3430 3189 3523 3260 διαὶ
3551 3207 3681 3275 πρὸς
3713 3208 3771 3260 τὸ
3798 3208 3910 3262 τῶν

682 3312 918 3364 cundum
956 3315 1334 3375 argumentum
1368 3306 1450 3357 nsi
1488 3312 1634 3367 sunt,
1671 3320 1795 3357 cum
1840 3307 1945 3359 hoc
1994 3306 2138 3365 idem
2169 3307 2241 3360 sit

684 3417 805 3455 cum
856 3401 969 3461 illo,
1009 3400 1192 3450 nescio
1222 3413 1330 3465 quo
1358 3397 1516 3450 modo
1572 3407 1628 3449 et
1661 3412 1768 3464 qua
1800 3398 2070 3465 sapientia
2128 3398 2241 3451 dis-

682 3493 935 3549 tinctum.
970 3488 1247 3541 ct-solutio
1273 3484 1341 3539 ad
1378 3486 1509 3539 illud
1542 3485 1666 3539 data
1694 3486 1857 3538 etiam
1888 3500 1984 3554 pro
2010 3486 2113 3539 hoc
2134 3487 2240 3540 erit

680 3580 970 3634 sutiiciens.
1025 3578 1083 3632 id
1138 3587 1347 3630 tantum
1406 3580 1459 3630 in
1513 3579 1803 3646 praesentia
1870 3584 2237 3645 opportunum

681 3671 847 3725 fuerit
876 3669 1082 3734 dicere,
1127 3668 1172 3719 si
1210 3668 1347 3718 bene
1381 3664 1819 3735 sapientissimus
1849 3664 1938 3718 ille
1964 3666 2045 3717 vir
2093 3664 2239 3718 ordiv

682 3766 766 3815 nis
796 3762 997 3812 bonum
1034 3759 1293 3819 novisset,
1322 3757 1469 3824 quod
1500 3757 1719 3823 quidem
1762 3758 1955 3809 attinet
1982 3757 2049 3808 ad
2075 3771 2242 3825 argu-

685 3852 864 3903 menta
893 3860 949 3901 ct
982 3846 1239 3906 rationes,
1270 3858 1397 3896 eum
1455 3844 1601 3895 haud
1635 3857 1889 3910 tanquam
1924 3845 2032 3897 duo
2077 3860 2236 3910 sepa-

686 3937 842 3989 ratim
871 3936 1177 4002 positurum
1215 3932 1383 3984 luisse
1432 3945 1496 3983 ea
1531 3947 1649 3997 qua:
1721 3932 1943 3983 omnino
1993 3932 2239 3983 eamdem

684 4025 793 4077 vim
826 4020 1049 4087 habent,
1086 4020 1229 4089 quod
1273 4035 1403 4073 vero
1433 4019 1499 4072 ad
1539 4034 1625 4072 res
1659 4018 1874 4072 divinas
1899 4029 2127 4083 spectat,
2174 4018 2241 4070 de

683 4116 881 4183 quibus
906 4127 1103 4176 sermo,
1130 4126 1305 4179 neque
1333 4121 1464 4164 tunc
1497 4109 1797 4164 secundum
1829 4116 2237 4174 argumentum,

685 4220 859 4273 neque
886 4218 1030 4255 nunc
1062 4214 1315 4270 quartum
1358 4200 1502 4253 istud
1542 4216 1775 4269 prorsus
1808 4200 1972 4252 fuisse
2000 4199 2244 4266 prolatu-

689 4311 829 4349 rum.
879 4296 954 4347 Ex
984 4309 1048 4347 eo
1074 4295 1241 4353 enim,
1276 4294 1421 4361 quod
1453 4294 1655 4347 bonum
1696 4291 1906 4345 ordinis
1935 4290 2154 4359 ignorat
2188 4297 2244 4341 et

685 4388 801 4454 ipse
832 4400 1083 4451 magnum
1125 4386 1254 4452 quid
1287 4383 1591 4437 concedere
1637 4398 1695 4436 se
1725 4381 1903 4436 credit
1957 4380 2104 4433 Patri
2136 4380 2238 4432 soli

686 4491 901 4531 causam
928 4476 1161 4542 Spiritus
1194 4478 1460 4538 tribuens,
1492 4476 1685 4531 Filium
1737 4490 1869 4533 vero
1919 4476 1988 4529 ab
2022 4490 2088 4529 eo
2143 4489 2242 4527 ex-

687 4565 935 4625 cludens,
968 4574 1023 4614 et
1080 4564 1300 4615 Latinos
1333 4564 1710 4629 blasphentare
1768 4564 2085 4627 arbitratur,
2142 4563 2237 4632 qui
2270 4554 2315 4609 Ι)

690 4672 795 4707 non
828 4654 1013 4707 eadem
1046 4668 1108 4706 ac
1132 4655 1245 4722 ipse
1270 4652 1491 4705 audent.
1521 4654 1719 4705 Verum
1752 4656 1797 4708 si
1832 4655 1989 4721 plane
2013 4655 2063 4707 id
2094 4656 2237 4723 quod

690 4749 756 4799 de
792 4745 1001 4799 ratione
1023 4758 1217 4805 cauare,
1246 4756 1366 4811 qua:
1397 4752 1480 4795 est
1510 4744 1561 4793 in
1595 4743 1774 4807 Patre,
1801 4758 1905 4796 non
1928 4745 2238 4813 participat,

690 4834 928 4887 inferius
960 4844 1042 4886 est
1075 4834 1193 4901 ejus
1226 4830 1428 4885 deitate
1458 4840 1512 4881 et
1547 4832 1771 4892 honore,
1806 4840 1863 4882 ut
1892 4831 2005 4899 ipse
2036 4844 2243 4897 censet,

690 4925 865 4978 Latini
905 4939 1034 4977 vero
1067 4925 1121 4975 in
1152 4923 1411 4993 Spiritum
1462 4931 1708 4975 sanctum
1760 4919 2155 4987 blasphctnant,
2192 4931 2247 4975 ct

691 5017 805 5081 ipse
838 5015 1085 5067 similiter
1125 5013 1463 5099 blasphéemat
1504 5012 1556 5064 in
1589 5010 1809 5070 Filium,
1852 5016 1907 5060 et
1942 5017 2088 5061 tanto
2122 5012 2244 5079 qui-

690 5104 811 5157 dem
875 5105 988 5171 ipse
1019 5102 1280 5168 deterius,
1319 5121 1373 5155 in
1430 5113 1695 5172 quantum
1758 5100 1835 5153 illi
1897 5099 2119 5167 quidem
2178 5116 2242 5154 ex

662 5176 891 5262 quibus
944 5192 1139 5245 Filium
1182 5194 1455 5247 honorant
1508 5209 1577 5247 ex
1628 5194 1821 5246 iisdem
1866 5191 1921 5243 in
1983 5190 2243 5260 Spiritum

692 5299 918 5353 peccare
948 5283 1327 5343 traducuntur.
1387 5285 1487 5337 iste
1518 5300 1644 5337 vero
1678 5285 1805 5336 dum
1862 5282 2058 5337 Filium
2116 5297 2249 5336 con-

694 5374 949 5427 tentionis
976 5375 1141 5441 gratia
1178 5389 1208 5427 a
1265 5379 1609 5429 convenit-nti
1654 5378 1858 5428 honore
1898 5382 2048 5427 arcet
2081 5374 2243 5426 simul

692 5474 743 5515 et
774 5464 1032 5531 Spiritum
1064 5464 1130 5517 de
1160 5480 1225 5517 eo
1271 5465 1437 5532 ejicit.
1479 5466 1705 5529 QuanJo
1736 5482 1865 5521 vero
1907 5466 2035 5519 dato
2070 5479 2244 5520 causa:

759 5642 838 5710 (Ξ)
874 5640 1012 5694 hicn.
1041 5642 1132 5708 27,
1171 5642 1359 5709 ἔσται;
1389 5641 1549 5699 Marc.
1587 5647 1721 5702 ὲςτι,

2344 3298 2788 3367 ἐπιχειρημάτων
2828 3296 3235 3365 ἀπελογήσαντο
3281 3298 3557 3368 δεύτερον,
3584 3300 3769 3369 ἐπειδὴ
3805 3304 3906 3354 καὶ

2342 3391 2497 3442 τοῦτο
2542 3390 2707 3441 ταυτὸ
2761 3390 2904 3441 ἐστιν
2946 3390 3157 3459 ἐκείνῳ,
3211 3392 3310 3443 οὐκ
3361 3388 3458 3443 οἷδ’
3496 3392 3644 3455 ὅπως
3674 3394 3769 3445 καὶ
3798 3395 3909 3446 τίνι

2344 3487 2503 3551 σοφίᾳ
2530 3482 2823 3551 διαιρεθὲν,
2855 3485 2949 3537 καὶ
2978 3485 3007 3552 ἠ
3040 3483 3175 3551 πρὸς
3202 3485 3375 3536 έκεῖνο
3396 3483 3451 3537 δι
3480 3484 3633 3546 λύσις
3658 3486 3909 3554 καὶπρὸς

2340 3574 2495 3626 τοῦτο
2518 3576 2730 3633 πάντως
2755 3574 2998 3642 ἀρκέσει.
3034 3570 3298 3624 Τοσοῦτον
3334 3572 3499 3640 μόνον
3519 3571 3751 3625 ἐνταῦθα
3783 3589 3910 3623 και-

2344 3663 2434 3731 ρὸν
2473 3661 2537 3715 ἄν
2576 3661 2686 3731 ἔχοι
2722 3662 2917 3727 λέγειν,
2946 3661 3019 3721 ὡς
3044 3661 3092 3712 εἰ
3122 3658 3182 3712 τὸ
3209 3660 3308 3729 τῆς
3332 3658 3537 3724 τάξεως
3560 3658 3760 3726 ἀγαθὸν
3786 3660 3909 3729 ᾔδει

2341 3751 2520 3815 καλῶς
2572 3755 2600 3805 6
2654 3753 2961 3821 σοφώτατος
2997 3755 3197 3814 ἐκεῖνος
3251 3752 3411 3822 ἀνὴρ,
3454 3753 3502 3805 εἰ
3554 3753 3652 3822 μὲν
3688 3754 3808 3805 ὅσον
3835 3749 3909 3823 ἦν

2340 3844 2733 3912 ἐπιχειρήμασι
2768 3846 2860 3894 καὶ
2890 3842 3091 3908 λόγοις,
3124 3842 3223 3895 οὐκ
3253 3843 3319 3913 ἀν
3353 3844 3548 3911 ἔθηκεν
3572 3844 3645 3904 ὡς
3673 3844 3765 3897 δύο
3787 3845 3909 3913 διη-

2344 3935 2589 4002 ρημένως
2620 3934 2685 3984 τὰ
2715 3934 3024 3983 παντάπασι
3070 3933 3165 4000 τὴν
3199 3912 3366 3998 αῦτην
3412 3914 3607 4001 ἔχοντα
3632 3912 3903 4001 δύναμιν·

2343 4025 2388 4072 εἰ
2424 4021 2478 4073 δὲ
2506 4022 2627 4073 ὅσον
2658 4022 2716 4072 ἑν
2750 4023 2861 4080 τοῖς
2913 4019 3095 4083 θείοις,
3146 4025 3273 4088 περὶ
3306 4015 3379 4071 ὧν
3426 4023 3454 4073 ὀ
3485 4021 3666 4087 λόγος,
3705 4024 3805 4074 οὐκ
3837 4023 3908 4074 ἂν

2341 4112 2466 4164 οὔτε
2505 4113 2565 4163 τὸ
2592 4110 2843 4178 δεύτερον
2872 4113 3211 4179 ἑπιχείρημα
3245 4112 3384 4171 τότε,
3415 4110 3537 4162 οὔτε
3565 4111 3625 4162 τὸ
3644 4112 3908 4180 τέταρτον

2340 4202 2502 4271 δῆθεν
2531 4201 2666 4263 ὅλως
2702 4200 2865 4260 ἔθηκε
2916 4199 3028 4252 νῦν.
3066 4198 3198 4252 Ἀπὸ
3246 4201 3353 4269 γὰρ
3390 4199 3479 4252 τοῦ
3520 4201 3754 4265 τάγαθὸν
3802 4204 3909 4269 τῆς

2340 4295 2543 4359 τάξεως
2575 4296 2809 4361 ἀγνοεῖν,
2843 4296 2935 4345 καὶ
2958 4293 3121 4355 αὐτὸς
3152 4295 3293 4359 μέγα
3321 4311 3374 4345 τι
3405 4291 3725 4362 χαρίζεσθαι
3756 4294 3913 4349 δοκεῖ

2340 4386 2419 4457 τῷ
2440 4388 2611 4455 lia-cpi
2639 4388 2783 4455 μόνῳ
2810 4386 2904 4454 τὴν
2929 4387 3105 4439 αἰτίαν
3135 4387 3223 4438 τοῦ
3251 4386 3564 4455 Πνεύματος
3593 4386 3909 4453 ἀποδιδοὺς,

2342 4480 2432 4532 τὸν
2460 4479 2515 4531 δὲ
2554 4479 2680 4531 Υίὸν
2724 4478 2892 4546 αὐτῆς
2925 4478 3197 4545 ἀφαιρῶν,
3230 4478 3322 4529 καὶ
3352 4477 3476 4540 τοὺς
3505 4478 3766 4539 Λατίνους
3798 4477 3910 4529 oi:-

2344 4590 2432 4635 ται
2466 4572 2805 4642 βλασφημεῖν
2835 4571 2896 4623 οὐ
2931 4573 2998 4623 τὰ
3037 4572 3177 4623 αὐτὰ
3202 4570 3377 4638 τούτῳ
3401 4572 3737 4640 τολμῶντας.
3758 4570 3912 4622 Ἀλλ’
4001 4559 4009 4566 ’

2344 4662 2522 4730 εἰμὲν
2554 4664 2687 4722 ὅλως
2734 4661 2794 4712 τδ
2836 4660 2911 4729 μὴ
2952 4662 3182 4728 μετέχον
3232 4660 3329 4725 τῆς
3364 4660 3545 4719 αἰτίας
3602 4660 3699 4728 τῆς
3746 4661 3802 4712 ἐν
3830 4660 3910 4727 τῷ

2346 4752 2520 4820 Πατρὶ
2550 4751 2765 4802 ἔλαττόν
2811 4754 2926 4801 ἑστι
2985 4751 3081 4817 τῆς
3115 4751 3206 4800 τοῦ
3261 4749 3470 4818 Πατρὸς
3522 4748 3778 4816 θεότητος
3808 4748 3911 4799 καὶ

2343 4844 2517 4906 ἀξίας,
2545 4842 2618 4901 ὡς
2644 4840 2805 4899 αὐτὸς
2850 4838 3007 4901 ἀξιοῖ,
3042 4840 3259 4891 Λατῖνοί
3290 4856 3345 4891 τε
3374 4837 3788 4907 βλασφημοῦσιν
3826 4841 3907 4899 εἰς

2342 4932 2401 4983 τὸ
2437 4930 2681 4997 Πνεῦμα,
2739 4931 2830 4981 καὶ
2879 4930 3041 4989 αὐτὸς
3090 4930 3291 4997 ὁμοίως
3348 4930 3427 4987 είς
3474 4928 3567 4979 τὸν
3602 4926 3755 4988 Υἰδν,
3802 4929 3903 4977 καὶ

2341 5021 2591 5074 τοσοῦτον
2646 5020 2803 5081 αὐτὸς
2860 5024 3059 5087 χεῖρον.
3092 5022 3215 5074 ὅσον
3263 5022 3459 5071 ἐκείνοι
3495 5019 3592 5085 μὲν
3625 5016 3686 5079 ἐξ
3717 5010 3790 5069 ὧν
3821 5032 3906 5067 τι-

2348 5111 2489 5179 μῶσι
2523 5112 2611 5162 τὰν
2645 5110 3131 5179 Υίδν.ἀμαρτάνειν
3161 5111 3241 5171 είς
3275 5110 3335 5161 τὸ
3360 5108 3581 5175 Πνεῦμα
3626 5111 3905 5175 προαγονο

2341 5216 2453 5262 ται,
2484 5202 2587 5253 ὁδὶ
2626 5202 2717 5254 τὸν
2746 5202 2872 5256 Υἰδν
2907 5202 3004 5269 τῆς
3050 5199 3428 5269 προσηκούσης
3452 5198 3536 5249 διὰ
3566 5197 3905 5265 φιλοιεικίαν

2341 5291 2541 5357 εἴργων
2580 5297 2742 5363 τιμῆς
2774 5292 2889 5360 ἃμα
2921 5292 3014 5343 καὶ
3062 5292 3123 5341 τὸ
3156 5286 3381 5355 Πνεῦμα
3421 5286 3768 5342 συνεκϐάλλει
3789 5303 3803 5317 ·
3852 5289 3905 5339 εἰ

2339 5380 2395 5431 δὲ
2419 5379 2658 5443 δοθέντος
2683 5379 2777 5433 τοῦ
2803 5382 2901 5449 τὴν
2932 5380 3107 5432 αἰτίαν
3131 5375 3269 5428 εἶναι
3301 5376 3628 5446 κοινωνητὴν
3655 5376 3731 5445 τῷ
3760 5376 3907 5444 Titi),

2342 5470 2560 5522 ἔλαττον
2588 5471 2807 5524 ἔσεσθαί
2830 5489 2963 5540 φησι
2990 5471 3051 5521 τὸ
3074 5468 3300 5533 Πνεῦμα
3329 5468 3529 5535 ταύτης
3550 5466 3901 5534 λειπόμενον,

2418 5648 2491 5718 γε,
2530 5648 2585 5703 lu
2616 5650 2735 5704 cod.
2781 5650 2947 5713 Mam,
2980 5648 3084 5702 256
3119 5647 3155 5700 I’.
3187 5646 3291 5701 9.96
3332 5662 3383 5712 ε,
3414 5652 3497 5700 est
3524 5658 3642 5714 cap.
3672 5644 3761 5697 ιε.
