4140 6328
132 255 204 312 ιδ
1152 262 1582 326 REFUTATIO
1626 265 1870 324 MARCI
1910 264 2292 325 EPHESINL
3264 260 3333 323 46

126 366 334 430 κρίνειν
415 366 619 432 εἰδότας
694 372 797 423 ὑπὸ
852 370 1117 423 τοσούτων
1183 372 1279 440 μὲν
1335 371 1683 438 διδασκάλων,

1787 374 1936 427 cultu
1969 375 2239 430 honorati.
2272 380 2330 425 nt
2362 374 2579 428 illorum
2615 374 2889 444 theologia
2929 370 3143 429 cunctis
3173 388 3337 443 regu-

124 454 395 507 τοσούτων
441 456 497 510 δὲ
531 458 749 528 βιϐλίων
782 461 1010 512 ἑκάστου
1043 462 1443 529 φωτιζομένους
1464 480 1480 495 ο
1540 464 1589 515 εί
1625 462 1682 516 δέ

1786 459 1829 513 la
1863 474 1926 514 ac
1948 474 2133 513 norma
2158 460 2229 513 sit
2281 460 2537 529 legesque
2563 462 2683 515 lata;
2706 461 2912 514 fuerint
2933 460 2985 514 id
3005 461 3332 530 praecipien-

129 544 305 596 τικαν
330 547 542 609 τούτοις
587 549 885 615 διαφωνοῦν
923 551 1249 621 εὑρίσκοιτο,
1313 551 1679 621 συμϐιϐἀζειν

1786 558 1883 605 tes.
1915 548 1984 603 Et
2018 552 2098 603 sic
2133 550 2285 603 multi
2313 560 2442 603 sunt
2474 560 2530 605 et
2558 559 2639 603 tot
2661 550 2864 618 singuli
2889 550 3066 605 libros
3098 551 3341 618 relique-

127 635 287 690 τοῦτο
318 639 415 691 καὶ
462 642 716 708 συνάγειν
773 644 950 704 καλῶς
999 645 1121 704 ταῖς
1151 644 1397 711 μεθόδοις
1447 646 1684 710 ἐκείναις

1786 648 2018 704 runt,'ut
2052 649 2304 694 caeterum
2351 640 2417 693 de
2450 640 2600 694 nullo
2653 639 2939 705 theologiae
2992 639 3338 708 prohlemate

129 720 213 787 αἷς
242 727 397 780 αὐτοὶ
431 730 530 797 τῆς
569 730 890 797 Ἐκκλησίας
943 730 992 782 οί
1030 730 1339 783 διδάσκαλοι
1378 730 1479 793 τὰς
1529 731 1680 794 θείας

1786 729 1863 783 vel
1916 729 2169 797 dogmate
2213 727 2441 782 dubium
2482 742 2718 803 ‘movere
2766 736 2974 796 queant
3022 727 3117 796 qui
3178 728 3341 797 plane

126 812 346 881 Γραφὰς
372 817 604 886 συνῆγον
631 820 726 870 καὶ
758 816 1102 879 συνεϐίϐαζον
1152 819 1291 872 κατὰ
1318 818 1425 871 τῶν
1451 819 1680 890 διαιρεῖν

1786 818 1916 873 talia
1957 820 2205 890 judicare
2254 821 2507 873 noverint
2560 834 2591 873 a
2638 825 2719 872 tot
2773 817 3091 873 doctoribus
3142 828 3340 889 totque

128 903 299 967 αὐτὰς
332 910 704 977 πειρωμένων,
731 911 834 961 κάν
870 911 937 979 τῇ
971 910 1241 981 διαιρέσει
1265 911 1439 982 ταύτῃ
1459 910 1553 965 τὸν
1578 914 1677 983 τῆς

1786 909 2125 979 singulorum
2166 909 2393 979 scriptis
2424 909 2743 974 illuminati,
2794 908 2839 962 si
2882 922 3017 962 vero
3063 906 3231 962 etiam
3283 906 3339 959 in

126 992 446 1058 κακοδοξίας
474 996 793 1065 ίδρυνόντων
816 998 1111 1066 θεμὲλων.⁶
1612 1032 1615 1035 Α

1786 999 1869 1053 his
1898 1000 2223 1054 discordans
2251 999 2382 1067 quid
2431 998 2767 1064 inveniatur,
2816 998 2870 1052 id
2918 1007 3083 1052 recte'
3119 1009 3343 1065 compoo

127 1091 261 1135 nant
309 1092 367 1138 et
416 1090 753 1143 concordent
802 1090 911 1144 illis
968 1094 1263 1159 methodis,
1320 1095 1521 1165 quibus
1579 1091 1682 1161 ipsi
1720 1090 1978 1145 Ecclesiae
2040 1091 2294 1144 doctores
2323 1090 2534 1145 divinas
2591 1087 2913 1159 Scripturas
2951 1088 3341 1144 consociarent

122 1182 175 1225 et
202 1183 521 1231 constantes
548 1182 904 1237 ostenderunt
933 1194 1123 1239 contra
1164 1200 1260 1241 eos
1300 1187 1395 1254 qui
1445 1186 1697 1239 dividere
1733 1182 1855 1236 illas
1887 1182 2229 1237 conabantur
2261 1191 2319 1237 et
2357 1184 2408 1236 in
2449 1183 2551 1235 hac
2574 1181 2848 1235 divisione
2913 1195 3189 1249 perversa
3215 1195 3331 1235 sua:

124 1265 414 1318 sententia:
441 1270 841 1324 conﬁrmabant
881 1272 1319 1331 fundamentum.

194 1353 416 1405 Τούτων
443 1355 620 1406 τοίνυν
649 1359 904 1411 ἁπάντων
958 1360 1127 1423 οὕτως
1176 1365 1430 1432 ἑχόντων,
1481 1366 1567 1426 τίς
1618 1364 1684 1417 ἂν

1859 1359 1990 1424 Quae
2012 1359 2195 1413 omnia
2222 1374 2348 1413 cum
2386 1361 2461 1414 ita
2495 1375 2552 1413 se
2581 1359 2845 1424 habeant,
2893 1361 3018 1429 quis
3043 1361 3200 1418 facile
3223 1376 3342 1416 cre-

125 1442 331 1510 ῥαδίως
373 1445 685 1499 πιστεύσειε
718 1449 982 1513 Λατίνους
1038 1453 1211 1506 δεινὸν
1263 1456 1362 1525 μὲν
1409 1455 1683 1508 ποιεῖσθαι

1786 1452 1879 1504 det
1925 1449 2151 1505 Latinos
2201 1451 2423 1519 quidem
2473 1452 2731 1519 principii
2788 1453 3105 1507 dualitatem
3140 1453 3195 1507 in
3232 1453 3342 1507 Deo

122 1535 222 1599 τὴν
242 1532 503 1603 δυαρχίαν
530 1538 623 1589 ἐπὶ
650 1537 805 1603 Θεοῦ,
832 1542 914 1603 είς
934 1542 1149 1615 ’ταύτην
1172 1544 1231 1598 δι
1263 1545 1680 1599 συνελαύνεσθαι

1786 1542 2088 1606 exsecrari,
2123 1541 2217 1595 sed
2247 1542 2301 1594 in
2332 1544 2583 1595 eamdem
2617 1540 2811 1597 rursus
2845 1543 3051 1612 impelli
3084 1552 3342 1611 tanquam

125 1621 291 1719 παλιν
321 1624 395 1719 ως
427 1626 741 1693 ἀναγκαίως
784 1632 849 1701 τῇ
888 1632 1012 1701 δόξῃ
1044 1634 1219 1705 ταύτῃ
1272 1638 1679 1706 συνεπομένηνς

1786 1631 2098 1686 necessario
2127 1646 2193 1685 ex
2246 1631 2349 1687 hac
2411 1648 2509 1685 sua
2563 1633 2827 1701 opinione
2880 1636 3345 1704 consequentem?

123 1710 262 1763 Οὔτε
294 1712 397 1781 γὰρ
432 1715 583 1767 αὐτοὶ
612 1718 799 1783 σοφίας
825 1719 931 1773 τινὶ
960 1721 1070 1785 τῶν
1125 1722 1381 1777 ἁπάντων
1426 1741 1683 1794 παραχω-

1786 1720 1971 1786 Neque
2002 1723 2148 1776 enim
2182 1723 2285 1790 ipsi
2310 1724 2579 1792 sapientia
2604 1724 2699 1777 ulli
2730 1726 2976 1778 omnium
3002 1727 3226 1788 cedunt,
3251 1743 3347 1782 ne.

129 1801 338 1865 ροῦσιν,
377 1802 489 1856 οὔτ’
520 1807 667 1866 είκός
700 1810 817 1861 ἑστι
836 1809 994 1864 τοῦτο
1021 1814 1249 1882 πάσχειν
1274 1814 1434 1875 ὄντας
1465 1816 1682 1881 σοφοὺς,

1786 1824 1893 1877 que
1924 1811 2204 1877 probabile
2243 1820 2329 1865 est
2376 1813 2547 1880 ipsos,
2594 1827 2717 1864 cum
2766 1813 2878 1866 sint
2909 1812 3209 1881 sapientes,
3243 1815 3343 1867 ista

124 1888 259 1943 ἀλλὰ
291 1891 491 1958 μᾶλλον
523 1892 742 1961 εὔλογόν
766 1898 883 1951 lost
910 1900 1035 1961 τοὺς
1079 1900 1139 1951 ού
1176 1901 1377 1969 σφόδρα
1396 1902 1491 1969 τῆς
1523 1902 1684 1955 Λατί-

1786 1900 1934 1967 pati;
1989 1902 2318 1969 sedpotius
2367 1901 2686 1965 verisimile,
2735 1916 2833 1955 eos
2876 1903 2970 1969 qui
3024 1900 3343 1956 Latinorum

125 1996 230 2029 νων
262 1989 473 2047 σοφίας
514 1986 803 2048 ιπαῖοντας
830 1989 927 2056 τὴν
977 1991 1184 2058 πλάνην
1213 1994 1416 2059 ταύτην
1453 1993 1683 2058 ὑφίστα-

129 2069 250 2119 σθαι
284 2074 378 2124 καὶ
403 2064 645 2138 νομίζειν
673 2075 904 2130 ἔπεσθαι
928 2080 991 2147 τῇ
1018 2078 1144 2151 δόξῃ
1169 2081 1436 2148 Λατίνων,
1460 2081 1497 2135 ἃ
1516 2083 1682 2135 καθά-

126 2158 236 2221 παξ
266 2159 470 2230 ταύτης
501 2164 855 2233 κεχώρισται.
1080 2198 1087 2205 α

193 2333 316 2386 Ὀτι
345 2334 401 2386 δὲ
425 2335 532 2389 οὐδ’
561 2338 693 2401 ὅλως
725 2335 808 2401 οἷς
841 2339 1050 2405 ἀξιοῦσι
1112 2343 1329 2396 Λατῖνοι
1376 2343 1437 2395 τὸ
1483 2343 1684 2395 ἄτοπον

123 2424 300 2476 ἐκεῖνο
345 2428 668 2494 συμϐαίνειν
721 2432 968 2497 δύναται,
1022 2434 1228 2498 ἁπλοῦς
1295 2436 1412 2487 ἐστι
1469 2435 1623 2503 λόγος
1657 2440 1685 2490 ὁ

122 2515 329 2577 πείθων
354 2520 448 2570 καὶ
485 2519 691 2590 ἀληθὴς
720 2525 815 2577 καὶ
845 2523 905 2578 δν
940 2525 995 2577 εί
1017 2541 1103 2588 τις
1134 2527 1375 2593 ἐλαύνοι,
1420 2528 1517 2580 καὶ
1554 2529 1687 2580 πολ-

122 2605 219 2669 λάς
248 2609 348 2677 τῆς
399 2610 674 2680 θεολογίας
716 2616 893 2685 ἀρχὰς
926 2618 1138 2689 ἀνάγκη
1191 2617 1381 2688 τοῦτον
1432 2635 1687 2672 συνατιωο

123 2699 354 2754 θετσθαι.
368 2702 486 2773 Mn;
506 2704 612 2775 γάρ
628 2721 763 2773 φασι
782 2706 1008 2776 δυνάμει
1029 2709 1367 2780 προϐλητικῇ
1391 2711 1450 2762 τὸ
1465 2709 1687 2777 Πνεῦμα

122 2792 184 2843 τὸ
234 2792 391 2859 ἅγιον
429 2798 456 2847 ὀ
509 2795 701 2867 Πατὴρ
752 2799 848 2852 καὶ
898 2800 927 2853 δ
988 2800 1114 2863 Υἱὸς
1138 2800 1441 2870 προάγουσι
1492 2802 1583 2855 διὰ
1626 2802 1689 2853 τὸ

123 2882 223 2950 τὴν
258 2883 489 2952 δύναμιν
521 2885 723 2957 ταύτην
772 2891 837 2959 τῇ
884 2890 1041 2961 οὐσίᾳ
1074 2891 1301 2944 ιπεσθαι
1338 2891 1433 2944 τοῦ
1477 2890 1689 2959 Πατρδς

1784 1989 2115 2055 sapientiam
2148 2004 2255 2041 non
2302 2004 2465 2057 supra
2507 1990 2728 2042 modum
2782 1990 3114 2060 intelligunt,
3160 1992 3343 2045 fraudi

1780 2076 2052 2145 ejusmodi
2082 2077 2463 2141 succumbere,
2497 2088 2559 2132 ut
2586 2080 2948 2141 arbitrentur,
2980 2095 3044 2134 ea
3083 2095 3150 2133 ex
3197 2080 3345 2135 Lati-
3374 2090 3375 2093 ‘

1782 2180 1975 2219 norum
2005 2168 2283 2221 sententia
2315 2170 2604 2238 consequi,
2653 2169 2969 2239 quatisemel
2999 2184 3098 2237 pro
3128 2185 3345 2238 semper

1783 2255 2009 2309 omnino
2039 2255 2107 2309 ab
2136 2270 2199 2309 ea
2226 2271 2475 2325 separata
2504 2266 2655 2313 sunt.

1854 2343 2007 2408 Quod
2038 2358 2261 2399 veroex
2308 2344 2628 2401 Latinorum
2681 2346 2924 2401 doctrina
2979 2348 3130 2401 nullo
3180 2348 3346 2401 modo

1786 2433 2085 2488 absurdum
2120 2436 2252 2503 illud
2287 2436 2480 2491 inferri
2512 2436 2708 2505 possit,
2742 2437 2975 2504 simplex
3020 2453 3129 2491 non
3164 2439 3346 2491 minus

1786 2541 1947 2601 quam
1980 2541 2109 2581 vera
2148 2528 2291 2581 ratio
2340 2529 2658 2596 persuadet,
2688 2543 2853 2597 quam
2899 2528 2990 2595 qui
3020 2528 3259 2598 rejiciat,
3288 2537 3347 2583 et

1788 2618 1959 2669 multa
1987 2631 2206 2687 quoque
2239 2617 2528 2687 theoIOgia:
2570 2618 2839 2687 principia
2883 2617 3134 2673 eliminet
3179 2619 3342 2673 simul

1788 2700 2026 2776 oportet.
2053 2709 2221 2765 Unica
2252 2710 2426 2776 enim,
2468 2710 2645 2772 aiunt,
2678 2710 2886 2765 virtute
2920 2710 3180 2779 spirativa
3224 2708 3348 2777 Spi-

1788 2799 1955 2853 ritum
1988 2809 2236 2854 sanctum
2290 2801 2599 2870 producunt
2645 2800 2806 2856 Pater
2863 2810 2921 2857 et
2979 2802 3177 2864 Filius,
3211 2800 3342 2869 quia

1789 2884 1907 2940 haec
1945 2888 2117 2941 virtus
2142 2890 2393 2956 sequitur
2426 2889 2720 2943 essentiam
2759 2890 2937 2944 Patris
2973 2900 3029 2945 et
3058 2890 3200 2952 Filii,
3233 2905 3342 2943 non

124 2976 220 3024 καὶ
266 2974 361 3026 τοῦ
394 2975 546 3038 Υίοῦ,
569 2978 630 3030 ού
662 2980 779 3043 ταῖς
802 2982 1123 3049 ἀναφοραῖς,
1158 2978 1244 3045 αῖς
1270 2984 1674 3049 διακρίνονται·

1786 2976 2098 3039 relationes,
2128 2978 2330 3045 quibus
2357 2978 2775 3043 discernuntur,
2804 2989 2858 3033 et
2888 2980 3036 3034 sicut
3063 2980 3145 3032 vis
3174 2993 3343 3047 gene-

121 3065 220 3117 καὶ
250 3063 439 3133 ὥσπερ
475 3068 629 3136 ήτοῦ
674 3070 882 3137 γεννᾷν.
918 3072 1013 3124 καὶ
1058 3070 1153 3123 τοῦ
1194 3074 1488 3139 γεννᾶσθαι
1531 3072 1690 3125 δύνα-

1790 3066 2019 3120 rationis
2055 3070 2246 3121 activae
2294 3078 2351 3122 et
2382 3070 2611 3138 passiva:
2657 3071 2711 3124 in
2752 3069 2912 3125 Patre
2965 3081 3018 3125 et
3066 3071 3205 3124 Filio
3259 3081 3344 3124 est

126 3155 215 3219 μίς
248 3157 366 3207 ἐστι
402 3158 479 3225 (l)
507 3158 607 3226 μία
640 3162 696 3212 ιν
725 3160 803 3228 τῷ
837 3163 1008 3229 [lupi
1042 3162 1135 3215 καὶ
1165 3163 1242 3231 τῷ
1274 3162 1408 3233 Υίῷ,
1432 3162 1575 3215 οὕτω
1598 3164 1684 3215 καὶ

1786 3168 1916 3217 una,
1942 3156 2013 3209 ita
2044 3157 2360 3224 spirationis
2395 3161 2476 3214 vis
2522 3160 2575 3212 in
2610 3159 2743 3227 ipsis
2794 3176 2898 3231 una
2927 3162 3039 3214 est.
3088 3158 3143 3213 Si
3192 3160 3341 3215 enim

124 3243 160 3311 η
179 3244 276 3295 τοῦ
300 3245 626 3312 προϐάλλειν
650 3249 746 3317 μία
768 3251 915 3302 ἐστὶν
937 3252 993 3302 ἐν
1015 3253 1217 3313 αὐτοῖς·
1234 3253 1285 3304 εί
1300 3270 1385 3313 τις
1406 3252 1513 3319 γὰρ
1527 3252 1684 3304 δύνα-

1786 3258 1904 3309 quae
1932 3245 2104 3298 virtus
2133 3246 2187 3299 in
2245 3248 2377 3314 ipsis
2408 3258 2493 3303 est
2548 3258 2746 3318 praeter
2800 3253 2909 3303 vim
2970 3248 3342 3317 generationis

124 3334 219 3400 μίς
250 3337 398 3387 ἐστιν
421 3337 478 3389 ιν
498 3340 680 3400 αὐτοῖς
710 3341 855 3408 παρά
880 3342 977 3409 τὴν
1004 3340 1097 3392 τοῦ
1126 3343 1319 3410 γεννᾷν
1367 3343 1461 3393 καὶ
1500 3341 1684 3406 γεννᾶ-

1786 3334 1973 3387 activa:
2021 3344 2077 3387 et
2124 3337 2377 3403 passive,
2418 3353 2538 3391 eam
2575 3355 2735 3392 unam
2781 3354 2902 3393 esse
2953 3354 3178 3393 necesse
3219 3348 3336 3400 est;

122 3422 273 3487 σθαι,
301 3425 430 3493 μίαν
454 3424 599 3481 εἶναι
628 3429 831 3498 ταύτην
855 3432 1092 3498 ἀνάγκη·
1122 3433 1153 3498 ἡ
1207 3432 1265 3483 δὲ
1309 3432 1405 3499 μία
1456 3431 1684 3498 δύναμις

1786 3425 1940 3476 unica
1975 3439 2105 3478 vero
2140 3423 2314 3479 virtus
2357 3435 2411 3481 et
2456 3442 2622 3480 unam
2662 3430 3037 3497 Operationem
3084 3438 3135 3482 et
3170 3442 3333 3479 unam

122 3516 215 3566 καὶ
260 3514 390 3584 μίαν
418 3518 696 3585 ἐνέργειαν
726 3522 820 3571 καὶ
849 3521 979 3587 μίαν
1015 3520 1240 3588 πρόοδον
1275 3521 1368 3571 καὶ
1409 3520 1540 3587 μίαν
1580 3523 1679 3588 ἀρ-

1786 3513 2183 3579 processionem
2214 3522 2267 3566 et
2304 3529 2471 3566 unum
2511 3515 2845 3582 principium
2895 3514 3207 3567 necessario
3245 3514 3335 3565 in-

120 3606 221 3673 χὴν
275 3605 396 3675 τίθη
412 3623 494 3658 σιν
535 3608 594 3671 ἐξ
632 3608 893 3675 ἀνάγκηςο
930 3607 1053 3660 οὔτε
1087 3610 1269 3659 τοίνυν
1309 3610 1511 3662 ἄτοπον
1553 3612 1681 3678 μίαν

1786 3600 1961 3653 ducit:
1997 3615 2173 3668 neque
2231 3602 2397 3669 igitur
2429 3603 2727 3657 absurdum
2773 3614 2877 3667 est,
2906 3618 3068 3655 unam
3104 3617 3225 3656 esse
3277 3605 3332 3655 in

121 3691 268 3746 εἶναι
296 3694 525 3762 δύναμιν
558 3698 613 3745 ὲν
648 3695 823 3764 Πατρὶ
852 3695 944 3747 καὶ
990 3696 1101 3764 Υίῷ
1130 3698 1230 3765 τὴν
1286 3698 1677 3767 προϐλητικὴν,

1786 3686 1943 3741 Patre
1972 3698 2025 3741 et
2053 3688 2192 3742 Filio
2232 3689 2494 3743 virtutem
2528 3691 2895 3759 spiratricem,
2944 3708 3121 3759 neque
3152 3694 3336 3759 sequi-

118 3782 247 3834 οὔτε
291 3785 481 3835 ἕπεται
542 3785 745 3851 ταύτης
777 3782 943 3853 οὔσης
977 3788 1106 3855 μιᾶς
1151 3788 1250 3855 τὴν
1284 3788 1459 3857 ἀρχὴν
1495 3790 1553 3841 εν
1603 3789 1680 3859 τῷ

1786 3789 1892 3841 tur,
1920 3793 2042 3831 cum
2076 3782 2191 3835 haec
2227 3797 2335 3836 una
2362 3782 2458 3845 sit,
2494 3783 2547 3835 in
2586 3783 2743 3837 Patre
2771 3792 2827 3837 et
2858 3782 2996 3837 Filio
3023 3798 3129 3837 non
3168 3799 3333 3836 unum

122 3872 307 3940 Πατρὶ
338 3874 430 3922 καὶ
458 3871 537 3941 τῷ
587 3872 703 3943 Υίῷ
731 3872 827 3927 τοῦ
858 3875 1176 3945 Πνεύματος
1233 3881 1309 3947 μὴ
1339 3872 1476 3931 εἶναι
1529 3881 1679 3949 μίαν,

1786 3884 1900 3923 esse
1935 3868 2176 3939 Spiritus
2204 3874 2561 3942 principium,
2593 3874 2689 3928 sed
2721 3875 2944 3943 duplex.
2973 3872 3207 3928 Omnino
3238 3890 3335 3926 au-

120 3960 259 4012 ἀλλὰ
290 3960 503 4030 διπλῆν.
536 3962 715 4031 Ὀλως
737 3963 796 4016 δι
818 3965 847 4016 ὁ
876 3965 1063 4035 Πατὴρ
1091 3967 1184 4019 καὶ
1216 3968 1243 4018 ὀ
1269 3968 1397 4031 Υίδς
1428 3971 1556 4023 ἄνευ
1581 3971 1683 4038 τῆς

1786 3969 1889 4013 tem
1918 3960 2079 4013 Pater
2111 3970 2166 4013 et
2194 3960 2364 4015 Filius
2398 3963 2811 4031 prmscindendo
2841 3978 2871 4015 a
2910 3964 3136 4017 relativa
3166 3977 3336 4031 oppo-

123 4051 260 4117 πρὸς
284 4050 485 4119 ἄλληλα
507 4053 840 4124 ἁναφορικῆς
853 4057 1177 4119 ἀντιθέσεως
1204 4060 1299 4127 τῆς
1318 4060 1459 4113 κατὰ
1479 4060 1538 4113 τὸ
1564 4078 1684 4128 γεν-

1786 4051 2002 4124 sitione,
2041 4065 2203 4119 quam
2234 4056 2299 4105 ad
2329 4054 2565 4106 invicem
2599 4053 2822 4119 habent,
2855 4065 3020 4122 prout
3051 4055 3138 4107 ille
3174 4069 3340 4123 gene-

122 4143 218 4209 νᾷν
258 4136 460 4212 δηλαδὴ
496 4143 588 4197 καὶ
625 4145 916 4211 γεννᾶσθαι
950 4150 1014 4201 τὰ
1062 4148 1198 4202 ἄλλα
1229 4149 1289 4202 ἓν
1323 4152 1427 4202 είσι
1487 4153 1578 4203 καὶ
1625 4152 1683 4202 ἓν

1786 4151 1887 4205 rat,
1921 4142 2008 4194 hic
2036 4152 2353 4211 generatur,
2398 4144 2575 4211 quoad
2624 4154 2821 4199 caetera
2875 4160 3043 4197 unum
3104 4156 3229 4198 sunt
3284 4156 3336 4199 et

122 4235 245 4284 ὅλον
279 4236 375 4285 καὶ
406 4234 462 4285 ἓν
492 4236 729 4306 ἀριθμῷ.
749 4237 961 4307 Ὥσπερ
990 4241 1167 4291 τοίνυν
1200 4234 1276 4301 εἷς
1298 4240 1428 4302 Θεὸς
1458 4243 1563 4295 alat
1587 4244 1681 4294 καὶ

1786 4248 1951 4286 unum
1987 4241 2161 4285 totum
2198 4242 2253 4287 et
2286 4250 2454 4286 unum
2502 4249 2752 4287 numero.
2788 4234 2943 4288 Sicut
2983 4235 3148 4303 igitur
3195 4250 3340 4287 unus

124 4320 203 4385 εἷς
240 4325 573 4394 δημιουργὸς
603 4329 697 4379 καὶ
726 4324 807 4389 εἷς
838 4330 1091 4395 πέμπων,
1121 4330 1261 4381 οὕτω
1294 4331 1513 4405 καίμία
1540 4332 1681 4401 ἁρχὴ

1788 4333 1913 4375 sunt
1940 4323 2086 4377 Deus
2120 4332 2177 4377 et
2208 4341 2347 4378 unus
2371 4326 2622 4379 conditor
2648 4335 2703 4378 et
2736 4342 2880 4379 unus
2915 4328 3157 4388 mittens,
3186 4327 3256 4378 ita
3281 4337 3337 4378 et

120 4416 215 4465 τοῦ
251 4415 411 4482 ἁγίου
443 4417 756 4484 Πνεύματος
789 4416 818 4483 ἢ
851 4411 929 4477 εἷς
960 4418 1298 4483 προϐάλλων.
1344 4420 1405 4470 El
1444 4421 1543 4488 μὲν
1575 4421 1682 4489 γὰρ

1789 4427 1957 4464 unum
1982 4412 2307 4480 principium
2331 4415 2505 4467 sancti
2532 4415 2771 4483 Spiritus
2794 4416 2879 4468 vel
2913 4429 3055 4469 unus
3078 4418 3332 4483 spirator.

120 4508 180 4557 οὗ
213 4507 438 4558 δύναται
470 4508 745 4559 κοινωνεῖν
774 4506 848 4575 τῷ
878 4507 1054 4574 Πατρὶ
1093 4507 1190 4572 τῆς
1224 4508 1319 4560 τοῦ
1366 4510 1684 4579 Πνεύματος

1789 4502 1843 4554 Si
1873 4503 2018 4554 enim
2047 4501 2191 4555 Patri
2237 4504 2309 4556 in‘
2329 4503 2568 4573 Spiritus
2616 4506 2791 4558 sancti
2839 4506 3197 4572 productione
3227 4520 3333 4557 non

119 4597 511 4661 ἐκπορεύσεως
538 4596 568 4645 δ
602 4594 724 4657 Υίδς
748 4596 814 4647 δι’
843 4596 970 4649 ἄλλο
1003 4615 1075 4655 τι,
1105 4598 1260 4660 ἄλλος
1286 4600 1355 4651 ἂν
1384 4600 1467 4669 εἴη
1494 4601 1680 4667 λόγος’

1789 4602 1967 4659 potest
1990 4594 2393 4648 communicare
2418 4594 2587 4647 Filius
2610 4605 2835 4663 propter
2858 4596 3005 4649 aliud
3033 4595 3333 4662 quidpiam.

121 4686 169 4734 εἰ
209 4684 269 4735 δὲ
326 4682 479 4733 οὐδὲν
524 4683 883 4750 προσίσταται
932 4685 1153 4753 ἕτερον,
1196 4689 1323 4757 περί
1357 4698 1419 4757 γε
1456 4690 1545 4741 τοῦ
1586 4691 1684 4759 τὴν

1788 4683 1895 4733 alia
1926 4686 2065 4735 ratio
2097 4685 2275 4747 foret;
2302 4686 2347 4737 si
2378 4700 2508 4737 vero
2534 4684 2669 4737 nihil
2693 4685 2837 4737 aliud
2867 4686 3067 4742 obstat,
3091 4684 3237 4751 quod
3267 4686 3332 4735 ad

122 4772 433 4841 μοναρχίαν
468 4771 791 4825 σαλεύεσθαι
820 4774 936 4838 δέος
964 4777 1139 4829 οὓδὲνο
1164 4776 1353 4845 ὥσπερ
1378 4780 1425 4829 εἰ
1456 4779 1528 4844 μὴ
1559 4779 1683 4845 ἡδύς

1791 4772 2117 4823 monarchite
2172 4771 2600 4823 destructionem
2663 4770 2892 4832 attinet,
2947 4772 3089 4823 nihil
3134 4772 3335 4823 timene

120 4878 249 4911 νατο
268 4862 309 4910 ’ὁ
346 4860 465 4920 Tib;
487 4860 815 4927 δημιουργὸς
837 4860 973 4912 εἶναι
1002 4864 1095 4914 καὶ
1120 4866 1179 4914 τὸ
1203 4863 1421 4931 Πνεῦμα
1442 4864 1499 4915 τὸ
1530 4861 1684 4930 ἅγιον

1789 4862 1952 4924 dum;
1982 4860 2117 4911 sicut
2146 4860 2191 4911 si
2229 4858 2398 4913 Filius
2430 4876 2537 4912 non
2571 4871 2754 4925 posset
2805 4869 3023 4915 creator
3066 4876 3185 4915 esse
3232 4877 3335 4915 ne-

80 4950 93 4965 ”
119 4952 319 5020 ὥσπερ
341 4952 433 5003 καὶ
453 4953 479 5002 ὁ
503 4952 708 5020 Πατὴρ,
731 4952 886 5013 ἄλλος
911 4954 975 5005 ἂν
996 4948 1061 5023 ἦν
1085 4954 1259 5020 λόγος·
1284 4954 1386 5014 ἕως
1410 4955 1454 5003 δ’
1473 4955 1680 5021 ἀνάγκη

1789 4964 1892 5017 que
1939 4948 2178 5016 Spiritus
2228 4960 2475 5013 sanctus,
2512 4950 2971 5018 quemadmodum
3024 4962 3107 5005 est
3156 4952 3333 5017 Pater,

119 5044 215 5112 τὴν
246 5042 618 5111 δημιουργίαν
664 5044 851 5113 κοινὴν
888 5040 1027 5094 εἶναι
1062 5047 1172 5111 τοῖς
1212 5045 1379 5111 τρισὶ,
1415 5044 1545 5109 περὶ
1585 5044 1681 5107 τῆς

1789 5042 1891 5092 alia
1931 5040 2089 5107 plane
2122 5037 2259 5093 foret
2310 5040 2488 5102 ratio;
2534 5043 2778 5108 quandiu
2814 5057 2947 5097 vero
2996 5058 3221 5097 necesse
3251 5056 3339 5097 est

121 5135 430 5202 μοναρχίας
475 5133 594 5192 δέος
639 5133 817 5185 οὐδέν*
850 5134 946 5201 μιᾷ
975 5133 1084 5201 γὰρ
1130 5134 1361 5200 δυνάμει
1419 5132 1681 5200 δημιουρ-

119 5224 280 5291 graia:
309 5223 401 5275 καὶ
430 5221 504 5283 ὡς
688 5222 973 5287 πρόσεστιν
1012 5221 1224 5288 ἑκάστῳ
1264 5220 1464 5271 τούτων
1494 5218 1553 5270 rt
1587 5220 1680 5286 δη-

122 5309 593 5380 μιουργεῖν,ὦστε
624 5312 746 5361 ἐπεὶ
771 5305 849 5370 εἷς
874 5312 1004 5371 Θεὸς
1034 5314 1141 5362 είσι
1172 5310 1268 5362 καὶ
1296 5310 1393 5361 ἕνα
1422 5310 1682 5379 δημιουρ-

119 5407 213 5471 γὸν
243 5400 472 5462 τούτους
490 5396 628 5451 εἶναι
654 5400 888 5467 ἀνάγκη.
911 5402 970 5451 Et
994 5398 1049 5449 δὲ
1068 5400 1271 5467 θαῦμα,
1290 5400 1383 5461 τὰς
1410 5400 1499 5453 δύο
1550 5402 1680 5453 ὑπο-

187 5582 272 5655 (ι)
306 5578 452 5635 non.
494 5580 535 5635 t‘.
580 5579 669 5636 tot
710 5595 763 5648 a,
798 5578 894 5633 οὐκ
931 5578 1061 5631 ἔστι.

1787 5131 2117 5184 creationem
2152 5145 2496 5184 communem
2536 5147 2657 5185 esse
2704 5132 2820 5185 illis
2860 5133 3034 5185 tribus
3060 5172 3075 5193 ,
3111 5138 3174 5186 de
3216 5150 3335 5185 mo-

1790 5221 2017 5275 narchia
2065 5222 2366 5276 timendum
2407 5224 2564 5275 nihil.
2593 5223 2707 5276 Una
2738 5226 2885 5277 enim
2922 5227 3117 5276 virtute
3150 5234 3337 5276 creant

1789 5323 1936 5367 etut
1971 5316 2084 5367 Deo
2134 5316 2433 5384 unicuique
2487 5316 2683 5369 horum
2752 5317 2892 5368 inest
2952 5316 3033 5367 vis
3088 5316 3336 5377 creandi,

1793 5404 1933 5458 unde
1961 5405 2217 5473 quoniam
2250 5422 2391 5460 unus
2427 5406 2567 5459 Deus
2600 5415 2727 5458 sunt
2752 5413 2807 5459 ct
2836 5420 2998 5457 unum
3037 5416 3337 5459 creatorem
