4140 6328
824 336 891 398 47
2026 348 2347 412 GEORGll

2436 354 2799 417 CHOLARII
3926 366 3979 430 48

827 453 930 512 hos
957 465 1076 507 esse
1108 470 1332 513 necesse
1360 468 1461 517 est.
1505 460 1559 517 Si
1615 480 1743 520 vero
1799 466 2024 531 mirum,
2058 471 2193 526 duas
2247 468 2357 521 illa:

2436 492 2449 523 ι
2477 468 2693 531 στάσεις
2713 470 2842 537 μίαν
2863 465 3002 523 εἶναι
3026 469 3199 540 ἀρχὴν
3218 472 3309 525 καὶ
3332 472 3412 543 μὴ
3435 472 3855 543 συναλείφεσθαι,
3886 482 3975 541 μεί-

828 544 1148 614 bypoStases
1189 564 1355 603 unum
1388 568 1505 609 esse
1553 557 1878 626 principium
1905 569 1980 622 ,ει
2022 569 2205 613 tamen
2261 576 2370 614 non

828 634 1129 699 confundi,
1180 640 1352 706 magis
1399 643 1597 696 mirum
1650 655 1835 712 esset,
1883 656 1993 701 tres
2053 649 2372 718 hyposmses

835 736 1003 775 unum
1037 727 1369 796 principium
1394 747 1512 785 esse
1547 749 1722 801 neque
1749 747 1925 790 tamen
1952 737 2220 791 confundi
2252 754 2373 793 eas-

824 814 962 868 dem.
1001 813 1105 869 Sed
1148 817 1254 873 hoc
1306 820 1570 875 mirantur
1611 825 1830 892 quidem
1884 841 2074 882 omnes
2104 838 2373 898 quotquot

821 914 876 956 et
913 906 1044 960 illud
1071 909 1306 965 credunt
1330 953 1345 975 ,
1380 914 1553 968 nihilo
1601 925 1779 970 tamen
1830 918 2009 971 minus
2034 922 2285 986 credunt,
2317 932 2373 975 et

822 995 1025 1051 idcirco
1069 999 1343 1064 credunt,
1406 1004 1535 1071 quia
1591 1006 1879 1060 mirantur.
1937 1007 2166 1077 Oportet
2218 1012 2368 1065 enim

822 1087 1005 1166 divina
1056 1094 1496 1160 supernaturalia
1551 1111 1673 1152 esse
1720 1108 1774 1152 et
1803 1113 1969 1167 super
2008 1111 2243 1155 mentem
2273 1117 2370 1156 no-

822 1184 990 1240 stram
1022 1180 1234 1236 elevata
1281 1198 1456 1253 eaque
1492 1188 1801 1253 superiora.
1842 1186 1933 1244 Sic
1961 1198 2017 1243 et
2054 1205 2143 1245 res
2177 1184 2237 1245 se
2277 1191 2370 1245 ha-

821 1263 914 1323 bet
946 1269 1000 1324 in
1031 1276 1309 1341 proposita
1340 1277 1590 1331 materia.
1623 1278 1819 1331 Mirum
1847 1280 1995 1333 enim
2023 1288 2107 1336 est
2139 1291 2194 1334 et
2220 1296 2369 1336 sum-

823 1374 964 1413 mam
996 1361 1417 1418 admirationem
1448 1367 1670 1432 excitat,
1700 1370 1844 1436 quod
1884 1370 2002 1424 duae
2046 1371 2367 1441 hypostases

819 1450 1064 1517 perfecte
1108 1453 1223 1507 suis
1260 1454 1533 1511 distinctas
1570 1460 1997 1525 proprietatibus
2025 1477 2195 1515 unum
2234 1471 2364 1517 sunt

820 1541 999 1595 tertiae
1028 1556 1278 1609 persona:
1306 1547 1638 1616 principium
1667 1559 1724 1602 et
1771 1565 1938 1603 unum
1980 1567 2231 1616 numero,
2266 1568 2366 1609 nec

817 1637 997 1684 tamen
1024 1631 1090 1684 ad
1133 1630 1369 1688 invicem
1411 1636 1820 1693 confunduntur
1849 1655 1949 1694 nec
1979 1650 2187 1695 natura:
2230 1656 2363 1711 qua-

818 1718 939 1772 dam
976 1719 1290 1777 diﬂerentia
1323 1740 1353 1778 a
1386 1741 1620 1791 persona
1647 1768 1661 1789 .
1710 1745 1831 1798 qua:
1875 1747 1941 1785 ex
1988 1733 2119 1801 ipsis
2162 1737 2362 1802 prodit,

820 1805 1249 1876 distinguuntur.
1276 1811 1448 1867 Debet
1481 1825 1660 1869 tamen
1690 1828 1746 1872 et
1778 1820 1880 1873 hoc
1931 1834 2056 1874 cum
2084 1822 2208 1877 aliis
2235 1823 2361 1879 fidei

818 1898 1101 1969 principiis
1133 1903 1468 1957 concordare
1503 1914 1557 1957 et
1587 1907 1873 1961 veritatem
1906 1909 2066 1963 simul
2111 1924 2232 1965 cum
2262 1913 2364 1966 ad-

758 2046 759 2049 η
817 1988 1103 2043 miratione
1135 1998 1192 2043 et
1218 1992 1344 2046 huic
1374 2008 1496 2045 cum
1548 1995 1654 2048 illis
1686 1997 1915 2064 adesse;
1966 2014 2144 2068 neque
2177 2016 2356 2070 repre-

816 2077 1086 2134 hendendi
1114 2090 1247 2136 sunt
1274 2082 1476 2145 Latlni,
1522 2085 1567 2137 si
1608 2086 1895 2142 doctorum
1932 2091 2094 2143 verba
2123 2107 2360 2161 sequen-

818 2178 902 2227 tes
942 2172 1203 2242 Spiritum
1253 2190 1320 2230 ex
1371 2175 1512 2231 Filio
1544 2192 1667 2233 esse
1695 2181 1749 2233 et
1780 2196 1950 2237 unum
1985 2182 2105 2252 ejus
2154 2184 2362 2252 princi-

753 2292 756 2293 ν
818 2264 967 2332 pium
996 2264 1213 2320 Patrem
1243 2277 1299 2322 et
1346 2266 1545 2322 Filium
1573 2272 1839 2326 exsistere
1870 2275 2124 2337 credunt,
2161 2274 2363 2329 deinde

816 2355 1326 2412 ratiocinationibus
1351 2360 1675 2429 quibusdam
1702 2363 1903 2417 mentis
1925 2364 2356 2420 imbecillitatem

815 2446 1215 2513 quodammodo
1243 2434 1459 2519 erigunt
1485 2466 1549 2505 ac
1578 2454 1847 2519 solantur,
1876 2464 2136 2524 tanquam
2170 2458 2225 2510 in
2259 2458 2360 2511 de-

818 2536 965 2595 fectu
1012 2548 1279 2593 accurata:
1313 2540 1634 2608 solutionis,
1666 2560 1829 2612 quam
1881 2546 1935 2600 in
1967 2546 2101 2621 hac.
2130 2549 2361 2602 materia

819 2627 1060 2681 nancisci
1092 2642 1201 2681 non
1244 2636 1330 2681 est
1367 2631 1578 2693 datum,
1632 2633 1846 2687 ratione
1876 2644 2176 2701 apparente
2208 2644 2365 2687 uten-

819 2727 905 2770 tes
930 2726 987 2770 et
1030 2717 1085 2771 in
1116 2716 1202 2772 bis
1244 2720 1464 2775 eosdem
1508 2721 1658 2790 ipsos
1695 2724 1860 2777 duces
1900 2729 1957 2776 et
1982 2723 2364 2791 antesignanos

820 2815 1186 2872 assumentes.
1212 2824 1243 2863 ε
1268 2811 1472 2877 quibus
1497 2818 1552 2864 et
1586 2812 1728 2864 hanc
1777 2814 2103 2865 sententiam
2135 2827 2364 2882 accepe-

816 2903 981 2959 runt;
1006 2896 1112 2950 hoc
1144 2898 1292 2951 enim
1321 2900 1463 2967 apud
1499 2915 1684 2969 equos
1714 2902 1931 2973 iudices
1962 2904 2165 2956 nullam
2210 2919 2363 2973 pror-

2477 556 2566 617 ξον
2588 557 2653 609 ἂν
2681 558 2767 627 εἴη
2794 558 3102 628 θαῦμα,⁹δτι
3123 563 3181 614 αί
3205 563 3355 631 τρεῖς
3385 563 3709 626 ὑποστάσεις
3752 567 3840 629 μία
3870 570 3979 621 είσὶν

2474 646 2617 714 ἁρχὴ
2640 646 2731 697 καὶ
2758 647 2817 697 ού
2844 646 3268 714 συναλείφονται.
3309 648 3468 703 una
3493 652 3648 705 τοῦτο
3677 651 3979 720 θαυμάζουσι

2474 734 2578 801 μὲν
2599 736 2817 797 πάντες,
2842 736 2955 787 ὅσοι
2980 735 3150 805 δήπου
3184 739 3277 791 καὶ
3303 741 3671 803 πιστεύουσιν,
3705 743 3822 796 οὐδὲ
3853 739 3981 815 ἧττον

2476 823 2654 889 μέντοι
2683 823 3019 888 πιστεύουσι,
3053 828 3142 878 καὶ
3202 826 3290 880 διὰ
3331 827 3490 881 τοῦτο
3536 830 3878 884 πιστεύουσιν
3918 835 3979 885 ὅτι

2472 910 2832 978 θαυμάζουσι.
2882 916 2974 966 Δεῖ
3020 917 3126 985 γὰρ
3175 917 3243 969 τὰ
3276 916 3394 969 θεῖα
3443 918 3538 969 καὶ
3574 918 3828 987 ὑπερφυᾶ
3873 915 3981 974 εἶναι

2472 1002 2563 1053 καὶ
2598 1000 2689 1053 νοῦ
2721 1004 2951 1070 κρείττω
2981 1006 3071 1057 καὶ
3105 1004 3430 1076 ὑψηλότερα.
3462 1006 3618 1060 Οὕτω
3647 1008 3693 1060 δ’
3723 1010 3837 1077 ἔχει
3875 1012 3981 1063 κάπὶ

2467 1091 2563 1142 τοῦ
2596 1093 2980 1160 προκειμένου.
3005 1094 3329 1163 Θαυμαστὸν
3361 1097 3459 1164 μὲν
3490 1097 3597 1165 γὰρ
3620 1098 3712 1148 καὶ
3740 1100 3983 1166 θαύματος

2471 1180 2654 1246 πλέον,
2684 1181 2777 1234 δύο
2818 1183 3141 1246 ὑποστάσεις
3186 1184 3403 1248 τελείως
3432 1185 3853 1254 διακεκριμένας
3886 1188 3981 1247 ταῖς

2471 1271 2696 1341 ἰδιότησι
2724 1273 2855 1342 μίαν
2897 1274 3068 1342 ἀρχὴν
3104 1270 3243 1326 εἶναι
3295 1276 3392 1344 τῆς
3442 1275 3635 1345 λοιπῆς
3665 1275 3982 1337 ὑποστάσεως

2467 1360 2559 1410 καὶ
2590 1358 2807 1428 ἀριθμῷ
2837 1360 2984 1426 μίαν,
3017 1362 3108 1414 καὶ
3140 1358 3217 1430 μὴ
3249 1360 3596 1430 συνειλῆφθαι
3630 1362 3768 1430 πρὸς
3796 1360 3981 1421 ἑαυτὰς.

2465 1446 2499 1517 ἢ
2539 1450 2614 1517 μὴ
2656 1434 2867 1515 φύσεώς
2902 1466 3008 1501 τινι
3037 1450 3270 1520 διαφορᾷ
3297 1452 3431 1518 πρὸς
3464 1451 3561 1520 τὴν
3604 1452 3664 1514 ἐξ
3689 1451 3861 1503 αὐτῶν
3881 1467 3978 1518 προ

2468 1540 2652 1592 ιούσαν
2711 1542 2999 1593 ύπύστασιν
3029 1540 3441 1608 διακρίνεσθαι·
3496 1544 3580 1594 δεῖ
3627 1541 3807 1611 μέντοι
3856 1540 3983 1593 τοῦτα·

2465 1637 2583 1695 ταῖς
2610 1634 2792 1697 ἄλλαις
2839 1636 3026 1702 ἀρχαῖς
3053 1634 3150 1700 τῆς
3180 1635 3416 1696 πίστεως
3456 1636 3767 1703 συμφωνεῖν
3798 1635 3884 1686 καὶ
3905 1633 3985 1699 τὴν

2466 1727 2724 1794 ἀλήθειαν
2759 1725 2878 1793 ἅμα
2905 1726 2983 1793 τῷ
3019 1725 3302 1796 παραδόξῳ
3357 1725 3473 1794 μετ’
3502 1726 3724 1778 ἐκείνων
3753 1721 3884 1777 εἷναι
3911 1725 3984 1775 καὶ

2466 1816 2659 1885 ταύτῃο
2694 1816 2812 1868 οὑδὲ
2848 1814 2928 1867 δεῖ
2951 1815 3140 1882 ψέγειν
3167 1802 3451 1879 Λατίνους,
3500 1816 3548 1868 εί
3596 1818 3707 1875 τοῖς
3736 1815 3836 1866 τῶν
3866 1815 3976 1866 διόα·

2470 1907 2683 1960 σκάλων
2702 1906 2882 1972 λόγοις
2909 1906 3169 1975 ἑπόμενοι
3190 1907 3253 1956 τὸ
3279 1903 3500 1973 Πνεῦμα
3525 1907 3589 1957 ἐκ
3609 1905 3700 1958 τού
3726 1905 3851 1958 Υίού
3871 1902 3991 1956 εἶναι

2466 1996 2563 2051 καὶ
2590 1996 2715 2064 μίαν
2738 1996 2913 2065 ἀρχὴν
2933 1994 3095 2047 αὑτοῦ
3120 1994 3212 2046 τὸν
3236 1996 3451 2064 Πατέρα
3482 1994 3575 2049 καὶ
3602 1995 3695 2048 τὸν
3725 1996 3844 2047 Υξὸν
3870 1992 3989 2047 εἶναι

2467 2085 2833 2146 πιστεύουσιν,
2869 2080 2987 2137 εἶτα
3030 2082 3308 2152 λογισμοῖς
3354 2100 3464 2136 τισι
3495 2084 3595 2154 τὴν
3635 2086 3874 2154 ἀπορίαν·
3904 2100 3991 2134 πι-

2469 2175 2833 2246 ραμυθοῦνται
2865 2175 2959 2228 τοῦ
2987 2176 3099 2239 νοῦ,
3128 2173 3378 2242 καθάπερ
3407 2174 3465 2224 ἐν
3496 2174 3701 2244 ἀπορίᾳ
3728 2174 3821 2239 τῆς
3855 2174 3989 2240 ἀκρι-

2464 2268 2639 2334 ϐείας,
2672 2265 2737 2339 ἧς
2770 2268 2869 2321 οὐκ
2889 2266 3111 2339 Ῑξεστιν
3157 2262 3382 2319 ἐνταῦθα
3433 2266 3635 2334 τυχεῖν,
3684 2264 3759 2332 τῷ
3788 2266 3989 2330 φανέντι

2465 2268 2639 2334 σείας,
2672 2266 2737 2339 ἧς
2770 2268 2869 2321 οὐκ
2966 2282 3111 2319 εστιν
3157 2266 3382 2319 ἐνταῦθα
3433 2266 3635 2334 τυχεῖν,
3684 2266 3759 2332 τῷ
3788 2266 3987 2330 φανέντι

2465 2361 2608 2429 λόγῳ
2636 2266 2987 2455 xp'qadI/Em,
3020 2359 3113 2410 καὶ
3144 2357 3317 2409 ταῦτα
3345 2357 3453 2409 τῶν
3482 2355 3758 2424 λογισμῶν
3800 2356 3987 2424 ἠγεμό·

2465 2468 2559 2510 νας
2586 2441 3052 2511 αὐτούς’τούτονς,
3088 2447 3219 2517 παρ’
3251 2441 3325 2501 ὧν
3354 2446 3451 2499 καὶ
3483 2446 3582 2513 τὴν
3610 2446 3769 2510 δόξαν
3797 2445 3988 2511 ταύτην

2465 2540 2645 2609 ἔσχον,
2666 2538 3053 2605 λαμϐάνοντες’
3076 2538 3233 2591 τοῦτο
3257 2539 3363 2605 γὰρ
3388 2538 3643 2606 ορδεμίαν
3674 2535 3737 2588 ἂν
3767 2537 3891 2606 παρ’
3910 2537 3988 2588 εὖ·

2468 2631 2710 2698 γνώμοσι
2739 2629 3010 2688 δικασταῖς
3044 2628 3250 2695 μέμψιν
3275 2630 3501 2697 δέχοιτο·
3535 2629 3651 2681 ἀλλ’
3697 2631 3743 2681 εί
3766 2629 3990 2696 φιλονει-

2467 2720 2591 2781 κίας
2619 2717 2806 2769 εἵνεκα
2828 2716 2926 2782 τῆς
2947 2716 3081 2785 πρδς
3109 2719 3277 2785 ἡμᾶς,
3298 2719 3456 2783 δόξαν
3484 2719 3775 2787 κρατύνειν
3796 2717 3991 2769 ἐθέλον-

2467 2825 2557 2870 τες
2584 2809 2742 2877 ξένην
2796 2807 2965 2873 πάντη
3009 2807 3103 2858 καὶ
3144 2806 3275 2876 παρ’
3320 2808 3497 2860 αὐτῶν
3528 2808 3754 2877 πρώτων
3780 2807 3873 2859 ut
3904 2805 3989 2871 μό-

2471 2916 2576 2952 νων
2598 2895 2983 2964 ἐξευρημένην,
3004 2896 3083 2957 είς
3104 2893 3322 2956 τούτους
3346 2894 3411 2961 δὴ
3430 2894 3554 2956 τοὺς
3579 2892 3865 2960 λογισμοὺς
3890 2888 3985 2941 ὑπὸ

818 2994 914 3036 sus
952 2983 1435 3051 reprehensionem
1464 2988 1738 3054 incurret;
1781 2990 1874 3045 sed
1912 2990 1956 3044 si
1989 2992 2356 3048 contentionis

2462 2988 2654 3056 σοφίας
2679 2984 3015 3054 ἀνθρωπίνης
3039 2983 3412 3055 προήχθησαν,
3448 2986 3509 3036 τδ
3532 2984 3726 3053 ψεῦδος
3755 2983 3849 3051 τῆς
3875 2982 3990 3069 διαο

816 3074 989 3141 gratia
1024 3086 1212 3130 contra
1247 3092 1346 3131 nos
1395 3092 1550 3131 suam
1603 3079 1931 3133 sententiam
1979 3078 2358 3134 confirmaturi

816 3167 1164 3234 peregrinam
1220 3183 1445 3237 prorsus
1490 3179 1655 3239 atque
1711 3170 1779 3225 ab
1837 3171 1971 3239 ipsis
2003 3180 2057 3224 et
2082 3172 2275 3239 primis
2305 3182 2360 3226 et

816 3259 950 3311 solis
974 3259 1320 3318 adinventam
1357 3259 1410 3313 in
1436 3262 1533 3314 has
1558 3263 2004 3316 ratiocinationes
2032 3263 2099 3316 ab
2122 3264 2358 3317 humana

818 3346 1088 3416 sapilntia
1140 3350 1350 3419 abrepti
1402 3351 1632 3406 fuissent
1685 3361 1742 3404 et
1796 3354 2138 3406 mendacium
2176 3354 2359 3407 cordis

815 3446 977 3507 atque
1005 3440 1249 3494 fraudem
1282 3444 1546 3509 speciosis
1592 3438 1911 3498 rationibus.
1931 3444 2190 3499 obvelnre
2218 3444 2359 3499 nite-

816 3522 1029 3594 rentur,
1057 3530 1160 3585 hoc
1205 3547 1339 3586 sane
1372 3534 1728 3587 vehementer
1759 3534 1813 3586 in
1863 3533 1944 3588 eis
1991 3532 2357 3607 accusandum

815 3617 981 3686 foret,
1015 3636 1193 3690 neque
1236 3622 1368 3691 ipsis
1425 3624 1550 3679 talia
1581 3626 1969 3680 innovantibus
2024 3626 2182 3679 venia
2247 3626 2357 3679 ullo

813 3705 977 3759 modo
1005 3708 1372 3763 concedenda.
1404 3711 1473 3765 At
1506 3714 1737 3766 multum
1784 3712 1954 3778 deest,
2003 3723 2064 3769 ut
2106 3714 2228 3783 quis
2260 3714 2363 3767 l.a-’

814 3796 945 3851 linis
968 3812 1094 3852 vere
1130 3800 1233 3856 tale
1262 3803 1468 3856 crimen
1499 3803 1741 3871 obiicere
1770 3813 1957 3871 queat.
1989 3804 2179 3873 Neque
2210 3805 2356 3858 enim

810 3889 907 3940 uni
946 3887 1183 3954 doctori,
1215 3905 1391 3960 neque
1421 3894 1901 3968 cujusque_dictis
1952 3896 2144 3964 paucis
2192 3905 2357 3963 atque

811 3978 1087 4046 obscuris,
1124 3996 1311 4036 verum
1355 3982 1612 4036 omnibus
1660 3983 1822 4037 simul
1868 3984 1983 4038 suis
2038 3983 2358 4061 doctqribus

813 4082 871 4126 et
907 4084 1219 4128 nostrorum
1276 4075 1577 4139 nonnuliis,
1614 4074 1786 4144 iisque
1821 4074 2073 4144 pluribus
2116 4076 2169 4127 in
2221 4074 2359 4127 locis

812 4172 865 4215 et
898 4164 1049 4216 velut
1073 4179 1140 4217 ex
1178 4166 1429 4232 professo
1451 4166 1518 4219 de
1545 4166 1647 4219 bac
1678 4182 1735 4218 re
1765 4164 2167 4219 disserentibus
2196 4164 2355 4217 ﬁdem

2460 3079 2603 3139 νοίας
2638 3077 2728 3130 καὶ
2757 3076 2854 3145 τὴν
2887 3074 3100 3143 ἀπάτην
3122 3074 3319 3139 ,λόγοις
3362 3073 3675 3143 εὐπρεπέσι
3723 3068 3985 3139 συγκαλύ-

2460 3185 2617 3221 πτειν
2645 3165 2997 3234 πειρώμενοι,
3018 3164 3158 3216 τοῦτ⁹
3181 3165 3245 3217 ἂν
3276 3164 3380 3217 εδει
3402 3163 3609 3216 τούτων
3639 3164 3834 3231 σφόδρα
3860 3176 3989 3214 κατ·

2460 3255 2680 3325 ηγορεῖν
2706 3252 2838 3321 μηδὲ
2856 3251 3137 3319 βούλεσθαι
3163 3252 3462 3319 συγχωρεῖν
3487 3252 3669 3312 αὺτοῖς
3691 3252 3756 3302 τίι
3771 3248 3991 3304 τοιαῦτα

2460 3342 2858 3411 καινοτομοῦσιο
2889 3341 3085 3392 πολλοῦ
3131 3340 3187 3392 δὲ
3228 3340 3306 3391 δεῖ
3354 3355 3438 3399 τις
3493 3339 3706 3406 ἀληθῶς
3753 3338 3992 3395 Λατίνοις

2436 3433 2713 3501 ’τοιαύτην
2750 3430 2958 3499 μέμψιν
3003 3430 3249 3495 ἐπάγειν.
3281 3428 3413 3481 Οὐδὲ
3443 3429 3551 3497 γὰρ
3589 3431 3670 3480 ἐνὶ
3700 3427 3941 3480 διδασκὰ.)
3955 3444 3995 3492 ῳ

2457 3524 2564 3576 οὐδ’
2606 3523 2834 3575 ἑκάστου
2886 3522 3103 3589 ῥήσεσιν
3146 3519 3353 3585 ὀλίγαις
3392 3519 3483 3570 καὶ
3528 3518 3815 3585 ἁσαφέσιν,
3862 3516 3993 3568 ἀλλὰ

2458 3616 2624 3667 πᾶσιν
2658 3612 2789 3680 ὁμοῦ
2816 3613 2927 3673 τοῖς
2966 3609 3111 3674 ἰδίοις
3159 3611 3251 3661 καὶ
3284 3608 3393 3662 τῶν
3419 3609 3706 3677 ἡμετέρων
3733 3608 3839 3658 τισὶ
3874 3604 3995 3657 πολ-

2456 3705 2618 3775 λαχοῦ
2649 3705 2741 3756 καὶ
2767 3703 2953 3772 ὥσπερ
2974 3701 3223 3769 ἐπίτηδες
3256 3700 3384 3768 περὶ
3414 3698 3604 3751 τούτου
3636 3696 3889 3761 διεξιοῦσι
3914 3711 3996 3745 πιο

2412 3802 2413 3805 “
2458 3796 2778 3855 στεύσαντες
2813 3794 2981 3855 οὓτως
3024 3793 3114 3845 ἰπὶ
3146 3792 3244 3860 τὴν
3277 3791 3505 3859 δυνατὴν
3538 3790 3630 3841 τοῦ
3668 3790 3776 3851 τοῖς
3820 3787 3995 3853 ἁγίοις

2456 3887 2735 3947 δοκοῦντος
2764 3882 2924 3954 ἦλθον
2955 3883 3276 3952 συνηγορίαν
3304 3883 3396 3934 καὶ
3428 3880 3630 3954 ταύτην
3657 3881 3756 3932 οὐκ
3786 3878 3995 3951 ἀποδει-

2459 3976 2645 4029 κνύναι
2677 3946 2735 4027 τδ
2775 3946 2992 4042 ξήτημα
3016 4011 3031 4034 ,
3228 3973 3326 4042 τὴν
3358 3946 3596 4037 ἀπορίαν,
3626 3973 3774 4039 σφῗσι
3807 3946 3883 4022 τε,
3906 3968 3996 4020 αύ-

2458 4066 2571 4123 τοῖς
2604 4065 2696 4115 καὶ
2728 4065 2836 4122 τοῖς
2873 4060 3372 4127 σκανδαλιζομένοις
3406 4062 3513 4111 τῶν
3547 4061 3789 4127 ἀδελφῶν
3822 4073 3997 4127 παρα-

2462 4152 2742 4221 μυθεῖσθαι
2771 4152 2862 4201 καὶ
2890 4150 3037 4200 λύειν
3067 4148 3327 4215 ἀμηγέπη
3364 4150 3717 4216 πειρώμενοι,
3748 4147 3999 4214 καθάπερ

812 4249 1095 4316 habentes,
1122 4253 1200 4305 sic
1218 4235 1285 4307 ad
1307 4255 1724 4318 defendendam,
1749 4257 1928 4325 quoad
1954 4256 2076 4323 ejus
2098 4254 2214 4308 ﬁeri
2234 4267 2357 4323 pos-

2460 4243 2550 4292 ἐπὶ
2584 4240 2690 4292 τῶν
2720 4239 2893 4292 ἄλλων
2923 4237 3248 4305 ζητημάτων
3275 4235 3371 4303 τῆς
3402 4237 3634 4299 πίστεως
3653 4276 3669 4298 ,
3700 4238 3904 4289 εἴποιεν
3936 4234 3997 4284 ἂν

815 4350 917 4405 set,
957 4351 1269 4397 sanctorum
1324 4346 1639 4413 opinionem
1680 4357 2085 4414 pervenerunt,
2140 4354 2195 4397 et
2245 4358 2355 4397 non

2458 4333 2551 4383 καὶ
2580 4330 2718 4381 πάνυ
2750 4328 3086 4390 σπουδάζειν,
3113 4326 3167 4377 ετ
3188 4342 3269 4387 τις
3297 4325 3474 4377 αὐτῶν
3500 4325 3769 4393 ἑγκαίρως
3797 4323 4000 4377 πυνθά-

817 4430 1199 4486 demonstrare
1237 4436 1571 4501 argumentis
1595 4449 1713 4487 eam
1750 4435 2080 4509 quaerebant,
2118 4432 2213 4485 sed
2246 4429 2355 4485 dif-

744 4510 747 4515 ’
820 4518 1114 4575 ficultatem
1154 4530 1267 4575 tum
1296 4522 1651 4591 sibimetipsis
1682 4531 1792 4575 tum
1835 4521 1942 4575 illis
1972 4536 2037 4573 ex
2073 4519 2352 4582 fratribus,

2455 4435 2616 4471 νσιτο.
2659 4418 2767 4468 Καὶ
2808 4415 2980 4467 ταῦτα
3028 4415 3125 4483 μὲν
3169 4415 3367 4468 εἴποιεν
3404 4415 3470 4466 ἂν
3510 4413 3559 4464 οί
3596 4416 3708 4474 τοῖς
3751 4413 3998 4471 Λατίνοις

2456 4507 2775 4577 συνηγορεῖν
2808 4506 3080 4565 ἐθέλοντες
3114 4503 3253 4572 ὑπὶρ
3286 4504 3383 4572 τῆς
3422 4501 3755 4571 μοναρχίας,
3795 4500 3997 4568 μᾶλλον

816 4611 911 4679 qui
959 4612 1271 4665 scandalum
1316 4612 1684 4681 patiebantur,
1734 4611 1978 4665 emollire
2028 4625 2090 4663 ac
2140 4609 2354 4661 solvere

2452 4600 2509 4650 δὲ
2549 4598 2688 4668 ὑπὲρ
2730 4597 2935 4649 ἑαυτῶν
2977 4596 3067 4647 καὶ
3108 4595 3312 4662 σφόδρα
3351 4594 3631 4661 δεήσονται
3672 4592 3765 4645 τοῦ
3808 4593 4001 4659 ἀνδρὸς

811 4700 1215 4769 quodammodo
1244 4702 1659 4767 annitebantur,
1712 4702 1856 4755 sicut
1893 4708 1947 4754 et
1976 4700 2029 4752 in
2076 4698 2195 4752 aliis
2229 4696 2350 4750 fidei

813 4792 1205 4860 quastionibus
1238 4794 1289 4847 id
1322 4808 1669 4861 summopere
1694 4791 1797 4846 sibi
1826 4806 1968 4844 curae
1990 4803 2110 4843 esse
2132 4801 2357 4854 restion-

814 4885 1024 4947 derent,
1069 4887 1114 4939 si
1154 4886 1280 4953 quis
1306 4902 1370 4939 ex
1404 4885 1485 4938 eis
1524 4894 1829 4953 opportune
1860 4889 2145 4952 quaereret.
2178 4877 2353 4944 Atque

815 4978 927 5029 haec
956 4978 1171 5043 quidem
1208 4977 1446 5031 dixerint
1472 4979 1565 5045 qui
1594 4976 1813 5029 Latinos
1838 4973 2124 5027 defendere
2163 4969 2353 5020 volunt

814 5080 911 5131 pro
940 5066 1275 5126 monarchia,
1326 5067 1432 5117 imo
1466 5081 1562 5132 pro
1610 5081 1669 5119 se
1721 5064 1873 5132 ipsis,
1911 5073 1966 5115 et
2001 5062 2354 5113 vehementer

2456 4690 2532 4758 μὴ
2555 4689 2781 4742 δεδιέναι
2807 4687 2935 4755 περὶ
2958 4684 3159 4749 αὑτῶν,
3190 4688 3395 4754 μήποτε
3422 4685 3655 4754 πάροδον
3680 4687 3745 4753 τῇ
3772 4682 4005 4751 δυαρχίᾳ.

2461 4780 2647 4843 δῶσιν,
2690 4780 2764 4839 ὡς
2802 4778 2959 4837 αὐτὸς
2996 4776 3161 4843 λέγει,
3200 4774 3266 4828 δι’
3294 4770 3369 4828 ὧν
3404 4776 3743 4828 ὑποτίθενται
3782 4775 3878 4828 καὶ
3918 4790 4003 4824 πι-

2462 4868 2779 4923 ate-Luoctv"
2812 4867 2907 4937 τὴν
2936 4870 2992 4921 δὲ
3021 4854 3112 4920 τού
3143 4868 3567 4937 ἐπιχειρήματος
3588 4864 3839 4934 ἀνάγκην
3872 4865 4034 4941 πολο,

2460 4961 2551 5013 λσῦ
2596 4962 2803 5012 δέουσιν
2848 4960 2997 5012 αὐτοὶ
3047 4959 3294 5023 δεδιέναι,
3345 4960 3554 5025 μήποτε
3606 4958 3801 5026 ἰσχυρά
3842 4972 3929 5017 τις
3972 4956 4001 5022 ἢ

2458 5052 2647 5111 llum;
2738 5066 2751 5078 ·
2782 5047 2920 5099 οὓτω
2952 5048 3147 5117 ῥᾳδίως
3178 5049 3357 5115 ἔχουσι
3386 5048 3556 5099 λύειν.

811 5174 840 5211 e
868 5157 983 5208 viro
1012 5155 1117 5209 hoc
1151 5165 1396 5222 poscent,
1424 5164 1481 5208 ut
1520 5156 1767 5209 timorem
1799 5169 1899 5221 pro
1939 5152 2072 5219 ipsis
2144 5132 2381 5217 obiiciat,
2420 5157 2488 5195 ne
2563 5140 2713 5241 fol-ite.
2759 5139 3026 5241 dyarcbiaf
3080 5140 3367 5241 ιῐεηείῑυςη
3421 5138 3776 5241 Ρθτωίῑιὲοῑς
3814 5152 4005 5241 (ιιιεωξ

808 5248 1097 5301 admodum
1129 5246 1243 5315 ipse
1276 5247 1373 5309 ait,
1402 5262 1498 5313 per
1527 5260 1589 5298 ea
1618 5260 1737 5312 qua:
1790 5250 2040 5296 statuunt
2109 5248 2272 5305 atque
2333 5233 2584 5288 credunt.
2623 5229 3049 5297 Epichereinatis
3112 5244 3241 5281 vero
3287 5230 3395 5281 vim
3454 5238 3665 5284 tantum
3721 5230 3903 5294 abest,
3950 5238 4005 5282 ut

810 5339 911 5406 ipsi
949 5340 1331 5400 extimescant,
1366 5347 1427 5390 ut
1477 5338 1687 5390 ﬁrmam
1727 5336 1810 5389 vel
1847 5330 2220 5389 insolubilem,
2275 5336 2334 5377 ut
2393 5324 2497 5376 hoc
2537 5331 2693 5388 pacto
2723 5320 2877 5371 facile
2917 5334 3033 5371 eam
3072 5320 3280 5371 solvere
3316 5320 3544 5387 possint.

879 5429 1068 5482 Dicent
1099 5430 1278 5496 itaque
1326 5430 1377 5481 in
1426 5430 1635 5494 primis,
1683 5428 1847 5481 multa
1880 5441 2024 5485 esse,
2072 5440 2191 5491 quae
2232 5423 2347 5489 ejus

808 5522 1158 5589 principalem
1185 5524 1609 5591 propositionem
1635 5523 1889 5574 damnent
1932 5520 2185 5587 Logicam
2208 5517 2351 5567 enim

798 5611 915 5663 vim
940 5614 1425 5681 necessitatemque
1452 5616 1615 5667 sumit
1645 5628 1707 5665 ex
1732 5611 1987 5680 loquendi
2015 5610 2193 5671 modo,
2220 5609 2346 5661 dum

810 5715 927 5757 une
958 5701 1153 5756 divina
1196 5714 1401 5758 natura:
1444 5708 1627 5760 insunt
1662 5705 1866 5767 duplici
1923 5703 2083 5756 modo
2124 5702 2227 5754 diCl
2260 5715 2346 5753 as-

2537 5411 2750 5477 Ἐροῦσι
2784 5410 2955 5462 τοίνυν
2985 5409 3194 5475 πρῶτον
3230 5411 3328 5475 μιν
3364 5413 3536 5463 πολλὰ
3570 5413 4008 5477 καταγινώσκειν

2460 5500 2622 5553 αὑτοῦ
2653 5502 2746 5565 τῆς
2782 5501 3113 5563 προτάσεως.
3154 5500 3434 5567 Λαμὸἁνει
3466 5520 3521 5553 τε
3566 5505 3675 5570 γὰρ
3706 5504 3800 5573 την
3833 5507 4009 5566 ἀνάγ-

2456 5608 2558 5659 κην
2593 5592 2699 5643 ἀπὸ
2728 5590 3006 5655 τοῦλόγου
3056 5592 3142 5643 τοῦ
3190 5594 3460 5654 λεκτικοῦ,
3517 5596 3583 5646 τὰ
3634 5597 3906 5664 προσόντα
3943 5598 4004 5661 τῇ

2457 5683 2572 5751 θείᾳ
2600 5680 2757 5748 φύσει
2805 5682 2975 5747 λέγων
3024 5682 3181 5755 διττῷ
3212 5683 3394 5752 τρόπῳ
3428 5684 3705 5745 λίγεοθαι·
3736 5681 3929 5737 τοῦτον
3953 5685 4005 5735 δὲ
