4140 6328
162 356 237 421 49

1187 355 1626 418 REFUTATIO
1663 354 1912 416 MARCI
1950 353 2337 419 EPBESINL
2524 358 2528 363 λ
2570 324 2573 325 ί
3321 345 3393 407 so

161 474 342 542 δήπου
365 473 454 527 τὸν
477 472 725 526 λεκτικὸν
766 471 925 538 λόγον
978 469 1030 524 ετ
1076 486 1158 530 τις
1202 471 1261 521 ὲν
1293 470 1405 529 τοῖς
1452 467 1582 535 περὶ
1631 464 1761 531 τῆς¹

1851 466 1987 519 ιρι-ιι.
2020 466 2194 532 Quem
2225 454 2482 532 loquendi
2511 463 2731 518 modum
2758 460 2803 516 si
2830 458 2955 530 quis
2981 456 3035 513 in
3061 456 3151 520 iis,
3178 469 3299 524 quae
3324 458 3390 509 ad

164 560 409 638 πίστεως
438 562 680 632 βούλοιτο
707 560 1010 625 διασώζειν,
1038 560 1206 613 πολλὰ
1238 560 1337 627 μὲν
1368 560 1544 612 ἄτοπα
1600 572 1734 621 συγ·

164 657 435 725 χωρήσεισ
460 655 645 708 ἁνέλεῐ
670 656 727 707 δὲ
751 655 850 708 οὐκ
884 655 1040 721 ὀλίγα
1081 654 1190 704 τῶν
1239 649 1687 721 ὁμολογουμένων
1717 663 1732 677 ·

164 734 369 827 αὐτίκα
393 744 503 814 γὰρ
521 745 582 796 τὸ
605 743 826 812 Πνεῦμα
856 741 986 795 Υίοῦ
1017 741 1266 809 λέγεσθαι
1297 742 1523 809 σημεῖον
1552 752 1740 789 ποιου-

168 825 354 902 μένων
374 835 534 905 ήμῶν
558 834 652 888 τοῦ
682 834 877 912 καὶκὲκ
916 831 1010 885 τοῦ
1053 829 1184 884 Υίοῦ
1226 826 1369 884 εἶναι
1411 828 1471 881 τὸ
1509 825 1739 912 Πνεῦμα

164 926 232 977 τὸ
260 926 444 991 αγιον,
474 926 635 994 ὑμεῖς
668 906 1002 991 ἀντιλέγετε,
1040 922 1313 991 μηδεμίαν
1361 905 1640 987 ἀναφορὰῦ
1678 918 1757 969 tv

164 1019 249 1085 τῷ
283 1018 428 1085 λόγῳ
457 1020 633 1087 τούτῳ
661 1017 770 1068 δεῖν
805 1018 947 1068 νοεῖν
974 1014 1032 1080 ἐξ
1074 1014 1319 1079 ἀνάγκης
1370 1009 1741 1075 ἀποφαινόμε-

169 1126 281 1172 νοι,
323 1110 376 1161 εί
411 1108 485 1177 μὴ
517 1108 614 1174 τὴν
641 1107 743 1173 τῆς
774 1107 989 1171 φύσεως
1036 1104 1340 1172 ταυτότητα
1395 1100 1582 1169 μόνην·
1613 1098 1741 1151 ὅθεν

170 1198 276 1250 καὶ
297 1198 363 1249 τὸ
387 1197 607 1265 Πνεῦμα
632 1194 838 1261 Πατρός
867 1195 961 1245 καὶ
980 1191 1197 1260 Πνεῦμα
1218 1193 1282 1244 ὲκ
1300 1189 1508 1257 Πατρδς
1534 1189 1593 1240 οὗ
1615 1177 1744 1239 ταυ-

168 1290 271 1341 τὸν
296 1287 512 1353 ἀξιοῦτε
536 1286 843 1355 σημαίνειν·
867 1282 982 1338 ἀλλ’
1004 1284 1181 1335 έκεῖνο
1202 1282 1299 1350 μὲν
1322 1284 1419 1348 τὴν
1445 1280 1543 1346 τῆς
1565 1277 1742 1340 αἰτίας

172 1382 395 1451 σχέσιν,
422 1379 580 1432 τοῦτο
632 1380 703 1451 δὲ,
742 1379 839 1446 τὴν
892 1376 991 1444 τῆς
1042 1375 1289 1441 φύσεωςο
1317 1372 1439 1424 οὐδὲ
1470 1368 1746 1441 (ί)τσίνυν

174 1476 228 1527 εί
263 1476 367 1542 μὲν
394 1475 420 1525 ὁ
458 1455 866 1547 Πατὴρ¹ὲκδτοῦ
896 1466 1212 1536 Πνεύματος
1241 1464 1307 1517 οὐ
1336 1464 1574 1530 λέγεται,
1612 1459 1769 1515 θαυε

178 1568 389 1637 μάζειν
416 1566 477 1618 οὐ
509 1566 609 1617 δεῖ·
638 1563 706 1616 τὰ
734 1563 844 1627 γὰρ
867 1559 963 1628 τῆς
989 1556 1314 1627 ὕπερουσίου
1344 1553 1623 1617 θεογονίας
1647 1550 1747 1601 οὐκ

168 1658 537 1726 ἀντιστρέφει
571 1656 708 1723 πρὸς
754 1651 979 1720 ἄλληλαο
1015 1650 1061 1701 εί
1096 1648 1155 1701 δὲ
1192 1649 1266 1718 μὴ
1308 1645 1527 1711 λέγεται
1558 1642 1757 1708 Πατὴρ

179 1748 533 1816 Πνεύματος,
583 1748 732 1807 ὅστις
781 1743 844 1811 δὴ
872 1742 1069 1809 τρόπος
1113 1738 1207 1792 τοῦ
1250 1737 1409 1805 λόγου
1460 1736 1556 1803 τὴν
1589 1749 1747 1799 φυσι-

1838 559 1998 612 ﬁdem
2028 556 2334 627 pertinent,
2360 570 2579 609 scrvare
2606 555 2761 617 velit,
2797 551 2967 605 multa
2995 547 3234 603 absurda
3265 562 3395 600 con-

1836 649 2027 711 cedet:
2079 648 2232 701 tollet
2255 661 2385 700 vero
2424 644 2570 697 haud
2616 657 2789 711 pauca
2824 655 2891 695 ex
2922 640 2991 693 iis
3026 652 3147 706 quae
3179 636 3233 689 in
3264 650 3396 689 con-

1836 739 1981 794 fesso
2010 746 2161 811 sunt.
2194 736 2390 815 Statim
2421 737 2567 790 enim
2592 734 2636 788 si
2669 748 2770 787 nos
2795 747 2861 785 ea
2883 745 2951 784 eo
2979 727 3124 798 quod
3155 726 3398 795 Spiritus

1837 830 1962 887 Filii
1995 829 2203 884 dicitur
2260 827 2526 882 indicium
2576 825 2831 884 facimus.
2872 820 3019 891 quod
3053 828 3108 872 et
3138 834 3203 871 ex
3256 817 3396 870 Filio

1838 923 1913 975 sit
1942 921 2178 989 Spiritus
2212 927 2458 995 sanctus,
2493 930 2593 970 vos
2630 910 3028 972 contradicitis,
3062 907 3265 962 nullam
3302 921 3395 957 re-

1838 1012 2094 1067 lationem
2129 1013 2184 1064 in
2214 994 2323 1063 hoc
2344 1009 2493 1063 dicto
2532 994 2945 1073 intelligendam
2986 1015 3106 1053 esse
3138 1010 3394 1050 necessa-

1840 1103 1925 1156 rio
1967 1110 2366 1164 asseverantes,
2416 1096 2522 1150 nisi
2553 1096 2723 1149 solam
2772 1101 2982 1146 natura:
3025 1086 3391 1142 identitatem.

1840 1193 1996 1248 Unde
2033 1200 2090 1245 et
2116 1189 2381 1257 Spiritum
2410 1186 2589 1242 Patris
2612 1194 2668 1239 et
2698 1183 2967 1252 Spiritum
2999 1195 3063 1233 ex
3092 1178 3250 1233 Patre
3284 1189 3392 1228 non

1844 1283 1990 1337 idem
2023 1282 2332 1350 signiﬁcare
2364 1278 2637 1337 censetis;
2669 1290 2855 1327 verum
2892 1274 3124 1325 alterum
3171 1267 3392 1336 quidem

1843 1389 2020 1430 causa)
2052 1370 2450 1433 habitudinem,
2480 1370 2712 1420 alterum
2734 1379 2865 1418 vero
2896 1358 3271 1415 habitudinem
3302 1372 3401 1409 na-

1850 1476 2003 1521 turae.
2040 1464 2225 1530 Quare
2254 1477 2356 1516 nec
2406 1458 2716 1513 mirandum
2749 1465 2854 1519 est,
2892 1454 2937 1508 si
2970 1456 3130 1507 Pater
3171 1465 3234 1503 ex
3279 1448 3401 1517 Spi-

1845 1557 1957 1611 ritu
2001 1571 2111 1609 non
2144 1554 2364 1615 dicitur,
2402 1566 2526 1606 cum
2551 1564 2673 1619 quae
2705 1547 2771 1601 ad
2812 1546 3027 1599 divinas
3056 1556 3111 1597 et
3150 1554 3402 1607 superes-

1848 1647 2110 1703 sentiales
2158 1642 2574 1713 progressiones
2606 1640 2903 1708 pertinent,
2942 1650 3053 1689 non
3097 1632 3401 1686 adinvieem

1849 1738 2280 1800 Convertantur;
2325 1736 2370 1790 si
2402 1749 2535 1786 vero
2566 1746 2677 1786 non
2706 1730 2911 1784 dicitur
2947 1728 3110 1781 Pater
3142 1722 3404 1791 Spiritus,

174 1842 289 1908 χὴν
319 1804 585 1909 σημαίνει
612 1804 932 1905 ταυτότητα,
960 1830 1271 1901 θαυμαστὸν
1298 1804 1365 1882 ἄν
1405 1826 1511 1893 εἴη·
1544 1825 1604 1877 οὐ
1634 1822 1744 1891 γὰρ

1852 1828 1944 1897 qui
1992 1827 2253 1896 loquendi
2299 1827 2496 1880 modus
2527 1824 2828 1877 naturalem
2864 1822 2952 1890 (ex
2990 1816 3168 1885 vobis)
3213 1812 3409 1868 identi—

178 1932 368 2000 Πατρὶ
405 1930 503 1999 μὲν
548 1929 774 1997 Πνεῦμα
813 1924 1009 1978 ταυτδν
1039 1925 1107 1993 τῇ
1142 1920 1325 1989 φύσει,
1377 1921 1405 1972 ό
1458 1918 1514 1971 δὲ
1553 1913 1746 1982 Πατὴρ

175 2022 361 2083 ἄλλως
383 2020 498 2089 ἔχει
532 2022 670 2089 προς
700 2018 760 2069 τὸ
807 2016 1047 2085 Πνεῦμα.
1075 2011 1281 2066 Οὐκοῦν
1312 2010 1437 2063 ὅσον
1470 2008 1533 2059 εκ
1558 2022 1621 2074 γε
1649 2004 1746 2073 τῆς

176 2113 453 2181 ἀληθείας
478 2110 572 2163 τοῦ
602 2110 927 2180 πράγματος
961 2107 1053 2157 καὶ
1078 2105 1170 2156 τὸν
1198 2102 1418 2172 Πατέρα
1449 2100 1544 2152 τοῦ
1573 2096 1747 2151 Πνεῦ-

181 2220 362 2274 ματος
395 2205 561 2271 ὲχρῆν
586 2199 860 2265 λέγεσθαιο
900 2197 1014 2249 ἀλλ’
1059 2196 1119 2248 ού
1148 2196 1391 2256 λέγεται,
1431 2191 1527 2243 ἴνα·
1553 2191 1625 2258 μή
1665 2206 1748 2249 τις

179 2294 457 2349 ὑπολάϐοι
482 2276 799 2358 τδνΠνεῦμα
830 2286 1137 2353 γεννᾶσθαι’
1177 2284 1290 2337 ἀλλ’
1330 2285 1378 2335 ιι
1417 2283 1507 2334 καὶ
1545 2281 1619 2348 μὴ
1655 2279 1747 2330 δύ-

177 2402 350 2437 ναται
376 2382 535 2435 τοῦτο
564 2381 816 2449 λέγεσθαι
849 2377 1051 2445 ταύτης
1076 2377 1234 2428 ἕνεκα
1264 2376 1361 2441 τῆς
1393 2366 1593 2433 αίτίας,
1626 2370 1748 2420 ὅσον

178 2477 251 2531 εκ
285 2493 353 2544 γε
385 2476 483 2527 τοῦ
509 2474 831 2543 πράγματος
866 2467 1057 2533 ἀληθές
1088 2468 1204 2518 ἔστι
1242 2469 1331 2515 τδν
1361 2461 1579 2528 Πατέρα
1611 2455 1748 2510 εἶναι

179 2568 375 2635 λέγειν
420 2562 515 2616 τοῦ
552 2561 899 2631 Πνιύματος,
938 2558 990 2610 εί
1017 2575 1078 2624 γε
1132 2559 1163 2623 ἡ
1221 2554 1442 2624 τοιαύτη
1497 2552 1753 2612 ἀπόδοσις

117 2704 139 2727 ι
185 2660 382 2725 σχέσιν
414 2655 581 2723 μόνην
614 2653 849 2720 φύσεως,
876 2648 1132 2715 οὐδεμίαν
1159 2648 1215 2700 δὲ
1247 2643 1526 2713 ἀναφορὰν
1572 2642 1752 2703 αἰτίας

187 2744 495 2814 σημαίνειν
518 2742 765 2802 δύναται,
808 2737 987 2800 καθὼς
1017 2737 1177 2805 ὑμεῖς
1210 2734 1445 2798 ἁξιοῦτε’
1494 2733 1588 2785 καὶ
1622 2731 1753 2783 πολ-

182 2836 367 2907 λαχοῦ
417 2834 713 2907 διαμάρτοι
752 2849 836 2896 τις
869 2831 934 2885 ἂν
963 2830 1059 2895 τῆς
1111 2826 1369 2894 ἀληθείας
1403 2827 1630 2895 τάχιστα
1658 2823 1755 2875 καὶ

183 2927 292 2982 τοῦ
327 2926 653 2995 πρέποντος,
690 2908 767 2974 Iv
798 2922 974 2975 πάντα
1001 2919 1078 2989 τῷ
1124 2916 1361 2995 λεκτικῷ
1412 2916 1554 2984 λόγῳ
1583 2913 1757 2977 διδοὺς

186 3018 292 3073 tu!
323 2994 383 3069 τέ
423 3014 531 3067 τῶν
559 3012 718 3065 θείων
745 3010 835 3062 ιπι
866 3026 926 3061 τε
956 3007 1061 3061 τῶν
1108 2994 1469 3076 ἀνθρωπίνων
1503 3004 1603 3072 τῆς
1625 3002 1759 3067 ἁλη-

187 3107 354 3167 θείας
386 3104 566 3175 θήραν
588 3103 811 3155 ποιοῖτο.
840 3100 1073 3153 Ἔπειτα
1101 3097 1195 3151 καὶ
1220 3097 1341 3149 λίαν
1361 3093 1755 3162 ἀποδεχόμεθα,
1790 3138 1832 3194 c

186 3201 282 3255 ὅτι
313 3195 618 3265 συγχωρεῖς
662 3192 782 3243 δυσί
809 3200 925 3243 ’τισι
977 3187 1292 3258 προσώποις
1342 3185 1523 3254 μόνοις
1557 3184 1613 3235 ἐν
1657 3200 1763 3233 τινι

186 3287 309 3341 τῶν
338 3286 594 3338 ἁπάντων
650 3275 786 3334 εἶναι
843 3278 1128 3332 κοινωνίαν
1175 3275 1298 3327 τινὰ
1347 3268 1461 3325 οἷον
1502 3271 1614 3338 Υίῴ
1671 3271 1765 3321 καὶ

188 3377 490 3445 Πνεύματι
520 3375 581 3426 τὺ
615 3370 856 3426 αίτιατδν
888 3370 1065 3423 κοινὸν
1107 3362 1249 3420 εῖναι
1281 3366 1458 3429 λέγεις
1483 3379 1498 3394 ο
1556 3363 1614 3413 οὐ
1658 3363 1764 3427 γὰρ

188 3468 428 3533 ἐξέσται
456 3480 541 3516 σοι
575 3461 861 3533 ἀρνεῖσθαι.
905 3458 1134 3512 καθόλου
1184 3459 1278 3507 καὶ
1330 3455 1503 3521 Πατρὶ
1532 3453 1625 3502 καὶ
1652 3450 1766 3518 Υῐῷ

193 3558 398 3627 μόνοις
455 3556 512 3607 ὲν
568 3553 714 3621 ἄλλῳ
761 3550 1048 3617 πράγματι
1093 3543 1376 3627 κοινωνίαν
1428 3537 1569 3593 εἶναι
1626 3540 1765 3593 τινά.

207 3646 535 3716 Ἐρωτῶντι
565 3645 621 3696 δέ
651 3659 752 3702 σοι,
778 3640 883 3692 τίνι
914 3641 1067 3706 μέρει
1094 3635 1194 3701 τῆς
1216 3626 1313 3701 σῆς
1335 3632 1649 3700 διαιρέσεως
1670 3631 1767 3696 τὴν

192 3732 494 3801 ἡμετέραν
545 3728 702 3797 δόξαν
749 3726 1005 3793 φέροντες
1057 3722 1355 3789 τιθέαμεν,
1409 3719 1650 3789 δηλονότι
1678 3720 1767 3767 τὸν

193 3820 436 3887 Πατέρα
469 3817 561 3869 καὶ
592 3818 683 3867 τὸν
712 3814 839 3867 Υίὺν
870 3812 1039 3881 ἀρχὴν
1088 3807 1228 3862 εἶναι
1258 3810 1356 3860 τοῦ
1390 3806 1707 3874 Πνεύματος
1735 3804 1768 3873 ἦ

195 3912 394 3967 αἰτίαν
426 3907 460 3975 ἢ
491 3908 664 3961 αἴτιον
691 3905 723 3973 ἢ
759 3906 905 3965 ὅπως
936 3905 1002 3957 ἂν
1044 3903 1248 3963 ἐθέλοις
1283 3901 1493 3962 καλεῖν,
1536 3900 1769 3965 ἀποκρι-

194 4001 446 4071 νόμεθα,
488 4000 573 4051 ὅτι
621 3998 699 4066 τῷ
730 3998 965 4064 δευτέρῳ
1022 3995 1185 4063 μέρει
1235 3995 1599 4058 συντάττομεν
1648 3990 1771 4041 ὅσον

195 4093 358 4148 κατὰ
386 4091 452 4143 τὺ
487 4090 717 4159 πρᾶγμα
746 4089 839 4141 καὶ
864 4089 1026 4140 πάνυ.
1061 4086 1219 4138 Ἐστι
1262 4085 1372 4153 γὰρ
1418 4082 1607 4151 ὥσπερ
1652 4079 1771 4132 δυσὶ

196 4185 533 4257 προσώποις
556 4182 735 4234 κοινὸν
765 4181 825 4232 τὸ
854 4182 916 4232 lx
946 4179 1045 4247 τῆς
1074 4178 1255 4241 αἰτίας
1287 4171 1452 4239 εἶναι,
1483 4173 1633 4226 ὀὕτω
1679 4171 1772 4224 καὶ

193 4278 335 4329 δυσὶ
356 4270 676 4339 προσώποις
703 4269 763 4321 τδ
782 4269 881 4337 τῆς
901 4268 1067 4345 ἀρχῆς
1092 4266 1323 4333 πρᾶγμα
1347 4265 1441 4317 καὶ
1464 4264 1657 4331 ὄνομα·
1682 4262 1773 4313 καὶ

196 4366 474 4433 καθάπερ
508 4364 544 4431 ἡ
590 4359 846 4415 κοινωνία
876 4358 968 4410 τοῦ
1010 4357 1251 4409 αίτιατοῦ
1284 4356 1408 4407 οῦτε
1462 4354 1772 4423 συναλείφει

1854 1927 2020 1973 tatem
2053 1917 2348 1985 signiﬁcat,
2378 1927 2515 1983 tunc
2563 1913 2874 1968 mirandum
2898 1924 3031 1965 sane
3057 1906 3187 1962 erit.
3218 1904 3408 1972 Neque

1852 2012 2001 2066 enim
2041 2010 2147 2064 diei
2178 2017 2381 2078 potest,
2410 2006 2569 2062 Patri
2595 2004 2813 2075 quidem
2845 2017 2971 2056 eum
3003 2001 3144 2054 idem
3175 2011 3293 2051 esse
3315 2010 3411 2049 na-

1854 2110 1978 2155 tura
2013 2101 2300 2168 Spiritum,
2352 2099 2570 2153 Patrem
2614 2110 2747 2148 vero
2791 2083 2951 2146 aliter
2997 2105 3055 2143 se
3102 2087 3305 2140 habere
3340 2084 3407 2137 ad

1854 2192 2155 2259 Spiritum;
2182 2205 2312 2258 ergo
2360 2196 2625 2257 quantum
2654 2185 2721 2238 ad
2759 2185 2835 2237 rei
2866 2183 3153 2234 veritatem
3187 2178 3408 2230 Patrem

1855 2296 2077 2351 quoque
2102 2280 2343 2349 Spiritus
2367 2278 2658 2346 oportebat
2688 2275 2815 2329 diei.
2849 2272 3012 2341 Atqui
3047 2285 3157 2323 non
3183 2268 3410 2331 dicitur,

1854 2386 1924 2425 ne
1952 2371 2073 2440 quis
2101 2370 2365 2438 Spiritum
2390 2366 2636 2436 generari
2662 2365 2990 2430 suspicetur.
3024 2361 3409 2413 Verumtamen

1854 2460 1956 2515 etsi
1990 2461 2093 2513 hoc
2144 2458 2253 2511 dici
2306 2456 2495 2525 nequit
2541 2453 2821 2522 praefatam
2857 2451 2927 2504 ob
2960 2461 3202 2507 causam,
3234 2460 3409 2512 quan-

1856 2559 1973 2604 tum
2005 2547 2073 2602 ad
2109 2561 2222 2599 rem
2250 2545 2420 2614 ipsam
2446 2557 2636 2597 verum
2666 2543 2770 2594 erit
2811 2540 3017 2601 dicere,
3042 2537 3256 2589 Patrem
3289 2547 3413 2586 esse

1862 2640 2123 2711 Spiritus,
2156 2639 2204 2692 si
2239 2636 2464 2706 quidem
2500 2635 2600 2687 ista
2631 2630 2839 2685 locutio
2882 2625 3261 2682 habitudinem
3312 2638 3411 2674 na-

1862 2744 1999 2787 tum
2042 2716 2239 2794 s'olam,
2282 2727 2492 2781 nullam
2538 2737 2671 2777 vero
2701 2736 2878 2775 causre
2920 2716 3295 2771 habitudinem
3344 2713 3416 2765 si-

1862 2822 2121 2892 gniﬁcare
2156 2827 2361 2888 potest,
2394 2816 2556 2871 sicuti
2585 2828 2683 2869 vos
2728 2808 3106 2869 arbitramini;
3138 2815 3192 2860 et
3223 2804 3413 2857 multi-

1866 2915 2081 2985 pliciter
2101 2913 2226 2980 quis
2247 2926 2277 2963 a
2306 2909 2534 2963 veritate
2557 2917 2611 2960 et
2635 2920 2665 2964 ιι
2697 2901 3079 2957 convenientia
3106 2899 3411 2959 aberraret,

1864 3006 1910 3061 si
1957 3015 2152 3060 cuncta
2187 2998 2448 3067 loquendi
2486 2995 2648 3050 modo
2691 2995 2936 3048 tribuens
2965 3002 3078 3045 tum
3122 2990 3175 3042 in
3219 2986 3417 3040 divinis

1867 3104 1982 3147 tum
2008 3094 2063 3146 in
2089 3090 2343 3145 humanis
2359 3089 2643 3141 veritatem
2672 3094 2890 3151 captare
2912 3080 3179 3136 studeret.
3210 3075 3417 3128 Deinde

1865 3186 2104 3240 libenter
2154 3180 2449 3235 admodum
2504 3176 2864 3237 admittimus,
2925 3172 3072 3240 quod
3125 3166 3415 3227 concedis,

1866 3276 2081 3329 duabus
2110 3272 2435 3341 quibusdam
2468 3268 2720 3337 personis
2754 3260 2896 3319 ‘solis
2938 3266 2991 3316 in
3025 3262 3257 3331 quodam
3295 3273 3416 3310 om-

1865 3370 2016 3421 nium
2064 3381 2182 3420 esse
2214 3362 2653 3419 communionem
2682 3357 2973 3427 quamdam
3000 3393 3013 3415 ,
3049 3355 3126 3405 uti
3162 3351 3298 3404 Filio
3347 3364 3410 3400 ac

1867 3458 2091 3525 Spiritui
2141 3469 2434 3509 commune
2516 3465 2637 3503 esse
2682 3449 2819 3501 dicis
2873 3455 3176 3499 causatnm.
3230 3441 3421 3507 Neque
3476 3484 3479 3487 λ

1865 3547 2011 3601 enim
2064 3545 2161 3597 tibi
2200 3542 2387 3596 licebit
2436 3554 2634 3604 negare
2684 3537 3007 3598 universim,
3055 3541 3109 3585 et
3163 3531 3307 3584 Patri
3364 3536 3421 3581 et

1865 3636 2006 3690 Filio
2033 3634 2166 3687 solis
2193 3634 2243 3683 in
2274 3633 2377 3685 alia
2402 3646 2460 3682 re
2487 3628 2777 3695 quamdam
2806 3640 2926 3678 esse
2954 3621 3416 3695 communionem.

1866 3724 1947 3777 Ad
1995 3718 2474 3785 interrogationem
2514 3728 2645 3767 vero
2684 3722 2852 3771 utam,
2900 3690 3121 3763 cuiiiam
3173 3708 3421 3759 membro

1868 3811 2157 3865 divisionis
2199 3817 2306 3860 tuae
2340 3804 2667 3861 sententiam
2705 3813 2971 3861 nostram,
3018 3814 3137 3851 eam
3170 3795 3420 3849 videlicet

1868 3920 1988 3972 quae
2035 3903 2253 3957 Patrem
2304 3909 2359 3953 et
2408 3898 2607 3951 Filium
2654 3895 2732 3947 ait
2771 3909 2891 3948 esse
2925 3890 3165 3959 Spiritus
3209 3888 3419 3957 princi-

1868 3998 2021 4067 pium
2056 3995 2169 4048 sive
2216 4006 2434 4046 causam
2487 3989 2601 4061 sive
2634 3994 2911 4040 auctorem
2943 3983 3058 4037 sive
3092 3993 3420 4049 quocunque

1871 4088 2091 4143 nomine
2138 4086 2411 4156 appellare
2456 4082 2630 4144 velis,
2684 4080 3065 4148 adiungamus,
3126 4073 3423 4142 responde-

1869 4194 1994 4234 mus
2024 4196 2037 4233 :
2078 4177 2322 4231 secundo
2354 4174 2601 4227 membro
2632 4180 2893 4239 quantum
2940 4168 3004 4221 ad
3035 4182 3145 4220 rem
3175 4174 3227 4217 et
3257 4178 3420 4233 quam

1871 4270 2123 4324 maxime.
2151 4268 2241 4320 Est
2270 4267 2417 4319 enim
2446 4265 2590 4316 sicut
2619 4262 2830 4314 duabus
2860 4258 3110 4329 personis
3133 4268 3423 4309 commune

1876 4369 1959 4416 est
1980 4375 2047 4414 ex
2082 4372 2243 4413 causa
2278 4370 2418 4417 esse,
2454 4357 2527 4408 ita
2552 4365 2606 4408 et
2632 4352 2843 4406 duabus
2874 4351 3124 4419 personis
3147 4358 3427 4402 commune

195 4458 305 4509 τὸν
334 4454 467 4506 Υἰδν
491 4454 587 4506 καὶ
609 4452 671 4503 τδ
696 4447 921 4517 Πνεῦμα
945 4447 1066 4499 οὗτε
1095 4447 1199 4516 τῆς
1249 4447 1381 4515 πρὸς
1413 4446 1502 4497 τὸν
1555 4445 1761 4511 Πατέρα

1876 4462 1959 4509 est
1985 4464 2052 4505 ex
2089 4465 2249 4505 causa
2274 4463 2414 4509 esse,
2446 4447 2519 4500 ita
2550 4453 2603 4498 et
2633 4444 2843 4497 duabus
2898 4441 3147 4510 personis
3186 4453 3428 4492 commu-

197 4542 499 4612 συμφυΐας
524 4540 799 4602 ἑκϐἁλλει,
836 4532 879 4604 ᾦ
912 4539 985 4607 μὴ
1010 4538 1325 4589 κοινωνοῦσι
1354 4535 1453 4604 τῆς
1482 4533 1771 4587 τοῦἀέτια-

192 4635 307 4689 τοῦ
342 4630 720 4701 προσηγορίας
748 4645 808 4682 τε
852 4630 949 4680 καὶ
989 4628 1081 4681 τοῦ
1126 4630 1474 4697 πράγματος,
1511 4626 1650 4679 οὕτω
1678 4625 1772 4677 καὶ

196 4729 236 4796 ἡ
262 4725 378 4792 τῆς
410 4723 584 4791 ἀρχῆς
605 4721 861 4773 κοινωνία
909 4720 1031 4773 οὗτε
1062 4721 1151 4773 τὸν
1198 4720 1418 4788 Πατέρα
1465 4715 1773 4782 συναλείφει

196 4820 310 4871 καὶ
341 4815 436 4865 τὸν
464 4812 615 4874 Υίὸν,
650 4807 730 4873 οἷς
760 4812 905 4864 τοῦθ’
941 4813 1199 4881 ὑπάρχει,
1232 4810 1357 4862 οὕτε
1386 4809 1479 4861 τοῦ
1526 4808 1775 4872 Πνεύμα-

194 4921 304 4965 τος
330 4902 557 4961 τούτους
588 4902 728 4951 κατὰ
757 4901 915 4966 φύσιν
960 4900 1355 4966 ἀποδιιστησιν,
1395 4897 1490 4949 an
1541 4896 1612 4964 μὴ
1648 4912 1777 4963 μετ-

199 4999 443 5065 έχοντος
470 4991 561 5043 τοῦ
614 4992 763 5055 σφίσι
810 4991 1009 5046 κοινοῦ.
1045 4993 1260 5043 Τούτων
1316 4989 1503 5040 εἵνεκα
1551 4986 1627 5053 τῷ
1660 4988 1778 5037 δευ-

196 5090 371 5152 τέρῳ
402 5084 556 5150 μέρει
586 5082 684 5149 τῆς
712 5082 1023 5149 διαιρέσεως
1066 5083 1166 5150 τὴν
1196 5082 1467 5149 ἡμετέραν
1498 5076 1779 5129 ἀποδιδόα-

203 5192 319 5245 μεν
356 5174 541 5237 δόξαν,
567 5174 689 5225 ὅσον
720 5175 858 5223 κατὰ
888 5174 947 5223 τὸ
985 5174 1232 5241 πρᾶγμα,
1279 5170 1401 5220 ἐπεὶ
1448 5168 1572 5233 περὶ
1602 5182 1778 5231 πραγ-

200 5266 416 5335 μάτων
442 5266 572 5331 ἡμῖν
598 5265 625 5315 ὁ
658 5263 811 5330 λόγος
845 5263 938 5314 καὶ
965 5265 995 5331 ή
1031 5263 1253 5330 σπουδή.
1288 5262 1346 5311 Εἰ
1375 5258 1419 5310 δ’
1454 5258 1570 5308 ἐστί
1600 5273 1653 5307 τι
1683 5257 1775 5307 καὶ

197 5354 487 5420 ἀνόμοιον
515 5354 571 5403 ὲν
599 5353 675 5421 τῷ
709 5353 961 5416 λέγεσθαι
990 5352 1192 5403 τούτων
1226 5350 1482 5416 ἑκάτερον
1514 5348 1619 5398 τῶν
1668 5364 1780 5397 κοι-

200 5442 357 5507 νῶν,
390 5445 489 5495 οὐκ
513 5445 620 5497 ἀπὸ
650 5448 742 5513 τῆς
762 5447 853 5495 τοῦ
884 5449 1199 5511 πράγματος
1225 5443 1417 5500 εἰδότες
1442 5441 1655 5507 φύσεως
1684 5440 1780 5507 τὴν

200 5536 493 5604 διαςρορὲιν
520 5536 869 5620 ἀπαντῶσιν,
912 5536 1026 5586 ἀλλ’
1081 5537 1144 5587 ἐκ
1172 5538 1267 5601 τῆς
1310 5534 1418 5585 τῶν
1478 5532 1779 5600 προσώπων

288 5698 383 5756 (ι)
410 5692 556 5747 Men.
580 5692 618 5747 ί.
648 5693 743 5749 192
785 5710 833 5753 a.
860 5693 996 5754 οὔτε,

1878 4545 1966 4597 nis
1995 4539 2250 4611 principii
2276 4547 2330 4591 et
2356 4552 2445 4591 res
2475 4544 2531 4589 et
2560 4533 2953 4588 denominatio.
2983 4531 3052 4584 Et
3082 4529 3429 4597 quemadmo-

1880 4634 2011 4688 dum
2040 4629 2354 4685 communio
2379 4629 2433 4680 in
2455 4627 2665 4679 ratione
2694 4621 3005 4691 principiali
3031 4632 3205 4685 neque
3232 4616 3430 4669 Filium

1878 4735 1935 4779 et
1966 4704 2237 4793 Spiritum~
2280 4722 2333 4774 in
2381 4734 2550 4771 unum
2601 4716 2877 4770 contrahit
2917 4724 3095 4783 neque
3135 4724 3165 4761 a
3198 4706 3428 4760 consub-

1880 4792 2235 4866 stantialitate
2265 4822 2386 4861 cum
2428 4807 2586 4859 Patre
2634 4801 2873 4868 expellit,
2900 4802 3022 4852 cum
3054 4811 3161 4865 quo
3188 4810 3429 4848 commu-
3514 4792 3519 4797 ’

1885 4900 2103 4954 nionem
2136 4914 2245 4951 non
2290 4898 2495 4948 habent
2530 4895 2585 4945 in
2630 4890 3074 4943 denominatione
3106 4894 3161 4938 et
3190 4900 3247 4937 re
3287 4885 3425 4952 prin-

1883 4989 2091 5057 cipiali,
2119 4988 2193 5038 ita
2225 4997 2278 5037 et
2307 4984 2620 5037 communio
2652 4982 2706 5033 in
2741 4981 2947 5033 ratione
2975 4974 3228 5047 principii
3257 4990 3430 5039 neque

1881 5082 2095 5142 Patrem
2144 5088 2197 5130 et
2241 5078 2437 5129 Filium
2488 5077 2540 5135 in
2590 5089 2757 5127 unum
2792 5072 3087 5134 contrahit,
3118 5068 3316 5138 quibus
3372 5082 3429 5117 ea

1883 5170 2044 5231 inest,
2100 5184 2278 5237 neque
2336 5182 2430 5220 eos
2478 5166 2781 5220 secundum
2839 5174 3083 5218 naturam
3136 5169 3350 5227 separat
3404 5174 3431 5207 a

1888 5261 2088 5327 Spiritu
2124 5268 2312 5326 utpote
2359 5266 2585 5325 experte
2636 5257 2804 5320 illius,
2834 5256 2979 5323 quod
3012 5255 3121 5307 illis
3149 5263 3230 5305 est
3283 5264 3433 5303 com-

1885 5364 2069 5403 mune.
2100 5347 2303 5400 Horum
2349 5348 2524 5416 gratia
2570 5345 2812 5400 secundo
2857 5343 3146 5396 divisionis
3186 5337 3432 5391 membro

1886 5442 2212 5498 sententiam
2265 5449 2504 5493 nostram
2547 5438 2846 5507 jungimus,
2896 5443 3156 5502 quantum
3197 5431 3261 5482 ad
3318 5444 3431 5480 rem

1888 5537 2085 5604 ipsam,
2117 5548 2241 5587 cum
2275 5533 2339 5586 de
2388 5532 2551 5586 rebus
2583 5530 2741 5583 nobis
2772 5539 2949 5579 sermo
2973 5524 3042 5577 sit
3067 5530 3119 5575 et
3162 5523 3305 5575 circa
3346 5534 3433 5572 res
