4140 6328
220 282 314 348 121
838 272 861 331 λ

1243 278 1678 347 ΒΕΒΗΪΑἩΟ
1718 280 1962 344 MARCI
1997 280 2385 341 EPHESINI.

3328 272 3424 334 1’22

214 403 376 457 αὐτοῦ
395 402 668 473 λαμϐάνον
694 405 794 457 καὶ
805 401 1043 456 τελειοῦν
1061 402 1190 455 αὐτὸ
1209 403 1275 472 δὴ
1294 404 1354 454 τὸ
1370 402 1550 473 ἔργον,
1576 399 1725 453 ὥσπε
1734 418 1764 469 ρ

1864 397 2018 452 ciens
2050 398 2155 452 hoc
2188 398 2364 468 ipsum
2412 410 2572 465 opus,
2594 392 2738 448 sicut
2766 390 2856 446 ille
2904 387 3081 444 Patris
3111 401 3251 456 Opus
3296 402 3421 454 per-

213 496 418 557 htzi'vo;
447 495 507 545 τὺ
541 492 617 563 (1)
648 494 744 545 τοῦ
765 493 995 564 Πατρός.

738 607 780 657 υ
812 602 1216 659 ΣΧΟΛΔΡΙΟΣ.

284 715 347 767 Οἰ
372 716 591 797 Λατῖνοι
621 712 718 766 τοῦ
746 712 877 767 Υἰοῦ
910 715 1095 768 εἰκόνα
1117 716 1177 768 τὸ
1224 689 1446 786 Πνεῦμα
1476 718 1537 770 τδ
1591 717 1765 785 ἅγιον,

213 804 402 872 ὥσπερ
436 805 527 858 τὸν
564 803 694 859 Υἱδν
733 805 825 860 τοῦ
874 806 1107 881 Πατρός,
1152 808 1247 859 καὶ
1296 809 1648 876 πρωτότοκον
1675 814 1766 861 τὸν

214 894 342 948 Υἰὺν
372 895 467 948 τοῦ
492 895 703 964 Πατρός
732 892 1022 957 ἀκούοντες
1066 895 1174 946 τῶν
1206 894 1536 947 διδασκάλων
1577 895 1766 960 λεγόν-

209 1003 318 1040 των
354 986 652 1039 κάντεῦθεν
696 986 796 1056 τὴν
818 987 1025 1039 οἰκείαν
1051 985 1329 1054 βεϐαιοῦσι
1372 987 1528 1053 δόξαν
1564 974 1761 1049 καὶῶς.

210 1078 440 1145 Οῦ·γὰρ
465 1078 666 1131 οἰονται
691 1074 827 1146 «pb;
850 1079 975 1131 ἄλλο
1002 1095 1053 1131 τι
1084 1080 1270 1148 φέρειν
1300 1078 1471 1131 ταῦτα
1500 1078 1696 1145 μᾶλλον
1729 1078 1760 1146 ἦ

207 1168 345 1238 πρὸς
387 1172 450 1221 τὸ
479 1170 539 1221 τὸ
581 1170 802 1238 Πνεῦμα
850 1172 909 1222 τὸ
951 1158 1103 1235 ἅγιον
1154 1173 1211 1222 ὲν
1266 1171 1445 1240 ἑαυτῷ
1490 1171 1543 1223 δε
1572 1170 1764 1222 κνῦναι

205 1262 307 1329 τὴν
339 1258 433 1311 τοῦ
481 1257 615 1311 Υἰοῦ
653 1260 842 1311 οὐσίαν
909 1264 1003 1311 καὶ
1043 1260 1243 1327 φύσιν..
1286 1263 1352 1329 ἢν
1398 1261 1426 1311 ό
1479 1260 1580 1327 μὲν
1636 1258 1763 1322 Υἱὸς

204 1349 504 1419 λαμϐάνων
535 1353 599 1401 ἐκ
628 1348 718 1401 τοῦ
748 1351 956 1418 Πατρὸς
986 1349 1151 1402 εἰκὼν
1176 1351 1340 1403 αὑτοῦ
1378 1353 1495 1401 ἐστι
1545 1352 1638 1401 καὶ
1677 1349 1764 1400 λέ-

205 1458 368 1509 γεται
391 1456 405 1468 ⁸
438 1441 507 1494 δι’
530 1441 697 1493 αὐτοῦ
726 1441 783 1494 δὶ
816 1441 976 1494 πάλιν
1008 1443 1073 1493 ὲκ
1100 1441 1192 1493 τοῦ
1222 1444 1428 1510 [ἰατρὸς
1449 1441 1509 1493 τὸ
1542 1442 1763 1509 Πνεῦμα

206 1532 613 1602 λαμϐάνονςκαὶ
637 1531 801 1585 εἰκὼν
835 1533 927 1586 τοῦ
954 1534 1167 1603 Πατρός
1204 1534 1409 1586 καὶτοῦ
1437 1534 1568 1586 Υἰοῦ
1599 1533 1763 1587 εἰκὼν

207 1626 317 1679 ὑπὸ
350 1626 451 1694 τῆς
490 1624 638 1686 θείας
661 1624 1005 1693 ὁμολογεῖται
1070 1628 1288 1699 Γραφῆς
1313 1642 1339 1691 °_
1385 1625 1637 1695 καθάπερ
1670 1630 1762 1679 καὶ

1868 490 2087 545 fecerat.

2416 605 2863 674 SCHOLARIUS.

1934 753 2235 809 Audientes
2264 749 2454 804 Patres
2500 747 2755 802 Ecclesia:
2784 744 3069 802 docentes.
3119 740 3239 793 Filii
3287 736 3423 792 ima-

1863 842 2041 913 ginem
2076 854 2198 896 esse
2250 838 2511 908 Spiritum
2544 844 2816 894 sanctum,
2855 833 3002 886 sicut
3037 830 3238 883 Filium
3283 828 3418 880 ima-

1864 934 2043 1003 ginem
2074 932 2249 987 Patris
2279 942 2337 986 et
2384 930 2560 983 Patris
2609 936 2981 997 prototypum,
3010 922 3189 977 Latini
3219 920 3418 974 exinde

1862 1032 2079 1093 quoque
2115 1031 2266 1076 recte
2296 1019 2571 1090 propriam
2604 1018 2927 1072 sententiam
2958 1015 3283 1067 conlirmaut
3314 1013 3419 1080 (α).

1863 1115 1996 1169 Nam
2033 1112 2347 1167 existimant
2375 1125 2480 1163 nou
2505 1109 2571 1161 ad
2606 1107 2751 1160 aliud
2775 1103 3066 1180 qzidquaia
3096 1101 3210 1154 haec
3238 1102 3419 1168 potius

1863 1207 2157 1263 deducere,
2198 1218 2357 1271 quam
2386 1201 2452 1254 ad
2485 1200 2558 1265 id,
2578 1201 2723 1268 quod
2756 1198 2991 1266 Spiritus
3026 1205 3249 1248 sanctus
3278 1192 3330 1243 in
3360 1206 3418 1243 se

1863 1294 2105 1348 ostendit
2142 1292 2262 1348 Filii
2301 1291 2590 1347 essentiam
2625 1299 2786 1357 atque
2816 1296 3085 1346 naturam,
3126 1300 3287 1351 quam
3329 1281 3414 1334 Fi-

1862 1387 1969 1442 lius
2016 1385 2293 1454 accipiens
2333 1399 2362 1437 a
2411 1384 2568 1436 Patre
2598 1385 2774 1442 imago
2804 1380 2923 1449 eius
2959 1386 3124 1431 estet
3164 1376 3367 1429 dicitur
3398 1390 3414 1436 ;

1862 1491 1964 1547 per
1992 1475 2168 1543 ipsum
2203 1488 2329 1527 vero
2363 1487 2578 1525 rursum
2609 1486 2673 1524 ex
2700 1472 2853 1523 Patre
2883 1467 3155 1534 accipiens
3181 1461 3419 1531 Spiritus

1864 1574 2085 1620 sanctus
2112 1571 2167 1616 et
2218 1562 2393 1615 Patris
2447 1561 2620 1627 imago
2655 1566 2711 1612 et
2768 1555 2886 1609 Filii
2932 1556 3110 1620 imago
3157 1567 3187 1604 a
3237 1551 3417 1602 divitia

1867 1654 2145 1724 Scriptura
2179 1651 2513 1722 agnoscitur,
2551 1650 2694 1701 sicut
2717 1656 2773 1700 et
2802 1644 2993 1698 FilTum
3027 1641 3202 1694 Patris
3232 1639 3417 1703 ἰιιιειιςι-

208 1715 271 1767 τὸ
303 1717 393 1767 τὸν
428 1714 556 1767 Υἱδν
588 1716 771 1768 εἰκόνα
801 1712 940 1768 εἶναι
970 1716 1063 1767 τοῦ
1094 1717 1304 1785 Πατρός
1326 1717 1477 1769 οὐδὲν
1505 1717 1632 1771 ἄλλο
1659 1733 1755 1785 σηο

1864 1762 1991 1800 nem
2022 1736 2306 1805 essenihil
2336 1742 2602 1811 signiﬁcat
2639 1736 2807 1801 aliud,
2858 1736 2961 1789 nisi
3015 1732 3193 1787 Patris
3236 1746 3421 1784 esscu~

210 1808 397 1877 μαίνει
427 1806 544 1874 ﬁt)
597 1807 697 1875 τὴν
730 1805 825 1859 τοῦ
877 1807 1088 1875 Πατρός
1135 1808 1323 1861 οὐσίαν
1371 1810 1461 1860 καὶ
1516 1810 1675 1874 φύσιν
1705 1812 1762 1861 ὲν

205 1899 358 1967 αὐτῷ
412 1898 789 1966 διαφαίνεσθαι
837 1899 911 1961 ὼς
966 1899 1123 1966 φύσει
1186 1899 1295 1969 Υἰῷ
1344 1902 1436 1953 καὶ
1492 1902 1761 1969 ὑφεστῶτι

210 1992 372 2057 Λόγῳ
406 1990 883 2055 κοινοποιουμένην
916 1989 1001 2042 διὰ
1033 1991 1358 2060 γεννήσεως.
1399 1991 1458 2043 ὐ
1504 1991 1558 2042 δὲ
1603 1991 1761 2057 σοφὸς

204 2075 364 2141 οὗτος
395 2080 534 2144 ἀνὴρ
558 2081 740 2148 ὥσπερ
771 2079 1063 2143 ἀξιούντων
1090 2081 1353 2141 Λατίνων,
1380 2082 1559 2132 πᾶσαν
1584 2083 1762 2132 εἰκόνα

207 2172 366 2238 λόγον
391 2172 632 2224 αἰτιατοῦ
666 2173 800 2239 πρὸς
844 2173 1024 2222 αἰτίαν
1081 2172 1223 2238 ἔχειν
1258 2172 1392 2236 arpi;
1448 2173 1641 2232 ἐκεῖνο,
1698 2163 1761 2220 οὗ

207 2261 374 2312 εἰκὼν
421 2254 561 2312 εἶναι
613 2258 847 2325 λέγεται,
900 2260 1171 2310 ἐνίσταται
1224 2259 1299 2326 μὴ
1350 2258 1528 2308 πᾶσαν
1579 2257 1761 2309 εἰκόνα

206 2349 471 2417 τοιαύτην
502 2344 663 2401 εἶναι.
700 2350 760 2401 Οἱ
785 2350 841 2400 δὲ
874 2349 933 2414 οὐ
970 2350 1097 2416 περὶ
1126 2348 1304 2414 ador};
1340 2349 1547 2407 εἰκόνος
1572 2345 1759 2413 λέγου-

209 2459 319 2505 σιν,
348 2440 459 2493 οὐδ’
490 2440 595 2493 ἀπὸ
625 2440 803 2508 πάσης
848 2439 1235 2508 ἐπιχειροῦσιν,
1288 2437 1423 2489 ἀλλά
1485 2454 1635 2503 φασι,
1699 2435 1759 2487 τὸ

181 2533 308 2600 ατῆς
342 2533 551 2594 εἰκόνος
582 2531 753 2597 δ.ομα
788 2531 861 2600 μὴ
896 2531 1004 2581 δεῖν
1034 2530 1205 2590 ἄλλως
1233 2532 1335 2581 ἀπὸ
1372 2530 1464 2581 τοῦ
1512 2528 1759 2596 Πνεῦμα-

205 2639 299 2686 τος
332 2623 466 2691 πρὸς
495 2626 583 2675 τὸν
606 2622 755 2683 Υἰὺν,
780 2623 810 2687 ἢ
849 2622 957 2673 ἀπὸ
980 2620 1070 2673 τοῦ
1104 2622 1231 2673 Υἰοῦ
1262 2622 1395 2689 πρὸς
1425 2622 1512 2674 τὴν
1542 2624 1762 2690 Πατέρα

206 2711 603 2784 λαμϐάνεσθαι.
643 2712 706 2765 ΕΞ
731 2713 784 2764 δὲ
808 2718 832 2765 ό
864 2713 989 2775 Υιὺς
1020 2712 1182 2765 εἰκὼν
1216 2712 1308 2765 τοῦ
1348 2713 1555 2780 [ἰατρὸς
1579 2714 1662 2765 διὰ
1703 2713 1761 2764 τὸ

207 2809 310 2876 τὴν
341 2806 438 2858 τοῦ
474 2805 679 2874 Πατρὸς
719 2805 907 2861 (ὠσίαν
974 2806 1067 2857 καὶ
1122 2805 1280 2872 φύσιν
1314 2807 1376 2856 ἐκ
1422 2803 1516 2857 τοῦ
1552 2804 1761 2874 Harpe;

208 2895 516 2963 λαμϐάνειν
564 2894 658 2945 καὶ
709 2894 854 2962 ἔχειν
888 2893 1227 2963 γεννώμενον
1276 2894 1515 2961 λέγεται,
1550 2896 1759 2964 ἀνάγκη

208 2991 360 3038 πᾶσα
392 2988 488 3037 καὶ
525 2987 578 3039 τὸ
611 2985 833 3051 Πνεῦμα
862 2985 1043 3035 εἰκόνα
1073 2983 1165 3035 τοῦ
1225 2982 1353 3035 Υἱοῦ
1389 2984 1643 3050 λέγεσθαι
1673 2986 1760 3038 διὰ

204 3081 267 3133 τὸ
297 3079 397 3149 τὴν
426 3078 519 3130 τοῦ
544 3076 675 3129 Υἰοῦ
704 3078 893 3129 οὐσίαν
926 3078 1018 3129 καὶ
1051 3076 1213 3142 φύσιν
1242 3076 1327 3128 διὰ
1360 3076 1451 3129 τοῦ
1493 3076 1630 3137 Υἱοῦ,
1664 3077 1758 3128 καὶ

205 3177 273 3227 ἑκ
301 3170 398 3225 τοῦ
462 3171 590 3223 Υἱοῦ
634 3162 930 3237 λαμϐάνειν
986 3169 1079 3219 καὶ
1124 3168 1264 3236 ἔχειν
1306 3170 1756 3236 ὲκπορενξρενον.

204 3266 269 3316 ΕΙ
305 3262 414 3332 γὰρ
454 3262 528 3330 μὴ
554 3261 653 3312 τὸν
679 3262 791 3311 ἴσον
828 3262 1037 3328 ὑπῆρχε
1062 3262 1261 3328 τρόπον
1313 3259 1548 3310 ἐνταῦθα
1602 3260 1761 3310 κ>κεῖ

201 3357 265 3427 τό
299 3355 398 3422 τῆς
460 3353 665 3413 εἰκόνος
704 3352 894 3420 ὄνομα,
943 3354 1199 3421 ἀνῃρεῖτο
1249 3353 1313 3401 ἂν
1364 3353 1394 3417 ἡ
1438 3350 1542 3401 τῶν
1603 3350 1760 3400 θείων

205 3443 763 3513 προσώπωνίσότης,
796 3445 889 3494 καὶ
923 3443 982 3493 τὸ
1017 3442 1221 3510 μᾶλλον
1249 3442 1342 3492 καὶ
1376 3441 1433 3491 τὸ
1459 3435 1619 3509 ἦττον
1656 3441 1757 3489 Or:-

202 3536 461 3605 ἦρκενᾶν
491 3536 549 3585 ἐν
570 3534 753 3595 αὐτοῖς
778 3546 792 3561 ⁸
853 3532 1132 3601 ἡμάρτανε
1176 3530 1219 3581 δ’
1253 3531 1319 3581 ἂν
1353 3535 1441 3580 και
1494 3528 1759 3597 “pina;

202 3627 391 3679 εἰκόνα
416 3624 508 3676 τοῦ
546 3624 673 3675 Υἰοῦ
706 3624 767 3673 τὸ
792 3623 1017 3689 Πνεῦμα
1054 3621 1254 3681 καλῶν,
1285 3619 1343 3670 ὃν
1373 3621 1576 3688 τρόπον
1618 3624 1706 3670 καὶ
1730 3622 1757 3669 ό

203 3717 332 3777 Υἱὸς
358 3714 522 3765 εἰκών
556 3716 672 3765 ἐστι
712 3713 805 3764 τοῦ
850 3714 1056 3780 Πατρός
1083 3713 1140 3762 ἐν
1210 3717 1276 3777 ιγ’
1308 3711 1400 3763 τοῦ
1433 3710 1476 3777 β’
1510 3711 1617 3762 τῶν
1652 3714 1761 3777 Θη-

201 3805 472 3873 σαυρῶν.
517 3804 645 3856 Ἀπὸ
678 3802 771 3855 τοῦ
836 3802 935 3870 τῆς
999 3802 1205 3863 εἰκόνος
1262 3803 1443 3854 τοίνυν
1497 3801 1759 3871 ὀνόματος

201 3898 550 3969 ἰπιχειροῦσι
577 3896 819 3958 Λατῖνοι,
844 3893 1026 3955 καθὼς
1059 3894 1154 3946 ἰπὶ
1195 3894 1287 3946 τοῦ
1343 3892 1473 3947 Υἰοῦ
1503 3898 1637 3963 πρὸς
1668 3896 1759 3948 τὸν

205 3990 427 4057 Πατέρα
461 3987 704 4054 λέγεται,
731 3985 830 4037 οὐκ
861 3985 967 4037 ἀπὸ
1004 3985 1185 4053 πάσης
1214 3986 1439 4047 εἰκόνος.
1479 3984 1537 4036 Ὀ
1566 3986 1643 4049 δὲ,
1685 3985 1760 4048 ὼς

206 4087 302 4139 ἰπὶ
339 4084 521 4151 πάσης
551 4081 759 4143 εἰκόνος
799 4079 1117 4143 ἀξιούντων,
1174 4079 1453 4133 ἰνίσταται
1488 4078 1588 4148 μὲν
1654 4078 1762 4131 ἀπὸ

203 4178 318 4230 τῶν
338 4174 572 4228 κτιστῶν
599 4176 965 4242 πραγμάτων,
989 4172 1113 4223 οὔτε
1134 4171 1225 4222 ἐπὶ
1249 4169 1347 4238 τῆς
1400 4172 1597 4239 τέχνης
1638 4167 1762 4221 οὔτε

204 4270 301 4321 ἐπὶ
327 4269 425 4337 τῆς
459 4266 673 4334 φύσεως
710 4266 955 4331 ἀνάγκην
986 4258 1126 4314 εἶναι
1186 4262 1247 4314 τὸ
1280 4246 1649 4332 παράδειγμα
1677 4261 1765 4313 λό-

1868 1828 2086 1890 ιίιιηιννθι
2110 1842 2358 1887 naturam
2386 1832 2437 1886 in
2462 1832 2580 1897 ipso
2608 1844 2708 1909 ceu
2734 1826 2968 1880 naturali
2996 1825 3132 1877 Filio
3162 1831 3215 1874 et
3234 1819 3413 1875 Verlm

1865 1923 2198 1978 subsistente
2258 1920 2603 1989 reSpIendere
2663 1916 3112 1984 communicatam
3167 1911 3266 1978 ipsi
3316 1922 3415 1975 per

1864 2014 2293 2084 generationem.
2316 2014 2382 2063 At
2408 2012 2623 2076 sapiens
2652 2010 2750 2060 iste
2777 2006 2880 2066 vir,
2906 2004 3055 2072 quasi
3080 2018 3209 2054 vero
3232 2000 3406 2052 Latini

1862 2114 2177 2165 censerent,
2207 2116 2422 2155 omnem
2457 2101 2742 2166 imaginem
2796 2098 3059 2149 rationem
3094 2093 3297 2146 causali
3346 2092 3412 2143 ad

1864 2204 2082 2243 causam
2114 2188 2315 2241 habere
2350 2188 2519 2239 relate
2555 2187 2622 2237 ad
2672 2182 2829 2247 illud,
2859 2184 3013 2251 cujus
3060 2182 3235 2250 imago
3278 2179 3410 2233 dici-

1863 2292 1969 2343 tur,
2008 2281 2170 2333 instat
2203 2286 2257 2332 et
2285 2278 2488 2347 objicit.
2516 2292 2622 2328 non
2671 2289 2887 2327 omnem
2936 2272 3222 2339 imaginem
3272 2271 3415 2337 eius-

1860 2372 2007 2426 modi
2038 2384 2180 2423 esse.
2209 2368 2277 2421 At
2305 2368 2391 2420 isti
2431 2382 2534 2419 non
2570 2365 2637 2418 de
2664 2363 2811 2417 omni
2844 2362 3075 2428 imagine
3114 2361 3412 2427 loquuntur

1861 2479 2038 2531 neque
2080 2462 2145 2515 de
2192 2460 2335 2513 omni
2382 2459 2673 2513 illatiouem
2715 2454 2938 2514 faciunt,
2986 2466 3175 2503 verum
3223 2450 3413 2502 dicunt

1862 2552 2115 2621 imaginis
2154 2565 2348 2603 nomen
2382 2563 2488 2602 non
2512 2556 2760 2613 Oportere
2795 2544 2953 2597 aliter
2990 2542 3163 2610 accipi
3194 2540 3259 2593 de
3292 2538 3412 2607 Spi-

1862 2644 1969 2696 ritu
2028 2642 2195 2695 relate
2243 2641 2307 2693 ad
2366 2640 2583 2704 Filium,
2611 2652 2772 2707 quam
2821 2634 2889 2687 de
2922 2634 3060 2687 Filio
3120 2631 3284 2685 relate
3341 2631 3405 2681 ad

1863 2737 2098 2792 Patrem.
2138 2736 2196 2789 Si
2231 2751 2360 2790 vero
2389 2734 2556 2787 Filius
2594 2732 2771 2798 imago
2800 2728 2976 2781 Patris
3020 2726 3243 2787 dicitur,
3285 2726 3411 2791 quia

1862 2832 2039 2885 Patris
2067 2829 2358 2884 essentiam
2411 2836 2571 2894 atque
2616 2833 2867 2877 naturam
2902 2835 2968 2873 ex
3004 2819 3159 2872 Patre
3214 2818 3414 2886 accipit

1862 2932 1921 2978 et
1963 2923 2144 2986 habet,
2188 2921 2314 2973 dum
2350 2926 2683 2989 generatur:
2729 2912 2954 2967 omnino
2990 2926 3211 2965 necesse
3241 2921 3326 2964 est
3357 2923 3416 2964 ut

1789 3033 1830 3087 ο
1862 3026 1917 3069 et
1949 3011 2329 3082 Spiritus’Filii
2360 3011 2533 3076 imago
2559 3009 2790 3069 dicatur,
2820 3008 2946 3074 quia
2978 3005 3096 3057 Filii
3124 3005 3411 3057 essentiam

1861 3116 2024 3171 atque
2080 3112 2324 3153 naturam
2360 3114 2457 3166 per
2513 3096 2707 3150 Filium
2754 3103 2809 3148 et
2838 3109 2903 3147 ex
2936 3093 3072 3147 Filio
3113 3093 3313 3162 accipit
3360 3099 3416 3167 et

1863 3195 2044 3257 habet,
2089 3193 2217 3244 dum
2264 3189 2527 3259 procedit.
2561 3188 2692 3242 Nam
2748 3186 2791 3239 si
2845 3201 2952 3239 non
2984 3184 3264 3252 :equaliter
3295 3193 3409 3236 tum

1863 3287 1949 3340 hic
2010 3295 2122 3338 tum
2167 3284 2276 3338 ilch
2327 3281 2574 3349 imaginis
2609 3293 2804 3332 nomen
2846 3277 3207 3344 acciperetur,
3277 3283 3406 3327 tunc

1862 3377 2167 3430 divinarum
2194 3387 2545 3442 personarum
2569 3370 2848 3438 aequalitas
2872 3383 2903 3421 e
2924 3366 3102 3420 medio
3128 3367 3410 3419 tolleretur

1859 3476 1912 3520 et
1943 3467 2111 3533 magis
2140 3479 2201 3516 ac
2227 3466 2405 3515 minus
2435 3461 2487 3513 in
2512 3462 2639 3528 ipsis
2661 3460 2943 3511 exsisteret
2969 3473 2983 3519 ;
3014 3465 3222 3509 erraret
3248 3458 3411 3509 etiam

1857 3553 2089 3622 Cyrillus
2112 3553 2238 3605 dum
2266 3550 2383 3604 Filii
2427 3549 2710 3615 imaginem
2746 3546 3006 3612 Spiritum
3033 3554 3187 3597 vocat
3216 3544 3407 3599 eodem

1860 3641 2045 3701 modo,
2087 3655 2195 3707 quo
2226 3639 2391 3690 Filius
2415 3637 2591 3697 imago
2632 3634 2803 3686 Patris
2834 3642 2935 3692 est,
2975 3633 3151 3698 capite
3192 3633 3404 3685 decimo

1859 3730 2023 3785 tertio
2050 3729 2172 3796 libri
2223 3726 2447 3780 secundi
2485 3724 2886 3777 Thurinorum.
2925 3720 2970 3774 A
2996 3720 3215 3774 nomine
3242 3710 3409 3789 igitur

1860 3819 2107 3889 imaginis
2144 3816 2475 3871 concludunt
2519 3812 2730 3875 Latini,
2768 3818 2930 3879 prout
2959 3811 3027 3863 de
3073 3810 3211 3863 Filio
3242 3810 3407 3865 relate

1859 3914 1925 3965 ad
1989 3912 2203 3965 Patrem
2244 3906 2464 3967 dicitur,
2515 3918 2621 3956 non
2678 3903 2747 3955 ab
2805 3902 3035 3969 imagine
3085 3901 3403 3954 universim.

1860 4004 1967 4057 Iste
1997 4016 2163 4065 vero,
2194 4001 2349 4069 quasi
2384 3999 2450 4051 de
2489 3995 2635 4050 omni
2687 3994 2919 4063 imagine
2976 3993 3028 4046 id
3080 4001 3405 4051 statuerent,

1862 4098 2030 4151 instat
2079 4109 2146 4147 ex
2183 4091 2380 4147 creatis
2415 4088 2601 4150 rebus,
2653 4101 2827 4153 neque
2871 4086 2924 4138 in
2970 4084 3103 4138 artis
3131 4100 3306 4152 neque
3353 4085 3408 4137 in

1861 4197 2072 4242 natum
2102 4181 2381 4252 productis
2407 4192 2628 4232 necesse
2671 4193 2812 4239 esse,
2846 4186 2902 4229 ut
2931 4176 3206 4244 exemplar
3244 4175 3413 4228 ratio-

1862 4290 1990 4329 nem
2031 4270 2450 4327 eausziliabeat
2500 4268 2563 4321 ad
2622 4266 2987 4334 exemplatum
3046 4266 3162 4318 sive
3195 4269 3258 4318 ad
3291 4281 3417 4334 pro-

203 4378 303 4427 γον
330 4359 507 4411 αἰτίου
532 4355 666 4423 πρὸς
697 4354 796 4423 τὴν
833 4354 969 4406 ἰδίαν
1017 4353 1163 4420 ἔχειν
1211 4353 1396 4405 εἰκόνα
1428 4351 1599 4419 φησί·
1640 4351 1761 4403 τίνα

1865 4366 2040 4435 priam
2089 4359 2398 4428 imaginem,
2450 4358 2754 4421 alfirmans;
2807 4371 3049 4425 quaenam
3084 4368 3264 4409 autem
3300 4358 3415 4410 sint

203 4451 265 4503 δέ
314 4451 455 4501 εἰσιν
500 4447 708 4508 ἐκεῖνα,
767 4446 854 4511 ἐφ’
891 4439 965 4496 ὢν
1017 4443 1189 4504 οὕτως
1242 4445 1379 4507 ἐστὶ,
1434 4441 1631 4494 πολλοῦ
1682 4443 1763 4494 δεῖ

206 4537 560 4609 προστιθέναι
585 4550 600 4565 ⁸
647 4535 762 4586 ἀλλ’
784 4535 817 4603 ἢ
853 4535 1017 4602 μηδὲν
1046 4533 1185 4602 ἔχων
1228 4536 1422 4596 εἰπεῖν,
1455 4535 1489 4605 ἢ
1514 4533 1758 4600 διαλεγό-

206 4646 369 4698 μενος
402 4625 593 4695 ἀφυῶς
629 4625 723 4676 ἐπὶ
773 4627 866 4676 τὸν
915 4624 1040 4676 Υἰδν
1086 4626 1325 4694 ἔρχεται,
1364 4617 1472 4677 ⁸καὶ.
1520 4624 1759 4676 δείκνυσι

204 4716 397 4768 τοῦτον
427 4716 611 4768 εἰκόνα
665 4713 922 4780 λέγεσθαι
972 4712 1069 4765 τοῦ
1129 4715 1343 4783 Πατρός
1398 4714 1457 4766 οὐ
1509 4712 1759 4764 τοσοῦτον

204 4807 282 4868 ὡς
310 4804 445 4872 πρὸς
468 4804 629 4856 αὑτὸν
664 4803 782 4856 κατ’
841 4802 1019 4856 αἰτίαν
1072 4804 1498 4873 ἀναφερόμενον,
1531 4801 1655 4854 ὅσον
1682 4801 1758 4862 ὡς

202 4900 264 4949 ὲν
298 4895 474 4962 ἐαυτῷ
524 4893 615 4945 τὸν
662 4892 881 4963 Πατέρα
926 4888 1312 4962 προδεικνύντα
1359 4895 1453 4945 xal.
1504 4892 1760 4955 εἰκονιζό-

206 5005 393 5058 μενον.
422 4986 694 5038 Ψεύδεται
716 4983 845 5053 γοῦν
883 4985 912 5037 ό
943 4984 1081 5054 ἀνὴρ
1136 4986 1193 5036 ἰν
1238 4986 1436 5053 ἀμφοῖν
1465 4999 1479 5012 ·
1542 4983 1759 5053 πρῶτον

207 5080 310 5147 μὲν
341 5080 399 5130 ἐν
436 5073 517 5139 οἷς
545 5076 694 5129 δοκεί
737 5077 844 5128 ἀπὸ
873 5076 982 5129 τῶν
1016 5078 1191 5130 ἄλλων
1247 5074 1588 5144 πραγμάτων
1648 5077 1761 5128 ἑνί-

203 5169 439 5221 στααθαι
469 5167 759 5237 βούλεσθαι
782 5183 797 5199 ⁸
824 5171 1037 5239 ἀνάγκη
1064 5170 1172 5240 γὰρ
1204 5170 1381 5221 πᾶσαν
1410 5167 1594 5220 εἰκόνα
1626 5169 1761 5238 πρὸς

200 5261 266 5311 τί»
293 5257 644 5329 παράδειγμα
675 5260 752 5323 ὡς
775 5262 1019 5316 αἰτιατόν
1062 5275 1179 5323 πως
1226 5258 1595 5324 ἀναφέρεσθαι
1626 5261 1760 5331 πρὸς

1867 4456 1979 4518 illa,
2024 4453 2080 4504 in
2125 4450 2325 4518 quibus
2365 4451 2436 4500 ita
2468 4457 2574 4508 est,
2614 4448 2665 4499 id
2711 4458 2771 4501 ut
2827 4446 3012 4508 addat,
3040 4446 3109 4497 ab
3138 4461 3205 4499 eo
3254 4448 3414 4513 longe

1867 4546 2077 4600 alienus
2102 4553 2206 4606 est,
2238 4556 2427 4596 verum
2458 4540 2541 4623 rei
2571 4540 2704 4592 nihil
2735 4539 2963 4596 habens.
2995 4538 3139 4604 quod
3167 4538 3306 4590 dicat
3329 4539 3416 4591 vel

1867 4635 2116 4702 imperite
2154 4632 2434 4699 disputans
2483 4629 2547 4681 ad
2594 4628 2787 4681 Filium
2851 4626 3017 4687 venit,
3066 4626 3415 4693 ostenditque

1864 4739 1989 4778 cum
2014 4722 2122 4778 dici
2149 4721 2325 4776 Patris
2349 4720 2639 4788 imaginem
2673 4732 2781 4771 non
2814 4724 3020 4767 tantum
3049 4722 3108 4765 ut
3135 4714 3203 4766 ad
3237 4716 3413 4783 ipsum

1864 4816 2165 4870 secundum
2197 4826 2413 4867 causam
2452 4810 2997 4883 relatumnquantuut
3037 4813 3094 4857 ut
3126 4806 3177 4857 in
3208 4819 3267 4857 se
3296 4805 3413 4870 ipso

1866 4907 2084 4960 Patrem
2142 4911 2644 4974 prmmonslrautem
2688 4907 2742 4951 et
2786 4897 3125 4965 ﬁgurantem.
3158 4896 3415 4949 Mentitur

1868 4999 2033 5066 igitur
2065 4995 2148 5047 vir
2184 4996 2288 5047 iste
2342 4994 2395 5044 in
2433 5000 2702 5057 utroque:
2744 4987 2919 5055 primo
2951 4986 3172 5054 quidem
3230 4987 3284 5037 in
3327 5000 3418 5043 eo.

1868 5087 2015 5157 quod
2057 5086 2271 5139 videtur
2292 5097 2357 5136 ex
2378 5082 2497 5135 aliis
2520 5081 2681 5133 rebus
2709 5078 3016 5132 instantiam
3036 5084 3219 5144 petere
3244 5076 3379 5127 velle
3403 5092 3417 5137 ;

1869 5194 1991 5233 nam
2017 5190 2236 5231 necesse
2266 5176 2349 5226 εει
2380 5187 2593 5225 onmem
2632 5172 2918 5237 imaginem
2946 5167 3011 5219 ad
3052 5166 3325 5232 exemplar
3362 5175 3416 5217 ut
3490 5167 3497 5172 '

1870 5260 2580 5331 causatumquodammodo
2617 5257 2804 5312 referri
2856 5254 2920 5307 ad
2963 5255 3235 5322 propriam
3287 5266 3417 5303 cau-

275 5419 353 5490 (l)
383 5418 459 5473 Ex
486 5418 630 5473 Non.
662 5403 849 5475 Ξδϐτδ
883 5421 1212 5484 addidimus,
1233 5422 1377 5488 quod
1411 5421 1465 5475 in
1511 5423 1723 5478 caeteris
1759 5422 1931 5480 deest.

195 5576 582 5721 “(359334?
637 5580 736 5635 hac
800 5577 866 5631 de
909 5592 964 5633 re
1002 5588 1053 5632 et
1081 5576 1369 5647 Georgium
1415 5576 1756 5633 iletochitam
1796 5588 1982 5633 contra
2040 5575 2336 5631 Mauuelem
2389 5575 2725 5639 Cretensem,
2769 5586 2818 5625 c.
2856 5572 2889 5626 8
2922 5571 3038 5642 (Cr.
3084 5571 3319 5636 orth.,t.
3370 5573 3413 5625 ιι
