4140 6328
797 325 897 389 121

1993 313 2329 376 GEORGII
2346 310 2773 384 ‘SCHOLABII

3898 307 4000 370 128

797 432 1243 505 quandoquidem
1281 428 1480 487 sulIicit
1550 426 1687 497 ipsis
1714 399 2105 494 ⁵ὶιιειίιιιοςιιῑυιιι
2146 429 2230 477 tot
2294 436 2352 476 sa

2454 434 2607 474 orum
2671 418 2971 472 dicentium
3044 434 3107 471 ex
3167 417 3601 487 FiiinSpiritttnt
3684 421 4002 487 procedere.

797 503 1188 583 dubiumivero
1214 522 1295 577 eis
1322 536 1430 575 non
1459 526 1563 585 est,
1597 518 1731 588 quin
1765 533 1832 571 ex
1855 516 1979 572 Filii
2006 514 2288 584 bypostasi
2313 511 2619 582 .procedere
2656 510 2758 564 hoc
2793 512 2970 579 ipsum
3002 510 3091 569 sit,
3126 510 3269 576 quod
3308 511 3602 576 procedere
3631 526 3702 565 ex
3733 503 3895 565 Filio.

1192 696 1195 701 ί
1255 633 1499 690 EPHES.
1531 631 1684 687 CAP.
1719 630 1855 687 XVI.
1896 666 1899 671 ι

871 752 1107 822 Spiritus
1126 756 1348 803 sanctus
1385 762 1449 803 ex
1482 746 1642 800 Patre
1672 752 1730 797 et
1760 742 1901 797 Filio
1933 739 2237 812 procedens
2256 746 2349 791 aut

797 854 1065 916 quatenus
1107 851 1237 896 sunt
1283 838 1524 894 distincti
1565 835 1764 903 abhis
1791 833 2059 902 procedit,
2089 841 2182 914 aut
2212 846 2348 900 qua-

803 948 960 991 tenus
1009 941 1139 988 sunt
1186 932 1349 985 uniti.
1397 930 1453 983 Si
1502 927 1726 998 quidem
1760 936 2032 994 quatenus
2062 933 2191 979 sunt
2234 924 2349 978 dis-

800 1027 955 1081 tincti
1000 1038 1075 1080 et.
1106 1026 1250 1088 duo,
1300 1022 1371 1075 ab
1419 1022 1504 1074 cis
1552 1017 1823 1088 procedit,
1872 1015 2113 1071 distincti
2165 1023 2347 1068 autem

797 1128 924 1172 sant
949 1120 1249 1171 secundum
1272 1113 1594 1183 hypostases
1624 1117 1675 1163 et
1708 1107 1816 1161 duo
1846 1123 1858 1171 ;
1888 1122 1957 1160 ex
1982 1105 2195 1160 duabus
2218 1119 2349 1174 ergo

797 1206 1182 1278 hypostasibus
1204 1202 1445 1272 Spiritus
1469 1210 1693 1253 sanctus
1715 1198 1918 1267 prodit,
1949 1207 2004 1249 et
2028 1196 2223 1250 exinde
2253 1210 2349 1249 ne—

796 1298 1035 1351 cessarit)
1089 1310 1156 1349 ex
1209 1293 1427 1344 duobus
1480 1302 1698 1356 quoque
1750 1284 2056 1355 principiis.
2113 1284 2168 1338 Si
2216 1297 2347 1338 vero

796 1397 1067 1456 quatenus
1098 1392 1226 1438 sunt
1280 1379 1457 1443 uniti,
1488 1379 1665 1448 primo
1698 1377 1919 1446 quidem
1960 1390 2069 1430 non
2114 1377 2349 1445 amplius

796 1479 914 1545 ipse
948 1475 1186 1544 Spiritus
1214 1487 1241 1523 a
1293 1469 1454 1523 Patre
1483 1477 1539 1522 et
1564 1467 1702 1521 Filio
1727 1467 1907 1535 prodit
1930 1476 2198 1535 quatenus
2222 1474 2349 1519 sunt

796 1567 1063 1626 distincti.
1096 1578 1227 1633 ergo
1260 1577 1369 1616 non
1403 1577 1469 1614 ex
1502 1559 1892 1630 ltypostasibus
1914 1574 2104 1612 eorum
2129 1557 2347 1626 prodit;

798 1673 978 1725 neque
1012 1656 1178 1723 igitur
1205 1668 1272 1705 ex
1301 1663 1521 1719 paterna
1550 1648 1861 1719 liyposmsi',
1886 1662 2063 1715 neque
2089 1662 2154 1701 ex
2181 1647 2350 1713 hypo-

803 1747 933 1801 stasi
987 1744 1147 1807 Filii;
1207 1742 1355 1809 atqui
1394 1739 1525 1793 illud
1557 1754 1778 1802 verum,
1834 1738 1939 1791 hoc
1967 1752 2099 1789 vero
2157 1735 2348 1788 falsum

801 1837 1097 1905 Gregorius
1121 1832 1397 1904 Nysscnus
1434 1829 1709 1884 cunvincit
1739 1846 1754 1891 ;
1784 1829 1861 1881 ait
1906 1828 2053 1880 enim
2108 1827 2181 1879 ita
2222 1840 2353 1879 con-

2371 630 2422 687 Δ

2881 596 3143 676 terror
3176 624 3328 679 xm.
3370 624 3464 691 ις’
3500 625 3601 696 (ι).

2522 736 2595 789 Th
2626 722 2851 807 Πνεῦμα
2875 737 2935 788 τὸ
2968 735 3125 804 ἅγιον
3156 738 3217 789 ὲκ
3251 737 3459 806 Harp)»;
3492 730 3585 790 καὶ
3628 735 3761 791 Υίοῦ
3804 756 4006 808 προερο

2448 828 2675 897 χύμενον
2720 828 2751 897 ἢ
2794 827 2926 879 καθὸ
2966 827 3071 881 εἰσι
3109 826 3516 897 διακεκρθμένοι
3564 828 3774 880 τούτων
3810 831 4003 898 πρόει-

2440 932 2553 983 σιν,
2584 920 2616 988 ἢ
2646 920 2782 972 καθό
2823 920 2965 971 εἰσιν
3006 919 3296 987 ήνωμένοι.
3344 917 3406 970 Εἰ
3450 919 3549 989 μὲν
3590 917 3684 973 οὖν
3720 920 3849 972 καθό
3895 923 4004 971 εἱσι

2447 1010 2852 1078 διακεκριμένοι
2913 1012 3005 1063 καὶ
3058 1009 3171 1075 δύο,
3224 1009 3430 1062 τούτων
3480 1013 3831 1078 προέρχεται,
3883 1012 4005 1063 δια-

2446 1102 2759 1169 κεκριμένοι
2778 1100 2834 1152 δέ
2868 1102 2973 1153 εἰσι
3006 1104 3144 1153 κατὰ
3172 1100 3270 1162 τὰς
3306 1101 3633 1204 immissi;
3662 1101 3899 1166 καὶδύο,
3942 1104 4005 1154 ἐκ

2445 1191 2539 1243 δύο
2574 1192 2684 1262 ἄρα
2721 1193 3074 1246 ὁποστάσεων
3123 1195 3183 1246 τὸ
3222 1191 3444 1263 Πνεῖἓμα
3476 1194 3536 1245 τὸ
3580 1195 3737 1261 ἅγιον
3765 1197 4005 1265 npéetgi;

2447 1281 2743 1335 κάντεῦθεν
2800 1285 2864 1336 ὲκ
2905 1283 2997 1337 δύο
3026 1284 3209 1354 ἀρχῶν
3235 1284 3292 1350 ἐξ
3343 1284 3609 1354 ἀνάγκης.
3650 1285 3712 1337 Ei
3761 1286 3816 1337 δὲ
3864 1287 4009 1338 καθό

2449 1372 2589 1424 εἰσιν
2624 1374 2909 1442 ὴνωμένοι,
2965 1374 3184 1443 πρῶτον
3244 1375 3342 1446 μεν
3386 1375 3568 1427 οὐκέτι
3624 1374 3687 1427 τὸ
3716 1375 3867 1438 αὐτὸ,
3908 1378 4010 1428 καὶ

2449 1462 2583 1515 καθό
2614 1465 2720 1515 εἰσι
2744 1462 3151 1532 διακεκριμέναι
3195 1465 3400 1519 τούτων
3431 1465 3680 1535 πρόεισιν
3704 1482 3721 1496 ⁸
3750 1466 3848 1518 οὐκ
3893 1466 4008 1533 ἄρα

2451 1555 2514 1605 ὲκ
2548 1554 2655 1606 τῶν
2705 1555 3059 1609 ὑποστάσεων
3106 1556 3287 1612 αὐτῶν
3310 1557 3556 1626 πρόεισιν
3578 1572 3591 1586 ·
3626 1556 3739 1609 οὔτ’
3786 1559 3895 1625 ἄρα
3943 1562 4009 1608 ἐκ
4045 1546 4055 1557 I

2449 1646 2547 1710 τῆς
2593 1647 2863 1713 πατρικῆς
2897 1645 3243 1707 ὑποστάσεως
3298 1645 3415 1698 οὕτ’
3463 1649 3528 1699 ὲκ
3581 1648 3679 1715 τῆς
3734 1647 3826 1699 τοῦ
3873 1647 4012 1699 Tia?)

2453 1732 2836 1795 ὑποστάσεωςο
2867 1733 3005 1786 ἀλλὰ
3044 1737 3103 1787 τὸ
3149 1736 3247 1804 μὲν
3301 1736 3518 1803 ἀληθὲς,
3550 1739 3612 1789 τὸ
3655 1738 3713 1788 δὲ
3743 1718 3947 1805 ψεῦδος
3987 1740 4014 1787 ὁ

2451 1823 2548 1891 τῆς
2574 1822 2792 1892 Νύσσης
2825 1825 3123 1907 Γρηγόριος
3160 1828 3232 1896 πῆ
3271 1827 3472 1909 μὲνκθ)
3520 1828 3820 1899 διελέγχειο
3853 1832 4014 1897 λέγει

800 1900 972 1996 ccptis
998 1900 1185 1979 verbis
1200 1940 1211 1973 :
1250 1922 1501 1994 Spiritum
1530 1936 1591 1974 ex
1612 1930 1833 1997 paterna
1877 1920 2141 1989 Irypostasi
2168 1933 2350 1988 proce-

2454 1914 2558 1983 γὰρ
2588 1914 2784 1966 οὑτωσὶ
2821 1915 3031 1984 ῥητῶς*
3064 1900 3303 1986 [Ir-sima
3334 1900 3399 1971 td
3446 1917 3551 1986 τῆς
3586 1919 3870 1986 πατρικῆς
3915 1923 4017 1973 ἐκ-

801 2017 1029 2069 dentem.
1087 2009 1601 2080 Deinde‘quidnam
1645 2009 1810 2062 fuerit
1846 2008 2000 2070 illud,
2049 2006 2349 2062 secundum

799 2108 947 2175 quod
990 2104 1128 2158 uniti
1162 2103 1329 2158 sunt?
1358 2102 1620 2156 Naturam
1656 2100 1880 2153 forsitan
1916 2098 2100 2153 dicent
2127 2099 2206 2159 vel
2238 2098 2351 2167 spi-

801 2198 1028 2249 rativam
1056 2194 1341 2248 virtutem.
1371 2192 1478 2246 Sed
1518 2194 1561 2245 si
1590 2191 1812 2260 quidem
1838 2206 1903 2244 ex
1927 2199 2117 2243 natura
2146 2190 2349 2260 prodit,

799 2288 965 2361 etiam
985 2303 1051 2341 ex
1079 2301 1137 2339 se
1167 2287 1283 2353 ipso
1318 2284 1573 2354 procedet
1600 2299 1613 2349 ;
1648 2298 1772 2335 nam
1804 2282 2220 2336 eommunis'est
2256 2281 2351 2334 tri-

800 2376 903 2430 bus
934 2376 1188 2445 personis
1228 2383 1435 2426 natura.
1460 2374 1535 2425 'Si
1577 2387 1706 2425 vero
1732 2386 1797 2425 ex
1832 2371 2092 2439 spirativa
2119 2372 2345 2433 virtute,

800 2466 946 2533 hanc
971 2479 1186 2532 quoque
1210 2466 1433 2516 deberet
1453 2462 1693 2541 Spiritus
1724 2463 2004 2530 possidere
2023 2460 2190 2527 :Qua'
2211 2462 2350 2515 enim

800 2556 1096 2609 communia
1129 2560 1249 2606 sunt
1276 2553 1423 2605 Patri
1454 2561 1500 2604 et
1539 2548 1704 2615 Filio,
1730 2566 1791 2602 ea
1821 2552 2114 2602 communia
2150 2566 2351 2619 quoque

797 2657 920 2699 sunt
954 2643 1198 2714 Spiritui,
1260 2636 1539 2711 ut/‘magni'
1580 2642 1682 2694 viri
1714 2640 2001 2709 Dionysius
2021 2649 2078 2692 et
2121 2639 2351 2693 Basilius

801 2736 975 2787 aiunt.
1004 2732 1204 2787 Verum
1226 2747 1475 2801 qua'nam
1505 2740 1589 2784 est
1623 2731 1840 2797 sapiens
1867 2744 2057 2781 eorum
2109 2729 2176 2780 ad
2226 2728 2351 2792 h‘oc,

803 2827 916 2878 itno
946 2824 1173 2878 ridicula
1203 2823 1527 2891 responsio?
1563 2822 1821 2882 Haberet,
1851 2819 2131 2886 inquiunt,
2153 2833 2273 2870 eam
2299 2827 2355 2871 et

804 2918 941 2985 ipse,
974 2915 1083 2966 nisi
1106 2913 1441 2981 impossibile
1474 2921 1639 2975 esset,
1668 2920 1729 2963 ut
1766 2926 1823 2964 se
1855 2912 2030 2977 ipsum
2084 2909 2353 2976 produce—

804 3015 905 3057 εει.
938 3004 1048 3057 lloc
1080 3003 1247 3070 igitur
1279 3002 1455 3055 simile
1486 3010 1568 3053 est
1606 3016 1669 3054 ac
1701 3000 1745 3053 si
1790 3002 1916 3068 quis
1944 2999 2133 3053 videns
2156 3014 2222 3052 ex
2257 3014 2355 3052 sua

807 3096 984 3165 ipsius
1016 3093 1435 3146 ratiocinatione
1466 3090 1741 3153 concludi,
1769 3091 2042 3143 hominem
2076 3104 2193 3143 esse
2221 3091 2355 3159 lapi-

2453 2007 2861 2072 πορευόμεγον
2887 2008 3297 2072 ὑποστάσεως.
3336 2010 3564 2061 Ἔπειτα
3618 2012 3707 2063 καὶ
3735 2013 3788 2063 τί
3827 2012 3896 2064 ἂν
3925 2012 4014 2079 εἰς

2450 2096 2629 2157 τοῦτο,
2658 2094 2779 2149 καθ’
2806 2096 2834 2148 ὅ
2856 2099 2993 2149 εἰσιν
3021 2099 3319 2167 ἡνωμένοις
3354 2101 3462 2170 Τὴν
3494 2101 3654 2169 φύσιν
3683 2101 3869 2171 ἐροῦσι
3914 2119 4014 2153 τυ-

2450 2186 2545 2255 χὸν
2579 2187 2612 2254 ἢ
2636 2186 2734 2257 τὴν
2764 2187 3130 2257 προσλητικὴν
3166 2190 3400 2259 δύναμιν
3421 2205 3434 2221 ⁶
3466 2192 3579 2243 ἀλλ’
3610 2195 3657 2244 εί
3686 2192 3787 2261 μὲν
3814 2195 3879 2244 ἐκ
3911 2196 4015 2257 τῆς

2451 2280 2664 2349 φύσεως
2689 2281 2922 2350 πρόεισι,
2949 2283 3043 2333 καὶ
3071 2283 3128 2347 ἐξ
3152 2282 3343 2335 ἑαυτοῦ
3368 2284 3787 2354 προελεύσεται·
3824 2286 4013 2337 κοινὸν

2450 2374 2558 2443 γὰρ
2584 2376 2698 2436 τοῖς
2725 2378 2904 2444 τρισὶν
2946 2377 2978 2442 ἡ
3010 2372 3199 2442 φύσις⁰
3237 2376 3285 2426 εί
3325 2374 3371 2428 δ’
3402 2375 3597 2443 ὲκτῆς
3629 2376 4013 2445 προϐλητικῆς

2450 2466 2754 2534 δυνάμεως,
2796 2467 2889 2517 καὶ
2916 2466 3120 2537 ταύτην
3150 2465 3377 2535 ὠφειλεν
3400 2466 3544 2536 ἔχειν
3579 2468 3744 2519 αὐτό·
3788 2467 3865 2519 Τὰ
3899 2468 4012 2535 γὰρ

2450 2557 2622 2607 κοινὰ
2677 2555 2863 2620 Harp}.
2910 2538 3010 2606 real
3050 2556 3158 2619 Υἱῴ
3200 2556 3372 2611 κοινὰ
3420 2556 3514 2609 καὶ
3561 2556 3640 2620 τῷ
3684 2559 4011 2626 llr-stipati,

2452 2645 2722 2708 Διονύσιός
2751 2661 2883 2713 φασι
2914 2648 3006 2697 καὶ
3040 2646 3317 2708 Βασίλειος
3345 2649 3393 2699 oi
3430 2649 3678 2716 μεγάλοι.
3723 2651 3886 2703 Ἀλλὰ
3926 2654 4009 2712 τίς

2453 2735 2481 2784 ὁ
2511 2733 2669 2800 σοφὸς
2724 2733 2903 2785 αὐτῶν
2965 2733 3102 2803 πρὸς
3157 2734 3313 2785 τοῦτο
3370 2737 3777 2799 καταγέλαστος
3808 2737 4013 2804 λόγος;

2455 2818 2611 2891 Εἵχεν
2642 2823 2729 2888 ἂν,
2772 2824 2927 2891 φησὶ,
2966 2824 3062 2876 καὶ
3096 2824 3227 2875 αὐτὸ
3260 2824 3485 2893 ταύτην,
3520 2826 3568 2875 εί
3626 2826 3701 2895 μὴ
3748 2827 4016 2880 ἀδύνατον

2454 2907 2521 2978 ἦν
2556 2914 2717 2967 ἑαυτὸ
2750 2915 3099 2985 προϐᾀλλειν.
3136 2916 3305 2970 Τοῦτο
3352 2918 3449 2986 μὲν
3474 2916 3565 2971 οὖν
3610 2920 3819 2988 ὅμοιον,
3851 2922 3931 2984 ὡς
3962 2922 4019 2973 ετ

2455 3021 2535 3066 τις
2573 3006 2713 3073 ὀρῶν
2740 3008 2804 3058 ὲκ
2826 3011 2934 3061 τῶν
2971 3008 3161 3062 ἑαυτοῦ
3196 3010 3562 3079 συναγόμενον
3587 3012 3762 3080 λόγων
3801 3015 3891 3065 τὸν
3914 3016 4013 3067 ἆν-

2458 3089 2677 3162 θρωπον
2701 3095 2847 3148 λίθον
2875 3092 3034 3160 εἶναι,
3082 3101 3150 3151 τὰ
3188 3099 3307 3168 μὲν,
3337 3100 3458 3152 ὅθεν
3486 3101 3647 3153 τοῦτο
3694 3104 4013 3169 συνάγεται,

807 3189 953 3247 dein,
1004 3199 1089 3245 ea,
1127 3183 1271 3237 unde
1321 3183 1422 3235 boc
1472 3181 1838 3243 concluditur,
1877 3196 1945 3233 ne
1999 3181 2108 3234 ullo
2138 3180 2353 3249 quidem

2462 3185 2586 3253 μηδ’
2624 3188 2926 3240 ὁπωστιοῦν
2971 3190 3305 3260 ἐπανορθοῦν
3338 3192 3599 3262 πειρῷτο,
3639 3195 3784 3262 λέγοι
3832 3197 3887 3249 δὲ
3940 3198 4016 3258 ὡς

810 3276 972 3329 modo
996 3276 1269 3342 corrigere
1303 3283 1612 3336 conaretur,
1661 3271 1865 3324 diceret
1894 3286 2042 3335 vero,
2080 3271 2354 3325 hominem

2459 3269 2528 3342 ἦν
2561 3274 2625 3327 ἂν
2663 3278 2691 3327 ὀ
2728 3276 3012 3346 ἅνθρωπος
3047 3259 3213 3344 λίθος,
3265 3284 3312 3333 εἰ
3355 3259 3444 3351 μὴ
3470 3259 3732 3339 ἀδύνατον
3753 3284 3821 3356 ἦν
3843 3287 3902 3339 τὸ
3930 3288 4018 3341 λο-

806 3382 939 3421 sane
971 3365 1214 3418 laturum
1247 3364 1514 3428 lapidem,
1564 3364 1665 3418 nisi
1702 3362 2037 3430 impossibile
2084 3371 2247 3426 esset,
2300 3370 2357 3414 ut

806 3458 1005 3512 animal
1065 3456 1329 3510 rationale
1383 3465 1531 3510 esset
1609 3455 1968 3510 iuanimatmu
2034 3463 2199 3522 atque
2254 3453 2357 3505 itu-

805 3550 1023 3605 mobile.

1370 3658 1814 3717 SCllOLARlUS.

875 3777 1173 3833 Credentes
1227 3775 1399 3829 Latini
1450 3774 1715 3842 Spiritum
1770 3759 2024 3829 sanetum
2058 3774 2357 3845 procedere

802 3885 868 3923 ex
900 3867 1038 3921 Filio
1063 3867 1267 3919 nullam
1304 3867 1498 3917 timent
1529 3862 1595 3914 ad
1622 3862 1919 3915 absurdum
1945 3864 2353 3919 deductionem.

802 3959 990 4026 Neque
1025 3958 1169 4009 enim
1210 3953 1260 4007 id
1294 3951 1527 4007 credunt
1557 3959 1616 4002 ut
1662 3950 1883 4017 proprio
1917 3950 2086 4004 Marte
2123 3967 2153 4005 a
2184 3968 2243 4006 se
2272 3954 2359 4005 in-

803 4058 1048 4107 ventura.
1090 4046 1183 4098 sed
1227 4045 1295 4096 ab
1331 4040 1588 4094 Ecclesia:
1632 4039 1947 4093 doctoribus
1973 4041 2175 4107 edocti,
2223 4057 2361 4110 quos

810 4137 955 4192 haud
982 4150 1220 4203 unquam
1254 4144 1470 4186 errasse
1509 4131 1652 4185 circa
1689 4139 1795 4183 tam
1824 4145 2043 4199 gravem
2076 4132 2359 4186 veritatem

811 4228 1166 4287 arbitrantur,
1221 4224 1522 4292 prtesertim
1578 4237 1703 4278 cum
1756 4222 1893 4277 tales
1948 4224 2205 4300 ac_tanti
2259 4223 2360 4300 viri

813 4317 1139 4371 exstiterint.
1174 4314 1349 4378 Quare
1384 4328 1559 4381 neque
1594 4314 1681 4376 iis,
1721 4314 1817 4381 qui
1850 4314 1930 4367 ita
1970 4294 2252 4368 dialectice
2279 4296 2361 4366 in-

816 4415 1091 4477 terrogant
1137 4413 1192 4458 et
1240 4404 1303 4457 ad
1357 4403 1651 4457 absurdum
1680 4417 1778 4458 eos
1824 4404 2097 4459 deducere
2148 4405 2359 4469 volunt,

809 4499 1011 4568 aliquid
1043 4495 1371 4564 respondere
1403 4497 1573 4548 coaeti
1614 4503 1760 4547 sunt.
1796 4492 1854 4547 Si
1896 4496 2041 4548 enim
2089 4497 2219 4564 quid
2267 4496 2362 4549 ab-

2459 3367 2615 3433 γικὸν
2641 3368 2777 3431 ζῶον
2806 3370 3011 3442 ἄψυχόν
3044 3389 3103 3424 τε
3126 3374 3220 3426 καὶ
3246 3375 3501 3446 ἀκίνητον
3523 3374 3688 3435 εἶναι.

3013 3652 3053 3704 o
3085 3653 3483 3730 zxoaAPtoz.

2527 3765 2587 3817 Οἱ
2618 3766 2830 3817 Λατῖνοι
2869 3765 2929 3817 τὸ
2964 3767 3275 3844 Πνεῦμαετὸ
3308 3768 3463 3836 ἅγιον
3510 3770 3916 3844 ἐκπορεύεσθαι
3949 3786 4015 3832 εκ

2432 3854 2549 3923 τοῦ
2581 3855 2710 3907 Υἱοῦ
2745 3857 3112 3923 πιστεύοντες,
3165 3860 3423 3927 οὐδεμίαν
3464 3864 3545 3926 είς
3600 3865 3803 3921 ἄτοπον
3839 3871 4021 3924 δεδία-

2459 3960 2543 3996 σιν
2573 3946 2898 4016 ὰπαγωγήν.
2945 3949 3019 3999 Οὐ
3049 3952 3155 4019 γὰρ
3186 3952 3399 4003 οἴκοθεν
3427 3956 3681 4024 εὑρόντες
3728 3961 3887 4013 τοῦτο
3924 3982 4018 4016 πε·

2459 4034 2758 4101 στεύουσιν,
2785 4036 2900 4088 ἀλλ’
2931 4038 3032 4090 ὑπὸ
3053 4040 3159 4092 τῶν
3188 4042 3284 4110 τῆς
3325 4044 3646 4114 Ἐκκλησίας
3672 4049 4020 4107 διδασκάλων

2460 4123 2749 4192 μαθόντες,
2794 4124 2888 4189 οὓς
2920 4126 3196 4211 ¹ἡγοῦνται
3248 4130 3324 4200 μὴ
3381 4131 3446 4184 ἄν
3479 4151 3606 4187 ποτε
3671 4140 4023 4211 πλανηθῆναι

2459 4216 2589 4285 περὶ
2606 4218 2873 4287 τοσαύτην
2903 4217 3177 4288 ἀλήθειαν.
3212 4222 3302 4272 καὶ
3330 4222 3500 4276 ταῦτα
3525 4226 3822 4292 τοσούτους
3855 4232 4022 4295 ὄντας

2460 4311 2554 4363 καὶ
2588 4308 2965 4379 τηλικούτους,
2996 4310 3159 4362 Ὅθεν
3198 4312 3316 4365 οὐδὲ
3348 4314 3459 4376 τοῖς
3504 4314 3786 4383 ἐρωτῶσιν
3820 4321 4025 4375 οὑτωσὶ

2458 4400 2815 4464 διαλεκτικῶς
2846 4401 2939 4454 καὶ
2970 4402 3049 4464 είς
3079 4402 3278 4455 ἄτοπον
3308 4403 3655 4475 βουλομένοις
3687 4411 3934 4479 ἁπάγειν
3966 4414 4026 4477 ἐξ

2463 4494 2707 4561 ἀνάγκης
2738 4494 2803 4547 ἄν
2847 4511 2900 4546 τι
2954 4494 3050 4546 καὶ
3101 4496 3511 4564 ἀποκρίνοιντο”
3561 4500 3611 4551 εί
3662 4502 3771 4571 γάρ
3814 4520 3865 4556 τι
3926 4510 4025 4557 καὶ

809 4593 961 4648 surdi
993 4590 1155 4643 etiam
1194 4602 1258 4640 ex
1295 4586 1398 4639 hac
1427 4585 1695 4638 sententia
1728 4595 2047 4651 sequeretur
2071 4588 2356 4655 (ponamus

2463 4586 2662 4637 ἄτοπον
2698 4586 2760 4638 ὲκ
2788 4584 2991 4651 ταύτης
3021 4585 3309 4654 ἠκολούθει
3349 4588 3447 4659 τῆς
3472 4589 3629 4659 δόξης
3655 4593 3880 4661 (κείσθω
3909 4599 4027 4665 γὰρ

809 4686 899 4737 hic
954 4675 1316 4747 impossibile)
1347 4675 1683 4729 :doctoribns
1731 4675 1916 4741 potius
1947 4678 2239 4730 convenire
2270 4692 2361 4730 ar-

808 4781 1107 4838 bitrantur,
1156 4783 1215 4827 ut
1266 4774 1317 4827 id
1364 4770 1697 4841 perspiciant
1747 4778 1911 4837 atque
1955 4767 2205 4833 solvant;
2257 4772 2359 4840 ipsi

809 4887 937 4925 vero
964 4886 1022 4922 se
1052 4866 1198 4920 omni
1229 4864 1390 4918 modo
1414 4876 1567 4917 extra
1594 4862 1691 4914 ltas
1714 4859 2123 4913 criminationes
2153 4861 2360 4927 positos

813 4976 931 5014 esse
994 4958 1263 5010 aﬂirmant
1311 4964 1367 5009 et
1416 4952 1829 5021 multispotius
1886 4950 2361 5005 criminationibus

814 5049 1085 5115 subjectos
1135 5048 1364 5115 credunt
1398 5060 1492 5098 eos
1538 5044 1631 5111 qui
1674 5052 1985 5098 sanctorum
2022 5040 2361 5109 theologiam

819 5113 1064 5190 evertere
1099 5113 1287 5186 vdlunt
1327 5143 1546 5200 propter
1579 5132 1824 5199 quadam
1876 5130 2116 5185 absurda
2163 5139 2219 5184 et
2259 5132 2361 5183 im-

816 5226 1116 5296 possibilia,
1147 5240 1267 5291 quae
1318 5224 1544 5276 fortasse
1592 5237 1655 5275 ex
1686 5237 1750 5275 ea
1782 5223 2027 5276 doctrina
2073 5222 2359 5287 accidunt;

762 5379 766 5384 ,
816 5317 909 5371 tali
957 5320 1099 5370 enim
1133 5323 1290 5382 pacto
1318 5313 1481 5365 etiam
1509 5326 1687 5363 veram
1738 5312 1897 5365 ﬁdem
1932 5314 2238 5365 universam
2270 5312 2361 5378 qui

816 5406 917 5458 ista
964 5404 1170 5457 audent
1215 5402 1397 5454 multis
1441 5400 1849 5453 difﬁcultatibus
1899 5400 2222 5469 replebunt,
2275 5399 2361 5452 cui

818 5494 940 5547 lidci
968 5494 1171 5561 plnries
1210 5492 1512 5545 naturalem
1562 5491 1827 5544 rationem
1860 5493 2235 5545 adversantem
2275 5491 2360 5544 vi—

894 5608 967 5676 (ι)
992 5607 1253 5677 idenim}
1288 5608 1328 5669 ί,
1349 5608 1453 5661 296
1482 5624 1533 5670 a,
1563 5617 1790 5677 estcap.
1828 5609 1893 5661 l7

884 5675 963 5745 (Ξ)
994 5675 1089 5726 Ποῖ
1122 5678 1224 5743 μὴν
1241 5677 1411 5731 habet
1442 5678 1583 5730 Non.
1620 5679 1737 5729 1150.

2459 4676 2521 4727 τὸ
2560 4674 2870 4740 ἀδύνατον),
2905 4675 3063 4727 τοῦτο
3114 4676 3209 4728 καὶ
3238 4680 3473 4749 συνορᾷν
3501 4682 3594 4732 καὶ
3628 4682 3777 4734 λύειν
3810 4685 4024 4753 ἁρμὸτ·

2460 4782 2575 4817 τειν
2607 4768 2722 4827 τοῖς
2772 4764 3114 4827 διδασκάλοις
3147 4766 3346 4833 μᾶλλον
3387 4768 3701 4836 νομίζουσιν
3727 4787 3740 4802 °
3771 4775 3932 4827 αὐτοὶ
3966 4776 4022 4827 δι

2461 4858 2807 4909 παντάπασιν
2848 4856 2950 4919 ἔξω
2984 4855 3091 4906 τῶν
3130 4857 3497 4925 ιγκλημάτων
3524 4860 3734 4915 τούτων
3785 4865 4018 4917 ἑστάναι

2463 4950 2615 5016 φασὶ,
2670 4948 2882 5009 πολλοῖς
2916 4946 2972 4998 δὲ
3031 4945 3234 5013 μᾶλλον
3284 4938 3640 5019 ἐγκλήμασιν.
3690 4952 4020 5007 ὑποκεῖσθαι

2463 5043 2779 5094 πιστεύουσι
2806 5041 2930 5100 τοὺς
2956 5041 3201 5111 ἀναιρεῖν
3224 5038 3577 5108 βουλομένους
3598 5044 3697 5114 τὴν
3715 5045 3827 5098 τῶν
3844 5046 4020 5114 ἁγίων

2464 5134 2740 5201 θεολογίαν
2767 5133 2853 5185 διὰ
2888 5132 2957 5183 τὰ
2981 5134 3044 5183 ἐκ
3070 5132 3163 5183 τοῦ
3193 5134 3365 5199 Λόγου
3392 5124 3862 5205 ὲπισυμδαίνόντα
3892 5142 4023 5201 ἴσως

2466 5224 2640 5277 ἄτοπα
2673 5224 2771 5278 καὶ
2806 5223 3064 5277 ἀδύνατα.
3112 5221 3268 5275 Οὕτω
3316 5227 3426 5291 γὰρ
3476 5229 3571 5281 καὶ
3605 5230 3706 5295 τὴν
3757 5230 4024 5300 ἀληθινὴν

2468 5315 2652 5367 πίστιν
2694 5316 2916 5368 ἅπασαν
2969 5313 3176 5365 πολλῶν
3208 5316 3453 5385 ἀποριῶν
3498 5319 3911 5389 ἁναπλήσουσιν
3972 5322 4022 5372 οῖ

2469 5404 2639 5459 ταῦτα
2666 5406 2993 5473 τολμῶντες,
3109 5404 3375 5474 πολλαχοῦ
3404 5407 3631 5474 φυσικὸν
3664 5410 4026 5477 ιναντιούμε·

2472 5511 2559 5546 νον
2602 5495 2685 5564 (ὅ)
2716 5495 2872 5561 λόγον
2899 5494 3048 5547 εστιν
3080 5495 3229 5561 ιδεῐν,
3262 5501 3357 5550 καὶ
3382 5497 3481 5562 τὰς
3508 5498 3607 5567 τῆς
3627 5500 3866 5561 πίστεως
3896 5499 4033 5552 ὑπο-

2463 5612 2622 5741 μέὲι)
2652 5611 2793 5667 non.
2823 5612 3088 5678 τηειρ
3122 5616 3153 5669 b
3191 5630 3208 5667 :
3248 5610 3284 5684 ἦ
3338 5614 3604 5685 πολλαχοῦ
3651 5631 3712 5684 φ.
3748 5615 4028 5668 tumes.
