4136 6324
736 255 856 320 279

1695 258 2185 323 BESSARIONIS
2217 262 2277 326 S.
2317 264 2390 325 R.
2426 264 2496 324 E.
2528 261 2988 326 CARDINALIS

734 362 933 433 habeat
960 376 1121 428 esse;
1152 365 1247 419 sed
1278 365 1578 421 secundum
1615 363 1783 423 aliam
1816 371 2080 424 rationem
2110 350 2272 439 quam
2301 419 2307 429 ,

2375 388 2486 434 τεις
2515 371 2589 434 ὡς
2616 372 2673 424 ἂν
2700 371 2927 443 ὀνείροις
2957 372 3075 425 κατ’
3114 371 3376 435 ἐξουσίαν.
3416 372 3479 425 '0
3522 370 3630 440 γὰρ
3668 368 3761 423 τοῦ
3809 388 3909 438 με-

736 449 860 518 ipse
901 451 1051 504 velut
1089 451 1142 506 in
1174 454 1380 514 somnis
1412 455 1478 508 ad
1509 456 1799 512 arbitrium
1838 458 2016 527 lingis.
2058 458 2273 512 Dictum

734 543 884 595 enim
912 547 1092 612 magni
1129 545 1336 607 Basilii,
1369 548 1515 616 quod
1553 548 1801 614 adducis,
1852 550 2139 614 nobiscum
2177 564 2275 617 po-

737 630 848 685 tius
876 631 999 686 facit
1024 652 1039 698 ;
1064 644 1119 688 et
1148 634 1468 704 imprudens
1492 648 1679 692 contra
1704 648 1753 694 te
1782 640 1916 694 illud
1934 640 2113 695 all‘ers.
2140 638 2275 694 Cum

636 722 640 725 '
737 720 883 772 enim
933 722 1095 776 unius
1138 734 1315 793 atque.
1347 728 1590 796 ejusdem
1638 730 1737 793 rei,
1776 730 2034 789 nimirum
2062 731 2272 799 “hujus,

738 812 879 876 quod
910 822 993 867 est
1026 812 1287 882 Spiritum
1329 826 1573 871 sanctum
1614 828 1809 875 natura
1845 837 1968 876 cum
2002 822 2158 876 Patre
2189 823 2276 876 Fi-

732 897 917 967 lioque
941 903 1222 972 conjungi.
1262 905 1755 979 demonstrationes
1786 911 2024 978 requirat
2063 912 2275 975 doctor,

735 986 866 1041 illud
890 990 1033 1058 quod
1076 1001 1157 1045 est
1185 1007 1250 1046 ex
1281 994 1441 1049 Patre
1462 997 1759 1064 procedere
1790 1008 1844 1053 et
1870 1000 2000 1054 illud
2025 1000 2149 1054 Filii
2170 1002 2275 1055 dici

735 1083 899 1141 atque
952 1092 1095 1142 esse,
1133 1080 1409 1148 producit,
1464 1084 1529 1137 ad
1584 1087 1725 1138 idem
1772 1088 2067 1155 pertinere,
2114 1100 2277 1159 atque

737 1163 883 1218 idem
914 1168 1119 1235 valere,
1156 1182 1211 1225 et
1242 1174 1404 1228 ambo
1436 1177 1791 1233 existimans:
1828 1180 1983 1250 cujus
2007 1182 2153 1235 enim
2192 1166 2278 1235 di-

738 1255 882 1308 citur
920 1256 1179 1327 Spiritus,
1222 1264 1291 1317 ab
1334 1281 1401 1318 eo
1447 1280 1577 1320 sane
1621 1278 1678 1323 et
1717 1271 1976 1338 spiratur.
2015 1272 2096 1325 Tu
2147 1288 2278 1346 vero

736 1343 1056 1408 absurdum,
1092 1350 1234 1416 quod
1260 1354 1526 1421 sequitur,
1553 1365 1610 1409 et
1639 1356 1771 1409 illud
1791 1360 1930 1424 quod
1971 1343 2281 1420 necessario
2320 1360 2325 1364 ’

737 1432 1134 1500 reciprocatur,
1156 1448 1350 1506 estque
1369 1442 1478 1495 tuis
1502 1442 1666 1497 dictis
1689 1456 2139 1513 consentaneum,
2156 1465 2279 1504 cum

737 1520 1115 1590 subterfugere
1154 1528 1394 1588 coneris,
1433 1530 1651 1585 etiamsi
1674 1534 1829 1588 valde
1874 1536 2037 1597 nolis.
2086 1539 2282 1593 adver-

737 1609 899 1662 sariis
948 1614 1333 1677 patrocinaris.
1372 1616 1491 1671 Non
1533 1620 1703 1688 enim,
1742 1624 1944 1692 inquis,
1980 1624 2151 1682 Filius
2199 1629 2282 1682 di-

738 1698 885 1751 citur
915 1698 1151 1768 Spiritus
1187 1708 1380 1773 sancti,
1410 1726 1477 1763 ne
1501 1710 1737 1778 Spiritus
1766 1713 1925 1767 Pater
1951 1716 2121 1785 ipsius
2160 1732 2280 1774 esse

739 1788 1032 1845 videatur:
1060 1794 1225 1849 etiam
1268 1807 1323 1851 tu
1360 1799 1476 1867 ipse
1516 1803 1823 1857 concedens
1874 1807 2097 1861 relativa
2141 1810 2280 1863 rcci-
2343 1812 2351 1820 '

740 1882 953 1967 procari
990 1901 1002 1935 ;
1034 1886 1495 1952 quemadmodum
1529 1902 1583 1967 et
1605 1908 1820 1947 momen
1864 1894 2123 1964 Spiritus,
2157 1914 2279 1954 cum

735 1966 810 2020 sit
842 1970 1149 2038 relativum,
1178 1984 1236 2029 ut
1258 1978 1421 2031 etiam
1460 1991 1515 2034 tu
1553 1966 1685 2037 velis
1722 1984 1864 2039 nolis
1905 1986 2186 2053 fateberis,
2212 1990 2279 2044 ad

739 2059 1040 2125 spirantem
1083 2066 1335 2134 inl‘ertur,
1388 2072 1458 2126 ab
1494 2087 1672 2143 eoque
1724 2076 1989 2144 spiratur,
2034 2078 2189 2147 cujus
2225 2088 2281 2133 et

739 2149 939 2204 dicitur
972 2152 1228 2221 Spiritus.
1264 2160 1554 2217 Existimas
1578 2173 1757 2221 autem
1784 2181 1906 2221 cum
1928 2184 1996 2223 ex
2024 2172 2279 2225 substan-

737 2237 811 2328 tia
844 2237 965 2293 Filii
996 2245 1413 2313 esse'Splritnm
1444 2249 1701 2319 dicimus,
1732 2255 1896 2309 etiam
1945 2272 2011 2311 ex
2046 2274 2280 2328 persona

737 2327 889 2419 illius
924 2346 1042 2386 esse
1072 2338 1295 2390 minime
1332 2338 1490 2394 lateri
1526 2356 1626 2396 nos
1652 2345 1770 2413 cogi
1805 2356 1901 2400 :et
1928 2346 1995 2401 ad
2029 2327 2129 2403 hoc
2156 2364 2283 2419 pro-

739 2417 1003 2483 bandum,
1054 2426 1238 2479 nescio
1276 2428 1419 2482 unde
1473 2430 1768 2487 absurdum
1809 2436 2030 2504 aliquod
2078 2417 2282 2494 videris

738 2507 1022 2577 colligere.
1056 2511 1147 2567 Sic
1182 2517 1325 2569 enim
1373 2518 1554 2588 inquis
1581 2521 1771 2577 :Alter
1818 2525 1886 2579 ab
1930 2527 2103 2581 altero
2135 2530 2277 2592 erit;

740 2610 997 2668 tanquam
1027 2604 1279 2661 videlicet
1313 2607 1429 2663 ﬁeri
1455 2613 1649 2678 possit,
1685 2622 1743 2667 ut
1769 2622 1823 2668 et
1848 2595 2019 2669 F‘ilius
2052 2633 2118 2671 ex
2153 2621 2281 2671 sub-

737 2689 938 2744 stantia
963 2691 1223 2759 Spiritus,
1256 2706 1312 2749 et
1359 2709 1650 2767 propterea
1680 2702 1845 2754 etiam
1877 2718 1943 2755 ex
1983 2703 2156 2768 ipsius
2186 2704 2284 2771 hy-

737 2780 939 2843 postasi
970 2779 1217 2844 dicatur;
1244 2794 1504 2849 quantum
1528 2801 1630 2853 ego
1659 2788 1965 2855 conjectum
1990 2787 2281 2855 perspicio,

739 2876 797 2918 ct
823 2881 889 2918 ex
920 2876 1009 2918 tua
1042 2878 1225 2922 mente
1248 2871 1524 2939 intelligo;
1552 2873 1689 2925 nihil
1715 2874 1861 2927 enim
1882 2874 1998 2944 ipse
2021 2875 2279 2929 declaras.

2334 523 2338 527 _
2375 460 2537 527 γάλου
2582 460 2859 514 Βάσιλείου
2916 460 3137 526 ἐπάγεις
3163 461 3314 537 ,ὑπὲρ
3357 461 3511 529 ἡμῶν
3558 460 3775 529 μᾶλλον.
3816 460 3911 512 καὶ

2375 553 2512 604 κατὰ
2556 551 3029 621 σαυτοῦηλέληθας
3070 549 3435 620 προκομίζων.
3482 551 3630 613 Ἐνδς
3672 550 3779 619 γὰρ
3816 548 3913 601 τοῦ

2374 644 2535 696 αὐτοῦ
2562 645 2654 698 τοῦ
2717 644 2856 697 κατὰ
2903 644 3062 713 φύσιν
3118 643 3419 713 ᾠκειῶσθαι
3444 642 3619 711 Πατρὶ
3661 645 3753 695 καὶ
3792 640 3914 709 Υίῷ

2372 734 2434 786 τὸ
2467 734 2683 804 Πνεῦμα
2706 734 2767 787 τὸ
2794 735 2944 802 ἅγιον
2972 733 3272 798 ἀποδείξεις
3314 732 3492 803 ζητῶν
3520 733 3549 785 ό
3573 730 3919 792 διδάσκαλος.
3969 756 3979 764 ε

2374 826 2434 877 τό
2466 827 2629 877 τε-ὲκ
2670 824 2763 878 τοῦ
2804 825 3013 895 Πατρδς
3052 821 3469 891 ἐκπορεύεσθαι,
3514 821 3610 874 καὶ
3643 820 3736 872 τοῦ
3783 816 3919 870 Υῑοῦ

2373 903 2625 992 λέγεσθαί
2667 928 2727 966 τε
2781 916 2875 968 καὶ
2925 911 3082 980 εἶναι,
3109 915 3359 985 προάγει,
3395 913 3475 977 τίς
3517 911 3677 964 ταυτδ
3705 910 3919 977 φέρειν.

2377 1003 2469 1057 καὶ
2497 1002 2661 1057 ταυτδ
2700 1004 2957 1057 δύνασθαι
2991 1003 3087 1058 καὶ
3118 1003 3284 1072 ἄμφω
3308 1002 3573 1071 οίόμενος.
3597 1000 3670 1053 οὗ
3702 1001 3815 1066 γὰρ
3837 996 3924 1048 M-

2374 1110 2532 1161 γεται
2560 1094 2799 1164 Πνεῦμα,
2823 1095 2881 1162 ἒξ
2911 1096 3119 1148 ἐκείνου
3165 1094 3333 1162 δήπου
3359 1094 3455 1147 καὶ
3482 1093 3720 1147 πνεῖται.
3756 1088 3833 1140 Σύ
3867 1086 3924 1139 δὲ

2375 1184 2437 1236 τὸ
2462 1185 2725 1251 ἑπόμενον
2751 1185 2952 1238 ἄτοπον
2984 1187 3077 1238 καὶ
3098 1168 3526 1253 τῆν’ἁναγκαίαν
3554 1177 3928 1247 ἀντιστροφὴν

2377 1273 2490 1335 τοῖς
2524 1274 2634 1335 σοῖς
2672 1273 2851 1341 λόγοις
2894 1274 3291 1327 ἀκολουθοῦσαν
3324 1274 3612 1338 ἐκφεύγειν
3646 1267 3929 1336 πειρὼμιο

2378 1380 2485 1426 νος.
2509 1365 2603 1417 καὶ¹
2638 1365 2709 1431 μὴ
2743 1365 2944 1433 σφόδρα
2975 1365 3291 1433 βουλόμενος
3320 1366 3432 1426 τοῖς
3458 1362 3727 1423 ἔναντίοις
3761 1375 3932 1425 συνη-

2338 1524 2339 1527 ,
2379 1456 2581 1522 γορετς.
2609 1456 2684 1506 Οὐ
2713 1454 2823 1522 γὰρ
2846 1454 3080 1520 λέγεται,
3099 1456 3223 1524 φῂς,
3258 1453 3349 1507 τοῦ
3384 1455 3695 1521 Πνεῦματος
3722 1453 3750 1505 ό
3770 1449 3930 1510 Υίδς.

2381 1542 2468 1594 ἵνα
2501 1544 2575 1623 μὴ
2605 1542 2790 1610 Πατὴρ
2816 1543 2980 1595 αὑτοῦ
3008 1543 3135 1613 δόξῃ
3160 1543 3218 1593 τδ
3247 1544 3491 1610 Πνεῦμα,
3521 1541 3797 1609 ὁμολογῶν
3834 1540 3937 1590 καὶ

2368 1622 2548 1703 ,αὐτὸς
2575 1630 2645 1681 τὰ
2675 1631 2977 1697 ἀναφορικὰ
3019 1629 3153 1696 πρὸς
3195 1622 3614 1698 ἀντιστρέφοντα
3645 1628 3935 1695 λέγεσθαι,

2382 1720 2458 1781 ὡς
2487 1719 2586 1783 καὶ
2612 1720 2671 1771 τὸ
2693 1718 2786 1771 τοῦ
2819 1716 3130 1785 Πνεύματος
3158 1719 3325 1786 ὄνομα
3366 1720 3691 1786 ἀναφορικύν
3733 1719 3814 1781 ὃν,
3854 1716 3936 1777 ὡς

2382 1813 2476 1865 καὶ
2505 1810 2727 1878 αὐτδςῆ
2777 1808 2916 1862 ἑκὼν
2961 1810 2994 1877 ἡ
3038 1809 3187 1862 ἄκων
3238 1808 3610 1877 ὁμολογήσεις,
3651 1806 3789 1874 πρὸς
3837 1806 3940 1856 τὸν

2381 1900 2606 1951 πνέοντα
2658 1898 3043 1965 ἀναφέρεσθαι,
3110 1897 3355 1950 πνείσθαί
3394 1915 3452 1949 τε
3493 1895 3552 1960 ἐξ
3598 1896 3828 1956 ἐκείνου,
3871 1888 3939 1946 οὗ

2381 1992 2477 2043 καὶ
2506 1989 2718 2057 λέγεται
2765 1988 3010 2057 Πνεῦμα.
3052 1989 3125 2041 To
3146 1989 3188 2041 δ’
3222 1990 3284 2040 ὲκ
3322 1989 3420 2055 τῆς
3454 1986 3640 2047 οὐσίας
3668 1986 3763 2037 τοῦ
3797 1984 3938 2037 Υἱοῦ

2380 2070 2557 2146 λέγειν
2585 2075 2722 2133 εἶναι
2767 2080 2826 2131 τὸ
2853 2080 3076 2147 Πνεῦμα
3112 2080 3186 2149 μὴ
3216 2078 3542 2146 ἀναγκάζειν
3568 2077 3808 2144 οἰόμενος
3838 2075 3942 2127 καὶ

2382 2170 2446 2222 sx
2477 2168 2578 2237 τῆς
2604 2169 2947 2229 ὑποστάσεως
2968 2165 3108 2221 εἶναι
3132 2166 3317 2226 αὑτοῦ,
3342 2165 3665 2231 καὶ,,άτοπόν
3690 2181 3742 2217 τι
3768 2164 3942 2217 suvi—

2381 2277 2498 2326 γειν
2526 2260 2721 2324 δοκεῖς,
2748 2259 2849 2311 οὐκ
2865 2254 2959 2312 οἶδ’
2985 2259 3106 2311 ὅθεν
3136 2258 3216 2320 είς
3236 2258 3335 2325 τὴν
3352 2245 3537 2310 τούτου
3560 2255 3935 2323 παράστασιν·

2379 2352 2520 2405 οὕτω
2560 2350 2669 2421 γὰρ
2712 2350 2951 2409 ἔσονται.
2983 2348 3107 2421 φῂς,
3142 2350 3200 2412 ἐξ
3243 2348 3507 2419 ἀλλήλων,
3543 2347 3618 2408 ὡς
3653 2343 3940 2414 ἐγχωροῦν

2379 2440 2576 2508 δηλαδὴ
2610 2440 2702 2492 καὶ
2748 2439 2839 2492 τὸν
2867 2439 2995 2491 Υίδν
3022 2440 3084 2490 ὲκ
3112 2438 3213 2506 τῆς
3242 2436 3337 2489 τοῦ
3386 2436 3699 2504 Πνεύματος
3742 2432 3941 2491 οὐσίας

2380 2529 2653 2595 λέγεσθαι,
2685 2530 2778 2581 καὶ
2821 2529 2909 2580 διὰ
2936 2525 3094 2579 τοῦτο
3124 2526 3220 2578 καὶ
3260 2526 3324 2576 ὲκ
3352 2523 3454 2592 τῆς
3484 2522 3647 2576 αὐτοῦ
3689 2518 3935 2573 ὑποστάο

2385 2633 2541 2679 σεως,
2573 2618 2625 2667 εί
2645 2634 2697 2667 τι
2722 2617 2819 2681 τῆς
2851 2616 2946 2682 σῆς
2976 2616 3211 2674 διανοίας
3243 2614 3351 2680 ἑγὼ
3384 2613 3731 2681 στοχάζομαι.
3759 2610 3935 2662 Οὐδὲν

2382 2705 2489 2770 γὰρ
2520 2702 2678 2765 αὐτὸς
2710 2704 3027 2767 ἀποσαφεῖς.
3072 2702 3265 2754 Καίτοι
3292 2699 3434 2752 τοῦτ’
3458 2701 3591 2752 αὐτὸ
3613 2701 3704 2751 τοῦ
3728 2700 3936 2765 ήμετέο

2386 2809 2479 2860 ρου
2513 2792 2671 2857 λόγου
2711 2791 2848 2859 μέγα
2881 2789 3197 2858 μαρτύριον.
3235 2789 3501 2841 Οὐδέποτε
3534 2787 3664 2853 γοῦν
3689 2786 3934 2853 οὐδαμοῦ

2383 2881 2473 2933 τὸν
2503 2879 2679 2949 Υἱὸνῆ
2704 2880 2792 2931 τὸν
2826 2880 3039 2944 Πατέρα
3068 2879 3340 2947 εὑρήσεις,
3361 2877 3420 2929 οὐ
3446 2876 3595 2945 παρὰ
3619 2878 3683 2943 τῇ
3710 2874 3930 2941 Γραφῇ,

738 2956 904 3023 Atqui
937 2957 1039 3010 hoc
1070 2957 1211 3011 idem
1252 2968 1452 3015 nostra:
1481 2963 1767 3015 sententiae
1803 2979 2052 3032 magnum
2083 2975 2169 3020 est
2197 2982 2282 3019 ar-

2381 2969 2623 3037 οὐπαρά
2650 2972 2761 3031 τοῖς
2780 2953 3115 3031 διδασκάλοις
3136 2971 3201 3021 ὲκ
3229 2969 3325 3037 τῆς
3359 2968 3453 3019 τοῦ
3487 2967 3802 3034 Πνεύειατος
3832 2965 3932 3016 οὐ·

738 3054 1060 3113 gumcntum
1105 3064 1118 3100 :
1150 3047 1421 3116 siquidem
1462 3065 1742 3118 nunquam
1778 3055 1987 3122 uspiam
2019 3057 2281 3123 reperies,

744 3151 852 3187 non
890 3137 943 3188 in
965 3137 1137 3190 sacris
1176 3136 1426 3201 Litteris,
1466 3154 1570 3192 non
1601 3141 1745 3209 apud
1773 3142 2283 3207 doctores,Filium,

742 3224 827 3275 vel
852 3223 1093 3289 Patrem,
1132 3227 1224 3294 qui
1258 3242 1327 3280 ex
1373 3225 1678 3284 substantia
1720 3230 1954 3300 Spiritus
1985 3232 2236 3287 dicantur
2266 3251 2281 3289 :

743 3316 871 3379 quia
907 3317 1160 3371 nimirum
1188 3335 1361 3389 neque
1387 3337 1450 3374 ex
1492 3322 1767 3392 liypostasi
1804 3324 1951 3379 illius
1974 3325 2102 3378 sint.
2135 3326 2201 3379 At
2234 3324 2279 3378 si

742 3407 913 3459 solam
944 3408 1585 3476 consubstantialitatem,
1609 3422 1666 3465 ut
1685 3424 1781 3466 vos
1810 3413 1996 3476 vultis,
2020 3414 2133 3467 haec
2153 3429 2279 3479 vox,

740 3501 819 3553 Ex
854 3502 1177 3565 substantia,
1202 3504 1445 3570 inquam,
1476 3518 1595 3558 esse
1619 3503 1764 3566 Filii,
1792 3505 1874 3559 vel
1903 3504 2077 3560 Patris
2110 3506 2283 3573 signi-

739 3592 957 3654 ficaret;
1002 3592 1076 3645 nil
1110 3594 1375 3655 obstaret,
1410 3594 1708 3663 quominus
1726 3596 1833 3655 ‘lioc
1859 3597 2021 3650 etiam
2063 3597 2129 3650 de
2169 3597 2282 3649 illis

736 3682 1034 3734 diceretur.
1068 3682 1220 3745 Quod
1268 3683 1310 3735 si
1352 3698 1511 3737 nemo
1555 3692 1872 3739 sanctorum
1904 3700 1970 3739 ex
2003 3686 2280 3754 hypostasi

739 3770 859 3821 Filii
898 3784 1018 3822 esse
1046 3769 1310 3836 Spiritum
1352 3774 1505 3834 dixit,
1538 3783 1592 3825 at
1615 3788 1677 3826 ex
1712 3774 1847 3829 Filio
1868 3790 1987 3829 esse
2016 3786 2068 3828 ct
2093 3791 2119 3827 a
2147 3776 2281 3829 Filio

716 3841 1001 3908 exsistere
1026 3855 1150 3908 lassi
1172 3866 1316 3909 sunt.
1334 3856 1463 3919 Quae
1482 3858 1639 3911 verba
1661 3859 1890 3910 maxime
1908 3862 2280 3915 exsistentiam

739 3946 974 4014 Spiritus
1005 3946 1331 4014 signiﬁcant.
1362 3945 1733 4001 Occidentales
1781 3957 1959 4001 autem
1990 3949 2175 4003 Patres
2202 3959 2284 4003 at-

741 4050 847 4102 que
871 4039 1121 4090 doctores
1142 4038 1302 4089 etiam
1329 4052 1393 4088 ex
1417 4036 1554 4089 Filio
1574 4036 1869 4105 procedere
1894 4037 2180 4091 aﬂirmant.
2205 4039 2283 4093 Ex

742 4129 877 4181 Filio
903 4137 1083 4180 autem
1104 4143 1227 4181 cum
1248 4129 1424 4189 audis,
1452 4130 1505 4181 ni
1540 4144 1825 4195 personam
1846 4129 1964 4183 Filii
2004 4131 2282 4185 intellexe-

740 4218 837 4277 ris,
865 4220 1062 4269 mirum
1084 4232 1211 4272 sane
1246 4220 1334 4271 sit.
1356 4218 1609 4286 Alioquin
1642 4229 1696 4274 tu
1720 4236 1897 4290 neque
1917 4238 1982 4275 ex
2004 4222 2280 4292 hypostasi

2387 3058 2506 3119 σίας
2523 3053 2662 3110 εἶναι
2681 3058 2993 3125 λεγόμενον,
3019 3058 3106 3110 διὰ
3123 3060 3182 3109 τὸ
3211 3056 3335 3127 μηδ’
3360 3059 3423 3109 ἐκ
3444 3057 3543 3123 τῆς
3574 3055 3934 3114 ὑποστάσεως

2340 3212 2343 3213 ν
2385 3146 2547 3201 αὐτοῦ
2583 3147 2845 3210 δήπουθεν
2872 3142 3027 3201 εἷναι.
3055 3148 3245 3200 Καίτοι
3272 3148 3319 3197 sl
3349 3145 3395 3195 τε
3434 3147 3711 3212 όμοούσιον
3741 3144 3931 3209 μόνον,

2384 3236 2458 3300 ὡς
2492 3237 2646 3306 ὑμεῖς
2686 3235 2956 3303 βούλεσθε,
2992 3234 3128 3303 αῦτη
3161 3237 3194 3304 ή
3224 3234 3384 3299 λέξις,
3412 3235 3474 3285 τὺ
3524 3235 3585 3284 ἔκ
3619 3235 3709 3299 τῆς
3741 3231 3933 3290 οὐσίας

2386 3322 2521 3393 εἶναι
2550 3326 2642 3379 τοῦ
2675 3326 2801 3378 Υίοῦ
2836 3326 2867 3394 ἦ
2902 3325 2995 3377 τοῦ
3037 3324 3247 3391 Πατρδς
3277 3324 3436 3390 λέγω,
3481 3324 3792 3391 ἐσήμαινεν,
3838 3320 3937 3369 οὐ·

2384 3417 2582 3478 δὲνρᾷν
2609 3416 2811 3469 ἐκώλυε
2841 3398 2937 3467 καί
2962 3414 3118 3467 τοῦτο
3145 3414 3395 3484 ῥηθῆναι.
3424 3413 3482 3465 Εἰ
3511 3412 3565 3464 δὲ
3596 3411 3782 3479 μηδεὶς
3816 3410 3934 3460 τῶν

2384 3508 2552 3569 ἁγίων
2582 3507 2643 3559 ἐκ
2667 3506 2763 3573 τῆς
2789 3506 3126 3567 ὑποστάσεως
3162 3502 3254 3556 τοῦ
3286 3502 3415 3555 Υίοῦ
3445 3498 3581 3553 εἶναι
3613 3500 3670 3551 τὸ
3696 3498 3934 3567 Πνεῦμα

2382 3596 2664 3666 ἐκήρυξεν,
2685 3595 2798 3647 ἀλλ’
2821 3590 2971 3647 εἶπον
2993 3597 3058 3648 ὲκ
3083 3591 3174 3646 τοῦ
3200 3591 3330 3646 Υίοῦ
3357 3587 3517 3658 εἶναι,
3542 3593 3632 3643 καὶ
3661 3590 3933 3659 ὑπάρχειν

2382 3688 2446 3739 lx
2472 3686 2565 3737 τοῦ
2598 3684 2725 3738 Υἱοῦ
2746 3700 2761 3716 ο
2785 3685 2821 3737 ἂ
2849 3686 3079 3753 μάλιστα
3098 3683 3210 3736 ’τῶν
3234 3683 3498 3753 ῥημάτων
3520 3685 3617 3750 τὴν
3638 3680 3730 3732 τοῦ
3761 3681 3937 3733 Πνεῦ-

2384 3792 2552 3842 ματος
2595 3774 2945 3841 σημαίνουσιν
2980 3773 3083 3825 ὑπο
3101 3773 3231 3839 ρξιν.
3264 3774 3324 3825 Οἱ
3366 3771 3430 3838 δὲ
3460 3772 3661 3822 δυτικο“ι
3691 3771 3935 3838 Πατέρες

2381 3881 2440 3914 τε
2474 3865 2566 3915 καὶ
2596 3863 2927 3928 διδάσκαλοι,
2953 3864 3044 3913 καὶ
3076 3868 3137 3914 ἐκ
3195 3862 3288 3914 τοῦ
3322 3860 3453 3914 Υἰοῦ
3500 3858 3929 3928 ἐκπορεύεσθαι.

2394 3954 2487 4004 Ἐκ
2520 3953 2610 4003 τοῦ
2634 3952 2762 4004 Υίοῦ
2794 3952 2836 4002 δ’
2862 3950 2926 4003 ἂν
2959 3952 3190 4011 ἁκούων,
3215 3952 3264 4003 εί
3298 3951 3371 4019 μὴ
3399 3951 3495 4023 τὴν
3525 3950 3619 4001 τοῦ
3643 3946 3773 4001 Υἱοῦ
3799 3949 3931 4017 νοή-

2386 4058 2503 4101 σαις
2536 4041 2847 4105 ὑπόστασιν,
2882 4039 3064 4107 Θαῦμα
3095 4042 3160 4092 ἂν
3190 4041 3293 4107 εἴη.
3326 4042 3396 4091 ’Ἡ
3427 4041 3487 4092 σύ
3522 4057 3580 4104 γε
3614 4039 3720 4091 οὐδ’
3745 4040 3809 4090 ὲκ
3827 4039 3934 4104 τῆς

2382 4130 2476 4181 τοῦ
2525 4131 2735 4199 Πατρὸς
2769 4131 3117 4191 ὑποστάσεως
3146 4124 3296 4201 εἶπες
3328 4129 3393 4181 ἄν
3424 4125 3555 4181 εἶναι
3592 4130 3651 4182 τὸ
3681 4128 3931 4195 Πνεῦμα,

2384 4224 2431 4274 εί
2465 4222 2591 4294 me
2620 4221 2833 4289 Νύσσης
2878 4220 3175 4289 Γρηγὸριος
3220 4219 3399 4287 μόνος,
3438 4219 3535 4270 καὶ
3579 4212 3729 4280 οὗτος
3780 4217 3933 4280 ἅπαξ

743 4309 937 4371 Patris,
974 4309 1185 4363 diceres
1217 4325 1338 4364 esse
1370 4310 1656 4379 Spiritum,
1684 4313 1787 4365 nisi
1824 4313 2120 4382 Gregorius
2144 4314 2279 4382 Nys-

2386 4333 2487 4367 που
2522 4314 2627 4366 τῶν
2674 4312 2865 4365 ἑαυτοῦ
2896 4314 3090 4378 λόγων,
3134 4309 3356 4379 Πνεῦμα
3403 4310 3463 4363 τὸ
3509 4310 3605 4377 τῆς
3654 4309 3934 4375 πατρικῆς

741 4415 925 4460 sonus,
966 4410 1019 4451 et
1038 4400 1085 4452 is
1123 4401 1235 4455 fere
1262 4404 1451 4465 semel,
1483 4404 1533 4455 in
1555 4407 1667 4456 suis
1690 4404 2029 4459 orationibus
2056 4405 2282 4459 dixisset

743 4491 1006 4557 Spiritum
1047 4506 1110 4542 ex
1148 4504 1368 4559 paterna
1400 4495 1672 4564 hynostasi
1710 4495 2022 4561 procedere.
2076 4496 2277 4549 Verum

742 4598 807 4632 ix
839 4582 994 4634 Patre
1022 4582 1269 4647 audiens,
1318 4585 1473 4652 cujus
1504 4585 1582 4637 rei
1611 4585 1767 4653 plena
1800 4594 1883 4637 est
1935 4586 2111 4638 Omnis
2138 4584 2281 4638 Scri-

746 4680 927 4736 ptura,
974 4681 1165 4723 cuncta
1205 4672 1307 4725 alia
1346 4674 1498 4740 prius
1528 4687 1690 4741 quam
1734 4672 2066 4741 bypostasim
2108 4674 2281 4729 Pati-is

740 4761 1099 4828 intelligeres,
1127 4776 1286 4829 quam
1314 4763 1471 4831 plane
1503 4763 1730 4829 puerilis
1754 4772 1881 4814 sunt
1919 4761 2020 4815 ista
2058 4766 2279 4817 mentis.

746 4850 873 4903 Uter
907 4853 1066 4918 igitur
1106 4863 1369 4916 vestrum,
1413 4864 1563 4915 tune,
1598 4867 1664 4905 an
1711 4852 1942 4915 Veccus,
1990 4851 2125 4904 nihil
2162 4854 2279 4907 sani

747 4940 999 5009 colligat,
1030 4945 1243 4997 ratione
1274 4945 1387 5011 ipsa
1409 4946 1539 4997 satis
1569 4944 1999 4997 demonstratum
2035 4951 2137 4997 est.

1197 5074 1336 5127 Vecci
1371 5078 1424 5128 in
1460 5079 1805 5131 undecimam.

812 5212 1078 5277 Quoniam
1119 5210 1359 5278 quidam,
1393 5226 1514 5264 cum
1560 5212 1811 5277 audiunt,
1846 5212 2108 5279 Spiritum
2157 5230 2279 5269 san-

745 5316 894 5363 ctum
920 5320 980 5357 ex
1011 5301 1310 5357 substantia
1366 5316 1486 5355 esse
1524 5302 1671 5362 Filii,
1712 5302 1859 5356 aliud
1891 5304 2043 5356 aiunt
2068 5320 2185 5358 esse
2217 5322 2278 5360 ex

749 5395 1076 5458 substantia,
1109 5402 1180 5448 et-
1216 5392 1361 5448 aliud
1402 5409 1469 5447 ex
1501 5409 1753 5463 persona,
1802 5407 1926 5447 cum
1974 5397 2281 5463 perspicere

745 5498 852 5538 non
881 5485 1073 5543 valeat.
1102 5499 1297 5538 nomen
1332 5482 1453 5536 Filii
1490 5484 1885 5553 liypostaticum
1919 5498 2036 5538 esse
2064 5499 2279 5547 nomen,

740 5584 797 5637 st
846 5573 939 5635 qui
970 5573 1124 5639 dicit,
1178 5590 1241 5629 es
1277 5573 1580 5630 substantia
1617 5574 1760 5643 Filii,
1802 5583 1971 5630 totum
2015 5575 2280 5645 siguilicat

2383 4406 2807 4472 ἐκπορευόμενον
2862 4403 3209 4463 ὑποστάσεως
3256 4401 3497 4469 εῐρη..εν.
3538 4399 3700 4452 Ἀλλὰ
3747 4400 3808 4450 το
3865 4403 3934 4451 is.

2382 4495 2591 4561 Πατρὸς
2632 4494 2860 4557 ἀκούων,
2894 4493 2952 4543 οὐ
2990 4493 3204 4559 πλήρης
3238 4492 3386 4543 πᾶσα
3417 4488 3626 4556 Γραφή,
3655 4488 3827 4540 πάντα
3859 4487 3932 4537 ἂν

2386 4585 2582 4652 μᾶλλον
2613 4583 2643 4651 ἦ
2676 4586 2771 4650 τὴν
2799 4581 2892 4633 τοῦ
2918 4584 3126 4646 nugs;
3154 4581 3319 4640 ὲνόεις
3354 4579 3669 4639 ὑπόστασιν,
3689 4575 3766 4637 ὡς
3795 4576 3933 4641 σφό-

2379 4676 2481 4744 δρα
2512 4691 2573 4741 γε
2606 4672 2763 4725 ταυτὶ
2798 4672 3045 4734 παιδικῆς
3085 4670 3339 4727 διανοίας.
3375 4667 3605 4732 Πότερος
3644 4663 3734 4717 οὖν
3767 4665 3929 4733 ὑμῶν

2381 4766 2530 4817 οὐδὲν
2562 4763 2707 4829 ὑγιὲς
2734 4762 2953 4826 συνάγει
2984 4760 3091 4811 εἴτε
3116 4758 3295 4820 αὐτὸς,
3326 4758 3433 4809 εἴτε
3464 4756 3684 4821 Βέκκος,
3713 4760 3740 4809 ό
3765 4756 3928 4821 λόγος

2380 4857 2540 4924 ἀρκεῖ
2572 4854 2936 4923 παραστῆσαι.

2790 5070 2903 5127 Τοῦ
2934 5070 3159 5124 Βέκκου
3202 5072 3286 5133 εἰς
3316 5068 3428 5131 τὴν
3456 5072 3547 5118 ια’.

2465 5207 2681 5277 Ἐπειδὴ
2709 5206 2995 5265 ἀκούοντές
3022 5222 3163 5265 τινες
3187 5204 3246 5255 τὸ
3278 5201 3501 5266 Πνεῦμα
3534 5202 3597 5253 ἐκ
3621 5202 3713 5270 τῆς
3736 5204 3931 5264 οὐσίας

2381 5302 2473 5352 τοῦ
2510 5300 2658 5361 Υίοῦ,
2691 5284 2936 5363 λέγουσιν
2970 5297 3097 5347 ἄλλο
3124 5290 3262 5345 εῖναι
3296 5294 3354 5342 τὸ
3389 5294 3450 5343 ὲκ
3478 5294 3572 5359 τῆς
3599 5295 3808 5357 οὐσίας,
3834 5295 3931 5345 καὶ

2382 5391 2505 5443 ἄλλο
2531 5390 2590 5441 τὸ
2624 5392 2687 5441 ὲκ
2716 5388 2816 5454 τῆς
2851 5384 3217 5447 ὑποστάσεως,
3272 5383 3344 5449 μὴ
3374 5382 3659 5451 δυνάμενοι
3694 5382 3930 5433 συνιδεῖν

2382 5484 2453 5542 ὡς
2483 5484 2542 5533 τὸ
2595 5482 2720 5542 Υἱὸς
2771 5479 2939 5545 ὄνομα
2989 5472 3350 5527 ὑποστατικόν
3377 5475 3521 5525 ἐστιν
3550 5474 3741 5541 δνομα.
3777 5473 3870 5523 καὶ
3904 5473 3933 5521 ὁ

2382 5574 2548 5640 λέγων
2596 5572 2783 5640 ὶκοτῆς
2820 5569 3002 5631 οὐσίας
3036 5565 3125 5618 τοῦ
3165 5563 3311 5630 Υἱοῦ,
3341 5566 3455 5617 ὅλον
3482 5567 3627 5634 δή)λοί
3655 5562 3745 5615 τὸν
3777 5562 3932 5632 Υίὺν,
