4136 6324
664 316 771 393 ’ρση
1202 320 1207 327 ’
1597 309 2098 378 BESSABIONIS
2140 318 2199 377 S.

2360 314 2430 371 Ε.
2458 290 2928 372 δΑιωιΝΑιιδ
3236 305 3243 307 ‘
3763 300 3872 371 2'92

676 455 787 492 non
812 436 1068 491 extribus
1096 433 1224 489 solis
1250 430 1495 504 personis
1523 437 1731 485 asserat
1752 426 1887 483 effici
1911 447 1925 494 ;
1951 428 2056 483 hoc
2077 426 2219 481 enim
2243 429 2294 488 Δ
2323 404 2429 477 non
2469 426 2648 491 potius
2677 416 2857 485 divina
2882 421 2986 474 erit
3007 425 3195 473 natura
3246 428 3299 473 et
3328 416 3605 489 putabitur
3630 432 3661 471 ι
3688 415 3868 475 nobis.

681 530 867 597 utique
901 528 1179 591 fateretur,
1219 522 1313 579 sed
1332 522 1496 577 etiam
1538 518 1853 574 diﬂ'erenter
1889 532 1956 572 ex
1998 516 2212 571 tribus:
2319 526 2443 568 cum
2476 512 2687 576 eadem,
2721 527 2831 581 per,
2864 509 3024 563 etiam
3055 508 3370 561 substantia:
3403 504 3745 575 identitatem
3782 520 3873 559 re-

683 595 827 689 quod
881 618 925 672 si
956 618 1177 671 miretur
1220 628 1339 683 quo.
1368 622 1523 682 pacto
1566 610 1669 664 hac
1724 602 2105 679 praepositione
2127 621 2218 677 per
2320 602 2642 672 prasentet?
2671 600 2879 670 Quippe
2926 612 3045 652 cum
3103 598 3245 652 beati
3304 596 3518 651 Maximi
3573 595 3872 650 sententia.

670 710 974 767 'voluntatis
997 709 1252 762 unitatem
1305 712 1361 759 et
1393 702 1734 757 identitatem
1781 704 2222 767 repraesentante,

594 847 598 849 .
687 816 791 856 nos
822 814 914 868 per
947 812 1064 851 eam
1093 794 1285 849 Filium
1315 807 1431 847 esse
1459 803 1674 845 causam
1706 786 2036 841 exsistentiat
2060 782 2227 853 Spiri-

694 900 779 942 tus
804 885 970 940 sancti
998 883 1134 937 velle
1162 882 1569 943 demonstrare:
1603 877 1839 945 primum
1870 871 2226 939 semetipsum

694 979 937 1037 miretur,
961 970 1231 1042 quomodo
1250 985 1343 1039 per
1373 966 1568 1022 Filium
1593 965 1710 1018 ﬁeri
1732 964 1917 1018 dicens
1940 958 2227 1025 mundum,

695 1065 887 1121 deinde
906 1078 1029 1117 eum
1062 1075 1275 1116 causam
1304 1066 1456 1128 putet
1490 1054 1866 1127 productionis
1895 1048 2107 1114 mundi,
2131 1062 2229 1118 per

696 1158 831 1209 hanc
882 1152 1315 1223 praepositionem
1368 1145 1617 1211 ostendi;
1649 1145 1732 1198 vel
1788 1144 1934 1197 dicat
1969 1153 2075 1195 non
2110 1151 2231 1192 esse

696 1257 910 1296 causam
962 1242 1164 1294 entium
1219 1235 1437 1301 Filium,
1483 1244 1539 1288 et
1590 1232 1731 1286 malo
1782 1227 1977 1293 malum
2027 1232 2231 1279 curret.

695 1334 863 1388 All’ert
909 1345 1123 1400 quoque
1166 1326 1335 1381 divini
1375 1325 1590 1379 Maximi
1641 1312 2237 1381 testimonium,‘quod

701 1424 917 1475 minime
942 1421 1006 1473 ad
1042 1418 1380 1487 prepositum
1406 1405 1561 1469 "mea:
1589 1411 1656 1463 Et
1697 1423 1798 1461 nos
1827 1406 1969 1460 enim
2000 1403 2237 1457 fatemur

701 1511 838 1563 hanc
868 1507 1322 1577 praepositionem,
1344 1517 1458 1570 per,
1497 1508 1549 1552 et
1587 1496 1870 1556 unitatem,
1900 1502 1956 1546 et
1991 1490 2240 1569 immuta-

701 1564 963 1655 bilitatem
1016 1564 1550 1649 substantias-Patris
1598 1600 1660 1637 ac
1722 1582 1841 1636 Filii
1881 1564 2237 1655 “signiﬁcare:

705 1693 954 1744 novimus
987 1685 1185 1741 etenim
1217 1697 1311 1751 per
1340 1681 1481 1733 hanc
1524 1675 1831 1737 dictionem,
1861 1668 2238 1740 penordincm

2323 706 2483 759 quam
2519 690 2634 759 ipse
2663 703 2760 758 pro
2784 698 2841 742 se
2879 688 3077 751 attulit,
3110 686 3290 755 potius
3316 685 3504 737 domat
3536 683 3874 737 identitstem

2325 781 2675 835 substantiae:
2713 776 2783 833 Ut
2812 778 2978 839 enim,
3013 776 3209 843 inquit,
3255 774 3691 843 coniunctionem
3744 773 3879 824 sub-

2326 871 2533 927 stantite
2564 870 2835 932 ostendat,
2886 882 3193 937 quanquam
3223 874 3277 919 et
3327 865 3370 918 si
3408 864 3581 917 solum
3623 861 3880 914 identit.:-

2329 972 2434 1016 tem
2481 960 2794 1023 voluntatis,
2846 974 2936 1027 per
2989 956 3318 1017 ostenderet,
3400 953 3532 1006 nihil
3576 951 3738 1004 etiam
3800 952 3881 1001 sic

2329 1048 2550 1103 absurdi
2602 1050 2943 1117 sequeretur;
2985 1060 3106 1099 cum
3143 1045 3329 1100 eadem
3368 1056 3476 1103 res,
3524 1049 3579 1093 et
3625 1040 3875 1098 essentia,

2331 1148 2387 1193 et
2417 1139 2660 1195 voluntas
2692 1140 2758 1195 de
2790 1139 2909 1194 Deo
2946 1138 3176 1192 dicatur.
3218 1137 3366 1189 lianc
3396 1136 3541 1189 enim
3581 1133 3877 1202 potentiam

2334 1228 2717 1298 simpliciorem
2774 1228 3253 1296 sublimioremque
3284 1225 3535 1280 omnibus
3560 1236 3696 1283 esse,
3724 1235 3884 1273 nemo

2336 1327 2415 1373 est
2467 1320 2560 1387 qui
2617 1320 2844 1388 ignoret.
2898 1319 3343 1386 Unamquamque
3395 1328 3527 1368 vero
3582 1308 3881 1380 potentiam

2339 1415 2486 1462 tanto
2506 1408 2571 1462 ad
2602 1410 2752 1479 plura
2783 1414 2841 1462 Se
2892 1407 3092 1463 habere
3128 1412 3344 1473 quanto
3386 1401 3682 1470 simplicior
3711 1406 3764 1451 et
3793 1412 3887 1449 su-

2338 1498 2553 1552 blimior
2582 1499 2669 1563 sit,
2701 1498 2956 1553 omnibus
2980 1498 3154 1566 palam
3185 1504 3289 1551 est.
3316 1492 3493 1559 Quare
3522 1491 3616 1543 Dei
3664 1501 3887 1556 quoque

2339 1588 2664 1641 voluntatem
2698 1587 2764 1640 ad
2809 1585 3002 1639 Filium
3029 1622 3045 1647 ,
3101 1595 3155 1637 et
3205 1582 3467 1651 Spiritum
3508 1586 3777 1637 sanctum,
3830 1584 3889 1627 ut

2342 1685 2588 1729 naturam
2624 1691 2719 1730 seu
2772 1673 3060 1751 essentiam
3089 1688 3147 1726 se
3177 1672 3400 1735 habere,
3434 1668 3525 1723 sed
3550 1676 3610 1720 ut
3640 1664 3891 1718 volunta-

707 1780 989 1849 quemdam
1012 1785 1065 1828 et
1091 1756 1396 1839 respectum
1432 1765 1654 1835 ejus,do
1682 1776 1791 1832 quo
1814 1766 1929 1814 haec
1954 1760 2154 1813 dicitur
2174 1735 2317 1809 ad'B
2346 1774 2449 1819 ιθω
2500 1765 2564 1817 αα
2619 1740 2943 1817 ετειιυιῖεω,
3000 1758 3350 1816 Notissimum
3390 1756 3533 1809 enim
3584 1760 3689 1811 est,
3742 1746 3887 1817 quod
3960 1750 3961 1763 ‘

708 1868 857 1918 illum
908 1864 993 1914 de
1028 1875 1137 1927 quo
1173 1858 1273 1909 hac
1304 1854 1560 1913 dictione,
1617 1864 1698 1910 ex,
1734 1848 1956 1909 utimur,
2012 1843 2240 1897 maxime

710 1950 1102 2011 demonstrari;
1148 1945 1391 2001 eamdem
1449 1951 1623 1994 tamen
1678 1940 1849 2006 ipsam
1909 1934 2244 1988 identitatem

707 2039 1561 2101 immutabilitatemquecausam
1614 2039 1755 2089 esse,
1794 2032 1849 2077 et
1884 2023 2026 2090 quod
2078 2020 2249 2074 Filius

709 2133 850 2186 idem
874 2127 1043 2199 possit
1065 2124 1207 2192 quod
1238 2122 1412 2183 Pater,
1438 2116 1689 2187 quodque
1717 2130 1812 2182 per
1839 2128 1963 2168 eum
1991 2110 2249 2194 procedat

714 2186 949 2289 Spiritus
986 2224 1224 2269 sanctus.
1267 2186 1572 2263 Secundum
1612 2204 1752 2259 enim
1786 2201 2025 2255 divinum
2074 2186 2249 2266 Cyril-

712 2311 822 2364 lum
867 2323 928 2360 ex
967 2312 1215 2369 utroque,
1245 2314 1311 2353 ex
1346 2299 1499 2350 Patre
1548 2309 1643 2363 per
1679 2292 1918 2346 Filium:
1952 2289 2249 2345 secundum

716 2413 842 2451 vero
870 2394 1119 2450 eumdem
1145 2390 1429 2443 Maximum
1470 2399 1536 2437 ex
1561 2382 1737 2447 Patre,
1770 2389 1822 2435 et
1852 2379 2011 2442 Filio,
2043 2378 2156 2431 sive
2186 2390 2252 2430 ex

720 2489 875 2542 Patre
912 2501 1005 2553 per
1031 2483 1228 2535 Filium
1259 2476 1522 2547 procedit,
1555 2475 1606 2527 id
1649 2480 1733 2527 est
1759 2469 2125 2526 exsistentiam
2158 2467 2253 2521 ha-

722 2579 811 2631 bct
838 2593 849 2627 :
884 2572 1148 2641 siquidem
1168 2568 1461 2637 procedere
1490 2566 1589 2618 iste
1617 2574 1834 2632 quoque
1856 2566 2061 2617 asserat
2089 2554 2253 2625 signi-

722 2668 880 2720 ﬁcare
935 2660 1304 2716 exsistentiam
1363 2655 1582 2716 habere,
1608 2650 1904 2721 praesertim
1957 2644 2255 2700 secundum

726 2758 846 2811 illos
878 2754 968 2821 qui
996 2752 1099 2805 hoc
1134 2762 1327 2802 nomen
1358 2746 1618 2800 duntaxat
1662 2737 1991 2821 exsistentize
2022 2733 2257 2801 Spiritus

730 2818 991 2898 tribuunt.
1014 2839 1168 2902 Quod
1197 2848 1374 2889 autem
1404 2834 1547 2886 dicat
1571 2818 1789 2884 sanctus
1821 2829 2030 2885 doctor,
2059 2819 2258 2873 Filium

730 2947 833 2986 non
860 2932 984 2983 facit
1011 2940 1225 2981 causam
1256 2923 1490 2989 Spiritus
1524 2917 1715 2979 sancti,
1768 2913 1861 2967 sed
1887 2914 2120 2989 Patrem,
2162 2908 2261 2961 mi-

732 3023 874 3073 nime
898 3014 1203 3075 miraberis,
1251 3010 1297 3063 si
1325 3009 1559 3063 Gnaecam
1593 3003 1827 3071 linguam
1869 2980 2259 3063 ednsiderabis,

730 3120 786 3164 ct
814 3111 882 3161 de
914 3116 1021 3173 quo
1061 3103 1175 3170 ipsa
1198 3096 1411 3167 proprie
1456 3096 1559 3147 hoc
1592 3094 1807 3147 nomine
1839 3103 1998 3143 causa
2024 3088 2266 3144 uti.con-

732 3201 923 3252 suevit.
953 3190 1301 3247 Notissimum
1334 3198 1567 3251 namque
1587 3190 1668 3235 est
1701 3180 1929 3248 primam
1976 3184 2030 3231 et
2063 3175 2268 3246 princi-

734 3291 905 3359 palem
936 3297 1171 3345 causam,
1202 3278 1570 3337 etfontem,et
1590 3273 1821 3326 radicem
1844 3268 2267 3337 uniuscujusque

737 3358 873 3434 hanc
904 3376 1118 3445 proprie
1139 3384 1352 3425 causam
1387 3366 1584 3429 vocari,
1612 3363 1825 3432 qualem
1859 3361 2030 3415 solum
2059 3358 2270 3412 Patrem

735 3484 853 3524 esse
910 3467 1032 3535 quis
1071 3478 1176 3515 non
1209 3457 1569 3518 concederet,
1630 3452 1773 3520 quod
1804 3450 2097 3506 dilucidum
2149 3449 2274 3501 hinc

736 3572 819 3613 est
856 3575 871 3609 :
901 3555 1162 3625 siquidem
1202 3560 1463 3605 creatura:
1493 3556 1548 3600 et
1578 3544 1832 3613 Spiritum
1863 3550 2129 3603 sanctum,
2149 3554 2275 3593 cau-

736 3666 847 3704 sam
884 3663 1003 3701 esse
1028 3658 1208 3706 nemo,
1260 3641 1351 3709 qui
1378 3637 1687 3693 Christiano
1725 3632 1938 3709 nomine
1968 3638 2273 3693 censeatur,

740 3747 975 3808 negaret.
1002 3738 1067 3787 At
1098 3716 1376 3799 theologus
1423 3726 1713 3794 Gregorius
1743 3741 1756 3775 :
1794 3724 1954 3785 Deus,
1987 3719 2184 3788 inquit,
2220 3719 2277 3771 in

743 3830 914 3880 tribus
936 3823 1180 3878 consistit
1226 3818 1494 3882 maximis,
1530 3829 1690 3869 causa
1734 3820 1789 3867 et
1834 3810 2047 3879 opiﬁcc,
2076 3818 2279 3877 et-per-

743 3918 953 3969 ticiente
980 3940 985 3943 η
1010 3912 1165 3964 Patre
1208 3907 1434 3969 scilicet,
1460 3916 1515 3958 et
1544 3902 1702 3964 Filio,
1736 3910 1791 3954 ct
1822 3897 2026 3964 Spiritu
2071 3906 2279 3949 sancto.

741 4006 873 4060 Cum
908 4012 1083 4055 autem
1108 3996 1297 4049 audias
1328 3993 1545 4045 Patrem
1560 3989 1906 4056 principalem
1932 3997 2175 4043 causam,
2214 3996 2280 4033 ne

747 4106 898 4161 putes
952 4104 1049 4145 nos
1107 4090 1213 4155 jam
1264 4084 1426 4137 etiam
1476 4070 1790 4131 dili‘erenter
1849 4074 2050 4133 dicere,
2084 4069 2280 4122 Filium

752 4159 1049 4247 producere
1074 4176 1355 4240 Spiritum,
1393 4182 1517 4220 cum
1546 4160 1653 4218 nun
1680 4163 1747 4217 sit
1775 4177 1933 4215 causa
1953 4159 2281 4229 principalis.

752 4269 893 4322 idem
917 4265 1059 4319 enim
1092 4258 1446 4312 nihilominus
1472 4254 1631 4308 etiam
1650 4253 1717 4306 de
1747 4261 1993 4305 creatura
2022 4249 2285 4317 sequitur,

2346 1854 2520 1907 omnis
2538 1860 2592 1907 et
2616 1853 2862 1905 voluntas
2888 1851 3065 1903 etiam
3083 1847 3260 1901 divina
3324 1843 3389 1897 ad
3425 1842 3585 1896 linem
3610 1847 3664 1891 ut
3696 1834 3893 1891 natura

2348 1957 2406 1997 se
2434 1941 2593 1994 habet
2617 1940 2972 1993 determinate
3002 1937 3178 2004 ipsum
3205 1943 3492 2002 appetens,
3538 1927 3895 1998 quemadmo-

2348 2029 2474 2082 dum
2500 2038 2555 2082 et
2588 2036 2776 2081 natura
2806 2026 2873 2079 ad
2897 2040 3062 2079 unum
3078 2023 3432 2079 determinate
3460 2034 3516 2073 se
3555 2017 3717 2071 habet
3741 2032 3753 2067 :
3776 2013 3897 2065 linis

2350 2125 2526 2169 autem
2554 2115 2843 2170 voluntatis
2879 2112 2971 2168 Dei
3026 2124 3082 2168 et
3115 2098 3288 2168 Patris
3315 2153 3329 2175 ,
3371 2110 3536 2164 Filius
3572 2116 3627 2161 et
3659 2104 3896 2173 Spiritus

2350 2212 2569 2260 sanctus
2596 2216 2710 2259 est:
2742 2208 2805 2259 ad
2829 2219 2966 2275 quos
2997 2220 3217 2259 necesse
3244 2214 3329 2257 est
3361 2216 3483 2254 eum
3524 2214 3580 2252 se
3613 2200 3811 2250 habere
3839 2204 3899 2245 ut

2352 2300 2618 2357 naturam.
2661 2292 2739 2347 Ad
2767 2308 2830 2347 ea
2863 2307 2989 2346 vero
3039 2306 3157 2360 quae
3191 2298 3317 2345 sunt
3361 2287 3425 2340 ad
3454 2287 3635 2348 linem,
3678 2292 3735 2337 et
3763 2296 3897 2349 prm-

2354 2384 2643 2454 sertimad
2687 2398 2747 2437 ea
2807 2384 2921 2438 sine
2951 2383 3148 2452 quibus
3202 2388 3376 2449 potest
3409 2378 3565 2430 tinem
3608 2373 3896 2440 attingere,

2355 2483 2412 2525 ut
2459 2482 2586 2526 sunt
2626 2481 2903 2535 creaturae,
2933 2470 3065 2523 nihil
3112 2470 3255 2523 enim
3292 2468 3371 2520 ita:
3410 2478 3509 2518 nec
3562 2461 3752 2515 adesse
3808 2457 3901 2509 Dei

2354 2564 2662 2629 conferunt,
2698 2578 2798 2618 nec
2845 2560 2912 2615 ad
2962 2561 3154 2614 melius
3192 2573 3343 2613 esse:
3383 2555 3451 2609 ad
3482 2555 3615 2617 hmo,
3654 2552 3900 2618 inquam,

2357 2659 2465 2709 non
2487 2640 2858 2715 determinate,
2904 2660 2958 2703 et
3002 2651 3199 2704 idcirco
3246 2658 3304 2700 ut
3334 2646 3580 2699 voluntas
3619 2658 3676 2694 se
3708 2640 3901 2700 habet;

2358 2751 2505 2811 patet
2534 2742 2675 2793 enim
2702 2754 2762 2792 ea
2790 2747 2844 2791 et
2862 2740 3003 2790 nolle
3057 2746 3109 2789 et
3144 2737 3300 2788 velle.
3321 2733 3473 2787 Unde
3500 2730 3555 2785 et
3586 2728 3906 2782 Damasceni

2362 2828 2624 2884 sententia
2662 2827 2919 2885 solvatur,
2942 2832 2995 2878 et
3042 2838 3141 2875 nos
3174 2823 3241 2874 ab
3283 2820 3429 2873 omni
3480 2816 3911 2883 reprehensione

2365 2918 2525 2973 soluti
2555 2930 2761 2978 sumus,
2789 2929 2911 2969 cum
2942 2912 3106 2967 verba
3136 2910 3223 2971 illa
3262 2925 3381 2979 quas
3410 2916 3595 2961 contra
3642 2919 3741 2957 nos
3791 2917 3912 2957 esse

2367 3007 2709 3070 videbantur,
2729 3004 2863 3058 nihil
2887 3003 3112 3057 aﬂ'erant
3130 2998 3438 3054 necessarii.
3462 2997 3648 3064 Itaque
3670 2995 3771 3048 iste
3786 3007 3915 3046 cum

2368 3098 2567 3167 aliquid
2579 3097 2776 3150 dixisse
2790 3093 3089 3157 videbatur,
3102 3100 3286 3145 contra
3307 3104 3362 3142 se.
3377 3087 3597 3139 Omnino
3612 3081 3918 3137 concludit.

2686 3203 2979 3259 Secundum
3026 3202 3171 3254 Vecci
3196 3208 3576 3270 argumentum.

2438 3321 2571 3375 Cum
2625 3314 2998 3383 sintquidam,
3051 3314 3143 3380 qui
3196 3311 3598 3380 Scripturarum
3627 3309 3923 3363 sententiis

2369 3412 2747 3470 adversantur,
2813 3419 2932 3472 qua:
2990 3409 3275 3469 pr0pterea
3308 3412 3402 3467 per
3431 3398 3624 3451 Filium
3653 3397 3920 3466 Spiritum

2332 3504 2619 3557 ’sanctum
2670 3514 2737 3552 ex
2792 3496 2947 3550 Patre
2994 3505 3114 3548 esse
3140 3480 3405 3555 indicant,
3447 3490 3686 3545 collectae
3713 3501 3849 3546 sunt
3866 3499 3925 3546 et

2374 3594 2454 3647 hae
2506 3588 2805 3653 sententiae,
2873 3601 2992 3655 qua
3039 3584 3349 3639 immediate
3396 3582 3593 3637 Filium
3638 3598 3702 3635 ex
3764 3583 3925 3636 Patre

2374 3678 2827 3741 esse'ostendunt,
2870 3676 2935 3729 ad
2965 3676 3262 3729 sententias
3311 3674 3431 3728 illas
3490 3662 3919 3733 conﬁrmandam

2374 3789 2493 3841 qua:
2556 3788 2652 3840 per
2694 3765 2886 3824 Filium
2942 3767 3206 3836 Spiritum
3256 3774 3501 3841 sanctum
3530 3779 3653 3819 esse
3686 3766 3920 3818 demon-

2356 3874 2578 3919 .strant.
2603 3863 2735 3916 Nam
2768 3860 2871 3913 nisi
2901 3873 2993 3925 per
3024 3857 3216 3910 Filium
3250 3838 3491 3924 Spiritus
3508 3864 3728 3907 sanctus
3758 3862 3925 3912 esset.

2380 3971 2477 4008 cur
2498 3969 2604 4007 non
2627 3961 2681 4004 et
2704 3955 2817 4019 ipse
2844 3949 3153 4003 immediate
3176 3963 3241 4001 ex
3276 3946 3430 3999 Patre
3457 3960 3577 3999 esse
3607 3943 3932 3998 diceretur?

2821 4060 3057 4111 Palamw
3107 4060 3469 4111 contradittt‘o.

2456 4177 2551 4229 Est
2603 4187 2818 4241 quoque
2851 4171 3086 4238 Spiritus
3122 4179 3343 4222 sanctus
3390 4170 3703 4223 immediate
3734 4186 3799 4222 ex
3832 4172 3931 4223 Pa-

2394 4272 2473 4315 tre
2519 4262 2714 4321 dictns,
2788 4273 2854 4311 ex
2910 4273 3017 4325 quo
3078 4265 3166 4309 tua
3193 4258 3280 4308 illa
3313 4257 3606 4318 sententia,
3637 4259 3935 4324 omnisque

750 4367 912 4425 atque
939 4342 1190 4405 omnibus
1227 4346 1561 4412 simpliciter,
1589 4357 1705 4409 qua:
1735 4341 1899 4393 Filius
1930 4340 2109 4409 habet,
2144 4352 2224 4403 qu:

2351 4378 2363 4421 ι
2393 4350 2727 4402 interimitur
2754 4357 2978 4399 conatus
2999 4345 3308 4412 'Grcgorius
3337 4383 3350 4405 ,
3408 4344 3502 4411 qui
3527 4359 3622 4397 sua
3659 4347 3937 4400 excellen-

752 4460 967 4513 cunque
995 4450 1049 4495 et
1069 4440 1225 4494 Pater
1255 4438 1412 4489 habet
1441 4449 1577 4487 :nec
1609 4433 1752 4486 enitn
1788 4440 2048 4491 creatura:
2092 4425 2287 4491 princi-

756 4535 890 4605 palis
914 4542 1075 4585 causa
1108 4527 1277 4581 Filius
1301 4532 1402 4586 est,
1431 4520 1696 4589 siquidem
1720 4527 1969 4584 tanquam
2000 4518 2287 4569 causaliter

752 4636 805 4680 et
834 4634 889 4675 ut
917 4620 1082 4675 Filius
1109 4616 1288 4669 omnia
1317 4613 1492 4684 habet,
1521 4624 1853 4678 quaecunque
1874 4615 1927 4660 et
1954 4608 2111 4659 Pater
2134 4606 2292 4659 habet

753 4710 1323 4783 paternaliter,’etnon
1348 4701 1631 4754 causaliter
1664 4716 1677 4750 :
1711 4711 1888 4750 tamen
1913 4707 1967 4749 et
1998 4697 2110 4763 ipse
2130 4709 2292 4748 causa

752 4814 857 4867 est,
886 4809 940 4855 et
989 4813 1092 4852 una
1132 4810 1254 4850 cum
1292 4794 1449 4847 Patre
1485 4796 1688 4845 entium
1744 4802 1925 4842 causa.
1980 4790 2053 4840 Ac
2104 4799 2289 4839 eorum

756 4892 1110 4948 identitatem.
1170 4896 1224 4940 et
1290 4883 1577 4938 voluntatis
1656 4879 1948 4941 unitatem,
2029 4891 2128 4930 nec
2192 4877 2293 4928 mi-

760 4997 862 5034 nus
918 4990 1264 5046 personarum
1320 4972 1757 5031 distinctionem,
1828 4982 1920 5035 per
1987 4966 2291 5035 praepositio

761 5074 1127 5137 reprmsentat.
1158 5063 1287 5126 Quae
1313 5071 1513 5121 autent,
1544 5058 1738 5137 inquit,
1771 5058 1911 5123 quod
1941 5070 2075 5123 opus
2100 5053 2295 5108 divina:

762 5134 1070 5215 voluntatis,
1096 5159 1149 5203 et
1196 5150 1392 5202 idcirco
1422 5134 1718 5201 creat-uram
1749 5146 1979 5198 dicimus
2026 5144 2303 5211 Spiritum

766 5251 983 5311 propter
1009 5242 1147 5293 hanc
1185 5239 1495 5299 dictionem,
1530 5252 1640 5304 per,
1685 5249 1801 5303 qua:
1834 5233 2166 5287 identitatem
2205 5246 2296 5281 vo-

765 5333 985 5383 luntatis
1031 5320 1396 5398 repraesentat.
1460 5324 1607 5379 llaud
1664 5326 1776 5378 scio
1817 5326 1860 5377 si
1923 5320 2085 5374 alicui
2143 5320 2297 5373 alteri

768 5430 955 5486 praeter
984 5436 1040 5473 se
1080 5422 1251 5485 ipsum
1285 5416 1453 5467 videri
1505 5416 1729 5483 p'0ssint.
1761 5412 1815 5465 Si
1842 5412 1984 5463 enim
2016 5418 2298 5477 propterea

770 5510 908 5573 quod
943 5524 1030 5574 per
1064 5508 1354 5561 voluntatis
1415 5505 1751 5557 identitatem
1808 5499 2077 5560 ostendit,
2108 5512 2313 5553 secun-i

769 5602 893 5647 dum
949 5598 1105 5647 istum
1156 5597 1387 5662 Spiritus
1436 5602 1678 5646 creatura
1717 5604 1832 5644 esse
1865 5588 2168 5656 colligitur:
2204 5602 2299 5639 cur

2398 4441 2468 4491 tia
2517 4436 2823 4512 Theologus
2881 4442 2961 4485 est
3009 4443 3369 4500 nuncupatus,
3403 4431 3703 4485 secundum
3731 4436 3937 4487 essein

2399 4530 2512 4581 suis
2563 4524 2917 4595 carminibus,
2964 4524 3170 4590 inquit,
3209 4522 3471 4591 Spiritum
3496 4531 3743 4579 sanctum
3775 4539 3804 4576 a
3836 4525 3938 4577 Pa-

2400 4628 2477 4671 tre
2505 4614 2957 4685 quemadmodum
3006 4622 3061 4665 et
3095 4612 3314 4664 Filium.
3350 4604 3629 4679 Nysseuus
3658 4628 3791 4665 vero
3828 4628 3937 4666 una

2398 4722 2519 4760 cum
2562 4702 2807 4774 pluribus
2860 4701 2981 4754 aliis
3038 4702 3102 4754 ad
3133 4717 3290 4753 unam
3327 4701 3501 4755 Patris
3533 4716 3825 4770 personam
3850 4721 3943 4757 co-

2400 4799 2521 4849 dem
2588 4794 2744 4848 modo
2795 4799 3087 4859 utrumque
3134 4808 3217 4861 ‘se.
3257 4794 3456 4846 ltabere
3483 4793 3687 4861 inquit,
3738 4806 3938 4862 praeter

2401 4885 2767 4939 subsistentia:
2818 4880 3061 4936 modum.
3106 4882 3243 4949 Quid
3292 4889 3471 4936 autem
3499 4882 3575 4936 illi
3616 4884 3711 4950 qui
3751 4885 3943 4937 dicunt

2404 4974 2665 5041 Spiritum
2717 4983 2962 5025 sanctum
3019 4987 3080 5023 ea
3137 4971 3295 5023 Patre
3324 4966 3853 5041 procedere,atqnc
3891 4973 3942 5023 in

2403 5062 2541 5115 Filio
2572 5076 2913 5141 permanere,
2950 5071 3004 5113 et
3034 5075 3097 5113 ex
3129 5060 3287 5113 l’atre
3316 5047 3372 5111 in
3404 5041 3603 5111 Filium
3627 5040 3961 5125 penetrare,

2403 5166 2465 5206 ac
2495 5166 2559 5204 ex
2587 5151 2747 5227 Patre
2774 5164 2913 5233 esse,
2944 5150 3227 5217 Verhoque
3262 5148 3655 5201 concomitari?
3692 5151 3823 5201 item
3850 5153 3944 5218 qui

2406 5225 3211 5292 communienem‘.charitatem
3290 5234 3480 5287 Patris
3526 5244 3580 5285 et
3641 5234 3765 5289 Filii
3825 5225 3947 5293 esse

2408 5324 2668 5393 Spiritum
2713 5332 2955 5377 sanctum
3006 5330 3276 5382 asserunt,
3334 5329 3601 5390 praeterea
3629 5324 3723 5391 qui
3759 5340 3951 5380 unam-

2406 5429 2673 5483 quamque
2698 5426 2981 5478 personam
3026 5412 3089 5462 ad
3115 5412 3339 5463 alteram
3371 5425 3427 5466 se
3460 5411 3657 5465 habere
3704 5428 3813 5467 non
3848 5416 3951 5467 mi.

2408 5518 2509 5555 nus
2571 5518 2728 5570 quam
2775 5504 2839 5553 ad
2902 5515 2959 5553 se
3018 5496 3225 5570 ipsam.
3258 5499 3395 5565 Quid
3442 5502 3678 5570 denique
3715 5507 3825 5569 ille,
3859 5504 3953 5571 qui

2410 5599 2585 5642 cantat
2618 5608 2630 5642 :
2670 5591 2857 5643 Munus
2908 5598 3009 5642 tua’
3074 5590 3303 5655 fecerunt
3360 5605 3438 5643 me
3474 5601 3522 5643 τι
3555 5592 3954 5659 plasmata-ut
