4136 6324
706 369 858 435 Ὧθδ

1688 366 2191 438 DESSARIONIS
2227 373 2284 434 S.
2334 374 2400 433 Β.
2442 372 2510 431 Ε.
2544 360 3072 445 CARDINALIS_’

3806 358 3911 439 s96
3972 338 3973 341 γ

744 488 883 542 rium
942 485 1129 548 facias,
1182 485 1491 555 injusteque
1552 500 1649 541 nos
1708 486 2021 560 redargnas,
2072 470 2272 553 quibus
2304 490 2344 546 Δ
2374 484 2627 545 atlirmas.
2663 483 2968 553 Filiumq'ue
3019 486 3256 541 medium
3286 501 3419 543 «esse
3451 490 3669 555 asseris,
3700 506 3769 547 ne
3799 493 3907 545 im-

748 577 861 644 ipse
912 576 1102 644 dignus
1145 590 1203 629 es
1226 613 1241 639 ,
1269 575 1587 644 improperia
1619 576 1671 627 in
1706 590 1805 629 nos
1836 575 2090 629 inferens.
2123 574 2299 640 Quod.

746 676 925 719 autem
952 682 1069 718 cum
1097 664 1296 733 aliquid
1325 680 1572 732 persona,
1630 666 1712 719 vel
1744 664 2007 733 potentia,
2033 664 2115 716 vel
2146 676 2275 732 ope-

751 759 885 812 ratio
914 758 1107 810 dicitur
1136 757 1457 826 cuiuspiam,
1511 757 1577 810 ad
1610 757 1714 810 hoc
1748 756 1915 809 aliam
1949 753 2275 824 hypostasim

712 850 855 897 .sive
881 860 1153 914 personam
1208 844 1499 914 signiﬁcet,
1564 846 1727 899 etiam
1763 860 1827 898 ex
1861 859 1925 898 eo
1954 857 2078 897 esse
2107 840 2277 910 signi-

751 934 888 996 ﬁcat,
943 938 1094 1003 cujus
1150 946 1203 988 et
1257 949 1376 989 esse
1429 935 1653 989 dicitur.
1718 934 1855 990 Audi
1917 933 2046 1002 quid
2090 947 2279 986 omnes

748 1024 1243 1078 dicantz‘Cbistum
1308 1026 1519 1078 scilicet
1572 1025 1664 1079 Dei
1721 1024 2042 1094 potentiam,
2102 1031 2158 1076 et
2180 1022 2275 1076 Dei

745 1114 1099 1181 sapientiam;
1152 1116 1387 1183 itemque
1439 1113 1707 1167 viventem
1762 1124 1813 1167 et
1890 1114 2274 1167 subsistentem

746 1206 1128 1271 operationem,
1176 1214 1231 1257 et
1272 1206 1566 1273 potentiam
1602 1205 1782 1257 Patris
1805 1204 2022 1257 Filium.
2063 1202 2127 1256 Et
2156 1217 2294 1254 rur—-

742 1310 831 1347 sus
875 1295 1133 1361 Spiritum
1188 1304 1434 1355 sanctum
1493 1309 1596 1347 non
1637 1294 1872 1346 alienum
1927 1308 1956 1344 a
1990 1283 2145 1353 Filio,
2181 1290 2275 1345 scd

745 1385 795 1436 in
823 1399 906 1447 eo,
941 1393 995 1437 et
1023 1400 1087 1438 ex
1113 1398 1201 1451 eo,
1231 1395 1393 1453 atque
1444 1393 1503 1439 ut
1548 1384 1851 1437 naturalem
1883 1379 2291 1450 operationem.»

744 1472 893 1526 Patet
946 1474 1087 1527 enim
1122 1475 1264 1543 quod
1313 1489 1434 1528 cum
1496 1462 1664 1527 Filius
1703 1472 2005 1527 subsistens
2036 1469 2276 1538 patentia

745 1565 919 1617 Patris
958 1567 1051 1627 sit,
1116 1566 1182 1617 ab
1235 1580 1300 1618 eo
1334 1564 1709 1618 etiamdiﬂ'ert
1736 1564 1793 1616 in
1820 1571 2083 1629 quantum
2110 1560 2281 1627 hypo-

748 1656 903 1708 stasis
944 1664 1048 1718 est,
1100 1664 1164 1709 et
1224 1655 1521 1708 secundum
1571 1655 1675 1707 hoc
1716 1654 1877 1707 etiam
1903 1667 1970 1706 ex
1997 1665 2062 1705 eo
2093 1660 2195 1714 est,
2226 1657 2281 1702 et

748 1744 1007 1811 Spiritum
1068 1753 1311 1798 sanctum
1371 1743 1672 1796 naturalem
1731 1741 1848 1795 Filii
1882 1737 2276 1808 operationem,

2381 572 2611 625 mediate
2634 572 2896 639 Spiritum
2931 588 3137 642 ponens
3158 590 3278 629 eum
3297 576 3536 647 genitum
3567 583 3781 647 cogaris
3795 582 3913 650 opi-

2376 661 2517 724 nari,
2549 659 2749 713 videris
2777 676 2954 729 neque
2989 676 3048 715 re
3084 662 3139 717 in
3181 665 3419 719 divinam
3470 666 3793 722 Trinitatem
3820 687 3914 723 or-

2323 825 2333 836 .
2377 750 2554 802 dinem
2587 765 2813 819 ponere,
2866 752 2958 806 sed
2995 752 3107 819 ipse
3137 754 3189 807 id
3222 750 3574 825 concipiendo
3593 757 3749 825 quasi
3771 758 3915 810 dono

2379 842 2696 907 concedere,
2730 858 2793 897 ac
2823 853 3012 911 putare
3042 846 3097 899 in
3130 854 3181 900 te
3207 862 3347 910 esse,
3373 862 3495 903 cum
3520 849 3759 903 volueris
3796 864 3918 915 per—

2379 931 2637 997 mutando
2669 932 2913 987 ordinem
2950 935 3235 988 nominum
3282 945 3628 1005 postponere.
3664 937 3721 991 Si
3763 940 3908 992 enim

2376 1021 2447 1074 ob
2477 1034 2671 1074 nomen
2706 1021 2881 1096 Patris
2911 1022 3053 1090 (nam
3102 1025 3203 1078 hoc
3233 1024 3471 1079 arbitror
3513 1027 3913 1081 confessionem

2374 1111 2557 1180 vocas)
2603 1125 2711 1165 non
2759 1111 2921 1165 effers
2970 1108 3296 1177 immediate,
3331 1114 3589 1183 Spiritum
3646 1126 3915 1176 sanctum,

2379 1216 2445 1255 ne
2488 1202 2703 1271 genitus
2734 1211 2972 1271 putetur,
2998 1203 3124 1257 licet
3157 1205 3201 1258 si
3243 1219 3367 1260 cum
3415 1205 3707 1274 spirantem
3742 1204 3915 1259 nomi-

2374 1289 2650 1353 nabitnus,
2683 1290 2941 1359 Spiritum
2972 1294 3153 1345 statim
3190 1293 3415 1359 inferre,
3437 1305 3491 1348 et
3522 1310 3619 1363 per
3650 1294 3915 1363 Spiritum

2377 1395 2442 1434 ex
2471 1382 2708 1449 spirante
2742 1380 2935 1435 Filium
2970 1397 3109 1448 esse,
3146 1381 3449 1453 Filiumque
3486 1398 3584 1453 per
3623 1398 3683 1439 se
3714 1400 3780 1437 ex
3812 1378 3919 1438 Pa-

2381 1480 2479 1535 tre,
2527 1471 2619 1525 sed
2668 1487 2757 1539 per
2803 1472 3055 1551 accidens
3095 1488 3160 1527 ex
3189 1473 3429 1541 spirante
3460 1490 3475 1527 :
3505 1472 3767 1542 Spiritum
3814 1490 3919 1527 au-

2384 1575 2486 1618 tem
2518 1574 2760 1618 sanctum
2793 1564 2976 1631 per‘se
3000 1578 3062 1617 ex
3092 1563 3351 1631 spirante,
3397 1563 3489 1618 sed
3521 1578 3581 1619 es
3618 1565 3773 1618 Patre
3823 1576 3933 1633 pcr'

2381 1650 2651 1716 accidens,
2683 1651 2919 1718 atquein
2944 1651 3100 1715 nobis
3123 1667 3242 1706 esse
3265 1652 3510 1706 ordinem
3535 1653 3917 1707 alterantibus.

2382 1738 2657 1792 Interdum
2696 1737 2886 1793 Filium
2946 1742 3185 1795 medium
3230 1741 3405 1794 Patris
3451 1749 3505 1795 et
3550 1740 3787 1808 Spiritus
3822 1756 3923 1808 po-

748 1847 922 1901 neque
976 1832 1114 1885 hanc
1173 1846 1278 1885 non
1332 1831 1713 1884 subsistentem
1740 1866 1755 1893 ,
1790 1840 1844 1883 et
1868 1843 1933 1882 ex
1960 1842 2024 1882 eo
2063 1836 2202 1890 esse,
2226 1835 2279 1880 et
2309 1839 2351 1894 Β
2379 1842 2506 1881 nere
2531 1866 2544 1890 ,
2603 1841 2722 1881 cum
2757 1830 2983 1897 primam
3035 1844 3249 1883 causam
3280 1833 3623 1887 nominemus
3655 1831 3867 1883 Patrem
3904 1848 3919 1882 :

750 1921 849 1972 hac
889 1922 1095 1973 ratione
1151 1922 1219 1974 ab
1270 1935 1334 1973 eo
1385 1919 1663 1989 distingui.
1711 1918 1889 1983 Quare
1926 1931 2034 1971 non
2069 1925 2275 1970 tantum

749 2022 956 2065 natura:
1006 2011 1340 2065 identitatem
1398 2011 1511 2063 haec
1566 2010 1783 2063 nomina
1842 2006 2161 2071 ostendunt,
2224 2007 2277 2060 in

746 2119 854 2170 quo
885 2102 998 2171 ipse
1025 2110 1073 2154 te
1104 2101 1313 2162 laudas,
1343 2100 1436 2154 sed
1471 2102 1632 2153 etiam
1658 2099 2066 2154 distinctionem
2097 2112 2279 2167 perso-

744 2208 953 2247 narum.
1004 2192 1112 2247 Hac
1162 2193 1324 2263 igitur
1375 2192 1583 2245 ratione
1615 2189 1845 2257 devicta,
1882 2188 2064 2244 omnia
2087 2188 2276 2265 etiam,

746 2299 863 2351 qua:
896 2292 1217 2353 sequuntur,
1262 2282 1419 2337 simul
1460 2280 1705 2335 condicta
1727 2280 2097 2349 dissipataque
2129 2286 2275 2333 Sunt.

1092 2414 1353 2478 Quartum
1383 2421 1743 2481 argumentum
1782 2410 1950 2464 Vecci.

815 2524 947 2580 Cum
984 2505 1202 2595 quidam
1237 2524 1407 2577 nolint
1436 2522 1677 2591 proﬁteri
1703 2522 1897 2575 Filium
1929 2521 1985 2575 in
2008 2520 2275 2575 Trinitate

747 2617 984 2670 medium
1018 2628 1155 2678 esse,
1189 2612 1330 2683 quod
1368 2622 1545 2665 tamen
1568 2609 1864 2689 manifeste
1888 2624 1918 2663 a
1940 2610 2142 2689 sanctis
2178 2609 2275 2663 Pa-

748 2708 922 2760 tribus
956 2702 1258 2758 institutum
1312 2704 1365 2755 in
1417 2684 1682 2769 theologia
1727 2708 1841 2766 est,
1895 2680 2031 2754 non’
2059 2700 2280 2753 omnino

746 2798 923 2877 velint,
949 2798 1003 2849 in
1030 2794 1291 2848 Trinitate
1327 2808 1521 2845 nomen
1570 2786 1777 2844 ordinis
1801 2802 2082 2852 asserere;
2116 2799 2173 2839 et
2198 2788 2281 2840 hae

750 2873 1029 2939 doctorum
1049 2882 1401 2936 auctoritates
1430 2879 1669 2947 collecta:
1691 2885 1839 2936 sunt,
1860 2882 1973 2927 tum
2003 2873 2070 2926 ad
2096 2881 2282 2925 osten-

747 2976 983 3028 dendum
1021 2972 1284 3039 Spiritum
1330 2976 1581 3020 sanctum
1629 2978 1723 3031 per
1750 2962 1946 3016 Filium
1979 2974 2282 3014 connexum

746 3080 867 3118 esse
905 3062 1071 3126 Patri,
1099 3066 1209 3113 tum
1238 3059 1304 3112 ad
1347 3057 1556 3125 liquido
1606 3052 2088 3108 demonstrandum
2137 3050 2284 3107 ordi-

749 3169 873 3210 nem
909 3166 1025 3206 esse
1058 3152 1109 3203 in
1140 3148 1424 3201 Trinitate.

1204 3264 1441 3342 Palama:
1472 3285 1830 3361 contradictio.

822 3401 1059 3457 Mentiris
1084 3408 1266 3454 contra
1294 3399 1413 3466 pios
1435 3396 1726 3464 ﬁdelesque
1748 3388 2051 3458 hominum,
2090 3392 2281 3446 miser-

751 3496 905 3556 rime,
938 3490 1087 3545 llaud
1136 3489 1282 3543 enim
1321 3488 1490 3556 ignari
1537 3501 1744 3549 sumus,
1793 3485 2038 3547 ordinem
2068 3484 2121 3537 in
2154 3483 2279 3537 Tri-

748 3552 913 3634 nitate
954 3594 1107 3643 esse;
1163 3578 1256 3631 sed
1308 3552 1455 3645 pium
1500 3585 1661 3643 atque
1700 3575 1933 3627 ﬁdelem.
1987 3574 2089 3637 Qui
2149 3585 2278 3624 vero

749 3673 963 3726 tertium
998 3686 1025 3724 a
1062 3670 1220 3723 Patre
1268 3667 1533 3737 Spiritum
1567 3676 1812 3721 sanctum
1862 3680 1925 3718 ex
1958 3666 2278 3718 necessitate

746 3776 863 3815 esse
886 3759 1142 3823 ostendit,
1178 3766 1431 3825 tanquam
1461 3755 1713 3824 impium,
1744 3769 1901 3823 quem
1934 3764 1988 3807 tu
2025 3769 2147 3807 cum
2173 3755 2281 3807 En.

749 3854 928 3905 nomio
963 3850 1182 3911 asseris,
1231 3849 1453 3901 minime
1506 3848 1816 3914 recipimus.
1867 3846 2044 3911 Atque
2092 3857 2278 3897 contra

752 3941 1153 4009 Scripturarum
1183 3938 1480 3993 sententias
1513 3936 1781 3989 mentiris.
1812 3934 1940 3999 Quae
1970 3949 2080 4005 non
2124 3936 2281 3988 modo

714 4014 719 4021 ’
751 4033 965 4096 Filium,
992 4029 1087 4085 sed
1112 4029 1381 4085 interdum
1407 4027 1571 4081 etiam
1594 4025 1806 4081 Patrem
1836 4024 1971 4079 Filio
2024 4024 2280 4092 Spiritui-

749 4138 855 4192 quc
885 4130 1069 4176 sancto
1108 4132 1304 4172 nexum
1336 4131 1457 4171 esse
1497 4116 1651 4167 aiunt
1700 4130 1714 4167 :
1748 4112 2021 4166 interdum
2068 4128 2283 4182 quoque

750 4213 867 4265 Fdii
897 4202 1171 4264 effatus
1217 4207 1481 4275 Spiritum
1535 4209 1781 4256 sanctum
1845 4202 2085 4256 medium
2134 4217 2283 4255 com-

753 4310 1075 4363 munemque
1104 4293 1390 4346 aﬂirmant.
1425 4290 1491 4345 Et
1518 4304 1677 4358 quem
1730 4289 1935 4358 liquido
1984 4288 2092 4342 dici
2124 4288 2275 4342 ordi-

754 4402 874 4441 nem
907 4384 1126 4445 asseris,
1158 4380 1501 4434 manifestum
1564 4387 1679 4443 est,
1733 4380 1878 4447 quod
1902 4394 2010 4433 non
2038 4380 2109 4433 de
2148 4378 2286 4433 Filio

752 4489 807 4531 ct
838 4473 1037 4544 Spiritu
1072 4481 1255 4525 sancto
1283 4477 1384 4523 est.
1418 4467 1750 4521 Conceditur
1778 4478 1955 4521 tamen
1999 4470 2056 4521 et
2086 4467 2281 4521 Filium
2317 4465 2356 4518 D

752 4582 870 4621 csse
902 4563 1135 4617 medium
1157 4601 1171 4627 ,
1207 4559 1299 4614 sed
1337 4573 1446 4613 non
1476 4558 1655 4627 quoad
1689 4558 2061 4613 esslstentiam
2108 4556 2285 4627 Spiri-

756 4672 839 4712 tus
874 4658 941 4712 ab
990 4654 1106 4716 eis,
1157 4651 1247 4720 qui
1295 4648 1474 4703 divina
1517 4657 1807 4713 noverunt,
1846 4647 1943 4701 sed
1986 4647 2283 4703 secundum

754 4744 1167 4807 confessionem,
1202 4754 1324 4794 non
1360 4739 1671 4794 immediate
1728 4736 1990 4807 Spiritum
2036 4749 2281 4793 sanctum

753 4838 1099 4907 ponentibus,
1148 4848 1213 4886 ne
1258 4840 1311 4886 et
1356 4833 1468 4900 ipse
1516 4830 1731 4897 genitus
1777 4831 2045 4883 videatur.
2098 4829 2283 4898 itaque

752 4927 1015 4995 ejusmodi
1040 4925 1184 4981 dicta
1210 4938 1239 4977 a
1279 4923 1409 4977 siris
1439 4923 1643 4977 sanctis
1671 4922 1809 4975 bene
1862 4934 1925 4973 ac
1956 4931 2102 4974 recte
2128 4933 2285 4989 repo-
2376 4956 2381 4959 ς

753 5020 857 5071 sita
890 5026 1037 5070 sunt.
1080 5014 1185 5083 sed
1217 5015 1309 5083 qui
1359 5013 1413 5066 in
1450 5014 1554 5066 hoc
1576 5012 1700 5067 loco
1736 5012 1825 5065 illa
1875 5010 2094 5080 collegit
2123 5020 2285 5080 atque

752 5109 821 5161 ad
868 5120 1059 5168 suam,
1094 5104 1185 5157 hic
1233 5103 1419 5156 falsam
1470 5102 1777 5171 Opinionem
1835 5102 2083 5167 inseruit,
2144 5103 2283 5155 male

753 5198 1025 5266 impieque
1056 5195 1140 5246 his
1175 5193 1362 5247 utitur.

1270 5300 1479 5355 Νίσαιιὲ
1513 5302 1761 5370 defensio.

822 5421 889 5469 At
918 5394 1091 5470 homo.
1111 5414 1356 5484 quisquis
1386 5428 1464 5479 es,
1498 5414 1591 5482 qui
1624 5415 1736 5469 hac
1780 5414 1942 5477 dicis,
1968 5413 2279 5483 huiusmodi

755 5507 905 5568 ordo,
934 5520 1093 5575 quem
1114 5505 1377 5569 attulisti,
1403 5514 1630 5574 tuosque
1659 5506 1822 5561 doces
1851 5505 2149 5568 auditores,
2174 5521 2279 5559 non
2316 5502 2321 5509 ’

757 5593 909 5655 ordo,
959 5597 1049 5649 sed
1093 5598 1274 5664 potius
1313 5595 1645 5650 inordinatio
1702 5597 2065 5666 nuncupanda
2118 5597 2279 5651 foret.

761 5682 889 5733 Nam
935 5680 977 5735 si
1036 5694 1250 5751 pr0pler
1290 5684 1724 5752 confessionem,
1758 5697 1815 5739 ut
1870 5686 1971 5751 ais,
2032 5686 2278 5742 ordinem

2382 1915 2655 1970 interdum
2691 1932 2823 1971 vero
2858 1918 3035 1971 Patris
3076 1928 3132 1971 et
3167 1917 3287 1971 Filii
3338 1920 3573 1973 medium
3628 1920 3918 1987 Spiritum,

2380 2022 2501 2061 cum
2521 2023 2653 2062 eum
2689 2008 2979 2076 spirantem
3018 2008 3366 2063 aﬁirtuemus.
3397 2009 3521 2073 Quae
3548 2011 3766 2079 quidem
3805 2026 3920 2063 om-

2381 2097 2472 2151 nia
2524 2107 2580 2151 et
2636 2098 2865 2151 absurda
2896 2106 3062 2162 sunt,
3125 2108 3181 2152 et
3225 2101 3394 2167 magis
3430 2099 3923 2163 'inordinationem,

2381 2204 2538 2259 quam
2563 2189 2808 2244 ordinem
2851 2189 3136 2245 inducunt.
3172 2190 3239 2242 At
3275 2204 3375 2243 nos
3413 2190 3787 2260 hujuscemodi
3826 2203 3922 2244 or-

2382 2278 2563 2333 dinem
2600 2293 2879 2348 negamus.
2911 2279 3021 2333 Nec
3054 2294 3183 2333 vero
3216 2280 3501 2334 arbitreris
3529 2296 3629 2334 nos
3655 2297 3777 2335 cum
3807 2281 3887 2335 Eu
3902 2288 3931 2321 -‘

2379 2369 2563 2423 nomio
2596 2384 2720 2423 eum
2771 2370 3014 2423 ordinem
3055 2371 3293 2436 sentire,
3348 2371 3673 2440 tertiumque
3717 2387 3783 2427 ex
3824 2388 3924 2425 ne-

2380 2458 2632 2512 cessitate
2673 2473 2703 2511 a
2749 2458 2911 2514 Patre
2963 2458 3232 2528 Spiritum
3270 2471 3480 2529 putare.
3513 2463 3645 2516 Nam
3696 2466 3923 2515 tertium

2378 2562 2495 2601 esse
2528 2548 2701 2615 ipsum
2743 2548 3224 2617 maximequidem
3259 2550 3551 2616 credimus,
3598 2560 3653 2605 ct
3701 2551 3805 2605 hoc
3853 2568 3925 2605 es

2379 2638 2723 2692 necessitate.
2766 2636 3056 2694 Modohoc
3098 2640 3193 2695 tibi
3222 2636 3446 2695 verbum
3492 2657 3555 2696 es
3590 2644 3925 2696 necessitate

2380 2740 2491 2777 non
2525 2725 2789 2794 signiﬁcet
2817 2728 2978 2791 idem,
3004 2738 3165 2795 atque
3199 2744 3262 2782 ex
3290 2739 3501 2792 natura,
3535 2746 3654 2783 cum
3687 2731 3763 2783 illi
3799 2747 3927 2784 ere-

2382 2814 2597 2877 damus,
2628 2815 2721 2881 qui
2748 2830 2869 2879 eum
2905 2806 3121 2869 tertium
3149 2832 3269 2871 esse
3315 2819 3537 2871 tradidit
3573 2821 3623 2871 in
3664 2822 3925 2874 salutaris

2382 2901 2719 2967 baptismatis
2766 2902 3077 2955 traditione.
3112 2904 3218 2966 Ite,
3252 2906 3448 2974 inquit,
3483 2916 3532 2957 et
3562 2907 3825 2977 baptizata
3870 2912 3926 2962 in

2380 2992 2592 3044 nomine
2628 2990 2826 3056 Patris,
2854 3000 2902 3046 et
2936 2992 3081 3058 Filii,
3114 3003 3163 3047 et
3195 2994 3424 3064 Spiritus
3454 3000 3645 3050 sancti.
3672 2998 3925 3053 Tertium

2382 3088 2560 3133 autem
2592 3090 2783 3134 natura
2819 3097 2937 3135 esse
2966 3098 3237 3151 nunquam
3272 3085 3522 3150 dicimus,
3555 3102 3655 3141 nec
3679 3093 3925 3157 unquam

2310 3156 2353 3215 C
2384 3170 2685 3245 incidemus
2719 3171 2775 3225 in
2806 3173 3035 3227 alterum
3077 3176 3472 3229 contrariorum
3498 3177 3755 3246 fugiendo
3778 3156 3931 3233 aito-

2384 3274 2524 3323 rum,
2561 3268 2617 3312 ut
2646 3260 2762 3328 ipse
2789 3261 2922 3330 agis.
2949 3261 3227 3331 Siquidem
3288 3267 3505 3319 tertium
3554 3278 3746 3320 natura
3802 3269 3927 3336 ipse

2385 3348 2630 3417 fugiens,
2662 3351 2836 3418 ipsum
2864 3350 3027 3405 etiam
3056 3353 3400 3408 discretivum
3432 3371 3787 3424 personarum
3830 3376 3929 3413 or-

2383 3439 2562 3494 dinem
2620 3455 2819 3508 negas;
2875 3456 3050 3510 neque
3103 3453 3253 3511 potes
3295 3444 3348 3497 in
3396 3446 3573 3499 medio
3630 3462 3860 3503 manere
3908 3468 3923 3503 :

2382 3544 2541 3597 quam
2594 3530 2787 3583 melius
2836 3531 2931 3584 tibi
2966 3532 3157 3586 fuisset
3202 3533 3360 3587 ambo
3411 3537 3598 3603 fugere
3647 3548 3921 3599 extrema,

2380 3615 2632 3689 stareque
2680 3621 2731 3673 in
2772 3621 2971 3685 medio,
3014 3630 3074 3674 ut
3122 3632 3304 3677 nostra
3336 3626 3600 3678 sententia
3624 3644 3640 3652 ε
3668 3637 3753 3680 est
3783 3646 3797 3681 :
3832 3633 3927 3697 qui

2384 3724 2482 3763 nec
2506 3713 2727 3763 omnino
2759 3713 2974 3765 tertium
3002 3728 3120 3767 esse
3150 3729 3432 3790 negamus,
3474 3731 3648 3786 neque
3697 3722 3927 3773 tertium

2380 3816 2497 3856 esse
2524 3812 2715 3856 natura
2746 3805 3116 3869 concedimus,
3145 3808 3240 3861 sed
3278 3809 3494 3862 tertium
3527 3811 3747 3877 quidem
3795 3828 3926 3866 eum

2381 3903 2657 3959 ponentes,
2705 3910 2811 3947 non
2846 3896 3019 3948 solum
3056 3897 3160 3949 dici
3186 3936 3199 3960 ,
3252 3899 3346 3951 sed
3386 3881 3547 3953 etiam
3579 3915 3700 3955 esse
3759 3914 3929 3972 atque

2383 3984 2627 4043 ordinem
2661 3984 3011 4038 discretivum
3045 3987 3369 4055 recipientes
3397 4005 3775 4057 personarum,
3813 4010 3928 4047 non

2385 4081 2699 4122 naturarum
2733 4088 2747 4123 :
2780 4086 2939 4138 quem
2992 4075 3209 4139 quidem
3268 4076 3442 4143 ipsum
3496 4093 3563 4131 ex
3598 4083 3933 4135 necessitate

2382 4174 2500 4213 esse
2525 4160 2645 4226 quis
2673 4160 3049 4213 contradicat?
3070 4164 3387 4231 Quanquam
3422 4169 3535 4233 ipse
3573 4185 3787 4223 omnem
3834 4188 3935 4225 or-

2386 4246 2565 4300 dinem
2622 4262 2837 4316 quoquo
2867 4251 3027 4302 modo
3060 4264 3136 4303 'ex
3175 4256 3495 4310 necessitate
3544 4259 3935 4313 demonstran-

2388 4345 2512 4397 tem,
2545 4334 2687 4388 hunc
2712 4350 2833 4388 esse
2862 4336 3078 4390 tertium
3125 4353 3229 4391 non
3260 4344 3546 4409 concedas,
3576 4361 3673 4398 nec
3706 4348 3933 4401 Patrem

2388 4420 2631 4475 nostrum
2669 4425 3110 4493 (iitrysostomum
3168 4428 3375 4493 audias,
3414 4446 3534 4484 cum
3586 4434 3729 4486 dicat
3765 4456 3777 4488 :
3811 4435 3939 4491 Dis-

2387 4515 2629 4567 cretivus
2691 4512 2875 4582 itaque
2904 4514 3210 4569 divinarum
3243 4534 3595 4586 personarum
3627 4525 3763 4578 ordo
3800 4540 3937 4579 san-

2387 4605 2489 4658 ctis
2528 4612 2689 4657 notus
2715 4606 2980 4686 consistit,
3019 4607 3113 4661 sed
3168 4608 3492 4663 discretivus
3542 4624 3745 4665 natura:
3782 4619 3938 4669 ordo

2388 4697 2440 4750 in
2495 4689 2997 4772 sancta‘Tr'initato
3039 4698 3361 4767 rejiciendus
3407 4710 3533 4754 est:
3573 4703 3937 4758 disrretivum

2385 4791 2563 4840 autem
2605 4801 2961 4854 personarum
3000 4788 3248 4842 ordinem
3307 4802 3513 4844 natura:
3541 4793 3756 4859 quidem
3814 4811 3936 4848 nrm

2383 4878 2652 4942 csse,-sed
2687 4886 2872 4930 natura
2903 4890 3083 4931 tamen
3108 4893 3226 4933 esse
3266 4881 3500 4948 quilibet
3551 4898 3695 4936 salue
3722 4889 3940 4939 mentis

2387 4967 2729 5033 concederet,
2762 4984 2824 5022 ac
2849 4969 3151 5023 secundum
3198 4970 3336 5023 hanc
3392 4972 3658 5025 rationem
3698 4986 3821 5026 esse
3875 4986 3943 5027 et

2388 5058 2715 5123 naturalem,
2746 5074 2851 5111 non
2907 5059 3207 5112 secundum
3250 5061 3392 5127 quod
3431 5052 3679 5113 naturam
3716 5062 3942 5115 discer-

2386 5148 2488 5209 nit,
2521 5150 2611 5201 sed
2641 5150 2937 5203 secundum
2969 5149 3112 5215 quod
3141 5158 3331 5201 natura
3364 5130 3484 5201 non
3521 5144 3792 5216 positione
3830 5166 3945 5204 no—

2385 5245 2495 5291 stra
2544 5246 2643 5290 cst.
2687 5237 2742 5289 id
2780 5249 2959 5290 autem
2992 5236 3258 5290 aiﬁirmant
3291 5247 3343 5290 et
3382 5239 3631 5290 doctores
3674 5236 3947 5297 Ecclesia

2384 5326 2657 5395 principes
2699 5315 3027 5380 Athanasius
3086 5336 3249 5394 atque
3290 5326 3531 5379 Basilius
3570 5344 3583 5377 :
3626 5328 3711 5381 hic
3750 5336 3946 5401 majo-

2389 5431 2499 5469 rem
2532 5416 2960 5487 propositionem
3016 5414 3254 5478 tradens,
3296 5414 3624 5495 Atpanasius
3657 5419 3945 5476 minorem

2388 5508 2671 5572 inducens,
2700 5519 2752 5561 et
2783 5506 3153 5575 syllogismum
3180 5504 3339 5559 ambo
3358 5519 3526 5558 unum
3558 5510 3951 5577 complecten—

2389 5608 2466 5651 tcs
2502 5599 2961 5651 demonstrantem
3017 5604 3209 5661 natura
3246 5594 3509 5664 Spiritum
3566 5611 3815 5652 sanctum
3858 5604 3947 5655 ad

2386 5691 2579 5747 Filium
2616 5686 2891 5749 ordinari;
2929 5672 2992 5740 ad
3035 5685 3245 5741 Patrem
3304 5687 3451 5741 enim
3491 5687 3693 5741 Filium
3732 5699 3953 5744 natura
