4136 6324
318 243 427 307 ειη

1223 245 1601 306 APOLOGIA
1642 248 2247 309 INSLRIPTIONUM
2290 232 2545 314 γεραιέ

3378 254 3489 315 ἓθὲ
3520 273 3531 285 ‘

319 357 590 422 ordinari,
618 366 674 413 et
706 360 776 413 ita
812 359 1027 428 quidem
1060 368 1277 417 natura.
1307 368 1366 412 ut
1395 328 1553 414 omne
1582 370 1857 412 causatum
1887 361 1932 419 Α
1960 364 2243 431 quamdam
2274 366 2427 432 ponit
2458 365 2522 418 ad
2557 380 2716 432 quam
2746 369 3081 436 probandam
3111 370 3247 424 nihil
3284 369 3501 422 inducit

236 484 245 487 -
319 449 391 502 ad
426 448 695 515 propriam
723 463 970 513 causam;
1007 457 1172 518 utque
1204 449 1277 511 id,
1309 450 1450 517 quod
1478 465 1541 503 ex
1584 449 1703 515 igne
1732 463 1856 515 pro-

319 536 543 590 ducitur
571 537 635 590 ad
678 537 851 601 ipsum
880 536 1082 605 ignem,
1115 540 1273 591 docet
1299 537 1561 602 Basilius;
1597 536 1857 604 Spiritum

331 634 529 677 autem
567 626 833 692 ejusmodi
870 635 1116 679 naturam
1168 618 1525 694 ordinemque
1562 627 1627 679 ad
1664 626 1857 679 Filium

319 714 544 778 habere,
598 731 754 783 quem
797 716 963 769 Filius
996 716 1063 769 ad
1112 716 1348 779 Patrem,
1398 706 1728 771 Athanasius
1772 717 1863 772 lit-

323 805 458 857 teris
476 804 778 871 mandavit,
807 807 898 874 qui
925 821 1048 860 cum
1069 806 1332 862 naturalis
1358 807 1449 869 sit,
1479 819 1587 859 non
1615 807 1669 859 in
1691 821 1861 875 quan-

321 903 441 948 tutn
470 902 715 948 naturam
754 895 1043 951 discernit.
1085 895 1236 966 Saepe
1261 910 1494 963 namque
1531 894 1586 950 id
1621 896 1857 961 dicatur,

322 993 386 1035 ut
418 983 867 1039 calumniantium
910 985 1269 1041 obstruantur
1305 1002 1421 1049 ora,
1460 986 1555 1040 sed
1596 987 1721 1055 quia
1758 1000 1860 1040 na-

321 1079 449 1124 tura
490 1086 599 1124 non
655 1073 940 1140 positione
964 1084 1150 1129 nostra
1190 1084 1313 1139 est;
1365 1090 1423 1129 re
1460 1073 1681 1144 quidem
1718 1088 1859 1139 esse,

318 1170 379 1211 et
420 1176 523 1212 non
557 1160 860 1218 intentione
896 1173 1103 1227 nostra,
1140 1180 1319 1235 neque
1351 1164 1407 1218 in
1449 1164 1608 1219 nobis
1635 1177 1776 1227 esse,
1803 1171 1863 1218 ut

320 1250 438 1313 ipso
467 1251 785 1312 arbitraris,
830 1268 955 1306 cum
1016 1254 1247 1308 velimus
1299 1262 1649 1323 permutare:
1684 1255 1862 1308 inter-

320 1337 565 1404 dumque
606 1338 677 1390 ita
710 1339 1302 1406 ordinaro,'interdum
1331 1341 1488 1395 aliter
1526 1358 1540 1396 :
1569 1356 1730 1417 nemo
1756 1348 1860 1404 est,

328 1428 427 1493 qui
471 1443 573 1481 non
607 1428 891 1484 fateretur.
935 1430 989 1486 Si
1016 1432 1195 1500 itaque
1214 1432 1590 1500 hujuscemodi
1616 1432 1861 1485 ordinem

254 1564 257 1565 ,
319 1528 380 1569 et
416 1518 527 1585 ipse
557 1520 762 1584 fateris,
809 1522 1222 1590 Scripturaruin
1253 1523 1550 1577 sententias
1582 1537 1691 1575 non
1740 1537 1863 1591 per-

319 1609 622 1672 vertimus;
663 1626 765 1664 nec
802 1613 960 1675 ullis,
999 1613 1093 1681 qui
1142 1622 1377 1667 mentem
1425 1611 1683 1678 habeant,
1718 1612 1864 1664 vide-

329 1696 483 1749 bitur
512 1713 523 1749 :
560 1698 652 1751 sed
694 1700 834 1754 bene
865 1717 929 1756 ac
961 1710 1127 1766 recte,
1185 1703 1278 1770 qui
1318 1715 1410 1755 eas
1446 1701 1683 1771 collegit,
1712 1698 1859 1763 fecit,

318 1795 487 1853 atque
510 1802 605 1853 pro
643 1789 801 1844 nobis
835 1792 916 1844 hze
955 1794 1191 1845 rationes
1213 1801 1358 1847 sunt.
1394 1791 1489 1847 Sin
1511 1799 1689 1845 autem
1721 1790 1863 1844 hunc

320 1890 513 1944 negas,
546 1879 636 1946 qui
680 1879 811 1933 dicit
854 1889 903 1933 te
930 1896 1053 1935 eum
1090 1897 1310 1951 negare,
1350 1896 1535 1935 verum
1567 1881 1721 1944 dicit,
1763 1894 1864 1933 nec

320 1969 625 2033 mentitur,
668 1968 762 2022 sed
811 1970 950 2025 bene
1001 1980 1051 2025 te
1104 1973 1349 2026 vulnerat
1399 1972 1581 2024 verbis
1622 1969 1862 2039 collectis

317 2054 631 2109 doctorum.
660 2059 778 2110 Vile
813 2060 975 2114 etiam
1005 2061 1119 2115 haec
1141 2077 1272 2114 sane
1302 2061 1437 2128 agis,
1464 2074 1586 2113 cum
1609 2058 1675 2111 ad
1701 2059 1859 2110 aliam

317 2146 650 2197 sententiam
675 2146 848 2200 dictas
889 2150 1243 2201 auctoritates
1269 2150 1385 2215 ipse
1410 2147 1654 2215 colligis,
1680 2154 1735 2199 et
1766 2160 1862 2211 per

313 2249 417 2287 eas
446 2244 604 2303 putas
635 2235 885 2289 refellere
923 2235 1063 2290 hanc
1099 2236 1440 2290 insolubilem
1473 2250 1691 2289 auream
1717 2234 1861 2288 ordi-

316 2325 412 2377 nis
456 2328 724 2377 catenam.
773 2322 1014 2392 Spiritus
1058 2338 1289 2391 namque
1329 2323 1540 2377 medius
1584 2324 1728 2375 inter
1776 2321 1893 2375 Fl-‘

317 2412 457 2470 lium
512 2420 566 2464 et
603 2412 815 2465 Patrem
858 2421 1112 2481 tanquam
1165 2412 1461 2481 ingenitum
1514 2411 1861 2481 genitumque

315 2517 445 2555 esse
496 2502 711 2567 dicitur,
757 2517 878 2556 cum
915 2502 1046 2570 ipse
1096 2516 1271 2571 neque
1298 2502 1514 2571 genitus
1557 2504 1648 2565 sit,
1684 2517 1861 2571 neque

316 2592 595 2659 ingenitus
618 2593 914 2647 secundum
936 2592 1259 2663 Gregorium
1291 2592 1686 2647 Nazianzenqu
1727 2612 1739 2646 :
1763 2593 1863 2647 Pa-

316 2692 409 2736 ter
438 2691 616 2736 autem
648 2682 770 2738 Filii
813 2694 866 2738 et
900 2683 1137 2753 Spiritus
1191 2684 1365 2739 sancti
1400 2699 1593 2750 nexus,
1642 2692 1699 2739 ut
1748 2685 1861 2753 ipse

317 2774 447 2828 fons
478 2775 557 2827 eis
604 2775 890 2839 assistens,
934 2785 988 2830 et
1033 2786 1094 2830 ut
1122 2775 1267 2837 sint,
1318 2785 1375 2829 et
1426 2787 1484 2829 ut
1519 2790 1685 2829 unum
1732 2775 1861 2830 sint.

313 2863 454 2930 Quae
483 2880 604 2918 cum
631 2867 725 2922 abs
753 2876 803 2920 te
829 2854 1266 2943 supervacanea,‘
1286 2882 1385 2921 nec
1419 2867 1484 2921 ad
1523 2867 1863 2935 propositum

1957 450 2317 506 necessitatis.
2374 451 2654 520 Siquidem
2704 456 3087 509 auctoritatem
3139 457 3325 519 illam,
3377 468 3498 521 quae

1959 538 2195 606 Spiritus
2229 541 2473 618 veritatis
2500 541 2699 595 fatetur
2742 543 3006 611 Spiritum
3056 552 3325 606 sanctum,
3375 556 3496 596 esse

1962 628 2039 683 illi
2061 631 2342 700 aequalem,
2367 646 2487 699 qua:
2515 631 2688 700 ipsum
2722 646 2788 685 ex
2814 632 2969 685 Patre
2999 633 3294 699 procedere
3322 622 3498 700 ponit.

1958 719 2045 773 vel
2070 734 2137 773 ex
2167 718 2305 774 Filio
2348 723 2634 788 accipere,
2670 721 2827 773 nobis
2862 721 3172 774 dicentibus
3207 739 3220 774 :
3252 720 3347 774 llis
3378 722 3500 772 uni-

1963 818 2125 863 tatem
2155 850 2169 873 ,
2232 811 2426 878 inquit.
2483 820 2536 864 et
2587 810 3209 864 consubstantialitatem
3260 808 3497 876 Spiritus

1959 897 2285 961 ostendere;
2321 912 2425 951 non
2463 909 2641 951 tamen
2676 899 2757 952 eis
2814 898 3219 967 processiooem
3250 911 3312 951 ex
3346 897 3498 951 Patre

1959 997 2014 1041 et
2043 984 2203 1050 Filio,
2236 988 2534 1040 secundum
2561 988 2666 1041 hoc
2696 988 2840 1041 enim
2868 987 3120 1041 differre:
3148 988 3239 1039 sed
3272 1000 3498 1053 quomo-

1960 1073 2031 1127 do
2056 1087 2167 1127 non
2204 1072 2554 1128 demonstrat
2579 1115 2593 1135 ,
2634 1088 2819 1127 verum
2855 1074 3211 1133 auctoritates
3266 1072 3383 1125 illas
3432 1086 3497 1124 ac

1961 1160 2106 1218 dicta
2138 1172 2386 1225 testatur,
2412 1179 2531 1230 qua:
2557 1172 2734 1217 tamen
2786 1163 3025 1216 dilucide
3058 1163 3109 1214 iu
3141 1161 3498 1219 contrarium.

1962 1267 2121 1321 quam
2153 1253 2269 1321 ipse
2305 1254 2434 1306 velit
2476 1253 2702 1307 ducunt.
2738 1252 2889 1318 Quod
2952 1252 3097 1305 enim
3140 1250 3502 1304 communita-

1966 1352 2070 1397 tem
2133 1344 2419 1411 quamdam
2475 1342 3205 1409 coosubstantialitatemque
3249 1340 3314 1393 ad
3367 1340 3503 1390 iuvi-

1963 1448 2081 1486 cem
2109 1431 2477 1500 significantes
2506 1432 2886 1497 equivaleant,
2906 1431 3009 1485 hoc
3036 1430 3372 1484 verissimum
3398 1440 3503 1481 est.

1964 1522 2119 1588 Quod
2149 1532 2329 1577 autem
2358 1538 2421 1577 ex
2453 1522 2613 1577 Patre
2644 1523 2887 1591 Filioque
2915 1522 3150 1589 Spiritus
3174 1521 3344 1575 sancti
3380 1535 3507 1587 pro«

1967 1610 2267 1668 cessionem
2302 1627 2408 1666 non
2440 1611 2767 1674 ostendant,
2796 1612 2901 1665 hoc
2944 1622 3091 1665 certe.
3138 1627 3167 1664 a
3225 1611 3507 1675 temetipso

1968 1703 2153 1767 aﬂ'ers,
2185 1702 2476 1757 adversum
2508 1717 2725 1756 omnem
2757 1703 3039 1756 veritatem
3081 1716 3343 1769 pugnans.
3380 1701 3507 1753 Nam

1968 1792 2021 1845 id
2059 1792 2234 1861 ipsum
2275 1790 2737 1847 consubstantiale
2770 1807 2931 1846 causa
2964 1800 3067 1857 est,
3099 1799 3156 1843 ut
3182 1790 3413 1858 Spiritus
3444 1805 3507 1843 ex

1967 1878 2125 1945 Filio,
2157 1880 2240 1933 vel
2283 1896 2349 1934 ex
2392 1881 2548 1934 Patre
2582 1896 2679 1949 per
2709 1881 2906 1934 Filium
2949 1882 3319 1948 producatur;
3352 1890 3509 1945 prout

1964 1969 2123 2023 divus
2156 1969 2386 2037 Cyrillus
2413 1968 2653 2022 dilucido
2680 1969 2920 2022 ostendit
2956 1986 2969 2019 :
3004 1968 3281 2033 Pr0prius.
3310 1969 3506 2036 inquit,

1964 2058 2138 2112 Patris
2186 2066 2237 2109 et
2290 2057 2409 2115 Filii
2454 2069 2537 2111 est
2591 2058 2828 2126 Spiritus
2893 2072 3130 2111 sanctus.
3174 2067 3227 2111 et
3273 2073 3415 2111 unus
3444 2074 3509 2111 ex

1962 2145 2125 2199 Patre
2170 2160 2268 2223 per
2298 2146 2492 2200 Filium
2526 2156 2751 2215 propter
2780 2147 3101 2201 substantia:
3147 2147 3505 2206 identitatcm,

1961 2233 2073 2287 sive
2105 2234 2278 2287 Patris
2308 2234 2521 2288 scilicet
2548 2242 2603 2287 et
2637 2234 2780 2298 Filii,
2829 2238 2943 2289 sive
2976 2244 3030 2289 ct
3069 2236 3256 2289 horum
3286 2235 3349 2289 ad
3383 2235 3508 2303 Spi-

1962 2322 2147 2376 ritum.
2181 2321 2291 2376 ﬂoc
2320 2326 2469 2375 enim
2511 2324 2671 2377 modo
2715 2326 2800 2379 vel
2864 2326 2956 2378 illo
2985 2340 3086 2393 pro
3122 2326 3277 2379 nobis
3310 2326 3393 2379 lia:
3424 2342 3507 2378 ra-

1964 2412 2140 2465 tiones
2162 2411 2383 2467 faciunt.
2424 2414 2978 2490 Consubstantialitas
3004 2417 3148 2469 enim
3175 2416 3407 2485 Spiritus
3440 2418 3507 2470 ad

1963 2499 2173 2553 Patrem
2214 2510 2267 2553 et
2292 2500 2508 2561 Filium,
2529 2502 2784 2570 quodque
2806 2518 2994 2557 eorum
3024 2504 3244 2573 propius
3271 2504 3503 2565 dicatur,

1963 2605 2071 2644 non
2112 2591 2353 2645 eleludit
2390 2593 2565 2661 ipsum
2601 2608 2666 2647 ex
2716 2593 2855 2647 Filio
2883 2635 2897 2657 ,
2950 2595 3035 2647 vel
3085 2608 3181 2660 per
3216 2592 3407 2646 Filium
3441 2608 3506 2645 ex

1963 2680 2123 2736 Patre
2172 2696 2327 2747 esse;
2380 2683 2487 2736 imo
2534 2697 2666 2742 vero
2704 2683 2981 2737 concludit
3051 2692 3213 2751 atque
3262 2681 3504 2748 probat:

1963 2770 2109 2841 quod
2142 2771 2306 2825 etiam
2338 2781 2393 2827 et
2435 2772 2564 2826 alibi
2614 2773 2756 2828 idem
2790 2774 2904 2842 ipse
2940 2772 3117 2841 inquit
3150 2789 3164 2825 :
3198 2770 3290 2825 Dei
3334 2772 3507 2825 Patris

1967 2858 2155 2927 etiam,
2181 2874 2236 2916 et
2261 2860 2380 2915 Filii
2410 2860 2669 2931 Spiritum
2703 2872 2949 2917 sanctum
2974 2877 3115 2923 esse.
3149 2861 3239 2929 qui
3271 2861 3508 2915 consub-

315 2957 694 3027 producantur
718 2997 732 3021 ,
791 2972 903 3011 non
948 2956 1129 3011 minus
1178 2965 1370 3011 contra
1432 2957 1819 3025 producentem
1845 2994 1860 3019 ,
1892 2969 1934 3028 ο
1967 2948 2293 3003 stantialiter
2319 2967 2383 3005 cx
2414 2961 2666 3020 utroque,
2692 2954 2900 3006 scilicet
2921 2967 2985 3006 ex
3007 2953 3163 3006 Patre
3190 2966 3285 3020 per
3316 2951 3508 3004 Filium

314 3065 484 3117 quam
515 3060 705 3103 contra
725 3064 841 3114 eos,
860 3050 1122 3104 adversus
1137 3064 1274 3119 quos
1294 3049 1514 3104 inducta
1533 3057 1679 3111 sunt,
1697 3057 1753 3103 et
1775 3063 1861 3103 rc-

313 3139 705 3207 prehensionis
729 3149 783 3193 et
811 3138 1061 3194 ruditatis
1082 3139 1604 3194 demonstrationem
1633 3138 1857 3195 habent.

658 3272 911 3335 Quintum
956 3269 1104 3323 Vacci
1143 3278 1527 3339 argumentum.

394 3379 525 3432 Cum
574 3376 795 3446 quidam
831 3378 963 3440 sint,
996 3377 1087 3445 qui
1133 3377 1264 3432 illud
1309 3376 1584 3438 Evangelii
1633 3376 1858 3434 dictum,

312 3467 468 3538 quod
500 3468 760 3535 Spiritum
823 3475 1071 3520 sanctum
1115 3463 1375 3531 Spiritum
1412 3461 1654 3515 veritatis
1687 3465 1860 3515 nomi-

312 3570 439 3620 nat,
472 3556 577 3609 non
611 3553 921 3608 concedunt
947 3551 1089 3605 idem
1124 3549 1307 3603 valere
1351 3548 1495 3616 quod
1529 3549 1667 3603 valet
1695 3558 1750 3601 et
1781 3551 1861 3602 di-

313 3655 469 3701 ctum
500 3659 563 3696 ex
593 3644 751 3696 Patre
787 3642 961 3709 ipsum
990 3638 1311 3709 procedere.
1336 3640 1580 3708 itemque
1606 3654 1703 3693 nec
1725 3640 1857 3693 illud

311 3733 648 3803 :r'quivalere
677 3739 952 3793 asserunt,
980 3746 1044 3786 ex
1074 3733 1235 3786 Patre
1260 3731 1510 3785 videlicet
1538 3730 1858 3799 procedere,

309 3835 379 3879 ct
409 3840 474 3877 ex
509 3825 646 3877 Filio
695 3818 955 3891 accipere
994 3822 1254 3891 Spiritum
1310 3831 1581 3876 sanctum.
1610 3824 1861 3879 Collectze

311 3922 447 3971 sunt
473 3924 527 3967 et
550 3928 626 3967 ea:
643 3914 1002 3967 auctoritates
1021 3914 1307 3969 doctorum
1330 3914 1394 3968 ad
1421 3914 1859 3982 mquivalentiam

310 4005 714 4060 ostendendam
762 4002 1031 4077 ejusmodi
1072 4006 1344 4061 dictorum
1395 4007 1858 4078 evangelicorum.

770 4131 1013 4187 Palmm:
1044 4134 1410 4189 contradictio.

386 4244 428 4299 Ο
448 4244 680 4298 hominis
704 4244 1025 4299 amentiam!
1064 4244 1198 4298 Cum
1225 4246 1369 4299 enim
1398 4245 1723 4313 equivalent
1750 4243 1864 4297 haec

272 4336 775 4403 rdicta,pnitatem
831 4336 945 4389 sive
992 4334 1627 4389 consubstantialitatem
1688 4334 1859 4388 divini

307 4428 550 4493 Spiritus
585 4434 1016 4493 repraesentant,
1057 4426 1318 4480 diﬂ‘erunt
1352 4434 1533 4479 autem
1564 4428 1719 4493 quasi
1752 4440 1859 4479 non

308 4503 386 4569 ab
417 4525 648 4584 utroque
669 4550 688 4576 ,
725 4514 888 4570 Patre
912 4516 1119 4569 scilicet
1149 4523 1204 4571 et
1252 4515 1409 4578 Filio.
1452 4515 1856 4569 subsistentiam

312 4604 556 4671 Spiritus
606 4605 1004 4661 demonstrent.
1058 4604 1213 4670 Quod
1273 4606 1493 4674 quidem
1541 4606 1607 4659 ab
1656 4605 1857 4658 eisdem

311 4695 727 4762 Scripturarum
776 4680 1065 4772 sententiis
1119 4706 1309 4773 notum
1366 4708 1466 4753 est.
1511 4698 1613 4761 Qui
1676 4706 1856 4750 autem

313 4786 413 4837 has
447 4784 746 4838 sententias
778 4790 1108 4857 aggregavit.
1149 4790 1215 4844 ad
1244 4790 1609 4845 diil‘erentiam
1659 4789 1854 4857 horum

312 4874 583 4927 dictorum
612 4876 770 4941 quasi
799 4879 999 4933 surdus
1030 4879 1255 4935 effectus
1294 4888 1399 4935 est.

816 5022 819 5025 '
847 5007 1048 5064 Niccni
1092 5012 1341 5080 defensio.

387 5114 440 5168 In
471 5115 557 5170 bis
578 5130 679 5172 nec
700 5131 1050 5187 apparentem
1074 5123 1290 5192 quidem
1328 5124 1852 5190 argumentationem

317 5202 502 5265 aﬂ'ert,
534 5218 642 5271 qua
670 5206 784 5259 sola
808 5207 865 5261 in
892 5210 1012 5264 aliis
1049 5213 1238 5274 utitur,
1276 5210 1385 5263 veri
1424 5209 1730 5278 negligens,
1770 5210 1850 5263 vel

315 5292 598 5362 imperitus
623 5294 785 5348 etiam
808 5297 861 5351 in
881 5298 1073 5360 illis,in
1090 5302 1285 5367 quibus
1306 5298 1435 5352 illud
1462 5300 1704 5365 reperire
1735 5316 1855 5354 con-

316 5383 571 5451 tingeret.
599 5382 657 5435 In
692 5384 774 5438 his
810 5388 969 5440 etiam
1000 5403 1170 5456 neque
1196 5386 1627 5440 si‘vehementer
1660 5390 1853 5456 qua'si-

316 5474 503 5535 visset,
542 5474 855 5541 reperisset,
904 5476 1245 5529 contumeliis
1276 5490 1404 5528 vero
1431 5486 1705 5531 auctorem
1738 5479 1852 5530 atii-

313 5564 387 5618 cit
469 5576 630 5632 prout
679 5564 841 5619 etiam
884 5567 937 5634 in
973 5567 1088 5619 aliis
1112 5566 1255 5619 facit
1286 5582 1299 5619 :
1333 5566 1651 5634 positionem
1687 5571 1845 5622 etiam

1965 3038 2335 3107 profunditur.
2358 3038 2414 3093 Si
2430 3040 2580 3093 enim
2605 3041 2928 3109 simpliciter
2947 3041 3120 3094 solum
3146 3040 3508 3095 consubstan-

1967 3132 2171 3186 tialitas
2205 3146 2366 3187 causa
2398 3141 2543 3187 esset
2570 3172 2583 3196 .
2639 3134 2781 3201 quod
2821 3133 3056 3202 Spiritus
3109 3140 3331 3186 sanctus
3378 3144 3507 3199 pro-

1965 3220 2117 3287 prius
2143 3220 2265 3274 Filii
2290 3219 2592 3284 diceretur,
2626 3223 2813 3289 utique
2840 3230 2897 3276 et
2923 3220 3094 3274 Filius
3126 3219 3363 3288 Spiritus
3386 3233 3512 3272 san-

1964 3310 2036 3365 eti
2074 3297 2328 3378 proprius
2364 3312 2660 3372 diceretur,
2686 3325 2809 3363 cum
2834 3309 2883 3365 ei
2915 3309 3392 3372 consubstantialis
3414 3308 3506 3371 sit,

1965 3398 2108 3464 quod
2148 3412 2307 3451 nemo
2344 3413 2581 3464 unquam
2614 3398 2882 3451 aﬂirmare
2924 3412 3087 3451 ausus
3131 3380 3232 3450 est.
3270 3396 3325 3449 Si
3375 3409 3508 3449 vero

1965 3484 2033 3537 ob
2066 3484 2218 3547 illud,
2255 3485 2399 3551 quod
2455 3484 2626 3537 Filius
2674 3484 2740 3535 ad
2792 3483 3007 3536 Patrem
3055 3483 3345 3544 referatur,
3397 3496 3505 3537 non

1963 3561 2147 3639 posse,
2182 3571 2381 3637 inquit,
2432 3571 2627 3623 Filium
2662 3571 2944 3639 proprium
2988 3571 3225 3638 Spiritus
3255 3571 3386 3633 dici,
3435 3587 3506 3627 ne

1963 3661 2081 3730 ejus
2107 3676 2227 3714 esse
2268 3662 2427 3713 Pater
2462 3659 2697 3727 Spiritus
2731 3668 2954 3713 sanctus
2992 3660 3243 3714 videatur
3269 3677 3282 3713 :
3306 3669 3509 3716 testan-

1966 3760 2052 3803 tur
2097 3752 2256 3805 nobis
2305 3764 2369 3803 er
2443 3750 2775 3805 necessitate
2814 3750 3010 3804 Filium
3059 3750 3353 3820 spirantem
3415 3759 3507 3805 aut

1966 3838 2356 3910 producentctn
2398 3856 2542 3905 esse,
2573 3849 2864 3909 propterea
2895 3838 3042 3907 quod
3089 3839 3326 3908 Spiritus
3374 3855 3504 3894 cum

1968 3933 2250 3986 relativum
2285 3947 2481 3986 nomen
2532 3934 2641 3999 sit,
2677 3932 2742 3985 ad
2786 3932 3086 4000 spirantem
3123 3932 3390 3986 referatur
3415 3946 3509 3985 ne—

1966 4039 2121 4078 cesse
2155 4032 2257 4089 est,
2297 4036 2460 4092 atque
2509 4039 2575 4077 ex
2626 4024 2718 4075 illo
2751 4022 2968 4091 spirari,
2997 4022 3153 4090 cujus
3184 4023 3345 4075 etiam
3378 4021 3509 4074 dicio

1971 4121 2057 4164 tur
2079 4126 2219 4164 esse.
2255 4113 2317 4163 Et
2349 4113 2420 4164 ita
2444 4120 2633 4163 contra
2663 4112 2871 4177 seipsos
2909 4110 3033 4163 talia
3060 4110 3327 4177 jactantes
3356 4125 3510 4178 repe-

1969 4202 2201 4262 rientur,
2226 4209 2347 4255 eum
2379 4209 2570 4265 putent
2610 4200 2953 4253 adversarios
2984 4214 3322 4267 oppugnare.
3353 4198 3507 4263 Quod

1894 4284 1939 4342 ι)
1966 4296 2143 4337 autem
2176 4299 2281 4337 non
2330 4286 2501 4337 solum
2537 4284 2643 4337 dici
2692 4284 2954 4353 Spiritum
2987 4288 3266 4352 pr0prium
3302 4285 3420 4337 Filii
3454 4286 3508 4339 in

1965 4374 2213 4427 eumdem
2249 4388 2470 4427 sensum
2503 4374 2681 4438 cadit,
2711 4381 2873 4442 atque
2908 4389 2972 4427 ex
3011 4374 3167 4425 Patre
3194 4374 3506 4440 procedere,

1966 4465 2056 4521 scd
2094 4462 2449 4517 nihilominus
2473 4474 2524 4517 et
2554 4466 2802 4533 accipere
2852 4480 2917 4519 ex
2948 4462 3105 4527 Filio,
3131 4465 3179 4516 id
3206 4465 3364 4517 etiam
3393 4481 3510 4517 rur-

1964 4569 2057 4609 sus
2086 4569 2191 4608 una
2231 4568 2352 4609 cum
2384 4556 2569 4609 multis
2612 4557 2735 4611 aliis
2764 4556 3083 4609 doctoribus
3120 4556 3235 4623 ipse
3276 4555 3510 4623 Cyrillus

1966 4654 2195 4700 testatur
2230 4662 2244 4697 :
2279 4645 2347 4702 Ut
2372 4647 2515 4701 enim
2538 4648 2845 4714 procedens
2875 4662 2973 4715 per
3008 4644 3209 4715 ipsum-
3236 4646 3505 4699 naturali-

1966 4743 2047 4797 ter
2074 4745 2327 4805 tanquam
2362 4738 2638 4806 proprium
2666 4740 2801 4805 ejus,
2834 4734 3029 4805 inquit,
3068 4752 3191 4789 cum
3219 4735 3503 4796 omnibus,

1964 4841 2083 4896 quae
2102 4828 2283 4888 habet,
2304 4827 2536 4894 perfecte
2556 4830 2799 4893 accipere
2814 4826 3033 4886 dicitur,
3055 4839 3172 4893 quae
3194 4825 3337 4876 illius
3359 4832 3504 4876 sunt.

2322 4925 2535 4991 Sextum
2568 4947 2929 5005 argumentum
2971 4936 3135 4987 Vecci.

2038 5031 2174 5083 Cum
2220 5028 2437 5095 quidam
2478 5025 2616 5087 sint,
2654 5027 2743 5089 qui
2791 5026 3059 5077 aiiirtnent
3094 5024 3203 5082 haec
3248 5028 3407 5080 verba
3438 5025 3503 5079 ad

1964 5119 2195 5173 invicem
2271 5114 2515 5175 diﬂ'erre,
2578 5115 2798 5181 prodire
2843 5116 3070 5179 scilicet,
3118 5117 3387 5183 proﬂuere
3449 5123 3503 5169 et

1961 5207 2281 5277 procedere.
2310 5204 2544 5257 collectae
2576 5216 2701 5256 sunt
2745 5206 2805 5257 ad
2843 5206 3272 5275 irrcfragabilem
3306 5219 3497 5258 eorum

1960 5297 2352 5362 mquivalentim
2407 5294 2923 5349 demonstrationem
2978 5296 3267 5362 propositae
3323 5295 3497 5348 sancti

1958 5389 2140 5455 Cyrilli
2180 5386 2495 5439 sententim:
2554 5386 2751 5439 deinde
2794 5387 3021 5438 aliorum
3066 5384 3209 5436 dicta
3253 5386 3497 5449 Patrum,

1960 5478 2051 5544 qui
2087 5477 2150 5529 dc
2206 5485 2388 5527 sancta
2435 5471 2699 5528 Trinitate
2739 5481 3078 5536 tractarunt,
3115 5474 3493 5527 aﬂirmantiunt

1957 5583 2018 5620 ex
2052 5568 2207 5621 Patre
2244 5566 2477 5633 prodire,
2511 5575 2563 5620 et
2588 5565 2783 5629 emitti,
2816 5575 2865 5616 ct
2901 5564 3166 5631 profluere
3216 5562 3476 5631 Spiritum
