4136 6324
194 296 346 389 cui

1208 323 1584 395 APOLOGIA
1618 277 2221 388 mecnmionnn
2258 318 2494 394 VECCI.

3432 298 3442 305 ε

234 432 505 505 quidnam
533 433 859 490 concludere
888 440 1001 487 tum
1043 446 1110 487 ex
1149 433 1256 488 hoc
1298 435 1552 498 conaris,
1581 434 1629 488 si
1664 422 1786 489 eum
1816 430 1860 485 Δ
1888 449 2008 490 cum
2062 433 2177 486 hac
2232 390 2477 484 n‘oniina‘
2509 440 2615 480 non
2662 389 3085 482 convertantur.
3144 418 3425 491 Siquidem

237 527 489 596 Spiritus
547 536 772 582 sanctus
826 526 1098 591 mittatur,
1160 541 1270 580 non
1335 518 1786 580 insnbsistentem

241 618 508 688 gratiam,
551 631 740 670 rerum
786 616 960 683 ipsam
1003 615 1242 671 divinam
1276 600 1665 669 subsistentem
1696 628 1788 665 na-

244 719 428 763 turam
459 705 597 759 mitti
638 713 694 759 et
733 706 848 775 ipse
881 704 1162 771 concedis,
1212 701 1555 758 manifestum
1590 712 1673 757 est
1696 744 1709 766 ,
1744 702 1791 756 si

241 796 417 850 etiam
463 792 710 863 ignorare
758 793 875 861 ipse
933 790 1281 856 dissimulas,
1338 789 1514 843 sancti
1557 787 1793 857 Spiritus

242 883 491 937 divinam
520 881 847 951 bypostasim
874 894 938 933 ex
966 877 1102 932 Filio
1161 893 1313 941 esse,
1338 890 1593 936 emanare
1630 884 1794 942 atque

245 975 430 1037 mitti,
463 971 920 1041 quemadmodum
950 973 1113 1025 etiam
1152 984 1220 1023 ex
1270 968 1465 1029 Patre,
1513 965 1658 1033 quod
1689 962 1791 1019 sibi

244 1061 651 1117 ostendendum
710 1058 1031 1131 proposuit,
1088 1056 1180 1127 qui
1236 1059 1522 1135 doctorum
1577 1053 1794 1122 collegit

248 1152 575 1207 sententias.
617 1150 771 1216 Quod
796 1151 843 1204 si
868 1135 1102 1215 mirai'is,
1148 1141 1258 1217 quo
1299 1154 1457 1215 pacto
1482 1159 1581 1198 nos
1606 1151 1795 1197 ex'na-

240 1252 382 1295 tnra
429 1242 547 1295 Filii
575 1240 838 1310 Spiritum
867 1249 1111 1294 sanctum
1159 1244 1464 1292 asserentes
1504 1233 1675 1297 oriri,
1718 1240 1797 1286 at—

1888 518 2371 593 consnbstantialis
2397 514 2824 587 Spiritui-Filias
2848 511 3094 587 dicitur:
3120 510 3297 566 forma
3325 524 3422 566 ve—

1888 630 1973 677 ro,
1996 621 2091 666 aut
2116 608 2435 679 fragrantia,
2475 614 2575 661 aut
2610 606 2731 675 ejus
2755 603 2978 672 spiratio
3009 616 3289 672 nunquam
3343 599 3429 653 di-

1887 712 2011 758 ctus
2036 710 2140 758 est.
2165 699 2239 757 Ut
2269 698 2435 769 igitur
2464 696 2661 751 Filium
2690 694 2920 747 formam
2969 691 3169 755 Patris,
3206 690 3286 744 rel
3316 689 3429 743 t‘ra-

1890 792 2174 862 grantiam,
2210 789 2292 843 vel
2324 786 2641 856 qualitatem
2680 784 2943 851 legentes,
2974 794 3081 834 non
3116 787 3325 833 tantum
3368 778 3427 845 ,ci

1848 878 2409 948 consubstantialem
2459 876 2607 930 hunc
2660 872 3036 941 intelligimus,
3091 867 3187 923 sed
3241 883 3308 948 es
3360 881 3429 922 eo

1890 974 2053 1028 etiam
2085 970 2442 1039 prodeuntem
2476 983 2489 1019 :
2534 967 2605 1019 ita
2640 972 2696 1019 et
2735 960 2997 1032 Spiritum
3036 944 3432 1033 sanetum-spi-

1894 1065 2176 1126 rationem,
2230 1059 2478 1122 formam,
2529 1053 2881 1123 ira'grantiam
2936 1060 3098 1118 atque
3152 1047 3429 1115 operatio-

1894 1170 2023 1211 nem
2065 1151 2189 1206 Filii
2228 1156 2463 1217 utroque
2510 1143 2673 1199 modo
2717 1140 2976 1213 praedicto
3005 1147 3259 1207 putamus
3298 1135 3430 1189 dici.

1894 1246 2021 1312 Quae
2064 1242 2209 1297 enim
2260 1238 2401 1292 ratio
2455 1245 2539 1290 est
2587 1234 2749 1288 aliter
2787 1232 2854 1285 de
2917 1230 3073 1283 Patre
3127 1226 3191 1281 ad
3232 1224 3430 1279 Filium

251 1347 367 1402 ‘l"e
399 1348 655 1387 emanare
676 1372 691 1395 ν
718 1342 772 1386 ei
802 1348 865 1386 ex
911 1334 1028 1402 ei“
1058 1342 1291 1400 Ρθτεοηί
1339 1320 1459 1381 θέω
1506 1336 1795 1394 Pilum“.
1825 1368 1848 1395 ι
1898 1334 2290 1405 Spiritumqne,
2331 1326 2488 1381 aliter
2520 1326 2585 1379 de
2624 1321 2765 1376 Filio
2798 1322 2862 1375 ad
2911 1314 3171 1388 Spiritum
3200 1315 3316 1369 haec
3343 1314 3431 1369 in-

253 1438 322 1481 ae
356 1424 400 1476 si
433 1433 649 1492 propter
678 1422 1014 1478 identitatein
1048 1431 1292 1486 natum,
1333 1426 1389 1473 et
1444 1428 1798 1490 personarum

253 1515 594 1569 identitatem
630 1528 975 1582 poneremus,
999 1513 1083 1566 vel
1104 1520 1321 1580 propter
1341 1522 1527 1563 eorum
1546 1505 1801 1561 ditl‘eren-

257 1605 395 1658 tiam
421 1644 435 1668 ,
470 1604 793 1658 alt‘eritatem
839 1604 1001 1658 etiam
1042 1612 1251 1657 natura;
1306 1597 1798 1653 introduceremus.

251 1693 425 1751 Multo
454 1694 881 1763 profectomagis
920 1707 1018 1747 nos
1043 1701 1189 1746 tuam
1209 1688 1489 1759 perﬁdiam
1517 1686 1797 1740 miramur.

255 1783 317 1837 Si
349 1799 471 1837 cum
512 1784 632 1838 Filii
680 1783 926 1859 naturam
970 1782 1162 1837 audias
1202 1795 1327 1841 cum
1369 1780 1486 1833 hac
1517 1775 1800 1830 additione

265 1872 431 1952 Filii,
462 1888 577 1927 eam
629 1884 884 1942 tanquam
940 1872 1069 1942 quid
1120 1869 1442 1940 simpliciter
1488 1866 1801 1922 absolutum

256 1964 574 2034 intelligas,
605 1976 661 2018 et
690 1979 796 2017 non
854 1978 977 2015 cum
1028 1961 1361 2031 proprietate
1401 1956 1561 2022 Filii,
1604 1970 1708 2011 nec
1754 1951 1818 2007 id

257 2055 488 2125 quidem
550 2053 1022 2123 comprehendere
1081 2050 1347 2120 potuisti,
1410 2047 1552 2117 quod
1608 2060 1704 2115 per
1754 2057 1812 2097 se

262 2152 462 2195 natura
537 2135 784 2195 abs‘olute
846 2140 1317 2205 communiterque
1368 2142 1582 2203 sumpta
1640 2144 1825 2195 neque

261 2232 511 2289 mittere
545 2245 719 2298 neque
766 2229 1072 2298 producere
1120 2226 1413 2293 quidquam
1475 2229 1683 2290 potest,
1714 2233 1814 2271 lle-.-

265 2334 383 2388 que
442 2319 667 2373 omnino
713 2332 833 2371 esse
879 2330 1040 2369 causa
1092 2312 1345 2375 essendi,
1394 2325 1516 2379 qua
1569 2322 1680 2362 non
1740 2306 1812 2359 sit

266 2424 403 2465 cum
456 2408 634 2477 aliqua
685 2404 1019 2476 proprietate
1060 2391 1315 2468 sumpta,
1362 2412 1481 2468 qua
1528 2409 1812 2465 personam

262 2500 588 2561 Constituat.
638 2496 771 2551 Nam
823 2494 969 2564 quod
1015 2490 1422 2547 individuorum
1473 2485 1582 2541 sint
1628 2498 1816 2555 Opera-

265 2594 475 2656 tione's,
503 2597 614 2647 tota
644 2585 984 2657 phi1050phia
1013 2582 1229 2639 clamat.
1340 2570 1346 2575 ’

621 2699 871 2757 Octavum
901 2705 1269 2767 argumentum
1304 2692 1469 2747 Vacci.

348 2813 432 2869 Ad
457 2807 939 2868 demonstrandum
967 2804 1230 2875 Spiritum
1286 2812 1534 2857 sanctum
1568 2799 1822 2854 ex-Patre

268 2906 529 2975 Filioque
567 2916 709 2966 esse,
781 2898 1018 2955 collecta:
1066 2903 1194 2950 sunt
1237 2901 1292 2949 et
1347 2907 1429 2947 em
1473 2888 1823 2946 auctoritates

271 2996 714 3068 Scripturaruin,
739 3004 860 3059 quas
884 2986 1177 3043 ostendunt
1202 2998 1329 3039 eum
1359 2996 1479 3038 esse
1512 2980 1823 3051 qualitatem

269 3085 605 3143 substantias
643 3082 821 3137 Patris
862 3090 920 3135 et
964 3077 1110 3133 Filii.
1154 3076 1395 3145 Itemque
1438 3071 1823 3143 fragrantiam,

269 3176 640 3247 spirationem
696 3180 752 3226 et
822 3170 1089 3232 odorem;
1137 3167 1291 3237 juxta
1334 3171 1517 3217 autem
1558 3150 1827 3232 ejusmodi

273 3244 627 3329 sententias,
669 3270 727 3315 et
768 3260 876 3315 alia
925 3260 1068 3313 dicta
1117 3261 1375 3324 excerpta
1416 3259 1584 3308 sunt:
1617 3244 1830 3319 quain

273 3354 537 3409 eumdem
568 3364 790 3416 sensum
820 3348 1058 3410 ducunt,
1089 3350 1298 3414 quaeet
1343 3342 1557 3417 Patrem
1586 3338 1835 3408 Spiritus

275 3447 464 3501 sancti
507 3444 749 3507 fontem,
777 3452 835 3496 et
873 3436 1073 3494 Filiqu
1123 3434 1380 3504 Spiritus.
1407 3418 1581 3486 sancti
1628 3429 1832 3482 fontem

276 3539 532 3610 piissime
558 3520 885 3591 asseverant.

743 3642 977 3693 Polemo:
1015 3636 1377 3690 contradictio.

272 3820 277 3822 ν
362 3743 659 3800 Sententiae
697 3740 787 3792 hic
830 3738 1152 3805 scriptorum
1200 3735 1440 3791 collectae
1469 3749 1565 3805 per
1591 3730 1835 3797 exempla

247 3820 569 3909 ‘unaidam,
602 3831 781 3901 quoad
815 3827 932 3883 ﬁeri
959 3838 1157 3897 potest,
1180 3826 1438 3894 Spiritum
1468 3831 1713 3877 sanctum
1739 3819 1839 3874 Pa-

284 3907 364 3982 tri
407 3924 651 3991 Filioque
700 3916 1216 3975 consubstantialem
1240 3930 1361 3969 esse
1390 3911 1705 3968 ostendunt.
1732 3907 1840 3962 Nec

286 4017 451 4072 enim
483 4005 788 4081 exeniplnm
828 4010 1072 4077 reperire
1119 4007 1409 4076 quisquam
1449 3992 1664 4073 potest,
1694 3998 1839 4069 quod

286 4104 672 4165 omnimodam
704 4102 905 4158 habeat
942 4099 1377 4154 similitudinem.
1412 4097 1477 4149 Et
1507 4109 1630 4148 cum
1674 4093 1843 4146 inter-

288 4200 433 4253 dum
466 4194 706 4266 Spiritus
728 4202 951 4248 sanctus
971 4206 1112 4259 aqua
1136 4190 1257 4243 vita
1285 4196 1514 4241 vocetur
1538 4182 1843 4239 secundum

286 4289 532 4359 gratiam
572 4284 1028 4355 et‘operationem
1050 4322 1068 4345 ,
1100 4266 1444 4349 hnjns'aqua:
1500 4287 1559 4330 et
1608 4276 1765 4329 Pater
1791 4280 1845 4326 et

291 4356 477 4434 Filius
506 4375 625 4441 fons
656 4375 1023 4441 nuncupatur.
1050 4368 1326 4421 interdum
1354 4375 1410 4418 et
1439 4364 1580 4417 idem
1607 4361 1846 4429 Spiritus
1880 4356 1921 4407 ι)

290 4474 547 4522 sanctus.
607 4463 711 4527 Qui
742 4475 872 4514 vero
902 4456 1171 4526 ejusmodi
1202 4454 1346 4505 dicta
1379 4453 1469 4504 hic
1498 4449 1679 4502 attulit
1704 4489 1720 4515 ,
1752 4447 1849 4499 ho-

298 4570 435 4610 rum
482 4551 726 4621 quaedam
774 4544 1072 4612 praeteriit,
1122 4542 1448 4610 quibusdam
1494 4540 1695 4596 abusus
1739 4544 1842 4589 est.

294 4647 367 4700 Et
401 4643 503 4695 hoc
547 4640 707 4694 modo
749 4637 969 4703 allicere
1029 4643 1086 4685 et
1159 4633 1369 4705 trahere
1412 4636 1563 4698 putat
1593 4626 1659 4680 ad
1689 4640 1845 4679 suum

298 4744 634 4805 perversam
662 4741 882 4780 sensum
913 4724 1217 4778 audientes.

828 4836 1036 4891 Nicwni
1071 4835 1324 4903 defensio.

377 4950 764 5003 Demonstrant
805 4941 1027 5010 quidem
1058 4938 1346 4994 sententia:
1378 4934 1647 5004 pradicas.
1676 4933 1852 5000 Spiri-

300 5052 403 5097 tus
439 5034 607 5090 sancti
656 5046 779 5085 cum
827 5030 983 5091 Patre
1022 5029 1269 5095 Filioque
1317 5022 1851 5080 consubstantialita’

302 5141 446 5190 tem,
484 5140 583 5179 nec
618 5122 669 5174 id
705 5130 884 5173 tamen
936 5120 1133 5182 solum,
1171 5107 1266 5171 sed
1306 5119 1450 5183 quod
1482 5115 1643 5167 etiam
1678 5127 1741 5165 ex
1780 5114 1859 5165 eis

300 5222 389 5287 sit
443 5224 603 5284 atque
631 5210 911 5281 procedat.
947 5210 1080 5264 Nam
1115 5227 1177 5262 ex
1220 5211 1383 5261 Patre
1413 5206 1597 5274 utique
1625 5220 1764 5267 esse,
1805 5215 1857 5256 et

302 5313 543 5379 ipsemet
581 5314 636 5356 tu
691 5300 995 5369 signiﬁcare
1042 5301 1321 5353 concedis.
1358 5300 1468 5352 Hoc
1517 5308 1698 5353 autem
1734 5312 1857 5348 cum

303 5393 556 5456 dederis,
588 5404 698 5443 non
730 5389 935 5455 poteris
972 5388 1202 5443 reddere
1233 5389 1523 5450 rationem,
1551 5401 1646 5437 cur
1672 5385 1858 5437 eadem

304 5488 384 5542 de
415 5482 572 5537 Patre
597 5478 818 5547 quidem
852 5476 993 5529 dicta
1026 5493 1131 5529 non
1190 5477 1349 5529 modo
1379 5472 1860 5527 consubstantiali-

308 5584 506 5635 tatem,
548 5566 646 5623 sed
701 5566 864 5618 etiam
907 5580 967 5616 ex
1018 5581 1083 5619 co
1136 5581 1258 5618 esse
1318 5564 1744 5615 demonstrent:
1798 5561 1861 5609 de

1899 1394 2295 1494 telligereiTu
2329 1432 2460 1473 vero
2512 1422 2568 1469 et
2599 1401 2791 1469 eorum
2821 1423 2939 1481 quae
2969 1418 3126 1464 antea
3153 1402 3432 1473 iatebaris,
3464 1394 3468 1398 Α

1900 1518 2123 1573 oblitus.
2188 1527 2404 1568 rursum
2454 1508 2715 1577 Spiritum
2769 1512 3014 1558 sanctum
3068 1499 3302 1577 allirmas
3349 1510 3437 1550 se-

1902 1604 2139 1661 cundum
2169 1598 2397 1671 gratiam
2435 1574 2643 1649 tantum
2676 1606 2872 1661 aquam
2916 1588 3095 1642 vivam
3120 1574 3329 1649 secari,
3382 1592 3440 1637 et

1905 1697 2068 1765 hujus
2099 1694 2363 1749 duntaxat
2396 1687 2589 1742 Filium
2618 1698 2737 1737 esse
2760 1673 3004 1735 'l'ontem.
3044 1676 3152 1731 Sed
3191 1673 3238 1730 si
3271 1670 3439 1742 gratia

1908 1763 2023 1843 hac
2052 1777 2410 1839 asubstantia
2466 1770 2925 1839 subsistentiaque
2977 1766 3204 1821 minime
3255 1763 3443 1829 sejun-

1909 1878 2055 1949 gitur
2083 1877 2228 1944 (nam
2259 1871 2360 1922 hoc
2395 1867 2502 1936 jam
2536 1859 2902 1925 concessisti),
2940 1854 3216 1928 quomodo
3246 1866 3355 1907 non
3387 1856 3446 1903 et

1910 1939 2147 2023 divinam
2179 1960 2417 2029 Spiritus
2451 1954 2629 2010 sancti
2656 1964 2946 2021 personam
2980 1960 3106 2001 cum
3140 1943 3241 1998 hac
3272 1939 3445 2009 gratia

1910 2059 2084 2113 Filius
2109 2060 2179 2127 ut
2198 2051 2318 2105 fons
2344 2046 2586 2102 emittit?
2835 2036 2843 2039 ’

2196 2141 2203 2150 ’
2276 2157 2489 2211 Nonum
2524 2161 2887 2223 argumentum
2919 2148 3081 2202 Vacci.

1982 2274 2073 2327 liae
2112 2268 2518 2337 Scriptum-um
2563 2261 2863 2325 sententiae,
2933 2259 2989 2311 in
3031 2255 3234 2325 quibus
3259 2252 3452 2331 Patres

1914 2377 2080 2423 sacrae
2114 2330 2397 2427 theologis
2438 2352 2807 2423 professores,
2831 2351 3049 2413 inmota,
3081 2360 3203 2415 quae
3233 2330 3451 2413 propria

1914 2464 2042 2511 sunt
2079 2449 2274 2511 Patris,
2306 2443 2628 2501 naturaliter
2666 2441 2911 2496 transire
2974 2439 3029 2492 in
3073 2434 3267 2498 Filium
3303 2443 3358 2487 et
3385 2446 3454 2486 ex

1916 2559 1981 2599 eo
2011 2543 2249 2612 genitum
2282 2537 2749 2595 demenstrarunt,
2794 2532 2885 2585 hic
2932 2525 3174 2608 collectae
3208 2532 3336 2580 sunt
3385 2523 3453 2579 ad

1916 2618 2391 2709 demonstrandum
2433 2616 2693 2694 Spiritum
2742 2630 2991 2676 sanctum
3041 2632 3184 2681 esse,
3239 2611 3456 2683 prodire

1920 2729 2080 2788 atque
2112 2702 2261 2771 oriri‘
2292 2715 2455 2770 etiam
2488 2726 2554 2767 ex
2586 2709 2727 2765 Filio
2771 2707 3003 2779 perinde
3034 2715 3093 2759 ut
3139 2718 3205 2769 ex
3244 2702 3404 2755 Patre
3437 2713 3452 2749 :

1916 2813 2063 2869 sicut
2087 2811 2246 2866 divus
2263 2805 2703 2879 Cyrinus-litteris
2724 2798 3014 2857 mandavit.
3038 2800 3094 2854 Si
3115 2798 3261 2854 enim
3284 2793 3456 2849 dicta-

1924 2898 2045 2960 rum
2096 2900 2493 2958 sententiarum
2547 2892 3027 2950 determinationes
3078 2886 3457 2958 paternitatem

1885 2995 2103 3058 ;solum
2133 2988 2646 3061 generationemque
2713 2998 2744 3037 a
2791 2976 2931 3036 Filio
2976 2979 3255 3039 auferunt,
3285 2972 3467 3028 mani-

1929 3086 2123 3139 festum
2158 3090 2262 3142 est,
2300 3076 2450 3146 quod
2497 3074 2669 3128 Filius
2722 3072 2943 3142 quidem
2972 3085 3083 3125 non
3135 3067 3240 3122 erit
3276 3063 3467 3137 Pater,

1929 3174 2164 3241 Spiritus
2193 3173 2323 3223 vero
2344 3181 2407 3221 ex
2425 3155 2651 3234 paterna
2681 3160 2980 3217 substantia
3003 3166 3303 3220 emanans,‘
3321 3163 3377 3208 et
3399 3167 3466 3207 ex

1930 3260 2228 3317 substantia
2247 3257 2371 3312 Filii
2395 3271 2501 3311 non
2526 3264 2816 3323 generante
2840 3260 2896 3305 et
2913 3244 3129 3305 emanat
3152 3257 3209 3303 et
3226 3245 3469 3318 proﬂuit.

2381 3369 2624 3424 Paterna:
2660 3364 3023 3419 contradictio.

2003 3486 2161 3541 Nulla
2204 3484 2450 3553 profecto
2501 3477 2714 3532 ratione
2762 3474 3012 3543 impietas
3043 3471 3469 3531 corroboratur;

1936 3578 2167 3632 transire
2209 3573 2355 3625 enim
2387 3569 2615 3623 audiens
2665 3566 2876 3619 Veccus
2928 3562 3036 3614 iste
3059 3561 3113 3612 in
3143 3558 3340 3612 Filium
3373 3572 3473 3624 pa-

1938 3679 2119 3722 ternas
2149 3662 2529 3733 proprietates,
2582 3664 2642 3709 et
2675 3652 2999 3707 naturaliter
3030 3658 3083 3702 et
3114 3648 3475 3702 essentialiter
3532 3644 3536 3647 ’

1938 3761 2006 3813 de
2039 3755 2149 3810 illis
2194 3752 2451 3822 prepriis,
2494 3760 2614 3817 qua:
2662 3734 3274 3815 paternzesubstantlaa
3323 3746 3473 3815 sunt,

1942 3844 2155 3918 putavit
2189 3812 2443 3900 dociores
2472 3812 2686 3899 dicere,
2716 3849 2826 3889 non
2858 3831 2928 3886 de
2975 3831 3080 3885 illis
3113 3846 3232 3900 qua:
3285 3812 3477 3883 natura

1940 3937 2160 4015 propria
2213 3943 2361 3990 sunt.
2396 3928 2707 3986 Secundum
2758 3940 2888 3994 ergo
2936 3925 3054 3993 ejus
3107 3924 3161 3977 in
3209 3920 3480 3990 theologia

1942 4013 2191 4103 peritiam
2223 4027 2352 4082 divo
2388 4023 2587 4093 Cyrillo
2615 4020 2671 4074 in
2699 4019 2813 4073 suis
2861 4016 3137 4092 Thesauri:
3183 4013 3478 4078 scribente,

1944 4102 2217 4194 quomodo
2234 4134 2342 4171 non
2371 4117 2476 4171 erit
2499 4116 2645 4169 Deus
2670 4110 2926 4177 Spiritus,
2947 4121 3073 4160 cum
3092 4114 3272 4194 totam,
3287 4102 3484 4185 habeat

1949 4173 2360 4269 substantialem
2406 4204 2799 4273 preprietatem
2856 4198 3031 4252 Patris
3076 4204 3134 4249 et
3168 4182 3332 4246 Filii?
3357 4173 3488 4245 Per-

1949 4301 2151 4357 sonalia
2185 4295 2358 4349 Patris
2386 4301 2441 4345 et
2464 4291 2586 4344 Filii
2610 4288 2847 4357 Spiritus
2900 4284 3141 4345 habebit,
3172 4292 3227 4337 et
3247 4281 3486 4350 genitus,

1947 4400 2002 4444 ct
2034 4387 2245 4459 genitor
2276 4383 2385 4438 erit
2434 4380 2705 4435 luminum
2738 4377 2919 4437 Pater,
2972 4384 3027 4425 et
3058 4374 3164 4425 vim
3194 4358 3489 4440 generandi

1949 4492 1999 4535 et
2045 4472 2373 4547 producendi
2409 4472 2639 4525 habens.
2675 4466 2790 4531 Qua
2821 4464 3041 4533 quidem
3067 4478 3123 4538 re
3155 4462 3285 4530 quid
3317 4461 3489 4529 magis

1953 4568 2180 4635 impium
2222 4563 2419 4634 quidve
2446 4562 2615 4631 magis
2650 4568 3110 4626 supervacaneum
3145 4553 3247 4606 'dici
3278 4551 3489 4621 potest?

1952 4663 2097 4715 ldem
2131 4673 2321 4712 rursus
2352 4655 2466 4709 fere
2510 4651 2779 4718 intelliget
2812 4648 2946 4707 ista,
2972 4660 3095 4699 cum
3127 4643 3343 4698 audiret
3387 4642 3493 4695 Da-

1954 4742 2262 4804 inasceuum
2282 4747 2564 4800 dicentem
2596 4740 2650 4792 in
2690 4754 2782 4791 \‘ltl
2822 4736 3131 4804 Dogmatum
3154 4737 3309 4804 ejus:
3338 4732 3494 4796 Quae-

1956 4853 2175 4908 cunque
2223 4836 2392 4889 habet
2424 4833 2602 4893 Pater,
2637 4838 2692 4882 et
2726 4827 2963 4893 Spiritus
2992 4833 3234 4885 sanctus,
3269 4833 3495 4889 praetera

1955 4944 2117 4999 quam
2155 4925 2298 4995 quod
2354 4938 2463 4975 non
2509 4930 2592 4971 est
2635 4914 2927 4985 ingenitus.
2977 4912 3042 4965 Et
3087 4912 3489 4964 Nazianzenum

1955 4998 2295 5086 Gregorium,
2336 5014 2397 5064 in‘
2433 5025 2497 5063 eo
2547 5021 2820 5067 sermone,
2854 5018 3015 5072 quem
3044 5002 3111 5054 ad
3151 4998 3380 5068 eos'qui
3430 4998 3497 5050 ab

1960 5103 2187 5173 rEgypto
2222 5107 2487 5152 venerunt
2546 5095 2733 5149 scribit
2768 5109 2782 5142 :
2811 5092 3157 5160 Quicumque
3189 5102 3313 5145 sum
3338 5089 3459 5143 Filii
3482 5127 3497 5144 ,

1960 5207 2085 5253 sunt
2117 5207 2170 5247 et
2199 5192 2456 5259 Spiritus,
2476 5196 2680 5263 praeter
2706 5185 3038 5239 ﬁliationem.
3058 5184 3284 5249 Quanta:
3305 5180 3498 5255 iterum

1963 5284 2211 5340 amentia:
2250 5279 2550 5349 putandum
2602 5287 2708 5339 est,
2755 5290 2876 5329 cum
2929 5292 2995 5328 ex
3048 5272 3346 5329 substantia
3378 5268 3499 5322 Filii

1958 5389 2077 5430 esse
2113 5371 2320 5432 audiat,
2372 5371 2533 5423 etiam
2569 5384 2633 5423 ex
2676 5370 2795 5436 ejus
2842 5380 3073 5434 persona
3120 5376 3239 5415 esse
3269 5358 3503 5427 putare?

1964 5480 2025 5515 ac
2081 5462 2125 5515 si
2178 5459 2636 5528 quemadmodum
2686 5471 2794 5509 una
2844 5451 3167 5516 substantia,
3214 5450 3293 5503 sic
3338 5448 3500 5501 etiam

1966 5553 2319 5607 subsistentia
2354 5560 2497 5603 esset
2527 5532 2591 5599 de
2631 5548 2759 5599 Deo.
2794 5546 3057 5597 Praeterea
3086 5556 3190 5593 non
3218 5540 3503 5607 conspicit,

315 5668 459 5723 Filio
494 5675 625 5717 vero
668 5656 838 5712 solam
886 5648 1529 5715 co‘nsuhstantialitatcm,
1572 5651 1867 5717 prrcsertim
1965 5645 2105 5711 quod
2140 5657 2259 5695 cum
2294 5643 2357 5692 de
2429 5641 2582 5691 Patre
2614 5647 2665 5687 et
2702 5651 2763 5685 ex
2796 5633 2951 5685 Patre
3000 5630 3198 5682 dicitur
3245 5631 3499 5693 Spiritus,
