4136 6324
725 280 848 343 303-

1664 291 2157 362 BESSARIONIS
2201 299 2261 359 S.
2299 299 2369 362 Β.
2412 301 2481 362 Ε.
2520 303 2978 364 CARDINALIS

3801 310 3912 376 204

701 393 818 492 Ι
853 391 1066 492 Patrem
1094 408 1211 447 csse
1240 393 1433 492 Filium
1468 407 1685 470 negant,
1735 405 1939 470 pariter
1965 417 2018 460 et
2042 407 2162 462 Filii
2193 406 2259 460 ad
2289 412 2336 468 Α
2363 411 2589 465 omnino
2625 413 2982 492 proutFilius
3036 412 3109 467 ita
3135 423 3190 468 et
3235 413 3350 483 ipse
3397 423 3710 492 causatusa
3751 417 3912 474 Patre

721 478 938 534 Patrem
983 483 1422 549 communitatem
1456 498 1656 558 negant
1696 493 1995 553 secundum
2033 509 2259 563 proces-

723 569 892 624 sivam
921 574 1320 642 proprietatem.
2013 585 2028 601 ‘

1235 712 1440 770 Nicani
1484 718 1735 786 defensio.

705 848 710 856 '
751 930 754 931 ν
793 838 908 911 Non
937 841 1070 916 adeo
1106 837 1257 900 illum
1289 848 1588 917 sapientem
1620 846 1797 922 virum
1827 862 1988 929 putes
2012 854 2258 931 ignarum

725 930 1007 1001 tlienlogiae
1051 950 1191 1000 esse,
1236 945 1297 1006 ut
1346 955 1466 1009 quae
1499 953 1740 1012 paternus
1786 946 2103 1007 substantive
2135 962 2261 1016 pro-

718 1020 832 1085 pria
869 1033 1014 1086 sunt,
1038 1025 1176 1078 eain
1202 1021 1396 1080 Filium
1433 1031 1662 1084 transire
1694 1031 1895 1085 debere
1928 1035 2255 1104 arbitretur.

694 1106 871 1193 sQuod
919 1119 1098 1165 autem
1157 1113 1316 1169 Pater
1359 1116 1630 1183 producat
1676 1117 1956 1186 Spiritum
1985 1131 2256 1184 sanctum,

704 1210 824 1272 _non
859 1199 912 1253 id
941 1201 993 1254 in
1034 1213 1301 1270 quantum
1351 1206 1514 1262 Pater
1557 1209 1746 1272 habet,
1777 1210 1871 1264 sed
1907 1211 1958 1263 in
1994 1220 2256 1280 quantum

719 1286 978 1355 spirator.
1027 1291 1140 1346 lloc
1183 1304 1370 1350 autem
1405 1311 1603 1356 nomen
1633 1300 1871 1368 spirator
1917 1317 2258 1370 nequaquam

717 1377 1128 1434 constitutivum
1179 1397 1443 1450 personte
1479 1400 1676 1440 nomen
1707 1398 1813 1442 est.
1855 1389 1966 1454 Qua
1999 1391 2066 1444 de
2098 1408 2257 1448 causa

719 1466 1055 1535 impossibile
1088 1484 1195 1523 non
1228 1482 1336 1534 est,
1376 1473 1482 1538 hoc
1513 1475 1676 1544 etiam
1703 1476 1840 1530 Filio
1864 1494 1984 1532 esse
2019 1496 2262 1534 commu-

716 1570 819 1618 ne;
855 1556 901 1610 si
951 1559 1293 1611 sanctissimo
1328 1558 1479 1614 Patri
1524 1561 1727 1630 Cyrillo
1776 1566 2110 1619 credendum
2155 1578 2256 1632 est,

715 1647 810 1714 qui
859 1648 1030 1703 multo
1059 1644 1280 1705 'meiius
1327 1667 1490 1719 quam
1521 1669 1622 1707 nos
1663 1655 1730 1708 de
1767 1655 2035 1727 theologia
2073 1661 2256 1714 sentit.

2366 501 2437 553 sit
2472 517 2485 552 :
2529 509 2586 553 at
2633 489 3038 570 neque'filialis,
3085 492 3242 572 cujus
3283 505 3523 574 etenim!
3549 489 3820 574 siquidem
3856 509 3911 561 id

2366 592 2658 658 personale
2687 602 2772 650 est
2805 593 2962 658 Filio,
3000 607 3119 648 esse
3147 593 3365 650 Filium.
3393 593 3547 660 Quod
3587 595 3699 662 jam
3729 611 3757 648 a
3789 596 3910 665 Spi-

2366 678 2472 751 ritu
2501 680 2681 751 adepti
2709 681 2945 749 fuimus;
2974 683 3039 737 ad
3057 682 3188 750 illud
3207 682 3558 751 autem'quod
3586 684 3628 737 si
3661 697 3786 737 cum
3810 700 3878 736 an
3898 714 3915 724 -

2363 768 2480 825 dial.
2504 770 2792 843 quisquam
2820 789 2885 828 ex
2916 773 3219 830 substantia
3269 773 3388 827 Filii
3423 772 3709 842 Spiritum,
3738 774 3911 839 etiam

2363 873 2430 916 ex
2476 862 2596 932 ejus
2645 878 2874 931 persona
2921 879 3050 919 eum
3108 855 3398 937 intelliget,
3442 868 3565 916 non'
3598 863 3912 916 mirandum

2364 964 2506 1015 esse,
2558 953 2690 1007 satis
2723 952 2876 1022 prius
2919 953 3124 1011 dictum
3174 961 3276 1006 est.
3322 951 3422 1006 Hic
3449 967 3580 1006 vero
3611 960 3668 1006 et
3701 965 3915 1031 magna:

2363 1040 2652 1095 dementiae
2675 1053 2779 1105 est,
2838 1042 3034 1112 inquit,
3069 1056 3179 1116 non
3213 1042 3482 1110 respicere
3519 1041 3660 1111 quod
3692 1055 3816 1095 cum
3841 1041 3915 1093 de

2363 1129 2521 1185 Patre
2590 1138 2643 1184 et
2691 1145 2757 1194 ex
2808 1133 2962 1187 Patre
3015 1133 3254 1202 Spiritus
3299 1132 3517 1195 dicitur,
3565 1132 3660 1201 qui
3707 1130 3914 1186 Filium

2364 1229 2563 1288 negant
2610 1235 2730 1276 esse
2776 1221 3013 1286 Patrem,
3069 1223 3230 1276 simul
3280 1237 3499 1290 quoque
3550 1231 3748 1292 negant
3795 1223 3911 1296 vim

2311 1355 2319 1360 ..
2363 1309 2603 1376 spirandi
2639 1325 2985 1367 communem
3035 1327 3157 1367 esse
3202 1312 3339 1366 Filio
3369 1327 3494 1365 cum
3527 1311 3711 1366 Patre.
3746 1301 3914 1381 EjuS-

2364 1401 2486 1454 dem
2537 1400 2766 1464 fortasse
2803 1401 3090 1458 dementia:
3119 1403 3469 1470 semetipsum
3541 1398 3824 1468 accusans,
3855 1416 3917 1458 et

2364 1489 2588 1543 forsitan
2642 1492 2880 1561 majoris,
2928 1491 3056 1546 dum
3111 1492 3213 1547 hoc
3247 1493 3547 1546 absurdum
3599 1493 3921 1564 intelligens

2365 1576 2718 1632 nihilominus
2768 1593 2884 1632 non.
2923 1578 3062 1650 fugit
3093 1576 3223 1633 illud
3247 1619 3259 1643 ,
3300 1594 3423 1633 cum
3466 1580 3731 1649 Spiritum
3768 1581 3922 1636 dicat

2368 1665 2626 1733 Spiritum
2659 1666 2802 1723 Filii.
2833 1667 2968 1722 Nam
2999 1669 3042 1723 si
3096 1668 3286 1729 Patris.
3320 1677 3373 1722 et
3400 1684 3465 1723 ex
3500 1669 3674 1733 Patro,
3717 1683 3778 1724 ut
3815 1673 3923 1726 is'e

708 1738 1177 1832 ,Omniapinquit,
1219 1749 1302 1794 est
1349 1741 1522 1797 Filius
1567 1759 1907 1832 quaecunque
1962 1748 2120 1802 Pater
2155 1757 2259 1814 est,
2293 1734 2592 1826 Bfawtur,
2626 1757 2825 1811 dicitur
2874 1757 3152 1825 Spiritus:
3185 1760 3276 1825 qui
3328 1757 3524 1821 Filium
3569 1769 3768 1832 negant
3797 1776 3924 1813 esse

718 1835 916 1907 prater
945 1829 998 1883 id
1023 1831 1198 1885 solum
1229 1833 1375 1901 quod
1409 1849 1516 1888 non
1545 1836 1615 1888 sit
1643 1829 1822 1893 Pater.
1861 1836 2061 1894 Deinde
2089 1839 2259 1914 addit,

719 1915 1236 1995 praprium'babens
1271 1934 1327 1976 et
1363 1938 1431 1978 ex
1453 1940 1542 1990 eo,
1569 1935 1624 1979 et
1651 1927 1704 1980 in
1736 1942 1803 1982 eo
1831 1928 1883 1982 in
1911 1911 2261 2000 naturaISp‘i-

721 2010 885 2065 ritum
911 2021 1182 2067 sanctum.
1217 2013 1406 2084 Neque
1446 2014 1563 2072 inec
1590 2016 1867 2072 adversari
1902 2019 2044 2075 inter
2075 2036 2133 2076 se
2163 2036 2262 2090 pu-

720 2106 851 2157 tavit
906 2105 1101 2158 Filium
1149 2120 1257 2160 non
1309 2121 1444 2162 esse
1477 2107 1712 2175 Patrem,
1744 2119 1800 2165 et
1844 2119 2026 2167 tamen
2077 2128 2143 2168 ex
2194 2129 2261 2169 eo

724 2193 988 2264 Spiritum
1042 2212 1182 2254 esse.
1229 2197 1390 2255 Aliud
1445 2200 1652 2256 scilicet
1710 2211 1790 2256 est
1853 2203 2153 2260 arbitratus
2205 2206 2258 2260 in

729 2295 995 2354 quantum
1029 2287 1190 2345 Pater
1220 2299 1323 2352 est.
1357 2300 1414 2346 et
1449 2290 1594 2346 aliud
1625 2292 1680 2346 in
1724 2304 1987 2363 quantum
2019 2296 2276 2365 spirator.

719 2387 825 2441 est,
860 2388 914 2433 et
944 2379 1076 2433 illud
1114 2381 1338 2458 quidem
1373 2380 2078 2440 .Fiiio-incommunicabile
2113 2401 2260 2451 esse,

721 2464 833 2521 hoc
857 2482 988 2524 vero
1028 2482 1191 2537 quam
1242 2467 1476 2528 maxime
1522 2472 1838 2534 convenire.
1894 2472 2048 2538 Quod
2092 2474 2256 2530 etiam

720 2556 852 2611 alibi
887 2558 1228 2616 enucleatius
1262 2553 1568 2628 exponens.
1590 2576 1697 2619 non
1734 2570 1933 2631 praeter
1970 2562 2025 2616 id
2054 2563 2258 2627 solum,

719 2640 923 2717 inquit,
946 2649 1093 2719 quod
1126 2662 1234 2703 non
1277 2649 1350 2704 sit
1382 2651 1564 2714 Pater.
1600 2643 1692 2706 sed
1727 2662 2086 2722 praeterquam
2119 2647 2264 2726 quod

721 2754 829 2792 non
884 2748 1131 2808 generet.
1191 2739 1475 2795 Manifeste
1524 2742 1905 2809 paternitatem
1952 2752 2162 2795 tantum
2208 2749 2279 2804 et.

723 2829 894 2882 solam
953 2829 1249 2896 generandi
1311 2830 1443 2893 vim,
1476 2844 1585 2882 non
1622 2830 1861 2896 spirandi
1916 2830 1984 2882 ab
2017 2842 2084 2881 eo
2115 2828 2266 2882 aufe-
2301 2843 2336 2888 ι·

721 2935 871 2974 rens.
907 2918 987 2972 'l‘u
1041 2909 1192 2971 vero
1223 2925 1406 2972 utrum
1441 2919 1542 2973 nos
1585 2927 1667 2972 an
1701 2929 1752 2971 te
1804 2920 1978 2987 ipsum
2015 2919 2265 2988 decipere

724 3008 966 3071 conaris,
998 3006 1186 3061 nescio
1213 3019 1313 3075 per
1346 2997 1477 3058 illud
1502 3005 1612 3059 divi
1638 2997 1823 3076 Cyrilli
1859 3006 2084 3061 dictum.
2109 3006 2263 3073 Quod

723 3108 782 3155 et
813 3100 860 3154 si
907 3089 1201 3169 propositis
1233 3097 1398 3151 rebus
1422 3087 1627 3166 aliquid
1667 3096 1852 3159 simile.
1881 3098 2084 3156 habere
2116 3098 2285 3152 vide-‘

724 3199 836 3252 tur,
877 3190 1051 3244 multo
1090 3199 1267 3252 tamen
1295 3187 1638 3260 discrepare,
1674 3187 1716 3243 si
1765 3190 1902 3242 bene
1933 3186 2265 3253 advertatur,

723 3279 1084 3350 reperiemus.
1139 3277 1311 3345 Quam
1351 3280 1584 3334 maxime
1634 3268 2043 3345 enimi‘diil‘ert,
2081 3279 2268 3333 dicere

682 3359 690 3374 ’
723 3370 1037 3440 quempiam
1089 3370 1291 3424 habere
1318 3370 1648 3438 .naturalem
1691 3372 1919 3442 alicujus
1960 3372 2268 3442 proprieta-

725 3470 858 3524 tem,
889 3461 974 3516 vel
1015 3461 1134 3530 ejus
1179 3460 1506 3516 naturaliter
1537 3461 1917 3531 proprietates.
1965 3462 2098 3518 Nam
2131 3464 2266 3519 illud

721 3552 895 3604 solum
945 3548 1010 3602 ad
1069 3548 1385 3603 substantiae
1429 3549 1655 3619 respicit
1709 3549 2054 3605 identitatem
2099 3569 2111 3606 :
2164 3551 2268 3606 hoc

720 3643 1026 3712 aliquarum
1074 3640 1446 3711 personalium
1499 3642 1782 3712 notionum
1820 3643 2266 3698 communitatem

723 3734 1016 3802 significat,
1053 3747 1170 3800 qua:
1213 3732 1536 3805 naturaliter
1583 3731 1648 3784 et
1707 3734 2142 3789 substantialiter
2172 3737 2268 3806 sit,

728 3837 798 3875 ne
861 3822 1094 3888 cuipiam
1180 3819 1449 3897 accidenti
1517 3828 1611 3873 aut
1651 3821 2050 3891 participationi
2114 3826 2269 3878 locus

729 3915 910 3967 detur.
945 3911 1078 3964 Illud
1114 3918 1292 3962 autem
1321 3909 1504 3963 omnia
1537 3910 1748 3966 scilicet
1767 3927 1886 3979 quae
1917 3913 2092 3984 Patris
2117 3922 2268 3978 sunt,

699 4013 781 4056 ct
807 4002 1045 4070 Spiritus
1069 4013 1190 4054 esse
1214 4007 1412 4068 pra-ter
1435 3998 1735 4067 ingenitum
1761 4013 1880 4055 esse
1903 3985 1997 4075 {et
2019 3989 2274 4075 quaecun-

726 4109 831 4159 que
880 4091 1002 4146 Filii
1042 4100 1170 4144 sunt
1199 4091 1360 4142 etiam
1392 4087 1635 4157 Spiritus
1674 4102 1796 4144 esse
1827 4071 2024 4158 praeter
2053 4071 2272 4162 tiliatioe

725 4198 875 4244 nem,
928 4180 1111 4234 nescio
1158 4181 1310 4248 cujus
1362 4179 1439 4233 rei
1487 4178 1658 4247 gratia
1708 4179 2105 4248 superaddidit.
2159 4179 2271 4235 Nos

728 4272 872 4327 enim
924 4270 1155 4326 feliciter
1203 4285 1266 4324 ac
1320 4270 1408 4338 pie
1468 4270 1582 4323 haec
1655 4271 1836 4324 omnia
1894 4270 2264 4340 intelligimus.

2361 1845 2598 1915 Patrem,
2641 1860 2748 1899 non
2803 1846 2979 1922 solum
3014 1847 3122 1899 vim
3156 1845 3396 1921 spirandi
3427 1863 3768 1918 communem
3798 1863 3923 1904 esse

2362 1935 2497 1994 Filio
2525 1951 2646 1990 cum
2691 1935 2853 1992 Patre
2889 1946 3110 2003 negant,
3143 1935 3235 1989 sed
3280 1936 3443 1989 etiam
3488 1935 3750 2004 Spiritum
3798 1939 3925 1996 Filii

2362 2025 2489 2080 dici.
2527 2026 2680 2090 Quod
2707 2028 2754 2082 si
2784 2026 2920 2089 bene
2944 2027 3082 2083 banc
3115 2025 3443 2084 dementiam
3471 2027 3659 2096 fugiat,
3694 2027 3747 2081 in
3785 2029 3923 2083 alte-

2361 2118 2715 2182 ram‘incidit,
2758 2119 2928 2174 multo
2951 2118 3119 2188 magis
3146 2117 3534 2194 detestandam,
3568 2119 3611 2172 si
3649 2119 3922 2187 Spiritum

2362 2218 2608 2264 sanctum
2660 2209 2870 2265 scilicet
2917 2222 3025 2263 non
3077 2208 3261 2268 dicat.
3311 2224 3486 2276 neque
3529 2196 3743 2280 sentiat
3789 2208 3921 2263 Filii

2362 2297 2659 2367 Spiritum;
2686 2297 2829 2366 quod
2861 2296 3094 2366 denique
3126 2295 3422 2366 Scriptura:
3455 2297 3601 2352 omni
3638 2298 3927 2364 adversari

2361 2388 2484 2457 quis
2520 2403 2626 2442 non
2667 2387 2855 2442 dicat?
2915 2386 3101 2456 itaque
3140 2387 3240 2442 iste
3271 2389 3434 2443 etiam
3469 2403 3650 2443 sermo
3685 2389 3923 2444 manife-

2366 2478 2602 2535 stissime
2658 2476 3084 2547 deprehenditur
3108 2477 3259 2533 omni
3314 2475 3553 2542 undique
3606 2473 3922 2547 ignorantia

2361 2569 2553 2641 plenus
2585 2582 2723 2631 esse.
3330 2559 3332 2561 ’
3677 2559 3680 2562 ’
3753 2557 3760 2562 ’
3919 2549 3926 2564 ’

2707 2696 2976 2757 Decimum
3005 2703 3370 2767 argumentum
3403 2695 3563 2774 Verri.

2433 2830 2526 2886 Hie
2555 2807 2956 2902 Scripturarum
2987 2801 3286 2900 sententiae,
3319 2834 3373 2888 in
3399 2833 3597 2902 quibus
3625 2831 3822 2886 Patres
3854 2834 3928 2886 de

2333 2923 2336 2929 '
2365 2920 2649 2978 divinitate
2693 2930 2987 2980 tractantes
3022 2925 3302 2995 preprium
3339 2915 3514 2979 Patris
3546 2922 3744 2976 Filium
3795 2940 3929 2985 esse,

2366 3022 2633 3074 asserunt,
2658 3021 2722 3067 ut
2743 3028 2808 3069 ex
2834 3013 2951 3084 ejus
2981 3017 3210 3069 essentia
3239 3013 3613 3091 essiswntein,
3642 3029 3708 3066 cx
3739 3028 3927 3082 eoque

2366 3114 2490 3177 esse
2517 3111 2578 3156 ut
2598 3104 2874 3172 proprium
2903 3103 3215 3159 substantiae
3234 3102 3373 3168 eius.
3396 3102 3486 3156 bic
3506 3102 3746 3156 collectae
3768 3113 3927 3161 sunt.

2369 3185 2660 3263 ut‘euique‘
2675 3193 2873 3247 volenti
2897 3178 3122 3270 facultas
3145 3193 3238 3256 sit,
3271 3191 3399 3245 binc
3427 3191 3710 3244 manifeste
3733 3206 3928 3251 nosse,

2369 3270 2631 3359 Spiritum
2685 3283 2845 3339 etiam
2887 3283 3090 3339 idcirco
3123 3270 3398 3355 proprium
3439 3279 3558 3336 Filii
3602 3280 3732 3344 dici,
3770 3281 3927 3350 quod

2368 3362 2761 3435 es‘rsttlistantia
2788 3376 2904 3443 ejus
2935 3383 3038 3431 est.
3067 3377 3313 3445 itemque
3344 3373 3531 3428 eadem
3566 3370 3634 3426 de
3658 3387 3823 3426 causa
3851 3387 3924 3425 ex

2367 3455 2668 3521 substantia
2692 3463 2827 3536 .Filii
2867 3478 2998 3518 esse
3024 3461 3251 3525 dicitur,
3282 3464 3426 3530 quod
3463 3449 3730 3531 ejusmodi
3779 3460 3928 3513 sub-

2367 3559 2580 3612 stantiae
2611 3554 2890 3626 proprium
2913 3554 3114 3611 bonum
3146 3561 3244 3608 est.
3287 3547 3444 3619 Quod
3479 3552 3641 3606 etiam
3677 3550 3932 3606 consub-

2369 3645 2772 3707 stantialitatem
2801 3645 3034 3715 Spiritus
3061 3660 3184 3700 cum
3214 3644 3351 3700 Filio
3383 3643 3639 3712 ostendit.
3669 3640 3726 3709 Si
3764 3641 3926 3717 enim

2372 3733 2672 3788 secundum
2706 3721 2995 3803 quamdam
3043 3734 3200 3788 aliam
3241 3731 3504 3792 rationem
3558 3732 3932 3802 consubstan-

2373 3823 2642 3886 tialitatis,
2665 3816 2842 3890 qualis
2876 3832 2979 3884 est,
3007 3837 3127 3890 quae
3157 3823 3223 3876 de
3247 3822 3464 3878 duobus
3483 3822 3935 3889 consubstantia-

2368 3911 2611 3969 litatibus
2652 3911 2889 3976 dicitur;
2922 3913 2976 3964 in
3021 3912 3218 3978 quibus
3265 3927 3371 3965 non
3411 3921 3494 3966 est
3539 3912 3771 3965 alterum
3824 3928 3930 3979 per

2372 4002 2625 4064 alterum.
2667 3999 2904 4067 Spir-itus
2941 4009 3084 4053 esset
3119 4002 3374 4068 proprius
3407 4002 3552 4062 Filii,
3583 4017 3649 4055 ex
3680 4001 3932 4070 Filiiquo.

2373 4088 2674 4144 substantia
2727 4098 2892 4151 esset,
2936 4088 3098 4140 etiam
3155 4086 3322 4140 Filius
3373 4088 3622 4156 proprius
3674 4089 3931 4156 Spiritus

2373 4179 2568 4241 sancti.
2598 4188 2652 4233 et
2681 4193 2746 4239 ex
2769 4177 2887 4248 ejus
2908 4177 3208 4237 substantia
3239 4175 3306 4230 ob
3329 4177 3737 4229 conversionem
3769 4178 3930 4240 ejus-

2375 4271 2519 4324 modi
2561 4265 3157 4333 consubstantialitatis,
3207 4258 3353 4332 quod,
3402 4279 3561 4318 nctuo
3603 4255 3929 4318 sanctorum

725 4364 880 4428 Quod
914 4363 958 4416 si
1005 4363 1294 4437 quisquam
1345 4370 1440 4440 aut
1474 4361 1589 4428 ipse
1623 4375 1728 4414 non
1774 4360 1909 4416 bene
1938 4362 2132 4427 sentit,
2172 4371 2268 4415 aut
2301 4379 2346 4435 ι)
2373 4362 2592 4416 Patrum
2639 4374 2877 4428 unquam
2925 4358 3083 4422 dixit.
3135 4372 3311 4427 neque
3355 4357 3566 4412 dicetur
3597 4356 3663 4408 ab
3712 4355 3932 4423 aliqua,

729 4465 954 4508 caeteros
988 4453 1243 4520 decipere
1279 4461 1530 4518 conatur,
1577 4453 1725 4506 illius
1757 4461 1837 4506 est
1869 4455 2096 4511 crimen.
2132 4453 2268 4508 Nam

730 4545 778 4599 si
807 4544 930 4614 quis
954 4557 984 4598 a
1009 4541 1217 4611 Spiritu
1248 4532 1632 4616 proprietatem
1680 4541 1855 4612 Patris
1884 4543 2118 4608 auferat,
2153 4559 2271 4612 quae

731 4642 814 4689 est
860 4633 1160 4702 ingenitum
1206 4645 1326 4702 esse
1361 4645 1728 4699 :causamque
1778 4632 1893 4686 sive
1943 4633 2266 4703 principium
2309 4676 2314 4681 .

731 4727 958 4783 aliarum
993 4735 1373 4791 personarum,
1405 4721 1623 4788 qualem
1663 4721 1897 4788 amplius
1931 4724 2266 4790 personalem

735 4817 906 4870 l‘atris
955 4809 1443 4885 proprietatemlei
1495 4809 1877 4878 derelinquct?
1913 4812 2176 4868 Similiter
2224 4813 2268 4865 si

740 4908 864 4975 quis
927 4905 1119 4958 Filium
1178 4900 1405 4967 Spiritui
1467 4901 1680 4967 hosque
1730 4901 1871 4954 solos
1920 4903 1982 4955 ad
2041 4904 2269 4956 invicem

732 5011 1076 5065 rpmparans,
1113 4997 1336 5059 negaret
1377 4988 1638 5057 Spiritum
1671 5005 1790 5042 esse
1819 4990 2034 5054 Filium,
2065 4993 2278 5044 czeteris

707 5104 859 5154 tero
887 5088 938 5139 in
977 5085 1140 5154 rebus
1168 5096 1295 5134 cum
1326 5080 1546 5130 omnino
1577 5079 1805 5131 similent
1843 5080 1974 5132 Filio
2004 5096 2122 5132 esse
2153 5095 2273 5133 cre-

730 5184 924 5235 tii-ret:
962 5190 1124 5245 quam
1168 5173 1215 5240 ei
1267 5169 1603 5244 personalcm
1643 5169 2029 5234 proprietatem
2065 5171 2272 5221 tribue-

729 5274 853 5336 ret?
886 5285 985 5322 nec
1013 5266 1159 5336 enim
1195 5272 1472 5332 paternam
1508 5258 1786 5311 tribueret.
1837 5256 1966 5309 Nam
1999 5274 2174 5324 neque
2209 5262 2273 5312 de

732 5335 887 5416 μήτε
917 5332 1273 5417 eratusermo,
1305 5365 1479 5418 neque
1521 5350 1584 5400 ad
1615 5350 1754 5398 hunc
1798 5347 1880 5397 illa
1918 5347 2271 5410 eotnp;.ratio,

732 5462 906 5512 neque
939 5449 1066 5501 licet
1093 5423 1162 5498 ad
1192 5444 1337 5502 hunc
1369 5439 1580 5503 fuisset,
1607 5437 1810 5503 aliquid
1843 5437 1889 5487 ei
1927 5432 2273 5508 psoprietatis

737 5536 912 5588 Patris
946 5537 1290 5603 relinqueret.
1332 5531 1466 5590 Cum
1497 5515 1856 5598 praeterquam
1890 5525 2033 5591 quod
2069 5539 2173 5573 non
2202 5523 2270 5574 si:

735 5622 918 5684 Fiiins,
946 5635 1134 5678 uetera
1159 5625 1334 5677 omnia
1373 5622 1670 5677 secundum
1704 5621 1718 5672 l
1747 5621 1894 5670 liltlilt
1926 5616 2010 5677 sit,
2038 5628 2267 5683 cumque

2375 4449 2465 4518 qui
2496 4458 2639 4503 recte
2668 4463 2730 4502 ac
2755 4449 2843 4517 pic
2888 4447 2955 4502 de
2984 4447 3087 4523 title
3120 4447 3365 4511 sentiret.
3397 4443 3544 4514 Talis
3575 4452 3754 4523 autem
3785 4459 3934 4497 con—

2374 4538 2802 4592 substantialitas
2823 4553 2996 4606 neque
3017 4537 3234 4607 proprie
3258 4534 3796 4605 consubstantialitas
3817 4545 3935 4596 est;

2373 4627 2468 4682 sed
2504 4629 2626 4689 illa,
2651 4612 2788 4695 quae
2826 4626 3052 4679 alterum
3088 4628 3242 4686 alteri
3275 4627 3490 4695 ecpulat
3525 4637 3782 4701 tanquam
3826 4643 3935 4694 per

2374 4734 2500 4773 cum
2538 4735 2602 4772 ex
2629 4733 2695 4772 eo
2725 4719 2989 4771 exsistens
3017 4704 3336 4771 naturaliter
3377 4727 3432 4770 et
3464 4717 3932 4772 substantialiter.

2375 4811 2529 4875 Quod
2570 4809 2786 4877 quidem
2837 4808 3085 4876 probabit
3117 4807 3294 4875 magni
3343 4807 3521 4860 Basilii
3562 4809 3649 4861 hic
3683 4807 3933 4862 adducta

2374 4885 2666 4961 sententia,
2695 4900 2785 4968 qui
2837 4898 3116 4950 manifeste
3158 4897 3363 4968 asserit
3405 4898 3597 4950 fratres
3647 4911 3755 4949 non
3808 4898 3924 4950 dici

2376 4975 2590 5060 proprie
2616 4991 2844 5044 invicem
2874 4986 3380 5041 consubstantiales.
3417 4987 3702 5038 Adduntur
3735 4994 3930 5038 autem

2378 5064 2641 5152 ejusmodi
2682 5081 2964 5136 sententiis
3012 5077 3206 5130 etaliae
3236 5078 3538 5136 sentcntize,
3573 5090 3691 5140 qum
3719 5075 3790 5128 ob
3825 5076 3935 5129 hac

2375 5151 2669 5224 ostendunt
2695 5168 2889 5240 Filium
2916 5183 3035 5222 esse
3057 5166 3573 5221 consubstantialem
3603 5165 3771 5224 Patri.
3798 5168 3933 5230 quia

2373 5277 2435 5312 es
2467 5261 2581 5327 ejus
2617 5241 2918 5313 substantia
2951 5266 3052 5316 est,
3087 5265 3143 5308 ut
3181 5269 3390 5314 omnes,
3433 5255 3523 5319 qui
3561 5255 3749 5317 velint,
3793 5255 3933 5308 hinc

2377 5349 2674 5418 intelligere
2707 5339 2938 5417 possint,
2982 5346 3181 5398 idcirco
3221 5344 3478 5412 Spiritum
3513 5355 3757 5398 sanctum
3799 5363 3932 5400 cum

2376 5438 2511 5491 Filio
2543 5422 3055 5494 consubstantialem
3095 5450 3238 5496 esse,
3269 5439 3391 5503 quia
3425 5452 3490 5488 ex
3520 5436 3639 5503 ejus
3671 5437 3933 5490 substan-

2380 5527 2447 5577 tia
2474 5522 2580 5578 est.
2619 5527 2746 5579 llem
2785 5527 2847 5578 ad
2892 5528 2988 5578 has
3025 5524 3318 5578 sententias
3354 5525 3695 5577 roborandus
3732 5534 3788 5576 et
3823 5525 3933 5576 alia

2377 5616 2590 5670 i’a‘trum
2629 5617 2769 5669 dicta
2810 5617 3122 5681 atl'crcntur,
3152 5629 3266 5682 qum
3297 5613 3933 5667 consubstantialitatcm
