4136 6324
286 276 420 347 305

1249 240 1625 345 aromata
1666 281 2267 343 lNSCRiP'l‘IONUM
2309 285 2543 345 vsccr.

3379 288 3478 350 306

296 395 543 465 Spiritus
562 396 626 449 ad
650 397 857 450 Patrem
903 394 1205 465 Filiutnquc
1233 396 1355 451 inde
1378 395 1843 465 ostendunt,quod
1874 402 1915 454 A
1949 398 2083 450 bene
2121 397 2384 465 percipio,
2420 397 2558 451 nihil
2588 398 2728 449 enim
2756 397 2867 467 ipse
2893 398 3095 454 clarum
3127 399 3294 464 dicis;
3331 400 3478 468 atqui

297 486 355 539 is
376 502 438 537 et
464 485 618 538 Patre
651 502 744 554 per
775 484 965 537 Filium
995 487 1082 538 sit.

770 621 1001 675 PaIanta:
1030 623 1398 677 contradictio.

372 758 637 833 Proprius
685 765 771 810 est
827 755 995 809 Filius
1044 754 1217 807 Patris
1274 764 1333 808 ut
1384 770 1447 807 ex
1496 769 1562 808 eo
1610 754 1845 821 genitus,

299 851 610 917 eodemque
640 848 798 900 modo
820 859 874 899 et
904 846 1141 912 Spiritus
1169 855 1383 898 sanctus
1408 856 1512 905 est,
1554 853 1613 896 ut
1642 859 1707 895 ex
1743 844 1843 895 Pa-

314 955 403 995 tre
452 938 767 1008 procedens.
826 931 1283 999 Quemadmodum
1345 948 1563 1001 iragnus
1619 934 1845 987 Basilius

300 1015 567 1082 adversus
599 1025 960 1078 Eunomianos
986 1023 1183 1075 litteris
1210 1022 1480 1074 mandavit
1502 1041 1511 1071 :
1535 1023 1844 1088 Proprieta-

304 1128 442 1175 tem.
476 1115 671 1183 inquit,
704 1114 768 1166 ad
814 1114 1021 1167 Patrem
1067 1108 1313 1180 Spiritus'
1339 1112 1508 1166 sancti
1546 1113 1692 1174 novi,
1718 1114 1843 1181 quia

300 1221 333 1257 τι
368 1205 526 1258 Patre
559 1202 822 1269 procedit.
858 1202 1059 1253 Dicitur
1101 1211 1273 1253 tamen
1316 1200 1435 1252 Filii
1474 1200 1728 1267 Spiritus,
1771 1204 1845 1256 si-

303 1303 405 1347 cut
449 1293 586 1346 idem
630 1300 846 1346 sanctus
876 1291 1047 1359 eapite
1079 1298 1265 1343 octavo
1302 1290 1365 1341 ad
1407 1290 1843 1356 Amphilochium

306 1385 530 1448 asserit,
576 1394 635 1436 ut
664 1382 961 1436 secundum
994 1393 1236 1435 naturam
1269 1381 1315 1433 ei
1348 1383 1667 1450 conjunctus
1693 1399 1710 1446 ;
1733 1382 1846 1435 ﬁeri

305 1476 457 1529 cnim
506 1476 724 1529 minime
768 1482 960 1542 potest,
997 1489 1078 1534 ea,
1117 1488 1235 1539 qua:
1281 1482 1466 1524 natura
1514 1472 1652 1525 idem
1703 1482 1846 1535 sunt,

306 1582 420 1626 non
470 1581 587 1618 csse
635 1565 865 1618 ihviccm
910 1566 1211 1631 conjuncta.
1262 1562 1381 1619 Non
1430 1563 1627 1615 dicitur
1673 1571 1847 1615 autem

308 1656 484 1709 Filius
528 1654 760 1723 Spiritus
806 1656 998 1715 sancti,
1040 1670 1104 1706 ne
1144 1653 1379 1717 Spiritus
1431 1661 1649 1704 sanctus
1693 1651 1850 1704 Pater

302 1761 430 1799 esse
458 1745 719 1803 videatur,
746 1759 864 1796 cum
897 1742 1061 1796 Filius
1094 1743 1153 1794 ad
1190 1742 1399 1795 Patrem
1430 1741 1716 1801 referatur,
1752 1755 1850 1795 ως

300 1838 398 1904 jus
432 1834 601 1888 Filius
627 1833 921 1889 diceretur.
963 1833 1168 1885 Veccus
1198 1842 1374 1885 autem
1409 1831 1509 1884 iste
1538 1832 1604 1885 ei
1635 1843 1851 1887 senten-

309 1927 408 1981 tiis
438 1925 524 1977 hic
564 1939 690 1977 sane
716 1922 958 1977 collectis
987 1922 1118 1975 nihil
1147 1922 1261 1974 sani
1294 1920 1524 1987 colligit;
1558 1919 1851 1986 reprehen-

304 2015 459 2066 ditur
494 2023 667 2067 tamen
691 2028 717 2064 a
748 2013 1057 2078 servietipso,
1083 2025 1203 2063 cum
1232 2009 1374 2063 dicat
1402 2008 1472 2062 ob
1502 2009 1852 2062 consubstan-

307 2101 597 2159 tialitatem
643 2116 707 2153 ex
760 2101 1057 2154 substantia
1104 2098 1221 2150 Filii
1261 2097 1521 2165 Spiritum
1566 2096 1691 2148 dici.
1744 2095 1851 2146 Nec

307 2190 459 2242 enim
508 2204 571 2243 ea
615 2190 681 2241 de
722 2202 884 2242 causa
935 2188 1093 2239 etiam
1145 2201 1211 2237 ex
1250 2168 1482 2252 persona
1517 2182 1637 2235 Filii
1674 2193 1847 2244 esset;

309 2278 595 2345 continget
622 2278 763 2330 enim
793 2292 855 2331 ex
886 2276 1113 2328 invicem
1147 2275 1260 2337 iure
1287 2288 1426 2326 esse.
1460 2272 1662 2325 ldcirco
1695 2286 1851 2324 nemo

310 2368 369 2420 id
395 2380 626 2433 unquam
652 2364 899 2427 asseruit,
931 2363 1188 2430 Spiritum
1212 2377 1275 2416 ex
1307 2375 1532 2430 persona
1558 2374 1676 2414 esse
1705 2358 1847 2421 Filii,

308 2457 409 2513 sed
448 2473 511 2511 ex
546 2470 766 2524 persona
790 2453 986 2509 Patris.

849 2598 891 2651 Ν
902 2599 1048 2651 ἱειεηι
1079 2594 1320 2663 defensio.

386 2730 504 2785 Non
534 2730 706 2785 solum
738 2729 936 2783 dixisse
956 2727 1087 2782 satis
1110 2734 1213 2789 est,
1271 2725 1362 2778 sed
1395 2723 1556 2777 etiam
1590 2721 1851 2775 rationem

314 2824 524 2883 addere
557 2830 787 2890 oportet.
823 2820 1074 2885 Quaenam
1116 2818 1303 2871 isthaac
1331 2815 1628 2868 voluntaria
1662 2813 1856 2881 positio

312 2924 429 2977 est,
463 2912 737 2980 pmprium
770 2911 941 2962 Patris
969 2906 1295 2966 Filium,‘aut
1318 2904 1578 2973 Spiritum
1610 2910 1854 2957 sanctum

316 3006 529 3064 dicere,
561 3013 621 3056 ut
649 3002 936 3065 essentiam
968 2999 1226 3052 habentes
1258 3012 1323 3049 ex
1364 2996 1518 3049 Patre
1552 3012 1563 3044 :
1602 2991 1695 3045 sed
1733 3005 1857 3059 pro-
1881 3026 1925 3085 c

318 3097 501 3165 prium
543 3092 661 3146 Filii
707 3091 857 3158 Spiri
882 3108 965 3143 um
1019 3090 1256 3141 dicentes
1299 3102 1409 3139 non
1461 3084 1649 3138 eodem
1698 3078 1857 3133 modo

316 3187 649 3255 intelligere.
673 3184 817 3251 quod
844 3177 905 3238 ex
931 3181 1066 3233 Filio
1098 3179 1306 3233 scilicet
1328 3175 1619 3231 essentiam
1640 3171 1857 3232 habeat,

316 3278 417 3333 sed
445 3290 609 3345 quem
645 3274 759 3338 ipse
792 3256 905 3340 prof
939 3269 1093 3323 libito
1127 3266 1280 3335 quasi
1326 3266 1379 3319 iu
1421 3262 1644 3317 somniis
1680 3260 1855 3326 lingis.

318 3368 458 3422 Nam
486 3366 627 3434 quod
661 3366 837 3430 magni
884 3357 1062 3432 ﬁasilii
1095 3355 1381 3423 dictumin
1416 3353 1649 3404 medium
1683 3348 1857 3407 ducis.

321 3474 425 3527 pro
474 3456 634 3509 nobis
670 3454 875 3520 potius,
927 3458 982 3502 et
1028 3454 1207 3500 contra
1261 3453 1312 3495 te
1352 3439 1646 3493 adduxisti.
1688 3435 1860 3494 Unius

317 3546 523 3601 ctenim
554 3554 608 3596 et
633 3540 876 3612 ejusdem
896 3536 1011 3612 arei,
1068 3533 1210 3599 quod
1240 3532 1444 3583 scilicet
1474 3527 1706 3594 Spiritus
1736 3539 1860 3576 san-

319 3648 449 3689 ctus
480 3606 797 3686 naturaliter
845 3609 986 3679 Pjiri
1020 3632 1076 3675 et
1105 3620 1242 3673 Filio
1269 3606 1595 3685 coniunctus»
1616 3613 1707 3675 sit,
1739 3626 1860 3679 pro-

316 3724 571 3779 bationes
611 3730 860 3785 quaerens
894 3713 1081 3768 doctor
1122 3709 1515 3767 sanctissimus,
1558 3706 1699 3757 hanc
1745 3712 1861 3754 tan-

318 3827 489 3871 quam
512 3809 866 3881 potissimam,
897 3803 1040 3873 quod
1072 3802 1279 3857 scilicet
1310 3815 1373 3852 ex
1401 3798 1561 3852 Patre
1582 3793 1858 3863 procedat,

320 3905 562 3972 Filiique
600 3901 840 3960 dicatur,
871 3906 921 3951 et
960 3894 1050 3957 sit,
1098 3891 1347 3961 producit
1384 3891 1436 3942 in
1475 3887 1728 3947 Iltetlitltl),
1760 3901 1861 3953 pu-

319 4008 453 4051 taus
495 3993 568 4046 ad
607 3990 748 4044 idem
775 3987 1022 4048 .referre,
1067 3987 1315 4051 idemque
1346 3982 1459 4037 hare
1487 3978 1646 4033 ambo
1684 3990 1860 4045 posse.

316 4085 461 4141 Nam
496 4082 651 4149 cuius
686 4078 921 4148 Spiritus
975 4075 1190 4135 dicitur,
1224 4089 1288 4127 ex
1336 4072 1426 4125 illo
1478 4070 1713 4137 denique
1757 4065 1866 4135 spi-

320 4183 503 4229 ratur.
523 4170 600 4225 'l'u
626 4185 748 4225 vero
774 4166 1160 4222 absurditatcm
1195 4166 1291 4227 rei,
1316 4175 1547 4228 suasque
1572 4160 1867 4228 positiones

320 4274 673 4332 sequentem,
707 4276 769 4317 ac
814 4258 1172 4314 necessariam
1204 4254 1630 4313 conversionem,
1658 4265 1775 4317 qua!
1800 4263 1865 4301 ex

324 4356 442 4412 tuis
488 4355 732 4423 sequitur
764 4350 943 4404 verbis
989 4348 1225 4415 eﬂ'ugere
1270 4361 1391 4399 cum
1421 4344 1654 4404 conaris,
1702 4340 1863 4392 etiam
1898 4338 1943 4393 D

321 4448 525 4502 nolens
544 4446 650 4500 tuis
674 4440 996 4495 adversariis
1023 4437 1186 4490 faves.
1210 4435 1325 4490 Non
1354 4438 1496 4489 cnim
1519 4434 1721 4487 dicitur
1742 4428 1864 4495 (ais)

321 4537 570 4604 Spiritus
601 4532 767 4586 sancti
797 4528 965 4580 Filius
990 4546 1001 4579 :
1030 4543 1098 4579 ne
1130 4525 1287 4593 hujus
1316 4524 1469 4577 Pater
1498 4522 1662 4573 Filius
1690 4517 1868 4569 videa-

325 4641 445 4689 tur,
487 4636 734 4677 asserens
761 4618 969 4671 scilicet
997 4626 1049 4670 et
1076 4616 1188 4682 ipse
1222 4616 1442 4669 relativa
1472 4612 1668 4665 debere
1692 4610 1757 4663 ad
1790 4610 1883 4659 ἱππ-⁷

324 4720 509 4769 tricem
543 4709 804 4771 converti,
842 4717 903 4761 ut
930 4723 1048 4760 cum
1085 4719 1139 4761 et
1176 4708 1409 4775 Spiritus
1454 4719 1648 4757 nomen
1689 4702 1868 4755 relati—

322 4818 468 4875 vunt
528 4800 642 4851 sit:
680 4800 1129 4864 quemadmodum
1177 4807 1228 4850 et
1271 4799 1381 4863 ipse
1430 4792 1618 4845 volens
1681 4793 1868 4845 nolens

320 4888 542 4963 fateris,
577 4888 640 4938 ad
678 4890 971 4953 Spirantem
1006 4887 1216 4945 referri,
1257 4896 1417 4952 atque
1450 4898 1512 4933 ex
1556 4882 1647 4933 illo
1674 4880 1865 4947 spirari

321 4975 551 5033 debere,
585 4975 739 5041 cujus
764 4985 817 5026 et
847 4975 1044 5027 dicitur
1079 4972 1334 5037 Spiritus.
1359 4971 1507 5033 Quod
1540 4977 1717 5020 autem
1745 4976 1799 5019 et
1826 4967 1868 5019 si

320 5080 398 5121 ex
436 5065 747 5117 substantia:
781 5064 903 5117 Filii
958 5064 1195 5132 Spiritus
1239 5074 1458 5115 sanctus
1488 5060 1717 5119 dicatur,
1762 5072 1867 5109 non

324 5161 515 5204 tamen
556 5151 678 5202 ideo
718 5153 1081 5204 necessarium
1124 5152 1416 5203 arbitratur
1457 5149 1615 5201 etiam
1660 5162 1722 5199 et
1756 5148 1872 5214 ejus

322 5255 564 5313 persona
615 5256 769 5303 esse,
820 5242 1110 5294 absurdum
1172 5242 1332 5293 etiam
1379 5238 1674 5305 quiddam;
1731 5236 1871 5288 unde

323 5329 584 5399 equidem
614 5334 792 5383 nescio
820 5332 882 5384 ad
913 5334 1012 5384 hoc
1036 5332 1507 5384 demonstrandum
1531 5329 1743 5390 conaris
1768 5326 1875 5379 col-

324 5423 521 5489 ligere.
574 5416 667 5469 Sic
704 5418 846 5470 enim
890 5420 966 5469 ais
1001 5437 1062 5469 ex
1126 5422 1351 5470 invicem
1397 5410 1581 5469 essent
1624 5426 1871 5482 tanquam

330 5509 595 5585 possibile
627 5508 835 5560 scilicet
859 5508 1017 5559 etiam
1046 5508 1237 5561 Filium
1268 5523 1329 5560 ex
1366 5507 1598 5573 Spiritus
1625 5507 1872 5559 substan-

333 5608 405 5679 tia
426 5600 533 5655 dici
561 5615 575 5661 ;
608 5606 664 5651 ct
688 5595 888 5663 idcirco
914 5599 1071 5652 etiam
1105 5614 1164 5649 ex
1199 5600 1313 5665 ejus
1343 5613 1587 5667 persona.
1616 5598 1666 5660 Si
1700 5610 1796 5663 ego
1823 5606 1871 5647 te

1860 511 1865 515 ·
1947 498 2130 541 nostra
2175 488 2311 540 ratio
2355 487 2478 539 inde
2510 486 2814 542 firmissime
2858 488 3182 552 roboratur;
3215 504 3478 555 nusquam

1946 581 2091 634 enim
2121 578 2362 647 reperies
2390 577 2712 649 velFilium,
2736 578 2820 631 vel
2855 579 3088 639 Patrem.
3120 594 3293 646 neque
3318 581 3479 631 sacris:

1948 672 2002 723 in
2039 669 2274 727 Litteris.
2301 685 2474 735 neque
2496 666 2634 736 apud
2664 669 2931 730 doctores,
2952 682 3017 720 ex
3046 668 3343 720 substantia
3365 669 3481 734 Spi-

1948 762 2085 812 ritus
2135 759 2302 820 saneti
2358 757 2559 809 dictum
2596 768 2737 807 esse.
2790 756 2855 815 At
2903 755 2949 808 si
2992 754 3108 808 haec
3146 755 3334 815 dictio.
3371 758 3480 809 hmc

1948 850 2249 913 substantia
2308 849 2553 902 videlicet
2600 846 2721 921 Filii
2775 856 2866 903 aut
2907 847 3082 899 Patris
3132 860 3276 907 esse,
3314 847 3481 896 solam

1952 938 2589 999 consubstantialitatem,
2638 934 3093 1003 quemadmodum
3143 947 3239 986 vos
3295 934 3481 992 vultis.

1948 1028 2291 1095 significaret,
2342 1026 2472 1102 illud
2514 1025 2675 1079 etiam
2709 1023 2948 1085 perfecto
2979 1024 3083 1076 dici
3132 1021 3381 1074 debebat.
3427 1024 3479 1074 Si

1951 1128 2126 1173 autent
2172 1133 2332 1170 nemo
2362 1125 2673 1171 sanctarum
2703 1130 2766 1167 ex
2800 1128 3025 1181 persona
3058 1111 3176 1165 Filii
3221 1110 3479 1177 Spiritum

1950 1223 2068 1261 esse
2100 1207 2447 1277 przedicavit,‘
2474 1214 2709 1258 attamen
2762 1220 2824 1257 ex
2872 1200 3007 1257 Filio
3041 1216 3180 1260 esse,
3227 1212 3385 1267 atque
3417 1215 3481 1251 ex

1953 1302 2089 1354 Filio
2114 1302 2379 1353 exsistere
2408 1299 2759 1357 atiirmarunt.
2791 1284 2910 1365 quae
2956 1296 3185 1347 maxime
3222 1292 3484 1345 exsistan—

1954 1392 2082 1443 tiam
2115 1389 2349 1457 Spiritus
2388 1390 2711 1458 significant.
2752 1379 3121 1459 Occidcntalcs
3166 1392 3341 1435 autem
3384 1382 3483 1435 Pa-

1956 1494 2065 1536 tres
2113 1491 2272 1549 atquc
2308 1480 2558 1536 doctores
2588 1479 2750 1533 etiam
2783 1493 2846 1529 ex
2877 1475 3014 1529 Filio
3038 1489 3160 1527 eum
3192 1471 3484 1540 procedere

1952 1580 2221 1626 asserunt.
2257 1572 2356 1627 Per
2378 1586 2574 1625 nomen
2601 1578 2782 1623 autem
2812 1568 2926 1620 Filii
2955 1567 3055 1619 nisi
3086 1578 3365 1632 personant
3400 1560 3488 1612 Fi-

1954 1663 2008 1715 lii
2052 1660 2341 1725 intelligas,
2370 1661 2689 1715 miraculum
2715 1668 2878 1720 esset,
2915 1664 2969 1710 tu
3004 1669 3178 1723 neque
3209 1669 3273 1705 et
3316 1652 3486 1705 Patris

1954 1767 2187 1821 persona
2237 1750 2499 1820 Spiritum
2548 1764 2667 1803 esse
2697 1747 2952 1820 dixisses,
2981 1746 3082 1798 nisi
3113 1747 3261 1797 solus
3289 1742 3487 1809 Grego-

1951 1846 2062 1897 rius
2102 1844 2390 1912 Nyssmus,
2428 1854 2481 1896 et
2513 1844 2558 1895 is
2600 1841 2815 1909 quidem
2849 1840 3011 1893 semel
3047 1837 3159 1890 suis
3188 1836 3242 1889 in
3280 1847 3486 1886 sermo-

1950 1934 2131 1994 nibus,
2154 1932 2415 1998 Spiritum
2436 1947 2497 1983 ex
2522 1941 2739 1997 paterna
2765 1942 2989 1993 persona
3015 1924 3305 1991 procedere
3327 1922 3489 1973 dixis-

1950 2032 2033 2074 set
2080 2041 2091 2073 :
2139 2022 2229 2073 Sed
2278 2036 2399 2072 cum
2448 2035 2508 2069 ex
2563 2018 2715 2068 Patre
2764 2016 2981 2065 audires
3032 2012 3156 2077 (qua
3214 2010 3480 2062 sententia

1951 2110 2103 2174 plena
2134 2108 2307 2158 omnis
2327 2106 2606 2166 Scriptura
2628 2103 2752 2167 est),
2774 2113 2962 2153 cuncta
2994 2102 3170 2165 potius
3192 2113 3345 2165 quam
3367 2112 3487 2162 per-

1949 2212 2134 2251 sonam
2174 2195 2344 2247 Patris
2392 2194 2737 2257 intelligeres.
2788 2191 2854 2242 At
2904 2190 3007 2241 hoc
3051 2202 3209 2254 quam
3255 2185 3485 2237 maxime

1952 2285 2154 2351 puerile
2192 2293 2292 2336 est.
2330 2281 2460 2346 Quis
2497 2281 2660 2347 igitur
2693 2288 2925 2331 vestrum
2953 2277 3086 2329 nihil
3117 2277 3231 2329 sani
3258 2274 3480 2331 Conclu-

1950 2374 2057 2433 dat,
2107 2381 2255 2433 tune,
2304 2387 2369 2423 an
2404 2371 2627 2432 Veccus,
2674 2382 2852 2421 sermo
2888 2376 3072 2420 noster
3111 2364 3344 2419 dilucide
3385 2362 3487 2421 de-_

1951 2462 2287 2515 monstravit.

2241 2573 2575 2627 Uudecimtmt
2600 2579 2968 2640 argumentum
3013 2569 3180 2620 νει-εἱ.

2025 2686 2159 2741 Cum
2212 2686 2456 2754 quidam,
2500 2683 2781 2736 audientes
2813 2680 3073 2748 Spiritum
3131 2686 3374 2730 sanctum
3416 2689 3485 2727 ex

1957 2778 2257 2833 substantia
2317 2791 2441 2831 esse
2487 2773 2630 2835 Filii,
2670 2772 2812 2825 aliud
2836 2788 2897 2823 ex
2932 2768 3233 2823 substantia
3263 2780 3377 2817 esse
3404 2764 3485 2816 di-

1956 2878 2108 2929 cunt,
2142 2868 2285 2921 aliud
2323 2883 2386 2920 ex
2424 2862 2651 2934 persona
2682 2880 2697 2922 ;
2733 2877 2831 2915 nec
2863 2860 2993 2915 illud
3019 2852 3491 2926 Comprehendere.

1958 2967 2183 3027 possunt
2218 2960 2317 3011 hoc
2348 2971 2543 3009 nomen
2586 2955 2755 3009 Filius
2805 2950 3085 3019 personale
3131 2960 3322 2998 nomen
3350 2958 3489 3005 esse,

1958 3058 2013 3107 et
2056 3050 2145 3116 qui
2187 3064 2251 3101 ex
2315 3046 2615 3101 substantia
2677 3045 2807 3096 dicit
2863 3042 3019 3105 Filii,
3078 3050 3247 3113 totum
3296 3036 3490 3089 Filium

1960 3139 2193 3193 ostendit
2234 3138 2618 3199 substantiam,
2667 3134 2875 3187 scilicet
2952 3122 3358 3184 suhsistenteih.
3411 3126 3486 3178 Ad

1959 3244 2147 3282 eorum
2211 3228 2374 3296 igitur
2436 3229 2651 3291 ineptos
2676 3221 3048 3287 absurdosque
3075 3230 3268 3272 sensus
3310 3215 3493 3267 redar-

1959 3310 2202 3388 guendis
2232 3319 2468 3372 collectae
2508 3328 2633 3368 sunt
2656 3320 2710 3365 et
2738 3310 2815 3365 ea:
2838 3311 3245 3377 Scripturarum
3266 3316 3493 3383 senten-

1961 3408 2068 3470 tia,
2128 3423 2247 3470 qua:
2300 3421 2362 3458 ex
2421 3404 2717 3458 substantia
2768 3401 2940 3453 Patris
3003 3398 3194 3450 Filium
3245 3393 3489 3461 generari

1965 3496 2279 3557 ostendunt.
2342 3494 2472 3545 Nam
2538 3493 2584 3543 si
2644 3504 2803 3541 unam
2866 3502 2981 3539 csse
3010 3486 3341 3537 nativitatem
3370 3481 3489 3532 Filii

1958 3602 2021 3640 ex
2052 3585 2208 3638 Patre
2248 3583 2499 3641 fatentur,
2526 3595 2631 3645 quo
2667 3586 2823 3645 pacto
2854 3576 2938 3627 illa
2983 3574 3201 3625 dit'l'errc
3243 3583 3489 3634 possunt.

1959 3691 2080 3730 esse
2118 3674 2328 3727 scilicet
2380 3687 2442 3724 ex
2492 3669 2815 3727 substantia,
2871 3674 2923 3718 et
2969 3678 3085 3716 esse
3129 3676 3192 3715 et
3227 3660 3489 3727 persona?

1960 3768 2066 3821 nisi
2126 3764 2411 3833 quisquam
2466 3756 2905 3815 manifestissime
2934 3754 3363 3823 hlaSphcmai-ct,
3397 3766 3505 3801 au-r

1962 3859 2222 3923 det‘ctquc
2268 3855 2473 3914 dicere,
2536 3851 2693 3914 aliam
2752 3848 2871 3903 Filii
2924 3859 3043 3922 esse
3096 3859 3160 3895 ex
3187 3840 3489 3896 substantia

1962 3948 2138 4003 Patris
2187 3945 2547 4004 nativitatem,
2602 3941 2759 3993 aliam
2815 3954 2878 3992 ex
2937 3948 3188 4004 persona.
3216 3931 3496 3983 Adduntur

1964 4041 2127 4094 etiam
2158 4045 2211 4095 et
2242 4037 2307 4089 iis
2336 4033 2622 4088 sententiis
2647 4031 2749 4083 alia
2796 4029 3013 4089 Patrum
3040 4026 3202 4085 dicta,
3228 4035 3344 4087 quas
3372 4032 3495 4083 pcr-

1968 4130 2160 4183 i’cctam
2202 4125 2588 4183 substantiam,
2646 4129 2701 4173 et
2728 4120 2891 4171 Deum
2930 4116 3230 4183 perfectum
3260 4111 3493 4166 Patrem,

1966 4233 2020 4275 et
2063 4218 2357 4286 perfectam
2389 4210 2745 4267 substantiam
2813 4207 3030 4265 Filium,
3090 4211 3143 4253 et
3196 4198 3484 4267 perfectam

1969 4306 2327 4369 substantiam
2359 4301 2619 4369 Spiritum
2668 4305 2911 4349 sanctum
2936 4289 3251 4344 ostendunt.

2428 4411 2660 4469 Palamae
2687 4405 3043 4460 contradictio.

2034 4531 2165 4584 Cum
2197 4526 2395 4595 aliquid
2452 4524 2614 4577 unius
2666 4520 2978 4575 substantia:
3012 4532 3359 4589 personteque
3392 4528 3492 4573 est.

1969 4634 2095 4676 tunc.
2123 4620 2263 4689 quod
2300 4634 2366 4673 ex
2395 4618 2484 4670 illa
2516 4612 2814 4669 substantia
2852 4610 3169 4661 naturaliter
3204 4608 3493 4660 essentiam

1967 4714 2151 4768 habet.
2182 4726 2244 4763 ex
2275 4710 2362 4760 illa
2390 4708 2549 4759 etiam
2592 4712 2818 4770 persOna
2879 4699 3117 4751 eamdem
3171 4696 3350 4753 habet.
3390 4706 3441 4746 et
3470 4710 3499 4747 c

1968 4814 2257 4856 converso.
2316 4795 2469 4860 Quod
2523 4794 2664 4846 enim
2728 4790 2937 4841 exstitit
2995 4803 3057 4839 ex
3121 4788 3208 4837 illa
3245 4800 3496 4852 persona,

1969 4896 2127 4947 etiam
2190 4906 2252 4943 ex
2306 4889 2391 4940 illa
2462 4881 2771 4937 substantia
2801 4890 2903 4932 est.
2938 4880 3292 4931 Personarum
3324 4886 3498 4941 autem

1970 4974 2383 5053 plurinmquod
2424 4980 2601 5025 estex
2633 4969 2720 5021 illa
2777 4982 2879 5019 una
2920 4968 3245 5028 substantia,
3298 4981 3403 5017 non
3433 4981 3497 5016 ex

1971 5070 2184 5124 ueteris
2241 5060 2493 5118 omnibus
2561 5058 2830 5124 personis,
2885 5056 2976 5111 sed
3034 5074 3097 5111 ex
3131 5074 3232 5111 una
3272 5058 3497 5123 quadam

1973 5172 2155 5213 earum
2208 5161 2307 5206 est.
2363 5150 2496 5201 Cum
2577 5149 2739 5217 igitur
2794 5163 3041 5213 suprema
3086 5129 3499 5205 venerandaque

1978 5248 2217 5301 Trinitas
2267 5255 2373 5293 una
2424 5250 2619 5292 natura
2665 5238 2717 5291 in
2764 5237 2938 5290 tribus
2975 5237 3220 5302 personis
3250 5235 3351 5292 sit,
3392 5249 3499 5285 non

1977 5348 2135 5387 oume
2160 5330 2301 5399 quod
2324 5344 2388 5380 cx
2428 5326 2778 5380 subsistentia
2804 5325 2964 5378 habet
2999 5340 3061 5376 ex
3088 5324 3313 5387 culturis,
3338 5321 3497 5372 etiam

1977 5440 2039 5475 ex
2093 5422 2342 5472 omnibus
2402 5418 2644 5484 personis
2701 5424 2802 5477 cst,
2857 5414 2947 5466 scd
3012 5427 3074 5463 ex
3132 5426 3233 5461 ttna
3270 5412 3498 5477 quadam

1975 5527 2157 5567 earum
2207 5510 2413 5561 scilicet
2473 5507 2663 5577 prima.
2716 5504 2848 5557 Nam
2894 5517 2955 5553 ex
2995 5500 3090 5551 hac
3128 5518 3229 5554 non
3251 5514 3366 5553 esse
3406 5518 3500 5552 ne-

1978 5612 2245 5667 quaquam
2288 5604 2498 5662 .potest.
2559 5576 2670 5645 Non
2722 5591 2879 5662 igitur
2931 5588 3159 5657 exalia,
3200 5588 3287 5639 sed
3315 5602 3378 5637 cx
3407 5587 3501 5641 hac
