4136 6324
702 305 809 369 307

1647 273 2151 369 BESSARIONIS
2191 309 2249 370 s.
2295 310 2371 370 Β.
2414 310 2980 387 Β.,ςΑηοιΝΑιιε
3032 294 3033 297 ‘

3797 310 3899 377 308

699 382 839 473 sola.
892 415 1161 485 siquidem
1205 430 1273 471 ex
1321 420 1449 472 una.
1482 416 1634 482 Quod
1666 418 1889 487 quidem
1922 418 1976 473 in
2006 419 2245 485 homini-
2272 422 2322 481 A
2349 382 2575 479 necesse
2602 432 2686 477 est
2731 424 2958 477 omnino
2986 436 3129 485 esse.
3172 435 3295 477 eum
3324 437 3391 478 ex
3440 392 3748 479 substantia
3797 439 3898 478 nu-

699 510 805 562 bus
829 517 992 575 patet.
1029 506 1161 562 Nam
1196 509 1564 577 unusquisque
1614 520 1863 564 nostrum
1893 526 1957 564 ex
1991 511 2250 566 substan-

636 624 639 627 -
704 600 783 653 tia
806 596 1024 661 quidem
1058 598 1186 651 Adae
1218 608 1324 658 est.
1379 599 1486 653 sed'
1509 614 1619 653 non
1643 610 1728 654 est
1755 615 1820 654 ex
1840 599 2247 669 ejus'persona,

701 702 824 741 cum
853 704 957 742 una
997 690 1300 745 substantia
1335 688 1622 742 hominum
1650 689 1744 752 sit,
1770 691 1865 749 sed
1901 693 2085 745 multa:
2120 706 2244 759 per-

702 764 943 834 sonana
992 779 1259 849 principio
1302 796 1438 834 .vero
1494 793 1621 835 eum
1679 779 1914 837 humana
1946 780 2251 851 substantia

695 871 795 933 sit,
821 879 981 938 atque
1007 886 1243 938 persona
1273 872 1483 927 scilicet
1542 874 1666 927 Adae
1698 887 1806 926 una
1840 880 2006 935 esset,
2034 872 2251 939 Evaque

707 963 824 1029 ejus
868 960 1186 1016 substantia
1244 958 1367 1022 fuit.
1396 979 1465 1019 ex
1494 980 1722 1032 persona
1752 978 1970 1035 quoque
1990 964 2108 1033 ejus
2134 962 2253 1018 for-

704 1061 844 1104 mata
908 1060 1011 1105 est.
1056 1052 1233 1121 Atque
1267 1053 1585 1123 priusquam
1619 1054 1751 1109 Cain
1799 1061 1946 1111 esset
1982 1068 2106 1107 eum
2147 1066 2253 1105 una

705 1141 818 1193 sola
848 1141 986 1195 virili
1020 1141 1325 1196 substantia
1352 1159 1693 1213 personaque
1724 1146 2032 1208 exsisteret,
2067 1159 2133 1196 ex
2192 1157 2253 1195 ea

640 1288 671 1299 __
709 1245 816 1283 una
889 1232 1035 1285 virili
1092 1233 1221 1288 Adae
1278 1235 1583 1288 substantia
1655 1247 1990 1303 personaque
2044 1232 2258 1301 genitus

708 1330 793 1375 est
838 1321 990 1378 Cain.
1024 1324 1249 1384 Duobus
1283 1335 1465 1378 autem
1500 1326 1631 1378 viris
1667 1326 1777 1395 jam
1809 1315 2105 1377 secundum
2138 1337 2257 1392 per-

708 1419 911 1476 sonam'
948 1416 1347 1470 exsistentibus
1410 1416 1595 1469 Enoeh
1652 1430 1715 1468 ex
1772 1414 1900 1467 Atia:
1952 1414 2257 1468 substantia

711 1504 950 1569 quidem.
992 1520 1101 1560 non
1133 1515 1316 1559 autem
1374 1520 1438 1557 ex
1481 1519 1713 1571 persona
1749 1503 1869 1563 fuit.
1900 1504 1993 1557 sed
2024 1504 2092 1556 de
2128 1503 2257 1559 Cain

713 1596 827 1647 sola
883 1608 1111 1661 persona
1174 1595 1389 1671 genitus
1434 1603 1541 1646 est.
1585 1596 1788 1647 Veccus
1816 1604 1996 1647 autem
2023 1595 2121 1648 iste
2157 1593 2260 1647 hoc

716 1685 771 1737 in
833 1685 955 1738 loco
1017 1698 1269 1739 asserens
1310 1701 1374 1739 ex
1403 1684 1525 1739 Filii
1553 1701 1781 1753 persona
1823 1687 2086 1755 Spiritum
2116 1701 2258 1761 esse,

715 1790 782 1827 eo
829 1776 975 1841 quod
1037 1789 1103 1826 ex
1148 1775 1265 1844 ers
1290 1776 1591 1831 substantia
1619 1793 1646 1829 a
1686 1778 1949 1847 theologis
1975 1792 2093 1831 esse
2125 1777 2261 1831 dici-

717 1873 827 1925 tur,
896 1877 1075 1915 unam
1113 1864 1167 1916 in
1225 1863 1334 1919 Deo
1386 1881 1674 1935 personam
1733 1868 1874 1921 sicut
1904 1868 2259 1921 substantiam

682 1967 835 2008 .esse
878 1953 1031 2023 ponit
1056 1955 1273 2016 Filium.
1306 1968 1398 2010 aut
1422 1959 1633 2011 Patrem
1681 1959 1905 2012 omnino
1933 1974 2132 2028 negans
2164 1958 2264 2012 mi-

717 2062 824 2103 ser.
864 2048 1126 2125 itemque
1192 2065 1221 2104 a
1274 2052 1388 2105 solo
1438 2052 1574 2106 Filio
1606 2052 1843 2121 Spiritus
1882 2053 2267 2107 sanetiessen-

715 2139 845 2195 tiam
884 2154 1002 2195 esse
1056 2142 1312 2196 ostendit.
1360 2142 1535 2211 Atque
1588 2144 1655 2198 ab
1710 2158 1901 2199 eorum
1960 2143 2139 2208 dictis,
2171 2144 2261 2212 qui

716 2226 773 2280 in
831 2226 1033 2280 divinis
1091 2230 1342 2296 perfectae
1378 2231 1695 2287 substantiae
1724 2248 1843 2286 esse
1873 2232 2111 2292 Patrem.
2142 2246 2263 2301 per—

716 2314 982 2383 fectaeque
1049 2318 1242 2373 Filium
1297 2331 1354 2373 et
1414 2323 1669 2376 similiter
1704 2323 1984 2392 Spiritum
2012 2332 2264 2378 sanctum

716 2403 1006 2472 amrmant,
1031 2422 1136 2461 non
1170 2410 1483 2465 substantiae
1524 2412 1807 2477 unitatem,
1852 2428 1915 2467 ac
1955 2414 2115 2468 trium
2146 2428 2271 2482 pere

716 2509 977 2550 sonarnm
1034 2498 1639 2556 incommutabiiitatetn
1706 2502 1996 2573 intelligit,
2050 2504 2146 2560 sed
2210 2505 2265 2559 in

730 2575 921 2637 eadem
956 2585 1221 2642 Trinitate
1245 2590 1697 2663 multiplicitatem
1726 2580 2013 2660 quamdam
2037 2642 2041 2646 .
2064 2602 2121 2649 et
2156 2593 2263 2650 dif-

722 2676 1006 2732 ferentiam
1040 2678 1363 2749 insipienter
1387 2684 1654 2751 speculari
1680 2692 1929 2737 conatur.
1976 2664 1983 2678 ἠ

1250 2770 1450 2826 Νεεσηὶ
1489 2774 1738 2840 defensio.

793 2857 963 2920 Quam
998 2856 1195 2913 similia
1242 2860 1548 2927 decoraque
1589 2848 1659 2914 in
1701 2858 1973 2927 theologia
2024 2858 2270 2925 exempla

729 2942 1030 2995 inducitis?
1086 2946 1134 2996 id
1190 2944 1345 2997 vobis
1386 2945 1691 2998 certissime
1726 2959 1885 2999 causa
1923 2946 2127 2998 erroris
2166 2956 2270 2997 est.

728 3031 883 3097 Quod
909 3031 977 3114 de
1016 3032 1213 3085 divinis
1235 3033 1459 3101 perinde
1489 3046 1551 3086 ac
1584 3034 1649 3086 de
1686 3032 1937 3086 humanis
1965 3033 2169 3102 sapitis.
2217 3042 2273 3087 et
2296 3051 2345 3114 α
2373 3034 2517 3104 quod
2549 3036 2722 3089 veniae
2748 3032 3032 3102 vestigium

733 3112 913 3177 totatn‘
940 3123 1066 3176 hinc
1106 3122 1171 3176 ad
1210 3139 1273 3176 ea
1320 3116 1733 3191 similitudinem
1776 3124 2013 3179 trahitis.
2046 3125 2115 3178 At
2142 3138 2271 3178 eave

732 3229 804 3270 ne
839 3214 904 3267 de
936 3214 1196 3267 ineﬂ'abiii
1233 3214 1320 3267 illa
1364 3213 1634 3272 Trinitate
1662 3212 1812 3268 nefas
1842 3215 1913 3268 sit
1951 3215 2022 3267 ita
2050 3215 2269 3284 sentire.

732 3306 865 3362 Nam
906 3315 963 3359 ut
996 3306 1044 3359 ei
1074 3306 1376 3359 divinitatis
1419 3306 1616 3370 unitas.
1648 3307 1729 3362 sic
1759 3321 2110 3375 personarum
2156 3306 2276 3361 Tri-

739 3402 881 3451 nitas
923 3408 1003 3450 est
1055 3400 1341 3465 servanda,
1389 3415 1455 3453 ne
1515 3398 1627 3454 tres
1678 3414 1796 3455 esse
1856 3400 1989 3454 deos
2028 3415 2271 3455 asserere

734 3491 1085 3559 cogeremini,
1135 3502 1191 3544 ut
1233 3492 1351 3545 istis
1376 3485 1489 3547 'vos
1519 3492 1700 3546 verbis
1736 3491 2019 3547 manifeste
2067 3491 2266 3547 facitis.

734 3583 849 3638 Non
881 3586 1021 3638 enim
1052 3584 1502 3654 quemadmodum
1534 3594 1641 3640 tres
1662 3586 1909 3639 homines
1940 3584 2006 3637 ad
2038 3584 2271 3638 invicem

737 3689 1080 3731 communem
1133 3693 1285 3730 suam
1359 3677 1559 3749 habent
1643 3676 2022 3739 substantiam,
2098 3675 2168 3727 ita
2218 3685 2275 3729 et

706 3766 935 3819 'sanctas
973 3766 1255 3819 Trinitatis
1286 3782 1531 3833 persona:
1562 3766 1800 3819 divinam
1831 3767 2149 3819 essentiam.
2190 3764 2276 3831 Si-

741 3858 957 3925 quidem
983 3858 1162 3923 Specie
1191 3858 1318 3915 illis,
1352 3872 1455 3908 non
1490 3872 1715 3910 numero
1747 3857 1933 3908 eadem
1970 3856 2277 3908 humanitas

741 3956 845 4003 est.
911 3945 1116 3995 Sancta:
1176 3958 1302 3995 vero
1347 3944 1596 3997 Trinitati
1651 3944 1838 3997 eadem
1902 3958 2128 3997 numero
2194 3952 2278 3999 est

742 4035 922 4085 divina
951 4035 1219 4090 essentia.
1256 4033 1367 4085 sive
1399 4031 1653 4085 divinitas
1689 4049 1699 4082 :
1731 4041 1787 4084 et
1818 4032 2020 4086 ideirco
2050 4043 2157 4085 trcs
2192 4032 2279 4085 ille

746 4138 987 4199 persona:
1007 4134 1059 4175 et
1085 4137 1187 4173 una
1219 4123 1474 4186 essentia,
1500 4132 1553 4175 et
1593 4138 1730 4175 unus
1760 4122 1898 4175 Deus
1921 4130 2025 4176 cst.
2060 4122 2125 4177 Et
2167 4121 2281 4175 hac

748 4212 968 4278 quidem
1002 4209 1175 4262 tribus
1230 4211 1440 4263 substat
1496 4210 1691 4263 divinis
1734 4211 2009 4279 personis,
2054 4218 2109 4264 et
2158 4224 2281 4262 cum

750 4302 978 4370 singulis
1028 4317 1213 4355 earum
1248 4318 1411 4356 unum
1455 4302 1758 4358 subsistens
1810 4314 1914 4357 est.
1966 4300 2283 4357 Humanitas

2349 529 2499 568 mero
2528 513 2716 567 eadem
2762 513 3155 585 communique
3195 513 3266 568 sit
3307 512 3460 567 Patri
3508 518 3563 569 et
3597 512 3751 577 Filio,
3788 530 3896 568 non

2350 604 2529 673 specie
2552 604 2727 659 solum
2754 602 3052 659 secundum
3079 602 3213 657 illud
3246 603 3530 657 hominum
3554 604 3864 673 exemplum
3882 641 3900 665 ,

2349 703 2403 748 et
2450 695 2613 748 etiam
2655 695 2867 750 substet
2894 693 3098 747 divinis
3136 691 3225 747 his
3281 694 3553 761 personis,
3581 694 3895 762 paternitati

2351 784 2564 841 scilicet
2591 792 2645 839 et
2677 784 2944 838 filiationi.
2981 782 3164 852 Itaque
3218 782 3382 861 etiam
3408 796 3475 835 ex
3513 795 3611 836 sua
3637 782 3898 835 substan-

2354 878 2426 932 tia
2480 891 2815 945 pcrsonaque
2866 884 3014 930 esset
3062 874 3303 945 Spiritus
3344 881 3590 937 sanctos,
3637 869 3744 925 nisi
3790 885 3903 924 suae

2350 969 2670 1039 proprietati
2712 977 3053 1040 oppugnaret
3085 984 3097 1018 :
3130 979 3253 1021 cum
3284 963 3469 1019 eadem
3500 976 3733 1017 numero
3769 961 3916 1015 subd

2351 1056 2551 1110 stantia
2581 1056 2667 1109 illa
2692 1071 2757 1109 eo
2787 1056 2950 1109 etiam
2986 1052 3332 1129 prgdicetur.
3362 1066 3425 1106 ac
3460 1051 3514 1105 in
3553 1065 3618 1105 eo
3648 1049 3904 1105 similiter

2353 1147 2586 1202 substet.
2614 1148 2752 1211 Quid
2782 1146 2946 1215 igitur
2973 1146 3153 1217 velint
3173 1143 3457 1198 dissimilia
3494 1140 3767 1210 exempla,
3806 1147 3903 1193 aut

2354 1238 2484 1306 quid
2517 1252 2581 1291 ex
2602 1237 2687 1291 his
2723 1239 2826 1291 iste
2867 1235 3193 1293 concludere
3225 1234 3414 1303 possit,
3450 1232 3657 1287 nescio.
3701 1228 3901 1285 Verdm

2355 1328 2444 1384 hic
2465 1338 2547 1383 est
2582 1328 3041 1383 contentiosorttm
3070 1340 3205 1387 mos,
3237 1324 3380 1393 quod
3403 1323 3569 1379 etiam
3593 1321 3905 1398 manifestis

2356 1434 2413 1473 se
2442 1426 2743 1487 opponunt,
2776 1403 2831 1471 et
2859 1402 3073 1470 veritati
3102 1430 3261 1470 aures
3290 1414 3574 1477 claudunt,
3604 1428 3708 1467 nec
3746 1410 3907 1466 intel-

2355 1509 2531 1577 ligunt
2590 1522 2778 1579 magna
2826 1507 2989 1561 etiam
3041 1505 3338 1574 praecipitia
3393 1504 3564 1569 adire,
3605 1502 3907 1568 dummodo

2358 1609 2548 1653 contra
2578 1598 2700 1669 illos
2736 1596 3038 1666 quidquam
3080 1608 3239 1662 agere
3265 1594 3499 1662 possint,
3540 1608 3679 1661 quos
3695 1594 3909 1660 'putant

2360 1688 2462 1743 sibi
2492 1687 2829 1742 adversarios
2858 1700 2997 1740 esse.
3023 1683 3211 1749 Qualis
3236 1692 3291 1736 et
3314 1698 3554 1751 praesens
3582 1698 3764 1737 sermo
3799 1691 3902 1734 est.

2362 1778 2463 1845 Qui
2498 1767 2781 1832 manifeste
2813 1776 2864 1829 in
2890 1789 3079 1831 eorum
3112 1775 3205 1843 qui
3262 1782 3372 1826 tres
3414 1772 3545 1826 deos
3579 1780 3791 1841 putant,
3822 1771 3909 1824 in-

2363 1870 2497 1924 cidit
2536 1860 2804 1922 hxere'sim.
2866 1866 2964 1921 liic
3022 1881 3149 1920 vero
3196 1879 3357 1933 quam
3407 1862 3913 1932 imprudentissime

2363 1976 2520 2017 suum
2551 1960 2714 2013 Deum
2743 1960 2793 2011 itt
2824 1959 2955 2013 alios
2982 1958 3181 2011 inferre
3200 1963 3430 2009 conatur
3454 1975 3467 2008 :
3490 1963 3543 2007 et
3569 1953 3644 2008 illi
3667 1953 3912 2023 quidem,
3933 1996 3951 2023 ί

2364 2052 2455 2121 qui
2488 2051 2638 2118 prius
2671 2048 2897 2116 Spiritui
2925 2058 3114 2101 sancto
3153 2044 3599 2105 adversabantur,
3658 2056 3726 2096 ex
3750 2042 3912 2096 Patre

2363 2143 2451 2197 vel
2495 2142 2633 2195 Filio
2677 2155 2798 2194 esse
2849 2154 2972 2193 eum
3019 2137 3326 2196 audientes,
3377 2132 3521 2202 quod
3573 2147 3638 2185 ex
3677 2146 3912 2204 persona

2364 2232 2582 2302 quidem
2622 2246 2810 2315 coitu]
2839 2238 3003 2289 esset,
3042 2227 3375 2295 recipiebant
3412 2223 3597 2311 :quod
3634 2229 3818 2278 autem
3849 2238 3915 2274 ex

2306 2380 2309 2383 λ
2366 2340 2554 2381 eorum
2589 2302 2916 2384 substantia,
2956 2318 3243 2389 negabant.
3292 2314 3447 2369 Nunc
3489 2302 3628 2367 vero
3674 2311 3914 2363 alterum

2364 2417 2404 2471 ii
2442 2408 2709 2471 "atrocius
2760 2413 2962 2467 bellum
3006 2410 3268 2464 inferunt.
3323 2407 3618 2475 Recipiunt
3655 2402 3801 2457 enim
3853 2413 3918 2451 ex

2365 2505 2663 2560 substantia
2694 2517 2882 2558 eorum
2909 2516 3031 2555 eum
3064 2514 3215 2555 esse:
3250 2497 3343 2551 sed
3377 2512 3446 2550 ex
3469 2509 3658 2549 eorum
3686 2502 3918 2560 persona

2367 2596 2611 2649 minime.
2670 2595 2747 2645 Ita
2810 2606 3087 2659 nunquam
3146 2587 3355 2640 desistit
3422 2584 3675 2639 Ecclesia
3719 2588 3922 2633 saneue

2302 2677 2316 2725 ξ
2368 2684 2540 2737 hostis
2560 2681 2829 2735 scandala'
2860 2678 3236 2731 disseminare.
3291 2673 3421 2737 Qum.
3456 2671 3672 2739 quidem
3718 2677 3777 2720 ut
3826 2682 3923 2719 ve-

2368 2774 2523 2825 niant
2586 2781 2811 2823 necesse
2870 2777 2989 2829 est,
3058 2764 3151 2819 sed
3219 2777 3336 2816 γει⁸
3379 2761 3587 2814 homini
3643 2760 3763 2818 illi.
3826 2771 3923 2824 per

2370 2872 2533 2927 quem
2589 2858 2840 2912 veniunt.
2903 2853 3225 2921 Quanquam
3275 2863 3331 2905 et
3394 2850 3499 2903 illis
3568 2847 3788 2916 quidem
3822 2861 3924 2902 xe-

2375 2946 2466 3001 nia
2528 2945 2755 3000 fortasse
2813 2943 2994 3013 aliqua
3044 2941 3221 2996 danda
3269 2947 3435 2999 esset.
3492 2938 3602 2990 itno
3644 2949 3774 2997 vero
3819 2935 3922 2987 ali-

3085 3047 3099 3083 :
3140 3044 3263 3084 cum
3298 3026 3544 3097 quaedam
3579 3026 3631 3078 in
3670 3025 3922 3078 testimo—

2373 3125 2524 3181 nium
2566 3124 2835 3179 adducere
2867 3120 3151 3184 baberent,
3179 3134 3299 3188 quae
3327 3133 3393 3172 ex
3433 3115 3675 3185 personis
3721 3113 3926 3167 divinis

2374 3225 2581 3280 essent,
2606 3231 2715 3270 non
2742 3223 2922 3269 autem
2951 3228 3017 3268 ex
3054 3210 3376 3272 substantia,
3407 3207 3553 3278 quod
3587 3206 3651 3259 de
3698 3215 3923 3258 creatu-

2373 3309 2451 3363 ris
2483 3316 2650 3378 patet.
2692 3306 2817 3362 Istis
2858 3319 2991 3360 vero
3036 3318 3283 3373 quaenam
3321 3298 3599 3355 excusatio
3625 3296 3755 3359 erit,
3796 3310 3921 3347 curn

2371 3418 2435 3458 ea
2465 3402 2765 3458 substantia
2792 3404 2918 3454 eum
2951 3413 3070 3453 esse
3100 3396 3395 3459 fateantur,
3426 3406 3491 3446 ex
3523 3404 3757 3460 persona
3790 3405 3927 3442 vero

2364 3495 2510 3564 ejus,
2553 3508 2623 3548 ex
2663 3492 2820 3563 cuius
2862 3490 3167 3546 substantia
3216 3484 3369 3542 illum
3414 3496 3535 3537 esse
3590 3472 3935 3543 concedunt,

2370 3593 2592 3655 negent.
2640 3584 2719 3638 ita
2784 3591 2839 3638 et
2894 3582 2995 3637 sibi
3062 3578 3194 3650 ipsis
3252 3585 3309 3631 et
3368 3570 3589 3628 veritati
3646 3571 3928 3635 contraria

2374 3676 2775 3746 pugnantiaque
2807 3674 3012 3727 dicunt.
3463 3682 3467 3686 ’

2652 3754 3032 3819 Βιιοάεείηωηι
3066 3768 3435 3833 argumentum
3472 3757 3639 3819 Vacci.

2446 3858 2579 3911 Cum
2610 3857 2830 3926 quidam
2855 3855 3051 3909 'dicere
3094 3851 3329 3906 audeant
3379 3851 3515 3905 illud
3550 3865 3817 3927 emanare
3849 3863 3916 3902 ex

2376 3948 2514 4001 Filio
2566 3946 2829 4014 Spiritum
2870 3953 3115 3996 sanctum
3142 3979 3159 3999 ,
3199 3941 3439 4008 prodire,
3504 3940 3798 4008 splendere
3844 3946 3929 3989 at-

2344 4014 2484 4107 ‘que
2546 4034 2905 4093 manifestari,
2956 4045 3063 4083 non
3121 4030 3423 4098 significare
3489 4045 3617 4083 eum
3669 4029 3932 4083 substan-

2382 4127 2580 4180 tialiter
2631 4128 2731 4176 et/
2746 4120 3099 4189 personaliter
3146 4124 3212 4171 e‘x
3265 4117 3401 4169 Filio
3461 4130 3604 4177 esse,
3656 4116 3754 4170 sed
3806 4131 3933 4184 με-

2382 4219 2580 4271 tiarum
2631 4229 2698 4269 ex
2768 4226 2835 4267 eo
2899 4208 3263 4279 spiritualium
3311 4205 3601 4274 quamdam
3661 4205 3935 4258 tributio-

2383 4317 2543 4359 nem:
2585 4300 2656 4353 ad
2701 4313 2819 4353 eam
2864 4296 3177 4367 opinionem
3212 4280 3641 4363 redarguendam
3684 4290 3935 4345 collecta

751 4368 881 4448 vero
942 4410 1116 4463 neque
1178 4395 1599 4463 particularibns
1665 4395 1974 4449 hominibus
2052 4396 2282 4458 substat,
2310 4368 2362 4428 D
2388 4402 2519 4451 sunt
2538 4388 2839 4463 timentes
2873 4388 3250 4450 auctoritates.
3279 4399 3399 4454 qua:
3421 4380 3731 4451 splendere.
3778 4396 3936 4433 enea-

751 4495 927 4547 neque
954 4499 1119 4537 unum
1164 4484 1468 4539 subsistens
1498 4495 1579 4539 est
1609 4501 1731 4539 cum
1771 4485 2068 4541 individuis
2100 4486 2295 4555 singu-'

754 4574 843 4653 lis.
890 4572 1249 4645 Quamobrem
1299 4578 1443 4644 quod
1488 4592 1551 4631 ex
1592 4593 1782 4633 eorum
1827 4577 2133 4633 substantia
2180 4562 2284 4639 est,

757 4665 1171 4741 haudquaquam
1236 4680 1301 4718 ex
1383 4670 1624 4723 omnium
1676 4670 1836 4723 etiam
1891 4684 2125 4738 persona
2184 4678 2284 4723 est.

756 4759 888 4817 Cain
918 4758 1115 4825 quippe
1150 4772 1268 4810 cum
1330 4774 1395 4812 ex
1435 4762 1561 4815 Adae
1615 4772 1775 4829 atque
1816 4761 1947 4813 Abel
1991 4761 2287 4813 substantia

758 4856 1060 4911 naturaque
1088 4846 1176 4910 sit,
1206 4861 1274 4899 ex
1311 4846 1437 4901 Atia:
1466 4850 1681 4916 quidem
1712 4852 1874 4903 etiam
1907 4864 2135 4915 persona
2176 4860 2289 4911 est;

760 4953 867 4997 non
899 4938 1150 5003 quoniam
1182 4950 1249 4991 ex
1290 4928 1433 4992 illius
1457 4940 1752 4993 substantia
1784 4941 1902 4998 fuit.
1937 4939 2029 4993 sed
2059 4940 2181 5006 quia
2228 4955 2293 4991 ex

759 5031 874 5098 eius
898 5042 1119 5095 persona
1137 5036 1233 5089 est,
1263 5042 1380 5080 eum
1403 5028 1574 5095 ipsum
1601 5046 1813 5085 causam
1836 5029 2295 5084 habensExAhel

760 5130 937 5175 autem
961 5118 1256 5170 substantia
1278 5132 1396 5169 cum
1417 5120 1504 5181 sit,
1530 5136 1633 5173 non
1659 5132 1833 5175 tamen
1852 5137 1915 5177 ex
1934 5122 2049 5189 ejus
2069 5134 2296 5188 persona

760 5209 995 5280 est,quia
1016 5224 1241 5277 persona
1260 5209 1506 5265 Abelnon
1524 5212 1867 5272 numero.sed
1888 5213 2065 5279 specie
2092 5220 2296 5267 tantum

762 5305 886 5358 Adae
935 5300 1249 5355 substantia
1300 5303 1698 5362 communicat;
1760 5318 1931 5371 neque
1998 5301 2297 5355 subsisten-

764 5404 868 5447 tem
903 5394 954 5445 in
986 5408 1044 5446 se
1075 5392 1238 5445 habet
1282 5404 1435 5443 suam
1472 5390 1826 5442 substantiam
1858 5431 1871 5451 ,
1925 5406 2096 5457 neque
2135 5404 2299 5441 unum

765 5484 1065 5537 subsistens
1092 5498 1215 5536 cum
1248 5494 1482 5551 persona
1512 5482 1769 5532 secunda.
1805 5480 1873 5533 At
1905 5496 2033 5533 vero
2064 5481 2204 5548 quod
2235 5494 2300 5531 ex

770 5571 943 5625 Patris
990 5570 1219 5638 Filiique
1270 5570 1569 5624 substantia
1616 5580 1719 5625 est.
1790 5585 1852 5622 ex
1898 5585 2082 5621 eorum
2140 5568 2299 5621 etiam

775 5677 1004 5730 persona
1055 5663 1189 5716 nihil
1238 5662 1492 5735 prohibet
1546 5658 1673 5729 quin
1722 5660 1847 5713 illud
1891 5662 1980 5713 sit.
2021 5660 2129 5712 imo
2178 5676 2303 5711 vero

2386 4500 2517 4540 nare
2568 4491 2732 4550 atque
2752 4478 3083 4534 manifestari
3109 4477 3305 4531 Filium
3330 4489 3397 4529 ex
3421 4474 3581 4526 Patre
3608 4471 3938 4525 ostendunt.

2386 4575 2557 4628 Nemo
2604 4572 2749 4626 enim
2808 4556 3044 4637 unquam
3100 4567 3309 4621 diceret
3356 4580 3461 4618 non
3507 4574 3784 4623 emanare,
3829 4575 3939 4613 non

2390 4662 2720 4731 splendere,
2802 4675 2907 4712 non
2962 4656 3296 4711 manifestari
3375 4650 3813 4707 substantialiter
3876 4665 3940 4704 ex

2392 4755 2545 4807 Patre
2574 4752 2793 4815 Filium,
2827 4752 2919 4804 sed
2950 4750 3068 4817 ejus
3091 4749 3312 4817 gratias,
3348 4753 3443 4798 aut
3464 4745 3625 4798 dona.
3898 4752 3907 4759 ’

2850 4842 3086 4895 Palama.’
3117 4838 3483 4892 contradictio.

2463 4934 2615 5000 Quod
2640 4950 2703 4987 ex
2731 4934 2936 5001 aliquo,
2965 4940 3057 4983 aut
3078 4928 3449 4995 generatione,
3472 4936 3563 4980 aut
3584 4926 3944 4996 processione

2394 5026 2685 5080 essentiam
2719 5025 2899 5084 habet,
2931 5037 2996 5075 ex
3036 5034 3101 5073 eo
3144 5019 3306 5072 etiam
3363 5018 3604 5093 prodire.
3637 5026 3693 5071 et
3732 5016 3943 5076 emitti,

2399 5130 2453 5170 et
2510 5115 2800 5183 splendere
2855 5113 3071 5171 dicitur,
3136 5120 3191 5161 et
3243 5108 3549 5173 ejusmodi:
3588 5122 3698 5160 non
3756 5115 3941 5160 tamen

2397 5204 2660 5274 quidquid
2711 5204 2910 5273 prodit,
2966 5213 3059 5255 aut
3105 5200 3390 5260 emittitur,
3443 5206 3537 5249 aut
3578 5195 3836 5263 splendet
3877 5212 3941 5249 ex

2399 5297 2521 5357 alio,
2576 5294 2737 5346 habet
2782 5294 2942 5346 etiam
3012 5307 3073 5343 ex
3127 5289 3218 5341 illo
3262 5302 3355 5355 per
3408 5286 3815 5353 generationem
3860 5284 3945 5339 vel

2402 5385 2801 5454 processioncm
2863 5382 3177 5441 essentiam,
3214 5387 3374 5444 atque
3411 5377 3463 5427 in
3497 5375 3717 5444 propria
3757 5375 3945 5428 subsi-

2408 5476 2603 5528 stentia
2639 5484 2739 5525 est.
2788 5474 2858 5525 At
2889 5474 3009 5534 iste,
3040 5472 3131 5539 qui
3180 5469 3275 5521 has
3320 5465 3539 5543 collegit
3564 5467 3945 5526 auctoritates,

2406 5565 2691 5632 impudens
2721 5566 2833 5632 ipse
2860 5579 2921 5617 ac
2972 5558 3294 5617 temerarius
3325 5560 3446 5611 eum
3475 5556 3566 5620 sit,
3599 5555 3941 5609 temeritatis

2408 5658 2526 5710 illos
2560 5665 2793 5718 accusat,
2830 5658 2917 5720 qui
2970 5654 3049 5720 pie
3086 5668 3146 5703 ac
3189 5661 3331 5703 recte
3370 5650 3438 5703 de
3476 5648 3674 5702 divinis
3699 5648 3943 5715 sapiunt.

4090 1940 4101 2013 i
