4136 6324
220 256 327 322 353

1128 254 1222 316 DE
1262 221 1769 315 Pnocnssmua
1807 246 2154 310 SPIRITUS
2190 246 2477 307 sum.

2192 122 2215 169 ί,

3292 243 3400 308 351.

215 396 306 433 ναι
336 373 653 445 προφέρειν,
686 370 718 441 ἡ
756 369 1111 439 συγγράφειν,
1153 369 1185 437 ἢ
1217 366 1592 434 συντιθέναι,ἡ
1629 382 1733 433 φρο

1858 359 2022 425 ferre,
2060 358 2146 412 vel
2177 357 2544 419 conscribere,
2578 360 2671 408 aut
2701 366 3051 421 componere,
3076 360 3403 422 autsapere,

218 470 349 531 νεῖν,
379 466 411 534 ἡ
444 466 710 517 διδάσκειν
736 461 928 525 ἄλλως,
959 460 1091 528 μήτε
1117 476 1167 510 τι
1197 461 1252 509 ὲν
1290 461 1356 525 τῇ
1385 459 1561 508 πίστει
1592 456 1751 515 νοεῖν,

213 560 246 628 ἢ
280 557 580 626 προφέρειν
609 553 638 605 δ
665 554 773 615 τοῖς
800 553 945 620 ὅροις
981 551 1185 602 τούτων
1222 549 1329 601 τῶν
1377 548 1632 614 Πατέρων
1664 546 1755 597 δύ-

220 649 352 702 ναιτ’
384 650 449 701 ἂν
479 644 887 711 ἐναντιωθῆναι.
927 642 986 694 Ὃ
1015 642 1069 693 δὲ
1103 639 1315 709 τολμῶν
1354 640 1519 706 ἀλλην
1574 639 1754 691 πίστιν

218 736 546 799 συντιθέναι,
576 734 608 803 ἢ
633 734 949 801 προφέρειν,
980 732 1012 800 ἢ
1052 731 1341 794 διδάσκειν,
1396 730 1427 797 ἢ
1464 726 1752 797 παραδιδό·

212 831 304 880 ναι
343 828 533 896 ἕτερον
589 824 855 893 σύμϐολον
906 824 1018 882 τοῖς
1053 820 1404 887 ἐπιστρέφειν
1428 816 1753 896 ἐπιθυμοῦσι

214 918 351 985 πρὸς
384 888 483 984 την
514 914 632 967 ὁδὸν
658 888 754 981 τῆς
785 912 1042 980 ἀληθείας
1067 909 1126 977 ἐξ
1153 907 1441 961 ὁποιασοῦν
1463 888 1750 976 αἱρέσεως,

213 1008 245 1075 ἦ
284 1006 343 1069 ἐξ
375 1002 729 1073 Ἰουδαῖσμοῦ,
759 1004 792 1071 ἢ
824 1005 879 1066 ἐξ
917 1000 1298 1069 Ἑλληνισμοῦ,
1338 1000 1394 1049 εἴ
1420 1000 1518 1067 μὲν
1538 998 1754 1050 ἐπίσκο-

214 1113 313 1156 πος
349 1095 455 1162 εἴη,
494 1094 526 1162 ἢ
558 1094 813 1162 κληρικδς
863 1094 889 1144 ό
921 1090 1180 1151 τοιοῦτος,
1229 1087 1625 1156 ἀλὶοτριούσθω
1658 1087 1757 1155 τῆς

213 1185 517 1253 ἐπισκοπῆς
542 1186 569 1236 ό
602 1186 918 1248 ἐπίσκοπος,
944 1183 1036 1234 καὶ
1074 1182 1101 1232 ό
1128 1181 1380 1250 κληρικὸς
1409 1179 1502 1234 τοῦ
1528 1177 1754 1248 κλὴρου·

213 1278 342 1328 είμδὲ
372 1275 623 1343 μοναχδς,
656 1273 689 1343 ἦ
720 1270 1430 1339 λαῖκὸςάναθεματιζέσθω.
1577 1270 1584 1276 ’

284 1368 466 1420 Ταῦτα
489 1368 583 1419 νῦν
620 1368 718 1434 μὲν
768 1368 1124 1419 ἀπολωλότων
1172 1366 1278 1416 τῶν
1306 1363 1629 1432 [Ῑρακτικῶν
1657 1362 1758 1430 τῆς

214 1456 436 1524 πρώτης
479 1456 718 1519 συνόδου,
751 1457 883 1524 ἡμῖν
910 1457 1048 1506 εἰσιν
1082 1455 1334 1520 ἄγνωστα
1360 1468 1372 1480 '
1426 1452 1544 1503 τότε
1574 1451 1629 1503 δὲ
1668 1468 1760 1518 μευ

212 1548 434 1611 νόντων,
464 1547 756 1613 ἐγίνωσκον
780 1546 807 1597 ὅ
835 1561 895 1595 τε
927 1546 1159 1607 πάππας
1178 1543 1448 1611 Λιϐἐριος,
1469 1542 1495 1592 ὃ
1525 1558 1583 1592 τε
1605 1539 1759 1606 ἀγιος

226 1638 568 1699 ’Δθανάσιος.

1855 461 1948 503 aut
1982 449 2176 502 docere
2209 448 2387 500 aliter.
2447 445 2631 513 Neque
2679 444 2881 512 aliquid
2931 444 2987 497 in
3038 443 3143 498 (ide
3175 444 3402 507 sentire,

1856 540 1940 593 vel
1996 539 2257 607 proferre,
2284 536 2425 605 quod
2467 534 2873 588 deﬁnitionibus
2934 534 3128 587 borum
3186 535 3403 588 Patrum

1855 627 2185 682 contrarium
2217 640 2333 679 esse
2367 624 2555 693 possit.
2582 621 2683 686 Qui
2717 636 2843 674 vero
2871 620 3034 673 audet
3055 619 3213 672 aliam
3240 620 3402 673 ﬁdem

1854 732 2197 786 componere,
2229 725 2321 768 aut
2351 713 2615 783 proferre,
2651 722 2742 765 aut
2784 714 3000 770 docere.
3042 727 3141 765 seu
3178 710 3408 764 tradere

1855 806 1997 861 aliud
2023 805 2336 876 Symbolum
2367 805 2435 858 iis
2460 803 2551 872 qui
2574 817 2640 855 ex
2675 803 2996 870 quacunque
3043 802 3259 859 haeresi.
3316 800 3401 852 vel
3486 830 3495 833 ι

1853 897 2155 960 Judaismo,
2189 895 2273 947 vel
2300 894 2606 963 gentilismo
2639 891 2707 945 ad
2752 892 2890 944 viam
2929 890 3178 944 veritatis
3222 890 3405 944 redire

1854 987 2115 1055 cupiunt;
2172 986 2215 1038 si
2264 986 2550 1054 episcopus
2580 981 2797 1051 quidem
2847 982 2917 1036 sit
2968 982 3069 1036 iste
3130 981 3273 1041 talis,
3317 981 3402 1033 vel

1855 1077 2089 1144 clericus
2115 1115 2131 1140 ,
2180 1076 2468 1144 episcopus
2519 1088 2646 1127 sane
2683 1074 2749 1125 ab
2802 1074 3138 1141 episcopatu,
3172 1072 3404 1125 clericus

1856 1179 1985 1217 vero
2019 1178 2046 1216 a
2070 1163 2226 1217 clero
2247 1164 2531 1217 alienetur.
2555 1161 2650 1214 Sin
2674 1171 2851 1216 autem
2874 1162 3168 1215 monachus
3200 1162 3293 1221 sit,
3312 1170 3405 1212 aut

1858 1253 2050 1312 laicus,
2084 1252 2424 1305 anathemate
2459 1250 2705 1306 feriatur.

1930 1341 2050 1396 Haec
2071 1357 2215 1395 nunc
2234 1341 2476 1409 quidem,
2511 1356 2634 1394 cum
2660 1351 2776 1395 acta
2808 1341 2990 1411 prima:
3016 1343 3203 1410 synodi
3228 1345 3404 1410 perie-

1856 1434 1985 1498 rint,
2008 1441 2135 1486 sunt
2161 1432 2321 1485 nobis
2360 1432 2628 1497 incognita
2656 1441 2852 1502 ;.tunc
2898 1447 3027 1486 vero
3057 1448 3176 1485 cum
3228 1443 3404 1484 exsta-

1857 1534 2000 1588 rent,
2031 1524 2393 1593 agnoscebant
2422 1536 2485 1575 ea
2521 1538 2644 1577 cum
2686 1521 2935 1578 Liberius
2957 1539 3113 1595 papa,
3144 1533 3254 1578 tum
3284 1538 3405 1575 san-

1859 1614 2356 1669 ctusAthanasius.

283 1726 469 1780 Ταῦτα
503 1686 593 1779 νύν
618 1728 797 1789 αὐτοῖς
826 1728 1089 1796 ῥήμασιν,
1112 1728 1277 1795 ὃμοια
1303 1726 1399 1793 τῆς
1422 1725 1609 1793 τρίτης
1637 1736 1745 1773 συν-

1927 1706 2051 1759 Haec
2102 1704 2263 1774 igitur
2292 1705 2377 1761 his
2418 1708 2550 1774 ipsis
2606 1707 2771 1761 verba
2812 1706 3006 1762 similia
3056 1704 3406 1765 suntverhis

216 1817 359 1882 όδου,
397 1818 491 1870 καὶ
522 1817 631 1869 τῶν
667 1818 839 1870 ἄλλων
872 1818 979 1869 είσὶ
1012 1818 1241 1888 ῥήμασι.
1295 1816 1360 1868 Τί
1384 1813 1500 1887 ,οὖν
1527 1813 1756 1883 ἐροῦμεν

214 1907 476 1976 περὶτῆς
520 1907 564 1976 β’
615 1909 856 1971 συνόδου,
891 1909 985 1958 καὶ
1019 1908 1146 1973 περὶ
1176 1906 1478 1975 Γρηγορίου
1510 1904 1602 1955 τοῦ
1629 1902 1759 1953 Θεο-

212 1980 400 2063 λόγου,
440 1998 498 2058 δς
530 1998 731 2065 ταύτης
760 1998 859 2063 τῆς
896 1998 940 2065 β’
969 1997 1187 2048 συνόδου
1217 1994 1442 2063 ἔξαρχος
1473 1992 1567 2055 ὣν,
1598 1992 1758 2051 αὐτὸς

210 2088 430 2151 λέγεται
454 2086 513 2137 τὸ
535 2085 827 2153 Σύμδολον,
849 2079 891 2148 ᾧ
911 2085 1005 2136 νῦν
1034 2088 1191 2153 ἡμεῖς
1214 2082 1491 2151 χρώμεθα,
1522 2080 1754 2148 συγγρά-

210 2174 440 2243 ψασθαι,
471 2174 647 2242 τὸτῆς
686 2175 909 2243 πρώτης
932 2176 991 2225 ἐν
1030 2174 1302 2232 πλείστοις
1337 2173 1706 2240 μεταποιήσας
1736 2188 1750 2234 ;

211 2266 369 2333 εἴπερ
399 2264 458 2315 τὸ
492 2262 718 2332 κώλυμα
740 2262 896 2313 τοῦτο
924 2262 1020 2329 την
1051 2262 1258 2313 ἔννοιαν
1287 2260 1398 2328 ἔχει
1438 2259 1655 2326 ταύτην,
1687 2260 1753 2328 ἦν

210 2371 375 2421 φασιν
412 2355 458 2404 ei
491 2352 767 2421 ἡμέτεροι,
802 2351 936 2418 (paul
970 2352 1091 2402 ἀντὶ
1133 2350 1302 2417 ἁγίων
1345 2352 1439 2401 καὶ
1494 2350 1752 2419 Πατέρων

210 2444 307 2492 καὶ
333 2435 685 2503 διδασκάλων,
712 2436 1002 2505 λυμεώνων
1043 2438 1137 2489 καί⁵
1163 2435 1497 2488 ἀπατεώνων
1527 2436 1752 2488 ἀντέλα-

208 2531 303 2583 60v
343 2530 524 2600 χώραν
554 2532 601 2582 oi
631 2530 728 2597 τῆς
751 2527 803 2598 ’β’
836 2528 1055 2581 συνόδου
1095 2522 1367 2597 Πατέρεςο
1402 2526 1493 2578 καὶ
1526 2526 1553 2578 ό
1583 2524 1753 2595 μέγας

207 2625 268 2675 ἐν
300 2623 550 2691 θεολογίᾳ
580 2622 901 2691 Γρηγόριος.
935 2619 1075 2672 Ἀλλ’
1117 2621 1285 2686 ἀπείη
1330 2620 1426 2673 καί⁵
1478 2619 1641 2691 μόνον
1670 2618 1757 2670 ἐν·

208 2716 399 2781 νοῆσαι
432 2714 489 2763 τὸ
520 2712 858 2780 βλάσφημον.
892 2711 1005 2762 Ούκ
1034 2708 1138 2778 ἀρα
1166 2708 1373 2777 ταύτην
1410 2708 1509 2777 τὴν
1549 2708 1753 2763 ἔννοιαν

208 2806 324 2873 ἔχει
351 2802 477 2856 εὖτε
513 2806 545 2869 ἡ
570 2808 641 2863 α’,
663 2801 786 2854 οὗτε
810 2803 843 2872 ἡ
869 2802 1047 2871 τρίτη,
1082 2800 1193 2853 ούτ⁹
1226 2801 1359 2869 ἄλλη
1387 2817 1469 2863 τις
1496 2801 1604 2854 τῶν
1633 2819 1757 2856 συν-

208 2895 344 2947 όδων
369 2894 859 2964 ἀντιφθεγγομένη,
918 2893 1048 2945 ἀλλὰ
1090 2891 1186 2961 τὴν
1211 2892 1458 2947 ἐναντίαν
1505 2878 1755 2963 φανερῶς

208 2988 395 3039 πίνειν
426 2985 646 3040 κωλύει.

290 3147 435 3204 Ἀλλ’
454 3148 594 3200 οὕτω
628 3148 725 3216 μὲν
772 3147 930 3200 τοῦτο
964 3149 1056 3200 καὶ
1089 3148 1265 3216 φωτὸς
1316 3148 1595 3217 ἀνεδείχθη
1622 3165 1754 3217 τρα-

205 3242 451 3309 νότερον,
480 3242 571 3289 καὶ
598 3236 852 3306 καθαρῶς
882 3238 1283 3303 ἀποδέδεικται,
1311 3237 1385 3306 μὴ
1413 3238 1754 3289 κεκωλύσθαι

205 3332 275 3382 τὰ
313 3328 490 3397 ἀληθῆ
512 3329 822 3397 προσθεῖναι
875 3330 939 3395 τῇ
990 3326 1164 3377 πίστει
1201 3329 1288 3376 καὶ
1321 3327 1396 3391 τῷ
1450 3323 1710 3391 Συμϐόλῳ
1736 3339 1751 3354 ο

208 3420 413 3489 μᾶλλον
439 3419 492 3470 δὲ
527 3418 908 3471 ἀναπτύσσειν.
935 3416 1099 3466 Οὐδὲν
1134 3416 1242 3480 γάρ
1288 3412 1541 3480 ἀληθείας
1579 3412 1753 3479 δόγμα

205 3512 380 3573 ἐστὶν,
414 3510 441 3561 δ
470 3514 542 3576 μὴ
592 3508 897 3575 περιέχεται
957 3506 1032 3573 τῷ
1075 3504 1354 3571 Συμσόλῳ,
1386 3504 1482 3556 καὶ
1510 3508 1574 3572 τῇ
1606 3505 1749 3573 ἁπλῇ

203 3600 507 3669 παραδόσει
535 3598 640 3648 τῶν
662 3598 970 3648 ἀποστόλων
990 3612 1003 3625 ·
1034 3593 1399 3647 ἀναπτύσσειν
1436 3594 1492 3645 δὲ
1540 3596 1631 3647 καὶ
1676 3593 1751 3661 τῷ

203 3687 470 3756 Συμϐόλῳ
498 3678 787 3739 συνάπτειν
817 3684 917 3735 οὐκ
934 3685 1025 3735 ἀεὶ
1054 3683 1317 3749 δηλονότι,
1351 3683 1469 3735 οὐδὲ
1508 3682 1595 3734 τὸν
1626 3682 1751 3751 βου-

200 3778 433 3846 λόμενον
474 3776 669 3837 πάντα,
700 3774 837 3825 ἀλλά
874 3775 1115 3843 μεγάλης
1138 3776 1379 3843 ἀνάγκης
1406 3775 1750 3842 ἐπειγούσης.

200 3867 296 3917 καὶ
330 3864 427 3929 τῆς
459 3862 784 3931 Ἐκκλησίας
824 3866 1113 3933 κρινάσης.

279 3950 524 4014 Τούτων,
559 3946 603 4001 ὦ
633 3951 882 4020 ἄνθρωπε
918 3953 1011 4004 τοῦ
1040 3952 1199 4017 Θεοῦ,
1258 3953 1351 4006 καὶ
1396 3954 1570 4008 ἄλλων
1600 3953 1752 4005 πλεί-

201 4057 349 4093 στων
367 4041 467 4106 τῆς
487 4040 671 4108 ὁμοίας
699 4034 919 4111 ἀγωγῆς
959 4048 1087 4111 περὶ
1134 4043 1325 4096 τούτου
1362 4045 1456 4097 τοῦ
1506 4046 1752 4116 ζητήμα-

197 4148 287 4192 τος
327 4132 636 4199 εἰρημένων
674 4131 778 4183 ὑπὸ
798 4134 1060 4196 Λατίνων,
1100 4136 1259 4203 ἡμεῖς
1295 4136 1391 4203 μὲν
1413 4136 1549 4204 πρὸς
1580 4135 1751 4189 ταῦτα

200 4222 375 4289 μηδὲν
411 4221 809 4290 ἀποκρίνασθαι
853 4224 1063 4291 ἔχοντες
1096 4224 1184 4291 (τί
1235 4225 1343 4293 γὰρ
1381 4225 1445 4290 ἀν
1496 4242 1580 4288 τις
1614 4227 1752 4295 πρὸς

1860 1796 2032 1849 tertiae
2064 1795 2277 1863 synodi,
2305 1802 2357 1849 et
2389 1796 2645 1850 aliarum.
2682 1796 2819 1860 Quid
2861 1798 3025 1865 igitur
3062 1795 3305 1848 dicemus
3338 1792 3403 1844 de

1856 1884 2093 1938 secunda
2152 1886 2377 1953 synodo.
2432 1885 2607 1952 deque
2656 1886 2915 1953 Gregorio
2966 1884 3259 1969 Theologo,
3308 1882 3401 1944 qui

1856 1973 1983 2024 huic
2039 1971 2289 2025 secundae
2342 1977 2545 2041 synodo
2590 1986 2710 2026 cum
2759 1972 3095 2039 praesideret,
3141 1968 3400 2038 Symbolo

1840 2063 2038 2129 primae
2063 2062 2116 2113 in
2150 2061 2336 2113 multis
2367 2062 2668 2125 immutate,
2693 2062 2808 2129 ipse
2840 2061 3014 2114 fertur
3061 2058 3397 2130 Symbolum,

1853 2164 1961 2218 quo
1991 2164 2088 2203 nos
2120 2150 2277 2202 modo
2310 2150 2513 2202 utimur
2564 2150 2991 2219 conscripsisse?
3026 2151 3068 2203 si
3115 2150 3255 2202 istud
3292 2149 3398 2201 ’ἰη-

1854 2237 2142 2291 terdictum
2185 2240 2320 2292 hanc
2378 2240 2539 2293 habet
2568 2239 3005 2307 intelligentiam,
3041 2254 3203 2306 quam
3236 2237 3399 2306 protl-

1854 2337 2037 2382 tentur
2060 2329 2263 2389 nostri,
2300 2328 2401 2381 heu
2430 2331 2441 2381 !
2476 2330 2593 2382 loco
2623 2338 2931 2382 sanctorum
2966 2328 3186 2383 Patrum
3234 2338 3397 2397 atque

1852 2404 2175 2479 doctorum:
2205 2417 2392 2470 Patres
2441 2403 2692 2473 secundae
2713 2417 3020 2487 synodi,~et
3068 2405 3295 2486 magnus
3330 2416 3386 2469 in

1853 2504 2119 2573 theologia
2172 2504 2493 2575 Gregorius,
2550 2508 2830 2561 hominum
2899 2508 3280 2576 pestiferorum
3335 2521 3399 2560 ac

1855 2594 2317 2649 fraudulentorum
2348 2598 2525 2650 locum
2556 2599 2945 2665 gobtinucrunt.
2990 2599 3096 2652 Sed
3149 2585 3311 2654 absit“
3339 2608 3398 2651 ut

1855 2688 1940 2741 vel
1968 2686 2263 2755 cogitemus
2293 2688 2432 2742 istud
2485 2690 2808 2743 convicium.
2859 2689 2973 2744 Non
3010 2691 3175 2760 igitur
3223 2705 3398 2759 neque

1856 2778 2050 2847 prima,
2116 2793 2293 2846 neque
2360 2781 2537 2844 tertia,
2591 2795 2769 2848 neque
2822 2781 2928 2833 ulla
2980 2780 3080 2833 alia
3141 2780 3397 2851 synodus.

1857 2878 2114 2938 tanquam
2161 2870 2427 2922 contraria
2472 2870 2556 2923 his
2592 2870 2870 2938 loquatur,
2920 2872 3058 2925 hanc
3103 2868 3267 2926 habet
3316 2872 3399 2924 in-

1854 2960 2232 3028 telligentiam,
2276 2958 2369 3013 sed
2400 2961 2723 3014 contrariam
2759 2960 2919 3016 ﬁdem
2968 2962 3248 3023 manifeste
3278 2977 3404 3031 pro-

1859 3049 2031 3103 hibet.
3304 3110 3317 3127 ἰ

1928 3139 2126 3193 Verum
2160 3140 2211 3194 id
2241 3140 2310 3194 ita
2337 3141 2582 3210 quidem,
2633 3140 2862 3212 luceque
2893 3142 3095 3198 clarius
3121 3152 3399 3199 ostensum

1856 3238 1939 3282 est
1961 3242 2024 3282 ac
2053 3228 2290 3283 dilucid’e
2336 3231 2801 3295 demonstratum,
2848 3232 2981 3285 nihil
3013 3233 3232 3286 obstare
3270 3248 3404 3301 quo-

1855 3317 2035 3369 minus
2068 3332 2192 3370 vet-a
2223 3326 2334 3369 tum
2367 3318 2514 3380 ﬁdei,
2561 3330 2675 3371 tum
2698 3318 2950 3387 Symbolo
2974 3321 3265 3384 addantur,
3291 3323 3401 3375 imo

1853 3420 1985 3458 vero
2009 3407 2327 3473 explicetur.
2372 3408 2589 3459 Nullum
2618 3409 2764 3460 enim
2804 3408 3050 3462 veritatis
3078 3419 3161 3462 est
3188 3413 3396 3477 dogma,

1856 3496 1996 3562 quod
2029 3496 2085 3547 in
2118 3494 2373 3563 Symbolo
2406 3511 2468 3547 ac
2514 3497 2743 3563 simplici
2778 3498 3072 3551 traditione
3122 3501 3397 3566 apostolo-

1854 3598 1969 3636 rum
2016 3598 2123 3635 non
2171 3583 2529 3636 contineatur.
2583 3584 2914 3651 Explicanda
2942 3600 3095 3639 vero
3147 3597 3295 3649 sunt,
3342 3597 3397 3641 et

1854 3687 1975 3726 cum
2033 3671 2288 3741 Sytnbolo
2328 3677 2695 3729 connectenda
2734 3691 2842 3730 non
2896 3691 3110 3746 semper
3163 3679 3391 3742 scilicet,

1853 3778 2027 3832 neque
2064 3778 2096 3844 a
2134 3779 2478 3833 quocunque,
2529 3767 2623 3818 sed
2664 3781 2856 3835 magna
2889 3778 3113 3837 urgente
3158 3768 3395 3846 necessi-

1854 3863 1980 3918 tate,
2006 3863 2166 3923 atque
2204 3857 2277 3908 ita
2316 3856 2548 3910 Ecclesia
2571 3856 2867 3922 judicante.

1925 3944 2020 3999 llis
2058 3945 2284 4014 aliisque
2335 3947 2753 4014 quamplurimis
2800 3951 3043 4019 ejusdem
3071 3953 3316 4021 generis,
3358 3967 3393 4006 o

1854 4038 1937 4091 vir
1960 4038 2076 4101 Dei,
2112 4037 2270 4091 dictis
2297 4038 2362 4092 de
2413 4038 2516 4091 hoc
2555 4040 2784 4106 quaesito
2812 4056 2841 4093 a
2870 4038 3099 4107 Latini's,
3129 4058 3229 4098 nos
3275 4044 3397 4111 qui-

1853 4129 1974 4183 dem
2032 4129 2109 4181 ad‘
2156 4143 2218 4182 ea
2269 4131 2403 4183 nihil
2438 4132 2582 4197 quod
2618 4132 3073 4200 responderemns
3129 4135 3393 4192 habentes

1854 4218 2004 4287 (quid
2042 4219 2187 4270 enim
2223 4219 2421 4287 aliquis
2468 4222 2535 4273 ad
2580 4230 2783 4276 tantam
2819 4223 3099 4277 veritatem
3125 4223 3238 4292 jam
3292 4226 3397 4280 im-

194 4312 471 4381 τοσαύτην
499 4315 936 4383 ἀναισχυντὴσων
958 4316 1103 4366 είποι
1129 4316 1441 4385 ἀλήθειανς)
1459 4318 1745 4385 ἐσιγῶμεν’

1850 4306 2145 4376 prudenter
2179 4306 2384 4362 diceret
2404 4311 2475 4378 ἲ),
2505 4313 2940 4378 conticebamus;
2991 4314 3069 4367 illi
3126 4331 3255 4371 vero
3289 4318 3394 4370 hoc

192 4408 400 4456 ἐκεῖνοι
431 4405 488 4455 δὲ
532 4405 824 4473 δεδειχὸτες
868 4407 943 4468 ώς
974 4406 1181 4475 τάληθῆ
1219 4411 1433 4476 φρονεῖν
1460 4409 1517 4460 ού
1546 4409 1749 4461 κωλύε-

191 4510 308 4557 ται,
343 4492 471 4545 οὕτε
497 4494 574 4561 τῷ
597 4494 855 4563 Συμσόλῳ
885 4494 1218 4564 προσθεῖναι,
1245 4495 1544 4558 ἀκολούθως
1574 4492 1748 4565 ἐπηγὲ

190 4583 451 4647 γέλλοντο
472 4583 661 4645 δεῖξαι,
695 4584 769 4644 ὡς
810 4584 902 4634 καὶ
931 4586 1128 4651 ἀληθές
1157 4587 1323 4647 ἐστιν,
1358 4585 1385 4636 ὃ
1416 4586 1473 4637 ἐν
1504 4586 1578 4654 τῷ
1600 4587 1747 4654 Συμχ

192 4675 335 4741 δόλῳ
369 4675 726 4740 προσέθεσαν,
776 4675 1018 4742 δηλονότι
1044 4678 1105 4726 τὸ
1144 4679 1196 4727 τὸ
1255 4675 1476 4742 Πνεῦμα
1503 4677 1563 4727 τὸ
1594 4679 1744 4743 ἆγιον

190 4766 256 4815 ἐκ
292 4762 511 4829 [ἰατρὸς
556 4763 652 4816 καὶ
681 4763 809 4815 Υίοῦ
842 4765 1236 4832 ἐκπορεύεσθαι
1260 4779 1273 4791 ·
1335 4769 1427 4815 καὶ
1465 4767 1611 4831 ἡμᾶς
1666 4768 1745 4828 είς

190 4856 284 4907 τὸν
315 4852 507 4919 ἀγῶνα
553 4854 967 4919 προεκαλοῦντο.
1024 4857 1085 4905 Οί
1115 4854 1159 4904 δ’
1182 4856 1458 4920 ἡμέτεροι,
1483 4857 1539 4904 ἐν
1570 4856 1745 4924 τούτῳ

189 4943 525 5012 ἡττηθέντες
556 4958 615 4994 τε
673 4944 767 4993 καὶ
796 4945 1117 5010 τραπέντες,
1167 4942 1408 4993 ἐδειλίων
1435 4944 1526 4993 τὸν
1561 4944 1747 4996 δεύτε-

190 5050 282 5102 ρον
305 5032 579 5083 εἰσελθεῖν
608 5032 827 5099 ἀγῶνας
860 5035 953 5084 καὶ
975 5033 1209 5101 ἔπασχον
1228 5033 1261 5097 0
1281 5031 1391 5099 ἐγὼ
1422 5034 1542 5085 κατ’
1570 5036 1743 5103 ἀρχὰς

186 5123 405 5188 ελεγον,
442 5121 667 5177 κωλύων
692 5123 799 5173 ἀπὸ
848 5123 1035 5173 τούτου
1082 5122 1177 5173 τοῦ
1223 5122 1533 5189 ζητήματος
1580 5126 1743 5192 ἄρεα-

188 5217 336 5265 σθαι.
403 5210 683 5275 Ἠγωνίων
738 5228 799 5262 τε
851 5212 1030 5262 τοίνυν
1064 5213 1159 5263 καὶ
1184 5211 1435 5278 ἔτρεμον,
1484 5215 1576 5264 καὶ
1605 5217 1741 5275 ὅλως

182 5304 290 5354 οὐκ
316 5300 515 5369 ἡθσλον
539 5300 630 5348 ini.
658 5299 817 5351 πλέον
844 5303 1189 5368 προσμεῖναι,
1221 5301 1336 5349 ἀλλ’
1365 5303 1531 5352 ἐϐόων
1562 5305 1739 5355 ᾶπαν-

183 5408 277 5454 τες
310 5388 604 5455 διαστῆναι
653 5388 761 5437 δεῖν
792 5388 900 5438 τῶν
934 5390 1177 5459 Λατίνων
1211 5390 1305 5439 καὶ
1354 5390 1485 5457 πρὸς
1511 5392 1605 5461 τὴν
1638 5411 1739 5444 πα-

184 5483 345 5551 τρίδα
393 5475 821 5542 ἐπαναστρέψαι,
876 5476 983 5528 Καὶ
1012 5478 1107 5543 τὴν
1157 5481 1337 5530 αἰτίαν
1375 5481 1735 5548 ἐρωτώμενοι,

185 5570 489 5626 ἀποδοῦναι
514 5566 613 5617 οὐκ
643 5561 803 5635 εἶχον.
837 5568 897 5618 Τί
930 5564 1021 5618 οὖν
1050 5572 1161 5627 τοῖς
1196 5572 1444 5633 Λατίνοις
1470 5574 1732 5643 ἐροῦμεν,

552 5660 815 5721 ΡΑτιιοι..
849 5664 962 5722 Gn.
1014 5664 1220 5724 CLXI.

1845 4397 2093 4482 probato,
2125 4399 2271 4466 quod
2310 4400 2569 4454 nimirum
2613 4418 2741 4457 vera
2790 4417 3006 4472 sapere,
3039 4420 3212 4475 eaque
3235 4406 3396 4477 Sym-

1848 4487 1975 4541 bolo
2010 4489 2209 4544 addere
2234 4492 2455 4546 minime
2476 4494 3227 4565 prohibemurwonsequens
3258 4498 3391 4551 illud

1848 4589 1901 4633 et
1930 4580 2185 4646 alterum,
2209 4584 2349 4650 quod
2399 4585 2463 4635 ad
2504 4583 2815 4652 Symbolum
2847 4584 3202 4647 addidissent,
3232 4588 3392 4657 polli-

1842 4670 1937 4723 citi
1967 4681 2115 4732 sunt,
2156 4672 2293 4723 velle
2325 4687 2381 4723 se
2411 4672 2697 4733 ostendere
2745 4689 2930 4726 verum
2962 4690 3102 4739 esse,
3125 4676 3385 4731 nimirum

1848 4756 2105 4825 Spiritum
2159 4770 2405 4810 sanctum
2443 4774 2509 4811 ex
2560 4759 2719 4812 Patre
2764 4758 3011 4828 Filioque
3064 4764 3388 4830 procedere,

1845 4862 2054 4915 nosque
2105 4850 2169 4899 ad
2205 4862 2480 4899 certamen
2513 4848 2897 4920 provocabattt.
2932 4848 3113 4904 Nostri
3175 4862 3383 4919 autem,

1845 4950 1967 4990 cum
2002 4938 2058 4989 in
2099 4937 2199 4988 hoc
2234 4937 2359 4988 victi
2401 4946 2456 4988 et
2488 4937 2654 5005 lugati
2706 4937 2957 5004 fuissent,
2991 4924 3255 4998 timebant
3301 4960 3387 4999 se-

1844 5029 2077 5080 cundum
2110 5026 2289 5079 subire
2320 5037 2588 5079 certamen
2613 5042 2631 5091 ;
2656 5040 2711 5081 et
2739 5031 2951 5094 accidit,
2976 5035 3121 5102 quod
3144 5050 3247 5104 ego
3280 5037 3388 5090 illis

1843 5118 2196 5186 a‘principio
2228 5118 2493 5180 dicebam,
2543 5133 2666 5171 cum
2719 5136 2813 5174 eos
2864 5132 3102 5177 vetarem
3162 5130 3232 5179 ab
3282 5131 3387 5181 hac

1843 5211 2139 5277 quastiooe
2174 5210 2494 5277 principium
2548 5224 2783 5263 sumere.
2841 5211 3008 5279 Igitur
3036 5215 3201 5268 animi
3236 5217 3387 5268 solli-

1842 5299 2082 5351 citudine
2121 5300 2199 5350 vel
2235 5299 2462 5350 maxime
2496 5298 2944 5365 urgebantur,-ac
2974 5303 3302 5368 tremebant,
3333 5316 3385 5359 et

1840 5390 2064 5442 omnino
2122 5390 2372 5441 nolebant
2408 5390 2637 5457 amplius
2670 5405 2907 5455 manere,
2938 5396 3031 5445 sed
3076 5395 3387 5451 clamabant
3490 5413 3495 5417 '

1840 5497 2026 5533 omnes
2061 5490 2305 5548 oportere
2353 5495 2383 5531 a
2438 5478 2644 5532 Latinis
2690 5483 2895 5550 sejungi
2921 5522 2937 5547 ,
2969 5492 3027 5536 et
3059 5487 3111 5538 in
3154 5490 3381 5552 patriam

1841 5575 2075 5638 reverti;
2110 5572 2370 5625 rationem
2417 5586 2544 5626 vero
2586 5575 2971 5639 quaerentibus,
3010 5578 3241 5643 reddere
3268 5590 3382 5633 non

3014 5666 3117 5739 12η
