4136 6324
185 358 290 423 357

1092 356 1189 419 DE
1229 352 1755 417 PROCESSIONE
1796 350 2157 414 SPIRITUS
2198 348 2494 426 SANCTI.

3272 343 3379 407 358

185 468 375 536 mite
406 466 466 532 ἐξ
534 466 656 523 ι’ίοῦ
690 466 888 533 ἀληθᾶς
915 483 929 499 ⁸
992 466 1181 541 ὥσπερ
1219 470 1314 524 ἐὰν
1368 469 1635 538 εἴπωμεν,
1670 465 1731 522 τδ

1832 462 1989 521 Patre
2020 462 2336 534 procedere,
2370 474 2556 516 verum
2584 457 2694 522 sit;
2737 465 2794 512 et
2837 455 2969 513 illud
3013 457 3156 526 quod
3197 464 3280 512 est
3313 469 3401 509 cx‘

183 557 411 627 Πνεῦμα
423 558 487 611 τὸ
500 558 655 627 ἅγιον
676 557 992 629 πέμπεσθαι
1020 558 1083 612 ὲκ
1108 559 1201 611 τοῦ
1235 559 1469 630 Πατρὸς,
1491 559 1645 620 ἄλλος
1669 556 1730 611 δὲ

182 646 264 709 τίς
294 664 448 719 φησι,
467 649 527 699 τὸ
551 647 774 717 Πνεῦμα
799 647 1110 717 πέμπεσθαι
1133 651 1198 702 ὲκ
1215 650 1428 720 Πατρδς
1450 648 1544 703 καὶ
1574 647 1729 702 Υίοῦ.

130 774 133 775 ν
182 738 295 789 Καὶ
323 738 612 806 ἀμφότερά
636 739 777 791 εἰσιν
806 737 1006 809 ἀληθῆ,
1053 730 1147 793 καὶ
1171 740 1233 793 οὐ
1268 740 1498 810 μάχεται
1519 738 1733 809 θατέρῳ

182 826 238 879 τδ
265 827 476 890 ἕτερον.
502 827 567 880 Ei
600 827 702 896 μιν
726 827 819 881 οῦν
843 827 893 882 oi
924 828 1070 896 ᾶγιοι
1096 828 1283 897 ελεγον
1309 831 1374 884 ἐκ
1393 828 1487 882 τοῦ
1520 829 1731 898 Πατρδς

184 918 350 986 μόνου
382 916 779 984 ικπορεύεσθαι
809 916 874 972 τὺ
912 915 1160 986 Πνεῦμα,
1191 917 1224 988 ἢ
1272 903 1353 972 ὅτι
1388 919 1451 971 εκ
1474 917 1567 971 τοῦ
1601 898 1731 971 Υίοῦ

180 1007 283 1059 οὐκ
308 1006 689 1077 ἐκπορεύεται,
715 997 863 1079 εῖχεν
890 1007 957 1061 ἂν
974 1006 1155 1076 λόγον,
1187 1008 1367 1077 λέγειν
1392 1009 1424 1079 ἡ
1438 1010 1544 1079 μᾶς
1579 1009 1734 1074 δοξά-

182 1099 302 1163 ζειν
320 1100 529 1169 ψεῦδος
561 1104 683 1156 ιπεὶ
702 1103 760 1157 δι
787 1103 993 1159 τούτων
1014 1104 1295 1175 οὐδέτερον
1315 1105 1493 1169 οὐδεὶς
1518 1105 1731 1159 οὐδέπω

184 1194 279 1243 xui.
312 1192 406 1245 νῦν
430 1194 640 1264 εἴρηκε,
686 1186 839 1250 τδὶκ
866 1194 961 1250 τοῦ
1002 1196 1215 1266 Πατρὸς
1263 1195 1517 1264 λέγεσθαι
1565 1197 1731 1250 ἔκποο

186 1281 463 1349 ρεῦεσθαι,
519 1284 619 1337 οὐκ
665 1285 883 1356 ἀναιρεῖ
927 1285 988 1340 τδ
1024 1286 1089 1339 ὲκ
1138 1284 1236 1340 τοῦ
1264 1285 1398 1340 Υίοῦ
1436 1285 1734 1357 ικπορεύε-

186 1369 331 1420 σθαι.

185 1386 331 1424 συαι.

250 1458 442 1511 Ταῦτα
466 1460 567 1529 μὲν
597 1460 737 1530 πρὸς
766 1462 837 1515 τε
871 1464 1119 1533 ἡμέτερα
1149 1465 1288 1534 ῥητὰ
1317 1464 1728 1535 ἀπεκρίθησανο

183 1546 322 1615 πρὸς
364 1546 419 1600 δὲ
443 1547 505 1598 τδ
531 1546 625 1599 τοῦ
654 1550 1040 1620 Δαμασκηνοῦ,
1069 1552 1190 1605 ἐπεὶ
1231 1553 1364 1622 μηδὲ
1401 1554 1567 1622 ἡμεῖς
1597 1550 1731 1603 αὐτὸ

184 1640 617 1708 προετείναμεν,
675 1642 794 1696 οὑδὶ
842 1644 1041 1696 ἐκείνοι
1089 1643 1503 1714 ἀπεκρίθησαν·
1539 1643 1650 1713 ἐγὼ
1676 1643 1732 1697 δὲ

182 1730 278 1779 καὶ
315 1726 412 1795 τὴν
434 1727 625 1782 τούτου
658 1726 813 1783 λύσιν
852 1729 1079 1798 ὕστερον
1110 1748 1193 1783 σοι
1236 1732 1556 1801 χαρίσομαι.

255 1908 574 1964 Ἔπειταδέ
610 1909 806 1964 ἐκείνοι
860 1910 919 1976 ἐξ
968 1909 1134 1981 ἄλλης
1186 1912 1358 1982 ἀρχῆς
1410 1912 1729 1982 ἀρξάμενοι,

184 1995 340 2053 εἷπον
366 2000 538 2053 πολλὰ
566 2002 661 2054 καὶ
678 2000 907 2070 διάφορα
924 2002 984 2056 ὲν
1005 2002 1250 2056 πλείοσιν
1277 2003 1512 2073 ἡμέραις
1539 2003 1733 2072 ἑφεξῆς

182 2094 615 2162 ἐπιχειρήματα,
670 2093 778 2145 ἀπὸ
817 2094 917 2162 τῆς
956 2094 1106 2157 θείας
1134 2094 1357 2163 Γραφῆς
1386 2092 1731 2163 ῥρμώμενοι,

183 2181 440 2233 κάκεῖθεν
497 2181 606 2235 τῶν
653 2182 950 2236 ιλαττὸνων
980 2182 1339 2253 εὐποροῦντες
1391 2183 1729 2251 προτάσεων,

178 2270 501 2336 δεικνύντα..
521 2268 581 2324 τδ
607 2272 830 2341 Πνεῦμα
854 2273 913 2326 τὸ
947 2274 1100 2340 ἅγιον
1134 2276 1195 2326 ἐκ
1231 2274 1442 2343 Πατρὸς
1473 2273 1568 2324 καὶ
1598 2270 1728 2323 Υίοῦ

180 2358 601 2430 ἐκπορεύεσθαι.

248 2454 575 2507 Τελευταίον
594 2450 653 2504 δὲ
682 2450 778 2514 τὰς
806 2452 996 2520 ῥήσεις
1041 2451 1151 2503 τῶν
1181 2450 1443 2521 Πατέρων
1496 2453 1733 2521 ἐπήνεγ-

1830 552 1969 613 Filio
1992 592 2008 617 .
2034 568 2247 610 verum.
2275 552 2458 607 Veluti
2500 550 2547 605 si
2570 549 2817 604 dicamus
2842 548 3102 618 Spiritum
3132 558 3377 603 sanctum
3464 569 3466 573 ν

1831 635 1973 700 mitti
2006 659 2039 699 ι
2076 644 2256 709 Patre,
2296 642 2436 696 alius
2454 653 2587 715 vero
2615 638 2887 711 quispiam
2915 638 3084 705 dicat,
3112 638 3378 708 Spiritum

1830 738 2063 793 mitti'ex
2095 735 2250 802 Patre
2279 742 2333 790 et
2373 733 2509 789 Filio
2534 748 2549 798 ;
2574 741 2629 787 et
2659 733 2820 785 ambo
2857 738 2988 785 sunt
3030 743 3181 795 vera,
3216 738 3272 784 et
3304 730 3382 783 al-

1830 838 2008 885 terum
2052 827 2205 882 alteri
2268 824 2493 880 minime
2545 831 2832 894 repugnat.
2875 822 2934 892 Si
2993 820 3157 892 igitur
3210 822 3381 876 sancti

1829 919 2072 975 dicerent
2100 916 2364 987 Spiritum
2402 930 2469 970 ex
2492 914 2648 969 Patre
2691 914 2808 968 solo
2852 914 3168 983 procedere,
3205 913 3287 967 vel
3314 928 3383 968 ex

1830 1008 1967 1065 Filio
1995 1022 2103 1063 non
2129 1006 2446 1078 procedere,
2475 1020 2583 1061 non
2607 1014 2751 1059 esset
2780 1005 2978 1059 mirum
3011 1003 3213 1067 dicere,
3234 1002 3382 1072 ipsos

1828 1099 2040 1169 opinari
2070 1097 2287 1154 falsum.
2320 1096 2519 1151 Verum
2560 1108 2684 1148 cum
2709 1094 2904 1159 horum
2941 1101 3191 1148 neutrum
3217 1107 3379 1146 nemo

1834 1200 2073 1257 unquam
2095 1185 2273 1241 adltuc
2323 1184 2556 1250 dixerit,
2596 1183 2730 1237 illud
2786 1182 2929 1251 quod
2976 1188 3061 1236 est
3103 1196 3169 1235 ex
3224 1182 3383 1234 Patre

1830 1277 2150 1352 procedere,
2197 1290 2306 1331 non
2334 1275 2475 1329 tollit
2504 1274 2738 1330 alterum
2766 1312 2781 1339 ,
2812 1272 2955 1342 quod
3005 1282 3086 1327 est
3129 1284 3197 1324 ex
3242 1270 3380 1326 Filio

1833 1367 2152 1439 procedere.

1902 1452 2125 1510 Hcc'ad
2165 1464 2350 1509 nostra
2395 1453 2538 1507 dicta
2564 1451 2993 1523 responderunt.
3036 1448 3117 1506 Ad
3157 1459 3383 1507 senten-

1836 1532 1964 1601 tiam
2014 1559 2145 1604 vero
2188 1545 2529 1610 Damasceni,
2588 1542 2811 1613 quando
2846 1551 2902 1597 et
2939 1556 3039 1596 nos
3083 1542 3228 1617 illam
3272 1545 3383 1595 non

1833 1635 2216 1705 produximus,
2261 1650 2441 1704 neque
2494 1634 2575 1689 illi
2622 1635 2920 1703 quidquam
2962 1634 3382 1702 responderunt.

1835 1725 1949 1795 Ego
1980 1740 2108 1792 vero
2142 1726 2239 1780 tibi
2274 1735 2463 1796 postea
2498 1734 2555 1781 et
2588 1724 2645 1779 in
2675 1724 2842 1794 hujus
2890 1724 3159 1780 solutione
3189 1723 3383 1778 faciam

1762 1799 1806 1855 Β
1834 1816 1992 1871 satis.

1903 1910 2107 1967 Deinde
2138 1926 2269 1966 vero
2298 1911 2373 1966 illi
2404 1910 2473 1964 ab
2506 1909 2614 1965 alio
2650 1908 2918 1979 principio
2950 1922 3101 1963 sacra
3127 1908 3385 1963 nimirum

1833 1999 2115 2068 Scriptura
2161 2000 2279 2059 nixi
2324 2008 2379 2055 et
2410 1998 2576 2065 ireti,
2625 1998 2860 2066 indeque
2913 1998 3068 2065 copia
3115 1998 3384 2051 minorum

1832 2089 2269 2159 prepositionum
2330 2089 2712 2152 abundantes,
2765 2086 2947 2141 exorsi
3004 2096 3130 2142 sunt
3197 2088 3384 2142 dicere

1832 2178 2090 2249 deinceps
2126 2194 2223 2247 per
2239 2179 2438 2233 multos
2461 2179 2578 2233 dies
2607 2179 2774 2231 multa
2795 2187 2853 2231 et
2877 2178 3026 2230 varia
3043 2188 3384 2245 argumenta,

1831 2266 2172 2321 ostendentia
2215 2266 2480 2337 Spiritum
2524 2277 2773 2322 sanetum
2820 2281 2888 2320 ex
2932 2267 3089 2320 Patre
3137 2264 3383 2337 Filioque

1830 2356 2149 2427 procedere.

1901 2448 2182 2503 Postremo
2205 2448 2372 2503 etiam
2401 2448 2761 2519 auctoritates
2791 2448 3014 2503 Patrum
3055 2451 3378 2517 attulerunt,

180 2560 311 2609 καιιι,
335 2537 422 2605 αἷς
450 2540 633 2610 σαφῶς
666 2556 727 2593 τε
777 2539 872 2593 καὶ
921 2539 1220 2611 διαρρήδην
1266 2543 1299 2611 ὴ
1336 2539 1429 2594 τοῦ
1463 2541 1733 2610 δόγματος

1837 2537 2039 2608 quibus
2069 2536 2359 2612 manifeste
2390 2552 2454 2594 ac
2476 2526 2780 2595 luculenter
2802 2539 2964 2610 huius
2994 2540 3262 2611 dogmatis
3292 2558 3382 2598 ve-

178 2632 375 2687 τούτου
406 2631 632 2699 ἀλήθεια
666 2630 937 2699 φαίνεται.
974 2629 1304 2701 Παρῄγαγον
1328 2632 1385 2685 δὲ
1415 2635 1475 2686 οὺ
1503 2630 1734 2689 δυτικῶν

1838 2629 1974 2686 ritas
2006 2614 2415 2701 comprobatur.
2457 2631 2820 2687 Protuleruut
2845 2641 3028 2689 autem
3068 2649 3176 2689 non
3203 2635 3378 2690 solum

182 2713 368 2793 μῦνον,
401 2721 520 2778 ἀλλ’
539 2722 686 2787 οὐδιὶν
707 2717 867 2795 ἦττον
895 2723 986 2776 καὶ
1007 2721 1336 2779 ἀνατολικῶν
1371 2725 1732 2782 διδασκάλων.

1833 2724 2294 2791 Occidentalium,
2312 2741 2502 2783 verum
2517 2728 2682 2784 etiam
2698 2730 2983 2785 doctorum
3002 2718 3379 2785 Orientalium.
3406 2788 3409 2793 ,

177 2810 281 2872 Ὧν
316 2832 459 2880 τινα,
487 2816 586 2870 ὅσα
618 2832 708 2885 μοι
746 2814 1147 2885 ἀναγκαιότερα
1191 2810 1359 2879 ἔδοξε,
1394 2818 1492 2870 σὺν
1524 2818 1736 2884 τούτοις

1836 2816 2080 2883 Quarum
2104 2817 2333 2888 aliquas,
2351 2833 2695 2890 quaecunque
2718 2821 2852 2875 mihi
2876 2823 3045 2893 magis
3063 2826 3382 2879 necessariae

180 2919 266 2957 σοι
285 2902 454 2957 τανῦν
484 2901 856 2973 «irrumpit,de
888 2903 953 2957 ἂν
981 2904 1075 2957 καὶ
1104 2905 1303 2967 αὐτοὺς
1330 2906 1457 2970 τοὺς
1486 2907 1737 2973 δυτικοὺς

1837 2910 1968 2966 visae
2005 2918 2153 2974 sunt,
2201 2926 2306 2967 una
2353 2925 2478 2966 cum
2519 2910 2671 2966 hisce
2720 2912 2818 2966 tibi
2850 2913 3006 2979 misi,
3039 2922 3098 2967 ut
3136 2922 3192 2970 et
3239 2915 3384 2984 ipsos

178 2996 428 3069 ἀκούσῃς
456 2995 703 3066 Πατέρας
736 2995 789 3049 τί
824 2996 952 3066 περὶ
996 2997 1185 3049 τούτου
1222 2998 1479 3066 φρονοῦσι
1530 3016 1592 3052 τε
1643 2998 1737 3073 καὶ

1836 3000 2223 3058 Occidentales
2256 2999 2451 3058 audias
2500 3000 2715 3066 Patres,
2752 3003 2883 3072 quid
2928 3005 3007 3059 illi
3046 3005 3112 3059 de
3153 3006 3255 3060 hoc
3285 3005 3383 3059 d0-

179 3086 523 3140 διδάσκουσι.
568 3085 711 3156 Πρὸς
762 3086 904 3156 ἅπερ
970 3087 1140 3157 ἡμεῖς
1195 3088 1494 3157 ἀπολογίαν
1559 3091 1734 3145 εἰπεῖν

1839 3100 2020 3164 gmate
2053 3092 2269 3162 sapiant
2292 3100 2348 3147 et
2375 3088 2630 3148 doceam.
2665 3091 2746 3147 Ad
2782 3107 2916 3161 quas
2938 3108 3039 3148 nos
3067 3109 3381 3163 responsum
3422 3114 3423 3117 η

177 3176 409 3248 εἴχομεν
436 3175 711 3245 οὐδεμίαν,
745 3174 778 3247 ἢ
811 3175 1040 3229 ὄτινόθα
1068 3175 1200 3260 εἰσὶ)
1229 3178 1326 3233 καὶ
1355 3178 1459 3231 ὑπὸ
1485 3180 1732 3234 Λατίνων

1835 3182 2047 3237 nullum
2077 3181 2432 3249 habebamus,
2460 3183 2604 3253 quod
2633 3184 2907 3252 daremus,
2926 3184 3029 3240 nisi
3062 3186 3205 3253 quod
3231 3186 3385 3239 adul-

178 3267 517 3321 νενόθευται.
567 3265 897 3337 Παρήγαγον
950 3266 1044 3319 τὸν
1092 3267 1365 3345 ἡμέτερον
1412 3267 1737 3337 Ἐπιφάνιον

175 3360 240 3413 ἐν
267 3358 486 3421 πολλοῖς
516 3357 698 3419 τόποις
729 3355 913 3425 σαφῶς
939 3357 1001 3409 ὲκ
1050 3343 1279 3429 Harpe},
1312 3361 1406 3415 καὶ
1448 3361 1577 3416 Υίοῦ
1620 3362 1737 3416 θεο-

176 3451 451 3519 λογοῦντα
472 3448 531 3501 τδ
552 3448 794 3517 Πνεῦμα.
822 3448 968 3500 Νόθα
992 3450 1249 3519 ἐλέγομεν
1276 3447 1439 3506 εῖναι.
1470 3453 1738 3521 ’Δνέγνων

174 3543 241 3595 τὸ
273 3540 677 3612 προειρημένον
698 3545 756 3595 ἰν
777 3544 886 3603 τοῖς
913 3539 1035 3593 κατ’
1074 3536 1341 3604 Εὐνομίου
1364 3535 1460 3589 τοῦ
1494 3538 1733 3606 μεγάλου

178 3631 480 3685 Βασιλείω
506 3630 671 3699 ῥητόν
692 3645 705 3659 ·
744 3628 1168 3697 παρέγγραπτον
1204 3618 1347 3677 εῖναι
1371 3624 1545 3677 ἐδόκει
1580 3626 1730 3694 ἡμῖν.

178 3721 573 3788 Προεκόμισαν
602 3718 670 3770 τὰ
701 3716 810 3770 τῶν
834 3716 893 3781 ἐξ
920 3712 1155 3783 ἑσπέρας
1188 3713 1377 3783 ἁγίων·
1412 3715 1735 3783 adsumi.le

174 3808 456 3875 ἀπολογία
491 3806 551 3861 τὲ
570 3807 739 3870 νόθον,
772 3807 865 3859 καὶ
915 3804 1067 3858 οὐδὲν
1094 3804 1284 3873 ἕτερον
1312 3800 1403 3875 ἦν.
1455 3805 1579 3858 Ἐπὶ
1609 3806 1737 3859 πολ-

172 3901 276 3964 λὰς
306 3895 411 3952 οὖν
442 3898 651 3966 ἡμέρας
677 3895 1035 3964 σκεπτόμενοι
1079 3893 1202 3947 καθ’
1238 3896 1461 3959 ἑαυτοὺς
1485 3896 1578 3948 καὶ
1609 3896 1732 3965 βου-

170 3994 493 4060 λευόμενοι,
514 4002 567 4040 τι
613 3988 678 4040 ἂν
712 3986 849 4057 πρὸς
898 3986 1072 4040 ταῦτα
1102 3986 1555 4057 ἁποκριθείημεν,
1586 3989 1734 4041 οὐδε-

170 4087 318 4154 μίαν
342 4083 673 4153 εὑρίσκομεν
697 4082 995 4151 ἀπολογίαν
1019 4083 1054 4153 ἢ
1077 4084 1302 4154 ταύτην.
1327 4084 1544 4154 Ταύτην
1570 4083 1626 4137 δὲ
1646 4076 1735 4149 αὖ,

169 4175 511 4243 ὡς,.ᾶλογον
548 4176 712 4237 πάνυ,
760 4176 1147 4245 προσενεγκεῖν
1178 4176 1279 4228 οὐκ
1327 4175 1501 4228 ῑδόκει
1550 4172 1735 4227 καλόν.

171 4268 416 4338 Πρῶτον
457 4266 553 4334 μὶν
580 4268 661 4317 ὃτι
687 4264 747 4317 ἐκ
775 4280 836 4316 τε
865 4263 970 4317 τῶν
997 4264 1276 4334 ἑπομένων
1301 4266 1395 4316 καὶ
1424 4264 1739 4333 ἡγουμένων

168 4359 322 4422 αῦτη
362 4359 395 4427 ἡ
416 4356 543 4419 δόξα
566 4356 817 4424 ἐφαίνετο
838 4357 936 4423 τῆς
968 4346 1078 4408 τῶν
1106 4354 1275 4422 ἁγίων
1311 4349 1449 4407 οὖσα
1478 4353 1735 4415 διανοίας·

1839 3274 2029 3330 tet-inae
2058 3281 2261 3341 essent,
2288 3284 2344 3331 et
2373 3290 2405 3330 α
2441 3274 2651 3330 Latinis
2683 3287 2974 3346 corruptae.
3005 3276 3383 3333 Produxerunt

1837 3377 2088 3422 nostrum
2130 3362 2495 3436 Epiphanium
2528 3368 2585 3422 in
2624 3368 2813 3424 multis
2860 3370 3159 3439 theologire
3206 3372 3383 3426 disse-

1837 3466 2050 3513 rentem
2083 3467 2138 3513 et
2169 3460 2530 3527 explicantem
2559 3474 2626 3513 ex
2652 3458 2813 3514 Patre
2845 3460 3088 3531 Filioque
3117 3463 3379 3531 Spiritum

1837 3557 2133 3605 sanctum:
2182 3549 2490 3605 adulterina
2537 3551 2659 3619 ejus
2705 3552 2825 3606 loca
2880 3568 2996 3606 esse
3036 3552 3377 3620 dicebamus;

1835 3637 2082 3706 legerunt
2124 3637 2438 3706 praedictam
2478 3639 2811 3693 sententiam
2864 3641 3042 3709 magni
3090 3642 3273 3699 Basilii
3322 3647 3380 3699 in

1834 3723 1988 3779 libris
2016 3724 2276 3780 adversus
2307 3724 2633 3779 Eunomium
2665 3741 2681 3779 :
2710 3726 3012 3796 ascriptitia
3038 3739 3094 3783 et
3123 3745 3228 3785 non
3259 3748 3382 3802 ger-

1836 3828 1993 3869 mana
2018 3824 2150 3869 esse
2179 3814 2338 3869 nobis
2354 3815 2667 3871 videbatur.
2695 3816 3058 3885 Adduxerunt
3085 3820 3228 3876 dicta
3255 3840 3376 3878 san-
3438 3848 3441 3851 ·

1806 3907 2049 3959 'etorum
2076 3903 2531 3970 Occidentalium,
2576 3914 2686 3961 tota
2725 3920 2911 3965 nostra
2951 3911 3209 3979 Apologia
3242 3913 3377 3969 illud
3482 3976 3488 3980 τ

1835 3996 1915 4048 et'
1944 3993 2080 4048 nihil
2124 3992 2270 4048 aliud
2325 4004 2466 4058 erat,
2507 3995 2816 4050 adulterina
2858 4013 2999 4054 esse.
3042 3999 3145 4054 Per
3178 4003 3378 4058 multos

1839 4087 2002 4156 igitur
2052 4085 2169 4141 dies
2218 4098 2462 4141 seorsum
2512 4087 2945 4155 considerantes,
2992 4101 3047 4146 et
3087 4107 3187 4147 nos
3232 4095 3379 4164 ipsos

1840 4176 2210 4239 consulentes,
2253 4174 2383 4243 quid
2414 4177 2481 4231 ad
2511 4176 2627 4232 haec
2665 4180 3142 4248 responderemus,
3184 4196 3380 4252 praeter

1842 4269 1944 4321 hoc
1979 4267 2188 4321 nullum
2245 4268 2660 4323 inveniebamus
2702 4267 3047 4339 responsum.
3094 4271 3206 4327 lloc
3252 4291 3378 4329 vero

1844 4372 2032 4412 rursus
2060 4367 2315 4427 tanquam
2343 4359 2499 4413 valde
2525 4360 2821 4415 absurdum
2851 4361 3118 4430 proferre,
3148 4380 3255 4419 non
3286 4366 3383 4421 bo—

169 4448 380 4501 ῐπειτα
442 4432 710 4498 πλείστων
767 4444 986 4515 βιϐλίων
1030 4445 1125 4497 καὶ
1161 4443 1539 4498 παλαιοτάτων
1592 4443 1734 4496 τοῦτ’

1838 4448 1968 4502 num
2007 4423 2185 4502 nobis
2202 4461 2323 4503 esse
2353 4446 2660 4502 videbatur.
2699 4423 2939 4505 Primum
2974 4423 3217 4521 quidem,
3258 4470 3382 4524 pro—

169 4541 448 4611 ὲχόντων,
475 4537 575 4589 οῦκ
615 4532 683 4606 ἦν
716 4534 857 4589 αὐτὰ
905 4534 1398 4605 παραγράψασθαι.
1444 4532 1651 4595 ’Ἄλλως
1678 4548 1736 4583 τε

168 4634 275 4684 καὶ
313 4630 487 4699 μηδὲν
509 4629 688 4682 αὐτῶν
712 4627 919 4697 βιϐλίον
944 4666 959 4691 ,
1010 4627 1108 4696 οὐχ
1153 4625 1597 4694 Ἐλληνικῶς,.οὐ
1632 4626 1773 4677 Δα-“

1835 4548 2021 4605 pterea
2054 4536 2198 4606 quod
2228 4552 2296 4592 ex
2334 4539 2801 4608 consequentibus
2853 4550 2909 4595 et
2937 4546 3383 4599 antecedentibus

1839 4627 2005 4697 hujus
2024 4626 2300 4696 opinionis
2340 4638 2576 4682 mentem
2605 4642 2919 4685 sanctorum
2934 4647 3053 4691 esse
3078 4633 3381 4689 constabat.

164 4720 823 4791 τινικῶςιγεγραμμένον
856 4719 1074 4787 ἔχοντες
1108 4716 1503 4779 deiectu-ﬁnal;
1531 4714 1671 4783 ἔχον,
1704 4714 1736 4785 ῆ

1841 4719 2043 4773 Deinde
2087 4718 2250 4773 etiam
2294 4734 2417 4773 cum
2470 4722 2686 4789 plurimi
2749 4736 2813 4775 ac
2865 4723 3214 4776 vetustissimi
3257 4725 3380 4777 libri

170 4815 253 4874 ὼς
280 4812 513 4864 Λατῖνοι
548 4808 892 4879 παρήγαγον,
918 4802 1039 4867 πῶς
1060 4807 1123 4857 ἂν
1150 4804 1385 4870 εὐλόγως
1424 4803 1563 4855 αὐτὰ
1602 4819 1743 4871 παρ-

167 4899 577 4969 εγραφόμεθας
605 4900 633 4960 ὁ
664 4899 771 4967 γάρ
805 4914 927 4949 τινα
971 4892 1439 4963 παραγράψασθαι
1476 4893 1737 4961 βουλόμεε

1849 4908 2004 4949 vatos
2037 4895 2267 4965 rejieere
2293 4904 2455 4963 atque
2486 4894 2749 4948 refutare.
2782 4895 3086 4950 Praesertim
3124 4913 3247 4951 cum
3281 4914 3379 4953 nos

168 5009 291 5055 νος,
349 4989 483 5041 ἄνευ
520 4986 753 5053 εὐλόγων
821 4988 915 5038 καὶ
971 4983 1207 5053 ἰσχυρῶν
1257 4982 1464 5046 αἰτιῶν,
1496 4982 1649 5035 τοῦτο
1680 4985 1737 5035 οὐ

1847 4987 2053 5039 nullum
2085 4984 2630 5038 baberemuslibrum
2668 4983 2775 5037 non
2815 4985 3018 5051 Graece,
3049 5001 3152 5039 non
3192 4986 3381 5041 Latine

166 5086 440 5137 δύναται.
480 5079 668 5147 Ἡμεῖς
697 5068 887 5140 ἄλλους
916 5076 1105 5143 ἁγίους
1153 5075 1457 5127 τούναντίον
1487 5075 1737 5141 λέγοντας

1843 5076 2128 5141 scriptum,
2168 5086 2328 5140 quem
2368 5086 2525 5126 secus
2567 5071 2788 5138 habere,
2831 5088 2992 5141 quam
3037 5074 3213 5128 Latini
3254 5092 3380 5143 pro-

164 5176 276 5227 οῦκ
333 5170 564 5237 εῐχομεν
596 5167 769 5231 δεῖξαι
798 5182 812 5197 ·
848 5167 977 5227 τοὺς
1018 5164 1212 5223 αὐτοὺς
1261 5163 1509 5226 δυτικοὺς
1567 5166 1737 5227 ἄλλως

1842 5161 2144 5222 duxissent,
2191 5160 2643 5227 ostenderemus;
2684 5161 2779 5229 qui
2809 5160 2924 5215 ﬁeri
2958 5174 3139 5230 posset
3178 5172 3233 5215 ut
3264 5165 3381 5232 jure

165 5264 449 5329 λέγοντας
479 5256 711 5325 ἀλλαχοῦ
739 5254 990 5325 οὐδαμῶς
1034 5252 1452 5321 ἀπεδείκνυμεν.
1488 5253 1737 5315 Φυσικοῖς

1841 5255 2047 5322 optimo
2091 5265 2279 5306 eorum
2319 5250 2491 5303 libros
2541 5258 2798 5320 tanquam
2838 5252 3057 5306 vitiatus
3105 5253 3383 5319 excipere-

162 5329 365 5419 ),άγοιέ
416 5345 767 5413 παραστῆσαι
826 5344 1021 5403 αὐτοὺς
1096 5341 1458 5407 ψευδομένους
1520 5346 1734 5395 πάντων

1841 5344 1991 5397 mus?
2025 5343 2184 5396 Certe
2228 5342 2399 5403 enim,
2450 5342 2548 5408 qui
2590 5344 2709 5393 vult
2746 5340 2979 5407 aliquem
3020 5343 3378 5417 proscribere,

160 5444 411 5495 ἔλαττον
458 5432 785 5502 ἐδυνάμεθα.
820 5430 1126 5498 Οὑδαμόθεν
1178 5430 1271 5481 οῦν
1306 5429 1523 5497 εὔλογον
1554 5422 1737 5482 αἰτία-ἰ

1829 5447 1894 5493 ,ιιι
1946 5444 2005 5487 ut
2048 5433 2292 5502 vitiatum
2348 5443 2513 5499 atque
2549 5426 2866 5498 corruptum
2905 5430 3214 5495 excludere,
3263 5437 3381 5485 sine

1838 4808 1981 4862 istud
2022 4807 2307 4872 baberent,
2340 4822 2448 4861 non
2495 4818 2812 4875 poteramus
2845 4808 2963 4862 illus
2992 4805 3155 4863 velu'ti
3182 4811 3377 4878 depra-
3472 4828 3479 4831 ·

159 5523 856 5591 καταλελειμμένςνιήμίν
886 5519 1144 5588 ἑωρῶμεν
1165 5535 1179 5548 ⁸
1234 5519 1323 5571 διὰ
1350 5520 1504 5572 τοῦτο
1530 5521 1620 5573 καὶ
1650 5538 1737 5572 σε-

161 5620 524 5688 σεγὴκαμεν.
764 5672 767 5674 ς
1424 5618 1425 5621 ’

1841 5518 2387 5579 όοὺὶιίε”ι·αιίοῐιὶι›υε
2444 5531 2499 5575 et
2548 5520 2717 5574 ﬁrmis
2763 5521 2942 5574 causis
2983 5521 3084 5573 huc
3127 5532 3382 5590 praestare

1842 5615 2065 5668 minime
2125 5622 2321 5683 potest.
2397 5611 2506 5665 Nos
2574 5612 2709 5664 alios
2776 5619 2992 5665 sanctos
3050 5611 3382 5667 contrarium

163 5718 530 5769 atlirmantes
596 5706 882 5770 ostendere
954 5718 1061 5758 non
1121 5712 1467 5772 poteramus;
1536 5706 1752 5761 eosdem
1797 5705 1940 5774 ipsos
2008 5702 2385 5777 Occidentales
2447 5702 2603 5757 aliter
2661 5702 2901 5758 dicentes
2952 5702 3104 5768 alibi,
3159 5704 3381 5758 minime
