4136 6324
163 177 273 241 365

1071 177 1172 239 DE
1212 176 1732 240 PROCESSIONE
1773 179 2133 241 SPIBlTUS
2172 181 2465 242 SANCTI.

3250 191 3357 256 366

164 288 272 340 τῶν
312 262 493 357 τριῶν
527 287 798 357 ἰδιώματα
850 284 1193 338 ὑποστατικά
1244 286 1407 350 εἰσιν,
1468 284 1594 338 οὔτε
1645 286 1715 341 τὰ

1821 286 1973 343 sicuti
2016 288 2343 357 paternitas,
2400 290 2591 347 ﬁliatio
2643 302 2699 361 et
2746 297 3046 364 processio.
3101 292 3356 364 Quaedam

161 375 309 429 δυοῐν
337 375 443 429 ίδια
490 377 625 447 πρὸς
656 376 714 429 τὸ
732 375 935 446 τρίτον.
976 373 1114 429 Οὔτε
1174 374 1282 445 μὴν
1339 374 1407 428 τὰ
1460 374 1579 437 ἑνὸς
1618 375 1719 447 μεν

162 466 461 528 “tandem
509 439 565 519 δὲ
586 467 718 533 ίδια,
769 439 848 530 di;
895 439 1250 536 γνὼριστικὰ-
1302 466 1398 519 καὶ
1449 439 1716 535 ἑπόμενά.

174 555 336 610 Ἀλλὰ
363 557 564 620 ταύτας
584 558 746 627 μόνας
775 553 914 610 εἶναι
932 556 1291 627 προσωπικάς
1317 556 1604 625 ἰδιότητας.
1622 557 1720 625 τὴν

162 644 475 717 πατρότητα
486 647 704 718 δηλαδὴ,
723 650 817 703 καὶ
833 646 933 718 τὴν
951 648 1195 719 υἰότητα,
1215 649 1309 702 καὶ
1340 648 1438 717 τὴν
1454 647 1718 718 tat-trapeti-

164 752 274 803 σιν,
302 735 380 801 ὡς
397 738 600 803 ταύτας
633 739 801 810 μόνας
828 739 1149 808 ὑφεστώσας
1175 738 1244 792 τὰ
1264 740 1546 808 πρόσωπα.
1572 726 1641 791 δΑ
1663 736 1719 788 δὲ

159 827 307 882 δυοῐν
326 828 431 882 ίδια
456 830 593 900 πρός
625 830 686 885 τὸ
701 831 904 901 τρίτον,
936 830 1105 885 ταῦτα
1129 828 1544 901 γνωρίσματα.ιῆ
1575 827 1717 880 ἰδιώ-

163 934 311 984 ματα
340 917 435 973 δύο
463 920 624 975 τινῶν
654 916 794 977 εἶναι
844 920 1171 991 προσώπων.
1218 920 1358 976 ΞΚαί
1402 919 1575 973 ταῦτα
1615 917 1713 986 μὲν

160 1010 360 1074 οὕτως.

164 1112 325 1170 tates,
356 1109 653 1176 paternitas
680 1108 964 1175 nimirum,
994 1116 1058 1163 et
1096 1108 1285 1164 ﬁliatio
1346 1115 1401 1165 et
1461 1103 1740 1174 proc688i0
1760 1143 1775 1169 ν

1818 391 1969 441 vero,
2001 376 2249 445 quamvis
2281 378 2451 432 insint
2492 381 2584 434 uni
2617 381 2742 447 soli,
2786 400 2979 441 verum
3005 401 3124 440 non
3150 388 3358 442 consti-

1818 474 2000 529 tuunt,
2032 464 2128 520 sed
2157 474 2367 520 tantum
2394 468 2678 523 declarant
2710 485 3023 539 personam,
3046 485 3105 528 ut
3127 474 3362 531 inPatre

1816 569 1937 609 esse
1972 552 2297 625 ingenitum.
2325 554 2711 626 Ncque'igitur
2747 573 2868 627 quae
2900 563 3213 617 communia
3235 575 3363 618 sunt

1818 644 1994 699 tribus
2046 644 2318 712 personis,
2373 646 2735 714 proprietates
2790 658 2920 703 sunt
2969 649 3359 719 hypostaticre;

1822 749 1999 803 neque
2036 747 2099 787 ea
2132 748 2251 801 qua:
2283 734 2513 796 duarum
2534 734 2600 788 ad
2628 737 2845 793 tertiam
2875 740 3095 808 propria
3117 752 3265 795 sunt.
3296 745 3364 797 At

1821 838 1998 893 neque
2027 838 2146 893 quae
2169 824 2332 883 unius
2365 826 2583 895 propria
2618 836 2765 891 sunt,
2802 829 2878 882 ita
2916 836 3095 884 tamen
3122 834 3363 900 propria,

1819 922 1881 969 ut
1907 929 2026 984 qua:
2050 925 2235 969 notam
2264 925 2320 970 et
2358 917 2696 971 manifestam
2736 917 2959 981 faciant,
2985 927 3042 973 et
3066 932 3366 989 sequantur

1817 1020 2129 1077 personam.
2155 1006 2261 1061 Sed
2290 1022 2368 1061 eae
2395 1018 2602 1062 tantum
2631 1016 2757 1062 sunt
2788 1010 3103 1077 personales
3125 1013 3365 1079 preprie~

1816 1101 2018 1171 quippe
2060 1116 2180 1170 quze
2217 1102 2301 1157 ba:
2352 1103 2479 1156 solae
2524 1116 2782 1170 personas
2831 1106 3189 1159 constituunt.
3238 1107 3365 1169 Quae

160 1211 297 1251 vero
350 1197 582 1256 duarum
620 1217 977 1272 personarum
1021 1190 1090 1259 ad
1133 1205 1346 1261 tertiam
1397 1200 1619 1271 propria
1676 1202 1838 1261 sunt,
1873 1193 2124 1249 notiones
2185 1193 2269 1249 vel
2316 1194 2679 1264 preprietates
2726 1193 2956 1248 duarum
3006 1208 3365 1265 personarum

160 1291 459 1350 exsistunt.
489 1296 557 1349 Et
590 1296 704 1352 haec
726 1296 949 1365 quidem
978 1297 1053 1352 ita
1090 1312 1149 1353 se
1176 1298 1411 1352 habent.

236 1387 456 1441 Τούτων
511 1390 568 1442 δὲ
628 1362 901 1460 ῥηθέντων
958 1391 1434 1446 συναποδείκνυται
1496 1362 1591 1443 καί
1646 1386 1708 1439 τὸ

1879 1378 1975 1434 llis
2026 1392 2158 1433 vero
2201 1377 2385 1442 dictis,
2429 1376 2700 1446 probatur
2733 1375 2974 1445 Spiritus
3028 1380 3251 1431 sanctus
3300 1392 3367 1430 ex

162 1478 390 1547 Πνεῦμα
426 1478 485 1531 τὸ
523 1477 677 1546 ἅγιον
713 1481 777 1533 ὲκ
816 1480 1027 1551 Πατρδς
1063 1481 1130 1533 δι’
1155 1479 1285 1533 Υἰοῦ
1323 1477 1717 1548 ἐκπορεύεσθαι

159 1565 357 1629 οὕτως.
1454 1596 1461 1623 λη

234 1658 335 1710 Διὰ
378 1660 479 1727 τῆς
518 1662 740 1730 πρώτης
786 1662 881 1713 καὶ
926 1660 1129 1729 ἀμέσου
1171 1659 1448 1733 δνεργείας
1490 1662 1719 1716 ἑκάστου

161 1749 339 1800 πᾶσαι
381 1749 437 1800 αἰ
479 1748 633 1802 ἄλλαι
674 1747 1049 1803 ἔπιτελοῦνται
1091 1748 1387 1818 ινέργειαι.
1427 1749 1627 1817 Πρώτη
1668 1747 1724 1799 δὲ

162 1838 417 1905 ἐνέργεια
447 1838 539 1891 καί⁸
570 1838 771 1907 ἇμεσος
795 1838 889 1892 τοῦ
920 1839 1129 1908 Πατρός
1158 1841 1274 1893 ἐστι
1300 1840 1359 1891 τδ
1385 1839 1598 1907 γεννᾷν.
1625 1837 1723 1888 Διὰ

161 1927 257 1978 τοῦ
302 1928 493 1995 γεννᾷν
534 1928 641 1995 ἄρα
680 1929 713 1996 ἡ
755 1928 849 1980 τοῦ
895 1931 1047 1981 πνεῖν
1087 1928 1411 1982 ἐπιτελεῖται
1450 1928 1718 1995 ἐνέργεια.

163 2017 277 2069 Καὶ
298 2015 467 2078 οὕτως
488 2019 546 2068 ὲκ
575 2017 785 2085 Πατρδς
813 2018 879 2069 δι’
906 2017 1035 2069 Υἰοῦ
1050 2016 1403 2086 ἐκπορεύεται
1423 2017 1482 2068 τὸ
1504 2016 1722 2082 Πνεῦμα

164 2104 223 2155 τὸ
257 2103 437 2169 ἅγιον.
466 2103 537 2154 Τὸ
566 2103 622 2155 δὲ
654 2103 728 2157 δι’
754 2104 888 2157 Υίοῦ
918 2106 1036 2157 τίνα
1068 2106 1165 2172 τὴν
1196 2104 1422 2171 δύναμιν
1455 2103 1565 2171 ἔχει
1585 2143 1599 2167 ,
1631 2103 1723 2153 καὶ

161 2195 216 2245 τί
244 2194 278 2263 ἡ
306 2192 405 2245 διὰ
432 2192 659 2246 ἐνταῦθα
685 2192 853 2262 δηλοῖ,
880 2193 960 2244 ὅτι
985 2194 1180 2261 δηλαδὴ
1206 2192 1383 2245 αἰτίαν
1410 2193 1722 2260 μεσιτεύον-

169 2302 271 2338 σαν
292 2325 308 2351 ,
351 2284 550 2347 ἱκανῶς
584 2285 641 2337 ὲν
674 2283 749 2352 τῷ
782 2283 922 2351 Περὶ
956 2282 1223 2348 ἐνώσεως
1257 2282 1527 2335 δείκνυται
1561 2283 1721 2352 λόγῳ.

240 2460 368 2512 τΕτι
400 2460 459 2512 τὸ
494 2456 716 2527 Πνεῦμα
746 2457 809 2511 τδ
844 2458 1001 2527 ἅγιον
1030 2459 1063 2528 ἢ
1092 2458 1155 2511 ἐκ
1188 2456 1283 2511 τοῦ
1319 2458 1527 2527 Πατρὸς
1562 2459 1723 2510 ἐκπο-

174 2548 401 2618 ρεύεται
436 2551 594 2617 μόνον
619 2586 633 2613 ,
662 2547 697 2619 ἢ
733 2548 831 2601 οὐκ
865 2541 928 2601 ὲκ
965 2549 1125 2619 μόνον
1158 2548 1250 2601 τοῦ
1287 2544 1499 2617 Πατρός
1525 2565 1538 2579 ⁸
1579 2550 1727 2602 ἀντι-

168 2645 393 2715 φάσεως
416 2642 523 2713 γὰρ
550 2643 700 2696 οὐδὲν
727 2641 958 2713 μεταξύ.
994 2642 1150 2695 Ἀλλὰ
1179 2642 1283 2711 μὴν
1309 2645 1407 2694 οὐκ
1436 2642 1727 2713 ὲκπορεύε·

166 2752 259 2790 ται
287 2737 353 2787 ὲκ
382 2735 542 2804 μόνον
568 2733 661 2786 τοῦ
688 2733 928 2803 Πατρός⁶
962 2733 1011 2786 εἰ
1035 2733 1090 2785 δὲ
1115 2732 1212 2785 οὐκ
1237 2732 1301 2785 ὲκ
1329 2733 1519 2801 μόνον,
1548 2733 1641 2785 καὶ
1667 2732 1729 2783 ὲκ

167 2826 263 2879 τοῦ
299 2824 435 2878 Υἰοῦ
467 2826 596 2895 ἄρα.
622 2825 743 2878 Ὀτι
776 2825 820 2877 δ’
844 2825 944 2878 οὐκ
976 2828 1037 2877 ὲκ
1074 2824 1236 2895 μόνον
1268 2822 1359 2876 τοῦ
1396 2822 1607 2892 Harpe;
1637 2824 1728 2873 ὲκ-

1823 1472 1987 1527 Patre
2017 1484 2114 1539 per
2137 1469 2333 1525 Filium
2366 1468 2667 1538 procedere
2694 1480 2711 1533 ;
2753 1472 2810 1521 In
2846 1466 2993 1520 hunc
3022 1466 3265 1522 modum.

1891 1648 1995 1703 Per
2025 1646 2261 1715 primam
2294 1654 2350 1701 et
2379 1645 2751 1701 immediatam
2781 1647 3155 1716 operationem
3185 1647 3374 1702 unius-

1823 1739 2089 1808 quUsque
2130 1747 2339 1794 caeteras
2400 1752 2591 1792 omnes
2645 1739 2996 1807 operationcs
3042 1736 3369 1794 eﬂiciuntur.

1822 1830 2001 1883 Prima
2032 1836 2214 1882 autem
2242 1839 2297 1882 et
2334 1828 2647 1881 immediata
2681 1829 2927 1896 operatio
2963 1829 3142 1884 Patris
3170 1840 3254 1883 est
3285 1846 3376 1899 ge-

1822 1931 2017 1972 nerare
2042 1933 2056 1981 ;
2094 1916 2257 1985 igitur
2286 1930 2386 1983 per
2414 1929 2675 1983 generare
2706 1908 2955 1983 operatio
2984 1917 3229 1985 spirandi
3258 1920 3373 1972 etii-

1824 2010 1988 2062 citur.
2022 2009 2200 2075 Atque
2230 2008 2303 2060 ita
2334 2020 2396 2059 cx
2420 2006 2580 2060 Patre
2612 2021 2708 2074 per
2739 2007 2935 2061 Filium
2976 1993 3225 2077 procedit
3256 2009 3375 2077 Spi-

1823 2097 1962 2151 ritus
1987 2106 2230 2152 sanctus.
2259 2096 2395 2150 Illud
2417 2105 2595 2151 autem
2616 2114 2707 2166 per
2741 2096 2966 2162 Filium,
2994 2114 3155 2167 quam
3178 2099 3377 2153 habeat

1821 2184 1953 2249 vim,
1994 2184 2233 2254 quidque
2284 2185 2372 2240 hic
2422 2185 2732 2255 praepositio
2778 2201 2871 2254 per
2901 2184 3191 2254 signiﬁcet,
3227 2185 3375 2254 quod

1824 2276 2083 2330 nimirum
2129 2290 2350 2331 causam
2400 2274 2854 2330 intervenientcm
2902 2284 2957 2328 et
3008 2275 3282 2341 mediam,
3319 2276 3375 2329 in

1824 2368 2076 2423 oratione
2107 2367 2180 2421 De
2214 2369 2498 2422 concordia
2533 2366 2666 2421 satis
2691 2367 3001 2423 ostenditur
3032 2365 3130 2437 (ἰ).

1894 2460 2159 2515 Praeterea
2200 2460 2435 2529 Spiritus
2458 2472 2677 2515 sanctus
2716 2460 2803 2514 vel
2836 2474 2866 2513 a
2900 2460 3018 2515 solo
3055 2459 3213 2515 Patre
3244 2475 3376 2529 pro-

1827 2552 1996 2615 cedit,
2034 2552 2121 2605 vel
2155 2564 2264 2606 non
2293 2567 2323 2605 a
2363 2551 2482 2606 solo
2508 2552 2692 2605 Patre.
2730 2550 3193 2606 Contradictionis
3231 2552 3377 2605 enim
3406 2543 3410 2547 ⁴

1830 2642 1963 2695 nihil
1996 2651 2077 2696 est
2107 2641 2368 2695 medium.
2390 2641 2553 2710 Atqui
2580 2656 2689 2694 non
2719 2656 2747 2694 a
2775 2643 2893 2696 solo
2920 2642 3079 2695 Patre
3109 2642 3373 2708 procedit.

1832 2732 1890 2788 Si
1922 2740 2098 2789 autem
2122 2746 2231 2787 non
2270 2747 2299 2786 a
2326 2718 2442 2786 solo
2464 2772 2481 2797 ,
2509 2732 2677 2801 igitur
2712 2740 2769 2786 et
2803 2746 2833 2785 a
2873 2728 3028 2803 Filio.
3056 2730 3209 2795 Quod
3248 2746 3398 2785 vero.

1829 2839 1940 2878 non
1974 2839 2005 2878 a
2029 2824 2146 2879 solo
2179 2825 2339 2879 Patre
2373 2822 2650 2891 procedat,
2674 2825 2754 2879 sic
2776 2822 3103 2877 ostenditur.
3134 2820 3377 2875 Primum

168 2916 504 2985 τωρεύεται,
548 2916 821 2970 δείκνυται
868 2916 1058 2979 οὕτως.
1105 2917 1305 2986 Πρῶτα
1353 2914 1452 2997 μὲν
1494 2913 1727 2983 οὐδαμοῦ

1831 2913 2050 2983 quidem
2087 2927 2379 2982 nusquam,
2409 2927 2585 2981 neque
2611 2910 2664 2965 in
2708 2910 2895 2967 divina
2923 2909 3230 2979 Scriptura,
3276 2924 3375 2981 nc-

168 3008 295 3061 οὔτε
328 3009 429 3078 τῆς
458 3009 605 3071 θείας
634 3008 877 3075 Γραφῆς,
912 3006 1033 3060 οὒτε
1062 3008 1169 3060 τῶν
1200 3005 1535 3059 διδασκάλων
1561 3006 1725 3076 εῦρη-

168 3118 261 3152 ται
300 3101 593 3170 εἰρημένον
617 3116 632 3132 ο
667 3100 694 3153 ὃ
728 3100 784 3153 δὲ
820 3100 922 3152 ὑπό
954 3116 1097 3161 τινος
1127 3100 1330 3152 τούτων
1362 3099 1461 3152 οῦκ
1496 3097 1721 3167 εἴρηται,

166 3191 353 3243 οὐδενὶ
403 3190 696 3259 τολμητέον
749 3190 920 3243 εἰπεῖν
949 3207 962 3222 ο
1010 3190 1199 3242 ἔπειτα
1247 3190 1308 3241 τὸ
1363 3189 1723 3259 προϐάλλειν,

167 3282 427 3351 ἐνέργεια
460 3280 549 3333 τοῦ
589 3280 798 3349 Πατρὺς
834 3281 1096 3347 οὑσιώδης
1133 3280 1264 3333 οῦσα
1300 3279 1362 3330 οὐ
1404 3281 1591 3346 πρώτη
1618 3281 1725 3331 οὐδ’

168 3374 406 3441 ἄμεσος,
434 3371 758 3424 ἐπιτελεῖται
786 3371 872 3424 διὰ
896 3372 992 3439 τῆς
1019 3371 1259 3438 πρώτης,
1288 3371 1408 3438 ἥτις
1435 3370 1724 3439 ἀπεδείχθη

168 3456 307 3513 οῦσα
340 3461 406 3512 τὸ
437 3460 627 3528 γεννᾷν
662 3458 755 3510 καὶ
788 3459 819 3525 ἡ
852 3457 1103 3523 γέννησις
1129 3470 1143 3485 ·
1180 3455 1318 3508 ὥστε
1354 3453 1446 3506 καὶ
1478 3453 1568 3505 τὸν
1604 3455 1727 3505 Υἱὸν

167 3550 382 3617 ταύτης
413 3548 628 3617 ἀνάγκη
658 3548 758 3614 τῆς
788 3546 1067 3614 ἐνεργείας
1095 3546 1389 3608 κοινωνεῖν,
1421 3545 1514 3595 καὶ
1540 3544 1609 3596 δι’
1632 3545 1727 3595 αὺ-

168 3638 263 3692 τοῦ
305 3639 371 3690 τὸ
416 3621 640 3706 Πνεῦμα
680 3617 763 3689 ze'
783 3636 937 3702 ἅγιον
979 3635 1393 3703 ἐκπορεύεσθαι.
1421 3625 1627 3698 "and;
1668 3652 1724 3687 τε

169 3725 405 3791 πάντων
425 3723 694 3777 κοινωνῶν
720 3726 747 3777 ό
771 3708 899 3785 Υἱὸς
923 3723 998 3794 τῷ
1023 3726 1217 3791 Πατρὶ,
1242 3722 1378 3791 πλὴν
1401 3724 1510 3777 τῶν
1539 3742 1729 3777 συστα-

170 3815 345 3867 τικῶν
377 3812 677 3881 ἰδιοτήτων,
706 3814 1021 3883 κοινωνήσει
1050 3816 1141 3867 καί
1166 3814 1263 3885 τῆς
1290 3814 1380 3866 τοῦ
1408 3814 1729 3883 προϐάλλειν

168 3905 483 3973 δυνάμεως.
513 3903 744 3973 φυσικῆς
776 3904 873 3972 μὲν
900 3904 976 3974 τῷ
1005 3904 1198 3973 Πατρί,
1230 3905 1288 3957 οὐ
1320 3906 1648 3973 συστατικῆς
1672 3906 1727 3958 δὲ

170 3997 263 4050 τοῦ
304 3977 830 4064 προσώπουάὑτοῦ,
867 3995 939 4057 ὡς
976 3996 1187 4064 εἴρηται
1210 4035 1226 4059 ,
1262 3996 1445 4065 οὔσης.
1475 3996 1635 4048 Ὥστε
1670 3997 1729 4049 τὸ

170 4087 405 4158 Πνεῦμα
438 4089 503 4141 ὲκ
536 4086 745 4157 Πατρὸς
782 4088 874 4141 καὶ
910 4087 1061 4148 Υἰοῦ,
1097 4089 1127 4157 ἢ
1166 4090 1230 4141 ἐκ
1264 4089 1474 4157 Πατρὸς
1506 4090 1575 4139 δι’
1602 4089 1727 4140 Υἱοῦ

1828 3020 1935 3075 que
1963 3005 2106 3074 apud
2138 3006 2413 3070 doctores,
2447 3004 2723 3060 invenitur
2750 3004 2978 3062 dictum.
3011 3002 3163 3069 Quod
3194 3010 3377 3055 autem

1829 3113 1857 3151 a
1883 3096 2100 3151 nemine
2140 3098 2371 3151 istorum
2418 3094 2623 3149 dictum
2668 3103 2772 3161 est,
2824 3093 3028 3149 nemini
3067 3092 3378 3148 audendum

1828 3196 1910 3240 est
1940 3185 2143 3240 dicere.
2176 3184 2379 3239 Deinde
2416 3184 2742 3252 producere,
2761 3198 2884 3238 cum
2915 3182 2987 3237 sit
3012 3184 3255 3251 operatio
3279 3182 3379 3237 Pa-

1832 3275 1927 3329 tris
1954 3276 2282 3339 esscntialis,
2321 3288 2425 3327 non
2458 3274 2633 3343 prima
2668 3287 2846 3342 neque
2888 3272 3196 3327 immediate
3218 3311 3231 3337 ,
3262 3272 3378 3327 cili-

1829 3366 1968 3419 citur
2021 3380 2115 3433 per
2157 3366 2409 3433 primam,
2459 3378 2581 3432 quae
2634 3373 2855 3418 ostensa
2902 3372 2984 3417 est
3021 3377 3281 3432 generare
3324 3372 3379 3415 ct

1830 3452 2147 3519 generatio;
2184 3451 2257 3503 ita
2298 3459 2355 3503 ut
2390 3464 2610 3503 necesse
2662 3450 2732 3501 sit
2759 3449 2924 3503 etiam
2980 3448 3178 3501 Filium
3215 3450 3388 3516 hujus-

1828 3541 2159 3608 operationis
2182 3542 2497 3608 participem
2526 3555 2667 3600 esse,
2691 3554 2753 3591 ac
2777 3554 2873 3606 per
2902 3539 3081 3605 ipsum
3108 3536 3375 3604 Spiritum

1828 3636 2072 3680 sanctum
2121 3629 2436 3695 procedere.
2474 3627 2781 3680 Praesertim
2814 3640 2938 3679 cum
2971 3635 3025 3680 et
3058 3625 3226 3681 Filius
3261 3641 3387 3705 oms.

1830 3719 1920 3771 nia
1972 3717 2073 3773 sibi
2114 3718 2426 3772 communia
2478 3733 2601 3771 cum
2640 3717 2796 3772 Patre
2844 3717 3089 3781 habeat,
3140 3720 3379 3786 exceptis

1830 3808 2193 3864 constitutivis
2246 3808 2710 3878 proprietatibus,
2769 3822 3112 3863 communem
3161 3826 3379 3879 quoque

1832 3900 2049 3954 habebit
2078 3900 2373 3970 potentiam
2402 3899 2755 3969 producendi,
2780 3914 2897 3968 qua:
2919 3900 3135 3968 quidem
3164 3912 3382 3953 natura-

1829 3991 1900 4045 lis
1924 4004 2003 4045 est
2029 3991 2197 4056 Patri,
2218 4006 2325 4046 non
2353 4001 2529 4046 tamen
2562 3990 2707 4045 illius
2732 4006 2977 4059 personae
3003 3992 3375 4054 constitutiva,

1833 4093 1893 4137 ut
1932 4083 2137 4137 dictum
2175 4093 2278 4136 est.
2324 4084 2514 4149 itaque
2560 4082 2797 4150 Spiritus
2830 4098 2896 4135 ex
2928 4081 3085 4136 Patre
3128 4092 3183 4134 et
3221 4082 3374 4143 Filio,

170 4179 565 4251 ἐκπορεύεται.
601 4179 853 4250 Διαφέρει
887 4179 995 4248 γὰρ
1029 4181 1178 4233 οὐδὲν
1210 4182 1301 4232 ἐπὶ
1331 4181 1425 4249 τῆς
1459 4180 1727 4245 θεολογίας

1832 4172 1916 4224 vel
1946 4186 2013 4225 ex
2046 4169 2205 4223 Patre
2243 4185 2339 4237 per
2374 4169 2570 4221 Filium
2598 4171 2865 4237 procedit.
2898 4171 2954 4223 Si
2994 4171 3212 4239 quidem
3241 4171 3379 4222 inter

170 4276 271 4344 τῆς
304 4272 380 4325 ἐκ
410 4272 444 4341 ἡ
475 4270 593 4324 διά.

243 4448 309 4501 Εἰ
350 4446 412 4499 δέ
447 4461 530 4506 τις
568 4444 740 4508 εῐποι,
778 4441 961 4511 κοινὴν
998 4439 1137 4495 εἶναι
1175 4442 1285 4495 δεῖν
1320 4443 1413 4494 καὶ
1445 4440 1519 4512 τῷ
1562 4443 1732 4496 Πνεύε

174 4557 305 4609 ματι
344 4536 428 4605 τῷ
464 4535 604 4604 ἁγίῳ
638 4534 737 4600 τὴν
772 4534 997 4603 δύναμιν
1016 4536 1109 4589 τοῦ
1148 4519 1487 4604 προσάλλειν,
1528 4534 1601 4597 ὠς
1641 4536 1733 4587 οὑ-

173 4631 389 4697 σιώδηο
449 4627 668 4683 πάντων
714 4626 823 4697 γὰρ
875 4631 968 4682 καὶ
1016 4628 1146 4682 αὐτὸ
1193 4629 1437 4682 κοινωνεῖ
1481 4626 1590 4681 τῶν
1642 4629 1736 4680 οὐ·

174 4720 391 4774 σιωδῶν
412 4736 426 4748 ·

244 4809 494 4864 Μαθὲτω
530 4812 557 4863 ὁ
588 4808 825 4872 τοιοῦτος
859 4809 1019 4862 τοῦτο
1058 4810 1314 4863 ἀδύνατον
1348 4807 1525 4875 εἶναι...
1556 4808 1645 4863 διὰ
1678 4811 1737 4863 τὸ

175 4903 535 4956 ἀντιπίπτειν
569 4903 636 4969 τῇ
678 4901 839 4953 αὐτοῦ
883 4901 1122 4970 ἰδιότητι.
1164 4902 1237 4953 Ού
1277 4902 1497 4953 δύναται
1535 4901 1643 4971 γὰρ
1681 4901 1738 4955 τδ

174 4992 309 5045 αὐτὸ
354 4990 552 5044 ἑαυτοῦ
595 4992 762 5045 αἴτιον
806 4989 963 5045 εἶναι.
994 4993 1242 5046 Ἔκαστα
1281 4993 1387 5063 γὰρ
1431 4993 1538 5045 τῶν
1578 4993 1735 5047 θείων

248 5165 329 5231 (1)
372 5161 503 5215 Haec
534 5162 704 5230 prima
735 5161 985 5230 probatio
1026 5178 1147 5217 cum
1185 5161 1253 5215 sit
1291 5160 1559 5227 negativa,
1598 5162 1735 5215 nihil

177 5246 310 5285 sane
341 5232 577 5293 valeret,
614 5232 717 5285 nisi
756 5241 899 5284 esset
928 5233 993 5283 ad
1032 5231 1329 5285 hominem.
1371 5231 1588 5295 Optime
1637 5233 1738 5282 ita-

176 5314 283 5363 que
326 5300 533 5351 militat
567 5300 827 5354 adversus
856 5299 1089 5363 Graecos,
1123 5302 1213 5366 qui
1252 5314 1316 5352 ex
1352 5298 1643 5366 Evangelio
1682 5306 1737 5351 et

177 5368 473 5437 Scriptura
530 5382 676 5437 sacra
708 5368 1016 5423 nitebantur
1059 5370 1287 5437 probare
1335 5367 1595 5435 Spiritum
1631 5383 1736 5420 non

180 5436 486 5503 procedere
522 5450 587 5487 cx
627 5435 780 5496 Filio.
822 5438 947 5502 quia
982 5435 1072 5492 ibi
1109 5453 1213 5489 non
1249 5437 1477 5489 habetur
1527 5438 1630 5491 nisi
1671 5451 1737 5491 ex

179 5503 700 5572 Patre’procedere.
737 5505 871 5557 Dicit
900 5520 1027 5576 ergo
1062 5507 1345 5561 Bcssarion
1395 5505 1471 5559 ibi
1508 5519 1617 5561 non
1647 5507 1740 5560 lia-

1766 4247 1809 4299 Ῑ)
1842 4257 2273 4325 praepositionem
2306 4271 2388 4320 ex,
2420 4266 2474 4309 et
2504 4273 2617 4325 per,
2648 4256 2701 4309 iit
2742 4258 3015 4326 theologia
3046 4258 3181 4309 nihil
3214 4258 3379 4310 inter-

1833 4356 1938 4402 est.

1905 4439 1959 4491 Si
1991 4438 2115 4508 quis
2146 4452 2274 4492 vero
2310 4437 2453 4491 dicat
2497 4451 2842 4496 communem
2871 4436 3071 4491 debere
3100 4451 3218 4490 esse
3254 4451 3378 4490 cum

1835 4529 1944 4584 illis
1968 4540 2021 4584 et
2050 4529 2275 4598 Spiritui
2304 4539 2493 4586 sancto
2518 4531 2628 4584 vim
2650 4529 3009 4599 producendi,
3038 4528 3238 4599 quippe
3261 4544 3379 4597 qua:

1836 4622 1907 4675 sit
1929 4622 2267 4687 essentialis;
2297 4624 2542 4677 omnium
2586 4623 2733 4677 enim
2779 4622 3151 4678 essentialium
3180 4630 3233 4675 et
3263 4623 3378 4689 ipsc

1838 4712 2070 4782 Spiritus
2090 4716 2364 4783 particeps
2390 4722 2510 4770 est:

1905 4805 2084 4859 Discat
2118 4806 2219 4859 iste
2247 4805 2367 4858 talis
2392 4805 2498 4858 hoc
2522 4803 2673 4857 nullo
2695 4802 2856 4857 modo
2886 4800 3001 4854 ﬁeri
3024 4814 3205 4870 posse,
3232 4798 3377 4867 quod

1835 4897 1953 4968 ejus
1991 4896 2308 4965 proprietati
2343 4903 2627 4964 repugnet.
2671 4894 2790 4945 Non
2837 4892 2982 4946 enim
3030 4900 3205 4960 potest
3234 4891 3411 4957 idem~

1836 4987 1919 5041 sui
1952 4987 2123 5054 ipsius
2172 4999 2331 5038 causa
2377 4999 2519 5039 esse.
2560 4982 2799 5052 Singulae
2843 4983 2991 5037 enim
3027 4982 3226 5037 divina:
3258 4996 3378 5049 pcr-

1836 5163 1950 5216 beri
1984 5179 2045 5215 ex
2081 5162 2195 5215 solo
2233 5164 2409 5225 Patre,
2450 5178 2577 5231 ergo
2612 5172 2667 5217 et
2704 5179 2769 5216 ex
2806 5161 2963 5216 Filio.
2999 5163 3067 5214 Et
3095 5163 3165 5214 ita
3206 5161 3379 5231 semel

1836 5232 2031 5284 accidit
2052 5242 2129 5298 ut,
2150 5248 2273 5285 cum
2304 5229 2824 5301 quidatuGrzeculus
2850 5229 3377 5301 objecissetcuidatn

1838 5302 2050 5377 Eatino,
2100 5319 2197 5377 cur
2252 5297 2425 5356 Latini
2476 5302 2801 5377 addiderint
2825 5301 2890 5354 ad
2922 5297 3377 5377 'Sym'l‘iolumvex

1838 5369 1973 5424 Filio
2000 5372 2310 5437 procedere,
2337 5387 2458 5424 cum
2482 5387 2583 5423 non
2610 5372 2678 5423 sit
2700 5371 2955 5433 scriptum
2990 5366 3041 5437 in
3068 5366 3371 5430 Evangelii),

1839 5434 2030 5511 merito
2058 5434 2313 5511 audierit,
2348 5456 2443 5492 cur
2474 5440 2636 5492 etiam
2670 5439 2773 5511 ipsi
2802 5437 2969 5511 Grmci
3007 5434 3280 5488 fateantur
3308 5448 3373 5488 ex

1840 5508 1954 5562 solo
1986 5509 2184 5563 Patre?
2213 5509 2327 5573 Quo
2354 5524 2610 5572 responso
2629 5506 2917 5561 conticuit.
