4136 6324
717 324 823 390 367

1660 317 2164 380 BESSARIONIS
2198 318 2258 377 S.
2303 318 2372 383 Β.
2411 317 2481 378 Ε.
2522 316 2984 379 εΑιιῡιΝΑιιε

3779 280 3923 375 stis

715 458 863 501 sense
891 438 1075 496 omnia
1105 436 1422 492 essentiniia
1458 435 1558 490 sibi
1609 446 1800 491 mutuo
1830 436 2260 501 communicant,

2370 437 2677 507 προσώπων
2706 436 3023 491 κοινωνοῦσι
3053 436 3267 493 πάντων
3296 435 3548 509 ἀλλήλοις
3575 435 3684 489 τῶν
3714 435 3923 489 οὐσιω-

716 540 1006 589 manentes
1036 530 1089 584 in
1129 543 1195 584 eo
1232 528 1378 600 quod
1409 538 1553 592 sunt,
1587 538 1640 583 et
1668 538 1949 583 servantes
1976 544 2101 583 suas
2138 542 2264 596 pro-

718 624 997 691 prietates.
1051 620 1272 675 Manens
1319 619 1491 683 enim.
1530 618 1708 687 inquit
1742 633 1969 688 magnus
2006 615 2261 678 Basilius,

717 714 892 766 Filius
922 712 976 765 in
1006 727 1091 777 eo,
1135 710 1381 781 quod\sit
1410 711 1579 764 Filius
1601 752 1615 777 ,
1652 709 1817 763 habet
1854 709 2031 762 omnia
2066 705 2263 760 Patris.

717 802 886 869 Igitur
915 810 966 857 et
1003 803 1240 871 Spiritus
1277 796 1502 855 manens
1534 800 1586 853 in
1622 814 1687 854 eo
1718 799 1862 868 quod
1908 798 1979 852 sit
2008 796 2261 865 Spiritus,

715 893 879 946 habet
908 894 1089 948 omnia
1116 893 1295 948 Patris
1318 902 1374 946 et
1399 892 1545 946 Filii.
1577 891 1711 946 Esse
1738 891 1905 959 igitur
1930 903 2153 943 causam
2179 887 2264 942 sui

715 984 904 1051 ipsius.
945 984 1178 1051 propriae
1222 983 1419 1037 rationi
1462 991 1752 1050 repugnat,
1803 988 1858 1033 ut
1890 979 2094 1033 dictum
2126 985 2208 1029 est
2248 990 2263 1027 :

713 1074 781 1125 ob
813 1089 1041 1141 eamque
1075 1088 1322 1139 causam,
1360 1072 1589 1127 activam
1616 1071 2022 1140 processionem
2065 1068 2265 1120 habere

714 1159 936 1214 minime
960 1170 1157 1229 potest.

785 1248 843 1305 Si
906 1251 1028 1319 quis
1070 1266 1201 1305 vero
1246 1265 1437 1305 rursus
1479 1249 1906 1316 dixerit:Atqui
1931 1248 1975 1301 si
2028 1244 2266 1312 Spiritus

713 1342 1045 1411 operationis
1086 1340 1428 1409 producendi
1477 1340 1584 1394 erit
1633 1353 1866 1407 expers.
1922 1336 2111 1409 saltem
2162 1334 2267 1386 erit

712 1428 985 1497 particeps
1011 1427 1333 1496 generandi,
1359 1425 1819 1497 quemadmodum
1847 1424 2016 1477 Filius
2045 1420 2265 1491 partici-

712 1527 803 1587 pat
830 1519 934 1571 vim
970 1517 1310 1586 producendi
1346 1533 1361 1569 :

783 1602 901 1662 Non
942 1622 1066 1662 eum
1111 1607 1300 1675 fugiat,
1341 1604 1487 1661 istud
1532 1620 1749 1676 quoque
1780 1606 1928 1659 nullo
1961 1605 2120 1658 modo
2150 1604 2264 1657 fieri

713 1712 895 1766 posse.
910 1706 915 1725 ι
930 1692 1133 1761 Primo,
1173 1697 1319 1765 quod
1348 1698 1595 1767 operatio
1614 1698 1905 1766 generandi
1946 1699 2015 1751 sit
2047 1708 2265 1751 ostensa

714 1802 833 1842 esse
860 1786 1106 1853 operatio
1140 1787 1510 1841 constitutivse
1530 1788 1729 1856 speciei
1764 1803 2009 1857 persona:
2054 1789 2229 1842 Patris
2250 1829 2265 1855 ,
2294 1762 2339 1820 Β

715 1890 836 1944 qua:
871 1882 955 1930 est
980 1875 1509 1933 incommunicabilis
1535 1878 1688 1931 alteri
1710 1892 1953 1946 persona:
1979 1899 1992 1932 :
2027 1879 2095 1932 ob
2122 1893 2270 1933 eam-

715 1982 821 2036 que
850 1981 1068 2023 causam
1103 1968 1221 2025 [ieri
1251 1983 1359 2024 non
1387 1979 1585 2038 potest,
1631 1980 1692 2026 ut
1729 1971 1901 2024 altera
1939 1984 2172 2039 persona
2205 1970 2270 2025 il-

714 2056 824 2113 lam
851 2060 1165 2130 participet.

785 2148 1012 2215 Deinde,
1054 2149 1201 2219 quod
1250 2148 1738 2207 contradictionem
1781 2151 1834 2206 in
1879 2167 1939 2208 se
1971 2154 2265 2208 contineat.

716 2234 774 2291 Si
797 2236 944 2292 enim
972 2238 1087 2308 ipse
1118 2238 1355 2310 Spiritus
1384 2251 1613 2311 generat
1645 2242 1861 2305 Filium.
1894 2243 2140 2314 procedit
2172 2258 2270 2297 au-

713 2336 824 2384 tem
855 2331 932 2385 ab
964 2331 1082 2399 ipso
1106 2373 1121 2397 ,
1162 2332 1269 2386 erit
1305 2344 1557 2404 respectu
1604 2335 1873 2405 ejusdem,
1913 2344 1968 2390 et
2001 2350 2183 2403 causa,
2214 2346 2269 2392 et

718 2425 1023 2473 causatum.
1062 2418 1175 2475 Hoc
1194 2430 1388 2476 autem
1420 2432 1505 2479 est
1539 2427 1925 2482 contradictio.

790 2509 861 2562 At
886 2509 1032 2562 enim
1056 2509 1289 2568 fortasse
1310 2512 1456 2568 dicet
1482 2516 1773 2584 quispiam,
1811 2516 1953 2571 istud
1972 2518 2265 2573 absurdum

720 2600 877 2668 sequi
923 2616 989 2655 ex
1012 2615 1080 2655 eo
1110 2604 1254 2671 quod
1292 2619 1778 2675 prasupponamus
1822 2607 2014 2663 Filium
2058 2610 2265 2679 produ-

716 2704 841 2745 cere
886 2690 1152 2762 Spiritum
1195 2709 1209 2747 :
1258 2704 1313 2749 at
1368 2697 1417 2751 si
1461 2697 1565 2752 hoc
1614 2713 1723 2753 non
1764 2711 2123 2769 supponatur,
2171 2701 2265 2756 sed
2328 2766 2331 2767 ν

718 2786 931 2834 tantum
965 2779 1230 2850 Spiritum
1262 2798 1387 2838 cum
1412 2785 1573 2841 Patre
1603 2802 1861 2856 generare
1896 2789 2116 2853 Filium,
2153 2805 2264 2842 non

718 2869 953 2939 amplius
981 2870 1126 2926 istud
1151 2870 1370 2927 absurdi
1405 2884 1684 2943 sequetur.
1715 2875 1823 2929 Cur
1854 2877 1996 2929 enim
2030 2876 2270 2942 Spiritus

715 2968 840 3010 eum
871 2957 1033 3011 Patre
1075 2972 1185 3013 non
1212 2970 1438 3028 generat
1477 2962 1661 3028 potius
1697 2961 1917 3027 Filium,
1954 2961 2049 3015 sed
2097 2959 2271 3015 Filius

722 3059 850 3098 cum
875 3045 1038 3099 Patre
1073 3047 1330 3113 producit
1356 3046 1660 3115 Spiritum?

786 3133 846 3190 Si
878 3132 1001 3204 quis
1034 3149 1165 3203 ergo
1199 3135 1305 3189 ista
1344 3135 1562 3203 dixerit,
1596 3138 1827 3206 primum
1854 3141 1990 3194 sciat
2028 3156 2086 3195 se
2120 3156 2267 3211 quae-

719 3242 864 3293 rere,
899 3240 1021 3296 quae
1051 3241 1216 3283 nemo
1248 3227 1393 3281 alius
1422 3244 1662 3297 unquam
1701 3229 1789 3284 vel
1835 3234 2070 3300 cogitare
2106 3247 2270 3289 ausus

716 3328 823 3373 σει.
868 3315 1074 3370 Deinde
1114 3317 1198 3370 vis
1249 3318 1545 3386 generandi
1598 3319 1937 3390 intelligitur,
1978 3331 2271 3392 antequam

720 3405 1060 3476 intelligatur
1092 3404 1178 3461 vis
1216 3408 1580 3476 producendi,
1611 3419 1864 3479 tanquam
1893 3412 2065 3480 prima
2092 3422 2147 3466 et
2172 3413 2272 3466 im-

721 3498 960 3553 mediata
991 3495 1240 3568 operatio
1268 3498 1468 3567 Patris,
1505 3509 1565 3554 ut
1598 3512 1876 3557 ostensum
1903 3512 2007 3557 est.
2039 3502 2120 3559 Ob
2148 3520 2268 3559 eam

720 3588 895 3661 ipsam
951 3603 1194 3654 causam.
1242 3605 1352 3644 ton
1410 3599 1591 3661 potest
1635 3592 1798 3664 hujus
1840 3595 2112 3666 particeps
2149 3611 2272 3653 esse

724 3679 982 3752 Spiritus.
1022 3679 1368 3736 Produc'endi
1413 3696 1545 3737 vero
1587 3684 1689 3751 vis,
1728 3698 1851 3739 cum
1883 3696 2005 3755 post
2044 3702 2272 3757 genera-

720 3769 925 3826 tionem
955 3768 1080 3825 Filii
1113 3765 1467 3841 intelligatur,
1492 3780 1550 3826 et
1572 3787 1669 3841 per
1698 3776 2098 3842 generationem
2122 3776 2271 3832 illius

720 3861 1007 3928 eﬂlciatur,
1039 3873 1100 3917 ut
1131 3874 1411 3919 ostensum
1440 3877 1555 3930 est,
1602 3865 1722 3920 ﬁeri
1758 3877 1957 3935 potest,
2005 3869 2113 3923 imo
2141 3885 2271 3925 vero

722 3962 779 4008 et
806 3953 1174 4007 necessarium
1208 3962 1310 4015 est.
1338 3965 1398 4007 ut
1427 3970 1546 4008 cum
1570 3958 1685 4023 ipso
1711 3958 2163 4011 communicetur.

796 4040 854 4095 Si
889 4042 1012 4110 quis
1038 4056 1169 4094 vero
1196 4056 1388 4095 rursus
1424 4043 1493 4095 oh
1532 4042 1631 4096 has
1650 4058 1836 4098 causas
1864 4046 2062 4099 dixerit
2090 4065 2102 4100 :
2134 4048 2272 4117 Ergo

725 4133 906 4189 minor
930 4140 1016 4187 est
1047 4130 1287 4201 Spiritus
1315 4130 1474 4185 Patre
1497 4146 1559 4186 ac
1588 4131 1747 4197 Filio,
1775 4133 1824 4188 si
1854 4135 2074 4202 quidem
2113 4137 2273 4191 Pater

726 4233 951 4295 generat
982 4214 1204 4288 Filium,
1235 4232 1289 4277 et
1312 4223 1569 4292 producit
1590 4223 1873 4292 Spiritum,
1900 4226 2071 4281 Filius
2092 4239 2271 4282 autem

722 4321 779 4369 et
808 4315 923 4381 ipse
954 4326 1079 4366 cum
1114 4310 1271 4366 Patre
1313 4312 1568 4382 producit
1608 4311 1873 4383 Spiritum
1904 4330 1917 4366 :
1946 4326 2001 4370 at
2034 4318 2273 4387 Spiritus

2364 525 2470 580 δῶν
2491 566 2505 587 .
2545 527 2774 595 μένοντα
2803 532 2862 579 ἐν
2894 528 2971 594 τῷ
3002 522 3141 579 εἷναι
3179 527 3206 579 ὃ
3240 530 3345 581 εἰσι
3372 569 3386 592 ,
3419 531 3515 582 stat
3551 526 3786 591 σώζοντα
3820 526 3922 594 τὴν

2364 616 2573 670 ἑαυτῶν
2607 617 2866 687 ἰδιότητα.
2898 618 3091 671 Μένων
3120 618 3261 687 γὰρ,
3283 618 3457 687 φησιν
3488 621 3513 672 ὀ
3547 620 3715 686 μέγας
3752 616 3949 668 Bardi--

2362 705 2525 771 λειος,
2557 712 2587 761 ὁ
2623 702 2748 771 Υἱὸς
2785 709 2843 760 ὲν
2878 708 2957 775 τῷ
2994 705 3134 764 εἶναι
3174 708 3319 773 Υίδς,
3360 708 3472 777 ἔχει
3515 709 3687 760 πάντα
3723 707 3792 758 τὰ
3829 706 3920 757 τοῦ

2362 797 2593 866 Πατρός.
2644 798 2751 851 Καὶ
2800 797 2860 849 τὸ
2908 797 3130 866 Πνεῦμα
3177 798 3285 866 ἄρα
3336 798 3497 866 μένον
3546 799 3601 849 ὲν
3648 797 3726 865 τῷ
3777 792 3919 848 εἶναι

2364 889 2603 954 Πνεῦμα,
2631 889 2935 958 ἐχειπάντα
2960 890 3027 941 τὰ
3055 888 3146 941 τοῦ
3167 886 3375 957 Πατρὺς
3403 888 3495 939 καὶ
3524 885 3617 939 τοῦ
3648 885 3781 940 Υίοῦ
3801 901 3816 915 ⁸
3847 884 3926 952 τῷ

2366 978 2479 1047 ίδίῳ
2506 975 2598 1033 οὖν
2623 979 2785 1048 λόγῳ.
2812 979 2886 1040 ὡς
2914 978 3147 1048 εἴρηται,
3177 980 3409 1047 μάχεται
3434 976 3495 1030 τὺ
3523 974 3718 1028 ἑαυτοῦ
3750 976 3927 1027 αἴτιον

2362 1062 2503 1121 εἶναι
2528 1084 2542 1099 ⁸
2584 1072 2677 1121 καὶ
2718 1069 2807 1122 διὰ
2845 1067 3003 1121 τοῦτο
3044 1068 3144 1137 τὴν
3186 1060 3551 1139 ἐνεργητικὴν
3593 1065 3927 1134 ὲκπόρευσιν

2365 1159 2451 1229 ἔχε
2463 1177 2507 1210 ιν
2534 1159 2592 1211 οὐ
2622 1159 2864 1212 δύναται.

2434 1248 2496 1300 Ei
2527 1247 2583 1299 δέ
2611 1265 2693 1309 τις
2724 1249 2883 1303 πάλιν
2912 1250 3076 1309 ετποι,
3101 1246 3243 1300 Ἀλλ’
3266 1246 3413 1317 είπμὴ
3435 1247 3537 1314 τῆς
3563 1246 3654 1299 τοῦ
3686 1246 3928 1315 προϐάλ-

2364 1336 2479 1389 λειν
2529 1339 2808 1409 ἐνεργείας
2859 1339 3105 1392 κοινωνεῖ
3153 1338 3212 1389 τὸ
3264 1336 3521 1405 Πνεῦμα,
3572 1336 3925 1403 κοινωνήσειε

2365 1425 2493 1493 γοῦν
2529 1428 2625 1495 τῆς
2661 1428 2753 1480 τοῦ
2791 1422 3016 1498 γεννᾷν,
3058 1426 3245 1498 ὥσπερ
3284 1427 3313 1479 ὁ
3349 1427 3474 1488 Υἱὸς
3512 1426 3610 1494 τῆς
3650 1424 3743 1477 τοῦ
3786 1441 3927 1493 προ·

2366 1515 2579 1569 ϐάλλειν
2604 1528 2619 1543 ⁰

2435 1608 2525 1674 Μὴ
2570 1608 2878 1662 λανθανέτω
2916 1610 3035 1663 οὐδὲ
3072 1608 3228 1661 τοῦτο
3263 1607 3486 1662 δυνατὸν
3524 1604 3685 1663 εἶναι.
3724 1608 3927 1676 Πρῶτα

2370 1696 2466 1765 μὲν
2492 1698 2577 1750 διὰ
2604 1698 2664 1750 τὸ
2691 1700 2787 1768 τὴν
2818 1700 2911 1751 τοῦ
2940 1702 3130 1768 γεννᾷν
3160 1700 3437 1768 ἐνέργειαν
3467 1699 3559 1752 τοῦ
3591 1701 3927 1752 συστατικοῦ

2369 1784 2541 1847 εἴδους
2599 1787 2693 1843 τοῦ
2749 1788 3011 1857 πατρικοῦ
3060 1788 3350 1855 προσώπου
3400 1790 3496 1842 καὶ
3554 1789 3927 1853 ἀκοινωνήτου

2371 1875 2505 1943 πρὸς
2537 1876 2719 1947 ἕτερον
2751 1878 3126 1945 ἀποδεδεῖχθαι
3161 1878 3443 1947 ἐνέργειαν
3465 1919 3478 1941 ,
3513 1880 3606 1930 καὶ
3642 1861 3733 1929 διὰ
3763 1876 3928 1927 τοῦτο

2368 1964 2626 2019 ἀδύνατον
2661 1963 2798 2020 εἶναι
2830 1967 3154 2037 κοινωνῆσαι
3179 1968 3350 2036 «αὐτῷ
3388 1967 3571 2038 ἕτερον
3608 1968 3927 2036 πρόσωπον.

2443 2120 2674 2196 Ἔπειτα
2706 2143 2762 2195 δὲ
2794 2143 2879 2197 διὰ
2909 2143 2967 2196 τὸ
3007 2144 3277 2213 περιέχειν
3305 2145 3594 2214 ἀντίφασιν
3622 2146 3680 2197 ἐν
3709 2146 3924 2215 ἑαυτῷ*

2368 2235 2417 2287 εί
2449 2236 2557 2304 γὰρ
2588 2235 2715 2287 αὐτὸ
2746 2237 2908 2305 γεννᾷ
2943 2236 3039 2303 μὲν
3068 2236 3157 2287 τὸν
3192 2235 3337 2300 Υίὸν,
3370 2236 3728 2305 ἐκπορεύεται
3760 2237 3804 2288 δ’
3831 2238 3927 2289 ὑπ’

2367 2326 2554 2391 αὑτοῦ,
2585 2326 2735 2380 ἐσται
2766 2326 2900 2396 πρὸς
2928 2327 2987 2378 τὸ
3017 2327 3147 2378 αὐτὸ
3179 2327 3272 2380 καὶ
3302 2326 3493 2392 αίτιον,
3527 2328 3618 2390 καὶ
3651 2329 3933 2381 αίτιατὸντ

2367 2420 2538 2472 Τοῦτο
2564 2420 2607 2471 δ’
2631 2421 2777 2472 ἐστὶν
2806 2418 3111 2486 ἀντίφασις.

2448 2510 2585 2563 Ἀλλ’
2611 2508 2737 2571 ῐσως
2770 2511 2883 2578 ὲρεί
2915 2509 2995 2571 τις
3026 2508 3182 2561 τοῦτο
3212 2508 3271 2560 τὸ
3304 2506 3503 2561 ἄτοπον
3537 2508 3763 2562 ἕπεσθαι
3785 2550 3798 2571 ,
3834 2508 3928 2561 διὰ

2368 2601 2428 2655 τὸ
2458 2594 2917 2670 προῦποτίθεσθαι
2947 2600 3037 2650 τὸν
3068 2599 3193 2651 Υίδν
3225 2594 3545 2667 προϐάλλειν
3574 2600 3635 2653 τὸ
3669 2599 3924 2667 Πνεῦμα.

2369 2694 2431 2744 Εἰ
2456 2692 2511 2743 δὲ
2539 2691 2613 2761 μὴ
2634 2691 2791 2742 τοῦτο
2812 2690 3120 2757 ὑποτεθείη,
3147 2689 3279 2741 ἀλλὰ
3306 2690 3484 2756 μόνον,
3510 2692 3589 2743 ὅτι
3611 2689 3673 2743 τὸ
3698 2691 3928 2759 Πνεῦμα

2372 2784 2469 2834 σὺν
2497 2782 2573 2848 τῷ
2604 2781 2776 2848 Πατρὶ
2801 2782 2963 2848 γεννᾷ
2992 2780 3081 2830 τὸν
3110 2781 3259 2841 Υιὸν,
3286 2780 3442 2834 τοῦτο
3467 2784 3567 2835 οὐκ
3594 2783 3673 2834 ἐτι
3702 2785 3763 2835 τὸ
3790 2784 3927 2835 ἄτο-

2371 2888 2470 2924 πον
2499 2871 2703 2931 ἔψεται;
2734 2870 2885 2921 Διατί
2914 2871 3021 2937 γὰρ
3051 2870 3112 2920 οῦ
3148 2870 3344 2937 μᾶλλον
3374 2871 3435 2922 τὸ
3467 2871 3691 2939 Πνεῦμα
3717 2873 3812 2924 σὺν
3844 2872 3929 2940 τῷ

2371 2960 2546 3028 Πατρὶ
2592 2960 2756 3028 γεννᾷ
2795 2961 2884 3013 τὸν
2925 2960 3074 3023 Υίὸν,
3118 2960 3231 3012 ἀλλ’
3255 2962 3283 3011 ὁ
3326 2962 3463 3030 Υίδς,
3493 2964 3590 3016 σὺν
3627 2961 3929 3032 τῷγΠατρὶ

2372 3047 2661 3117 προϐάλλει
2690 3048 2749 3098 τὸ
2780 3048 3001 3117 Πνεῦμα
3019 3066 3034 3106 ς

2438 3138 2505 3189 Et
2530 3155 2612 3200 τις
2642 3137 2734 3190 οῦν
2761 3137 2931 3191 ταῦτα
2963 3140 3095 3207 φαίη
3118 3180 3132 3206 ,
3164 3140 3354 3208 πρῶτα
3392 3141 3499 3209 μὲν
3518 3141 3648 3193 ἴστω
3679 3139 3859 3208 ζητῶν
3888 3142 3928 3196 ἃ

2368 3227 2557 3298 μηδεὶς
2593 3225 2750 3289 ἄλλος
2784 3225 2915 3279 ποτὶ
2949 3227 3057 3279 οὐδ’
3081 3227 3328 3295 ἐννοῆσαι
3364 3228 3658 3296 ἐτόλμησεν
3681 3245 3696 3261 ·
3732 3230 3931 3282 ἔπειτα

2368 3319 2401 3387 ἡ
2452 3317 2550 3385 μὲν
2591 3317 2685 3369 τοῦ
2730 3318 2922 3387 γεννᾷν
2966 3318 3193 3388 δύναμις
3240 3323 3645 3389 προεπινοεϊται
3688 3304 3785 3390 τῆς
3827 3321 3929 3374 τοῦ

2372 3405 2691 3476 προϐάλλειν
2723 3404 3002 3476 δυνάμεως
3023 3446 3038 3469 ,
3072 3406 3147 3469 ὡς
3182 3406 3372 3476 πρώτη
3407 3407 3502 3461 καὶ
3532 3408 3734 3476 ἄμεσος
3768 3408 3931 3479 ἐνέρ-

2370 3515 2495 3565 γεια
2522 3497 2616 3551 τοῦ
2651 3497 2880 3568 Πατρδς,
2911 3498 3052 3553 καθὰ
3079 3498 3457 3552 ἀποδέδεικται
3483 3514 3497 3529 ·
3528 3505 3621 3552 καὶ
3649 3498 3737 3551 διὰ
3764 3500 3932 3552 τοῦτο

2368 3591 2429 3644 οὐ
2465 3591 2685 3646 δύναται
2716 3592 2917 3662 ταύτης
2959 3594 3238 3645 κοινωνεῖν
3271 3592 3333 3645 τὸ
3374 3591 3633 3660 Πνεῦμα*
3668 3593 3702 3661 ή
3740 3592 3795 3645 δὲ
3824 3592 3929 3644 τοῦ

2370 3682 2689 3753 προϐάλλειν
2736 3682 3093 3751 ἐπινοουμένη
3141 3682 3240 3752 τῆς
3287 3680 3382 3735 τοῦ
3434 3681 3561 3734 Υίοῦ
3609 3681 3932 3750 γεννήσεως

2370 3772 2462 3827 καὶ
2488 3772 2578 3827 διὰ
2606 3773 2703 3845 τῇς
2735 3772 2900 3826 αὐτοῦ
2932 3772 3239 3841 γεννήσεως
3269 3770 3659 3848 ἐπιτελουμένη
3679 3810 3696 3834 ,
3726 3770 3802 3831 ὡς
3831 3770 3933 3823 δὲ·

2369 3863 2614 3935 δεικται,
2650 3864 2750 3917 οὐκ
2787 3862 3047 3925 ἀδύνατος
3067 3900 3084 3928 ,
3117 3862 3250 3915 ἀλλὰ
3286 3860 3486 3929 μᾶλλον
3521 3860 3615 3914 καὶ
3648 3859 3932 3927 ἀναγκαία

2373 3953 2522 4021 αὑτῷ
2552 3952 2944 4006 κοινωνεῖσθαι.

2442 4042 2506 4095 Ei
2539 4041 2597 4093 δι
2628 4058 2710 4101 τις
2741 4040 2892 4102 αὖθις
2926 4041 3013 4093 διὰ
3044 4042 3218 4094 ταῦτα
3251 4045 3428 4107 είποι,
3462 4041 3668 4106 Οὐκοῦν
3702 4041 3933 4095 ἔλαττον

2374 4130 2433 4183 τὸ
2478 4118 2701 4200 Πνεῦμα
2744 4131 2954 4199 Πατρὸς
2993 4131 3088 4183 καὶ
3127 4131 3278 4197 Υίοῦ,
3320 4132 3479 4202 ειπερ
3516 4134 3545 4186 ϐ
3574 4133 3690 4200 νμδν
3732 4132 3933 4201 Πατὴρ

2377 4223 2539 4293 γεννᾷ
2566 4222 2657 4275 τὸν
2683 4220 2812 4274 Υἰδν
2838 4220 2931 4273 καὶ
2958 4220 3247 4288 προϐάλλει
3274 4222 3335 4273 τὸ
3366 4219 3584 4287 Πνεῦμα
3604 4239 3620 4254 ο
3650 4226 3679 4273 ὁ
3706 4222 3763 4273 δὲ
3795 4222 3936 4284 Υἱός

2374 4316 2468 4367 καὶ
2502 4314 2662 4374 αὐτὸς
2698 4312 2795 4365 σῦν
2826 4311 2903 4381 τῷ
2938 4312 3115 4381 Πατρὶ
3145 4308 3438 4381 προϐάλλει
3467 4310 3528 4362 τὸ
3560 4310 3788 4377 Πνεῦμα
3812 4325 3826 4339 ’
3862 4313 3934 4363 τδ

726 4416 907 4471 neque
949 4399 1147 4456 Filium
1181 4411 1423 4473 generat,
1457 4417 1635 4474 neque
1680 4404 1937 4475 seipsum,
1989 4423 2167 4479 neque
2196 4410 2273 4463 al-

2375 4406 2433 4460 δὲ
2465 4404 2690 4475 Πνεῦμα
2716 4403 2837 4476 οὔτε
2866 4404 2954 4455 τὸν
2994 4402 3111 4456 Υίδν
3137 4403 3321 4471 γεννᾷ,
3349 4398 3460 4455 οὔθ’
3486 4400 3642 4455 ἑαυτὸ
3670 4399 3937 4453 οῦθῖῑτεο

726 4508 903 4551 terum
940 4493 1207 4565 Spiritum
1239 4495 1506 4564 producit.

792 4588 942 4643 Vana
973 4595 1057 4641 est
1080 4585 1185 4641 ista
1220 4586 1381 4651 ratio,
1418 4596 1475 4641 et
1510 4598 1698 4643 contra
1736 4590 1913 4658 ipsum
1938 4592 2110 4661 magis
2142 4607 2271 4647 con-

678 4670 681 4675 λ
721 4678 930 4742 cludit.
966 4678 1063 4746 qui
1104 4677 1208 4732 hoe
1247 4676 1467 4732 dixerit.
1507 4677 1565 4733 Si
1606 4680 1751 4733 enim
1787 4681 1988 4735 nullius
2023 4696 2269 4749 personas

724 4783 945 4823 causam
985 4781 1133 4833 esse,
1190 4765 1628 4835 impeﬂectionis
1678 4776 1734 4821 et
1771 4768 2168 4825 imminutionis
2215 4774 2269 4825 in

723 4856 992 4913 Trinitate
1060 4827 1165 4911 hoc
1213 4827 1427 4927 signi}:
1476 4872 1595 4911 esse
1658 4867 1876 4925 oportet
1914 4860 2267 4916 existimare:

724 4948 893 5017 igitur
940 4949 1086 5018 quod
1145 4948 1371 5013 minus,
1423 4962 1491 5003 eo
1542 4948 1687 5018 quod
1748 4950 1868 5018 plus
1916 4966 2271 5018 personarum

725 5038 979 5107 producit
1018 5039 1133 5108 (Ι),
1174 5039 1543 5106 imperfectins
1599 5040 1725 5093 erit.
1776 5042 1883 5094 Sed
1935 5056 2056 5095 cum
2105 5043 2276 5097 Filius

728 5128 1135 5181 unius‘tantum
1172 5143 1415 5195 persona:
1458 5130 1692 5197 Spiritus
1714 5170 1728 5192 .
1762 5146 1885 5184 cum
1922 5134 2077 5186 Patre
2112 5147 2272 5186 causa

730 5220 825 5283 sit,
852 5218 1031 5271 minor
1059 5218 1164 5269 erit
1192 5218 1368 5279 Patre,
1401 5220 1494 5281 qui
1526 5226 1581 5271 et
1614 5219 1784 5287 ipsius
1812 5223 1950 5281 Filii.
1972 5224 2275 5290 ctSpiritus

729 5324 893 5366 causa
934 5307 1171 5363 exsistit.
1212 5308 1282 5358 At
1316 5306 1463 5359 enim
1508 5307 1611 5360 hoc
1647 5311 1729 5361 vel
1770 5311 2044 5376 cogitare,
2088 5314 2278 5365 absur-

728 5404 858 5454 dum
900 5408 1028 5453 est:
1074 5396 1238 5466 igitur
1282 5394 1413 5446 illud
1454 5408 1670 5461 quoque
1722 5396 1963 5461 ejusdem
2022 5396 2279 5449 absurdi-

726 5491 855 5544 tatis
914 5497 1015 5543 est.
1074 5487 1203 5540 Esse
1263 5484 1409 5537 enim
1460 5498 1679 5538 causam
1739 5487 1822 5538 vel
1884 5495 2164 5539 cnusatum
2223 5488 2278 5540 in

801 5610 877 5673 (i)
931 5608 1074 5660 Istud
1123 5596 1253 5659 sane
1302 5604 1356 5657 in
1410 5604 1584 5656 solum
1636 5604 1798 5654 etiam
1837 5600 2279 5673 Fatrem_magis

732 5670 999 5746 quadrare
1049 5675 1429 5746 videtur,’qui
1472 5675 1626 5745 juxta
1678 5676 2013 5728 recentiores
2062 5670 2279 5725 Graecos

2374 4513 2467 4568 ρον
2494 4495 2713 4565 πνεῦμα
2742 4492 3035 4564 προϐάλλει
3058 4509 3074 4526 ο

2441 4588 2684 4649 Maturo;
2713 4590 2741 4639 ὀ
2766 4587 2919 4653 λόγος
2937 4624 2952 4651 ,
2985 4587 3079 4639 καὶ
3110 4583 3234 4639 καθ’
3256 4584 3451 4639 ἑαυτοῦ
3485 4584 3684 4655 μᾶλλον
3712 4586 3741 4637 ὁ
3770 4584 3940 4638 τοῦτο

2374 4679 2598 4747 φάσκων
2631 4679 2990 4746 συμπεραίνει
3012 4692 3026 4707 ·
3060 4679 3109 4729 εί
3142 4678 3249 4746 γὰρ
3284 4677 3534 4740 ἀτελείας
3564 4680 3659 4731 καὶ
3692 4678 3935 4730 ἐλαττώ-

2376 4788 2510 4831 σεως
2537 4767 2695 4821 τοῦτο
2722 4768 2945 4835 σημεῖον
2970 4770 3027 4817 ὲν
3052 4768 3120 4836 τῇ
3147 4767 3339 4835 Τριάδι
3369 4768 3571 4819 οῐεσθαι
3596 4768 3697 4832 δεῖ,
3725 4769 3785 4820 τὸ
3814 4784 3938 4835 μη-

2372 4862 2519 4923 δενὸς
2549 4859 2655 4912 τῶν
2688 4859 2991 4928 προσώπων
3022 4856 3190 4908 αἴτιον
3220 4852 3357 4908 εἶναι
3379 4897 3392 4921 ,
3427 4860 3516 4909 καὶ
3542 4859 3601 4909 τὸ
3627 4858 3938 4911 ἐλαττόνων

2374 4953 2480 5019 ἄρα
2517 4949 2818 5018 προσώπων
2852 4945 3023 4998 αἴτιον
3059 4944 3153 4996 τοῦ
3196 4944 3452 4996 πλειόνων
3488 4944 3663 4996 αίτίου
3703 4946 3936 4998 ἔλαττον

2376 5042 2545 5093 ἔσται.
2585 5040 2723 5092 Ἀλλ’
2748 5041 2776 5091 ο
2818 5038 2942 5099 Υιδς
2984 5035 3099 5096 ἑνὸς
3140 5019 3433 5101 προσώπου
3471 5035 3563 5086 τοῦ
3608 5036 3937 5103 Ιῐνεύματος

2379 5134 2537 5201 μόνου
2574 5134 2744 5192 αἴτιος
2780 5130 2854 5182 ὢν
2892 5128 2986 5180 σὺν
3018 5125 3095 5193 τῷ
3137 5126 3330 5194 Πατρὶ,
3371 5126 3606 5178 ἐλάττων
3640 5127 3795 5179 ἔσται
3829 5128 3941 5179 τοῦ

2379 5222 2607 5289 Πατρὸς,
2646 5222 2817 5271 αίτίου
2855 5218 3002 5273 ὄντος
3040 5216 3131 5266 καὶ
3197 5215 3359 5265 αὑτοῦ
3397 5215 3491 5284 τοῦ
3536 5216 3660 5267 Υίοῦ
3704 5218 3799 5269 καὶ
3835 5217 3941 5268 τοῦ

2378 5311 2711 5378 Πνεύματος.
2752 5306 2907 5359 Ἀλλὰ
2932 5304 3086 5355 τοῦτο
3113 5305 3309 5356 ἄτοπον
3340 5305 3434 5356 καὶ
3467 5305 3625 5372 μόνον
3653 5306 3938 5372 ἐννοῆσαι.

2380 5400 2615 5450 Κάκεῖνο
2652 5398 2827 5448 τοίνυν
2868 5396 2964 5462 τῆς
3004 5393 3190 5459 ὁμοίας
3232 5392 3379 5443 ἐστὶν
3413 5392 3661 5453 ἀτοπίας,
3705 5394 3778 5443 Ἱὸ
3816 5397 3938 5464 γὰρ

2380 5493 2546 5543 αἴτιον
2576 5492 2607 5558 ἦ
2639 5488 2876 5541 alsia-35v
2906 5482 3043 5537 εἶναι
3075 5486 3130 5533 ὲν
3171 5486 3235 5551 τῇ
3264 5483 3451 5551 Τριάδι
3482 5486 3560 5543 εξς
3607 5483 3677 5533 τὰ.
3706 5500 3938 5551 «pom-

2381 5602 2529 5653 solus
2572 5611 2627 5653 et
2669 5609 2894 5669 generat
2932 5606 2985 5650 ct
3028 5593 3302 5669 producit.
3346 5593 3533 5669 Neque
3572 5600 3756 5669 tamen
3808 5595 3944 5650 inde

2380 5670 2466 5725 vel
2502 5663 2825 5739 major'aliis
2857 5665 3108 5738 personis
3137 5671 3399 5719 censetur
3428 5663 3511 5717 vel
3542 5663 3749 5716 minor.
