4136 6324
708 196 811 259 371

1639 199 2141 262 BESSARIONIS
2179 198 2241 261 S.
2279 195 2352 257 Β.
2394 194 2460 258 Ε.
2502 195 2969 257 CARDINAIJS

3805 186 3931 252 3'72

714 309 912 371 stasis,
956 320 1010 364 et
1037 311 1271 366 essentia
1303 327 1361 367 re
1389 311 1533 367 inter
1561 326 1621 368 se
1653 311 1940 366 diﬂerrent
1962 349 1978 370 .
2006 309 2265 379 quemad—

2376 321 2564 371 σωπον,
2597 309 2630 378 ἢ
2663 309 2979 373 ὑπόστασις,
3013 311 3103 361 καὶ
3152 308 3310 361 οὐσία
3351 305 3618 376 διέφερον,
3657 298 3797 372 ἦσαν
3846 302 3930 353 ἂν

715 397 938 452 modum
994 409 1122 453 sunt
1172 415 1231 454 re
1289 401 1404 470 ipsa
1456 409 1567 456 tres
1617 412 1906 470 personae;
1950 401 2037 452 .ita
2094 399 2262 452 etiam

717 495 900 543 essent
940 499 1052 542 tres
1094 491 1366 546 essentia.
1393 491 1542 546 ~Hoe
1581 501 1762 546 autem
1801 490 2134 546 contrarium
2182 496 2268 544 est

719 571 866 628 ﬁdei.
931 576 1299 640 Quamobrem
1359 578 1685 648 cogitatione
1741 581 1965 648 quidem
2025 577 2266 633 essentia

719 663 1024 733 sejungitur
1066 667 1133 721 ab
1169 666 1444 738 ltypostasi
1471 708 1486 733 ,
1536 684 1728 724 revera
1775 679 1957 724 tamen
1989 667 2178 722 eadem
2213 675 2267 722 et

721 771 825 808 una
855 771 943 811 res
975 768 1090 820 est.
1121 762 1402 815 contrario
1429 762 1589 816 modo
1621 769 1783 830 atque
1824 776 1883 818 se
1928 761 2171 815 habeant
2198 759 2268 813 ‘in

721 847 882 901 nobis
914 849 1246 904 hominibus.
1280 850 1495 904 Etenim
1527 851 1581 904 in
1616 851 1776 906 nobis
1805 851 2120 922 conjunctio
2145 848 2268 919 qui-

722 935 843 988 dem
878 948 1104 1003 natura,
1133 940 1344 995 scilicet
1367 941 1739 1007 humanitatis,
1768 956 1890 997 cum
1919 941 2267 1010 uniuscujus-

723 1042 828 1093 que
861 1044 1089 1096 persona
1113 1069 1128 1094 ,
1154 1046 1317 1086 sensu
1348 1033 1578 1100 mentis,
1610 1043 1664 1086 et
1692 1033 2022 1101 cogitatione
2055 1043 2264 1086 tantum

721 1113 852 1167 facit
887 1133 1052 1170 unum
1072 1158 1086 1181 ,
1124 1133 1183 1172 re
1210 1129 1392 1172 autem
1421 1121 1530 1174 duo
1557 1129 1703 1174 sunt.
1735 1120 1851 1174 Alia
1879 1120 2025 1173 enim
2058 1135 2146 1172 res
2179 1127 2264 1174 est

722 1209 1028 1261 communis
1076 1210 1422 1273 humanitas,
1475 1210 1578 1263 alia
1627 1225 1758 1262 vero
1809 1209 1976 1277 hujus
2024 1225 2268 1277 personae

726 1297 1154 1352 individualitas.
1201 1300 1504 1365 Quocirca,
1561 1301 2020 1368 quemadmodum
2070 1315 2263 1355 sumus

694 1389 906 1440 .mnltae
939 1404 1182 1456 personae
1205 1430 1217 1450 ,
1248 1391 1327 1442 sic
1355 1393 1518 1443 etiam
1553 1391 1705 1443 multi
1741 1390 2012 1445 homines.
2049 1391 2114 1443 Et
2143 1391 2266 1444 ideo

728 1493 838 1528 non
891 1479 1202 1530 necessario
1225 1520 1240 1539 ,
1273 1480 1414 1545 quod
1445 1495 1509 1532 ex
1539 1491 1732 1532 natura
1764 1488 1848 1534 est
1893 1480 2125 1549 alicujus
2156 1529 2157 1532 η
2198 1496 2264 1536 ex

727 1583 954 1632 persona
987 1576 1204 1637 quoque
1237 1569 1383 1624 illius
1411 1581 1514 1625 est.
1560 1573 1628 1626 At
1673 1586 1802 1625 vero
1833 1573 1887 1626 in
1923 1573 2262 1626 sanctissima

728 1655 1014 1721 Trinitate,
1047 1668 1105 1713 ut
1135 1660 1338 1714 dictum
1370 1672 1472 1727 est,
1507 1673 1674 1716 totum
1703 1663 2010 1734 oppositum
2039 1665 2221 1718 evenit
2249 1683 2262 1718 :

729 1763 790 1798 ex
825 1763 889 1800 eo
920 1749 1174 1803 nimirum
1199 1791 1212 1815 ,
1241 1752 1383 1820 quod
1415 1762 1603 1807 natura
1624 1795 1636 1819 ,
1665 1764 1719 1807 et
1747 1769 1979 1825 persona
2011 1770 2178 1810 unum
2211 1765 2269 1811 et

728 1836 868 1888 idem
918 1837 1047 1906 sint,
1105 1839 1367 1894 discretio
1403 1853 1583 1895 autem
1637 1854 1690 1896 et
1748 1845 2018 1913 separatio
2059 1853 2270 1900 tantum

729 1928 960 1984 ratione.
987 1929 1348 1994 Quamobrem
1386 1933 1530 2000 quod
1566 1949 1629 1987 ex
1666 1945 1857 1990 natura
1892 1937 2121 2007 alicujus
2151 1952 2273 2005 per-

727 2032 874 2070 sonae
915 2031 1032 2084 est,
1079 2035 1143 2074 ex
1197 2021 1340 2075 illius
1385 2039 1602 2091 quoque
1635 2027 1705 2077 sit
1759 2039 1989 2092 persona
2046 2041 2270 2081 necesse

725 2119 831 2161 est.
883 2109 933 2162 Si
961 2127 1087 2180 ergo
1113 2127 1177 2164 ex
1207 2121 1397 2165 natura
1428 2114 1551 2168 Filii
1583 2115 1820 2183 Spiritus
1849 2125 1956 2181 est,
2003 2119 2162 2186 cujus
2192 2117 2269 2171 rei

728 2199 886 2264 plena
928 2211 1053 2254 sunt
1097 2203 1280 2256 omnia
1323 2206 1523 2273 scripta
1567 2203 1752 2275 Cyrilli
1782 2243 1797 2269 ,
1834 2205 1998 2276 igitur
2027 2222 2092 2259 ex
2129 2207 2273 2262 illius

729 2304 943 2356 quoque
977 2291 1249 2360 Itypostasi
1281 2303 1385 2348 est.

800 2382 1000 2434 Verum
1037 2385 1186 2437 aiunt
1223 2387 1434 2448 nostri,
1473 2397 1694 2456 propter
1729 2389 2271 2443 eonsubstantialita-

733 2481 838 2526 tem
877 2474 989 2528 inec
1018 2477 1123 2530 dici
1147 2516 1160 2539 ,
1197 2488 1251 2531 et
1286 2487 1338 2531 ut
1376 2479 1611 2548 Spiritus
1658 2481 1979 2536 ostendatur
2027 2482 2273 2551 ejusdem

730 2578 850 2617 esse
882 2566 1198 2621 substantiae
1229 2584 1349 2622 cum
1386 2572 1544 2624 Patre
1574 2581 1627 2624 et
1659 2573 1819 2626 Filio.

933 2675 1159 2744 Spiritus
1199 2695 1260 2731 ea:
1293 2681 1586 2734 substantia
1623 2681 1799 2734 Patria
1831 2690 1879 2733 et
1909 2679 2072 2745 Filii,

1231 2762 1330 2799 non
1369 2758 1542 2800 tamen
1575 2760 1778 2801 contra.

804 2833 954 2897 Quod
989 2849 1116 2887 sane
1151 2851 1338 2888 verum
1370 2846 1491 2900 est;
1527 2837 1621 2890 sed
1656 2852 1764 2905 quo
1793 2850 1984 2890 verum
2009 2877 2025 2905 ,
2064 2852 2129 2893 eo
2163 2853 2280 2893 ma-

2366 396 2552 468 ὥσπερ
2578 398 2704 467 τρία
2733 400 3005 469 πρόσωπα
3030 397 3447 468 ⁸πραγματικῶς.
3478 395 3618 450 οὕτω
3643 394 3738 448 καὶ
3761 394 3928 462 τρεῖς

2367 489 2567 541 οὐσίαι.
2599 488 2847 542 Τοῦτο’-δ’
2885 489 3032 542 ἐστὶν
3067 487 3304 544 ἐναντίον
3331 490 3398 556 τῇ
3440 483 3643 538 πίστει.
3684 485 3777 536 Διὸ
3797 485 3935 535 ὲπι-

2367 579 2485 647 νοίᾳ
2519 579 2616 648 μὲν
2649 579 2796 632 ἔστιν
2823 581 2855 648 ἠ
2887 580 3155 650 διάκρισις
3185 561 3535 640 ὑποστάσεως
3587 577 3680 628 καὶ
3707 575 3928 637 οὐσίας,

2368 669 2656 737 πράγματι
2684 669 2740 720 δέ
2760 685 2823 736 γε
2849 669 2882 738 ἡ
2907 669 3120 732 Exitum;-
3153 668 3413 727 lvav'rlto;
3451 664 3486 736 ἧ
3513 665 3600 732 ἐφ’
3623 665 3782 732 ἡμῶν
3812 663 3932 716 τῶν

2367 757 2688 832 ᾲνθρὼπων.
2725 761 2842 829 Ἐφ’
2866 758 3022 830 ἡμῶν
3053 759 3160 830 γὰρ
3185 759 3219 828 ἡ
3255 757 3351 827 μιν
3376 757 3568 818 ῑνωσις
3593 754 3692 823 τῆς
3705 753 3935 821 φύσεως

2367 848 2484 918 ἡτοι
2509 852 2602 919 τῆς
2633 850 3048 920 ἀνθρωπᾶτητος
3078 851 3217 919 μετὰ
3253 847 3345 901 τοῦ
3369 847 3602 900 ἑκάστου
3623 843 3933 911 προσώπου

2369 930 2578 1009 ἑπινοίᾳ
2605 941 2754 994 ποιεί
2778 940 2856 1003 ἓν,
2893 941 3175 1010 πράγματι
3213 938 3269 992 δέ
3303 937 3407 991 alat
3449 935 3562 990 δύο.
3598 934 3762 986 Ἀλλο
3813 933 3931 1001 γὰρ

2367 1030 2599 1098 πρᾶγμα
2631 1032 2664 1100 ὴ
2699 1030 2853 1101 κοινὴ
2884 1031 3261 1101 ἀνθρωπότης,
3303 1029 3395 1083 καὶ
3435 1028 3562 1081 ἄλλο
3613 1026 3852 1095 πρᾶγμα
3893 1024 3930 1092 ἡ

2365 1121 2518 1175 τοῦδε
2548 1123 2641 1177 τοῦ
2701 1125 2994 1195 προσώπου
3045 1125 3335 1195 ἀτομότης.
3390 1123 3482 1176 Διὸ
3522 1120 3710 1189 ὥσπερ
3757 1117 3937 1186 ἐσμὲν

2368 1201 2537 1267 πολλᾶ
2573 1215 2863 1283 πρόσωπα,
2932 1216 3198 1275 οὕτωκαὶ
3250 1214 3432 1268 πολλοὶ
3475 1213 3773 1282 ἄνθρωποι.
3837 1207 3937 1258 Διὸ

2366 1304 2466 1355 οὐκ
2497 1305 2553 1370 ἐξ
2597 1307 2841 1374 ἀνάγκης
2869 1306 2926 1358 τὸ
2953 1309 3017 1358 ἐκ
3046 1310 3142 1375 τῆς
3195 1305 3408 1374 φύσεως
3439 1304 3595 1357 τοῦδέ
3655 1318 3800 1360 τινος
3837 1301 3938 1350 καὶ

2366 1395 2428 1446 ὲκ
2453 1394 2548 1461 τῆς
2574 1397 2925 1460 ὑποστάσεως
2953 1398 3100 1466 αὐτῷ
3132 1398 3296 1450 ὲστιν.
3353 1396 3473 1448 Ἐπὶ
3524 1394 3580 1446 δὲ
3615 1393 3715 1461 τῆς
3756 1389 3937 1456 ἁγίας

2367 1483 2715 1550 Τριάδοςνὼς
2766 1485 3001 1553 εῐρηται.
3033 1487 3091 1537 τὸ
3120 1485 3384 1538 ἀνάπαλίν
3443 1485 3585 1536 ἐστιν
3615 1500 3632 1525 .-
3702 1483 3782 1533 ὅτι
3834 1481 3934 1548 δη-

2365 1574 2498 1641 λαδὴ
2527 1576 2560 1643 ἡ
2589 1576 2683 1643 μὲν
2709 1575 2899 1636 ἓνωσις
2945 1575 3158 1641 φύσεώς
3210 1590 3268 1626 τε
3319 1574 3411 1625 καὶ
3459 1573 3752 1641 προσώπου
3810 1573 3936 1624 ἔστι

2373 1666 2679 1732 πράγματι,
2716 1668 2746 1734 ἡ
2780 1666 2835 1717 δὲ
2862 1665 3134 1733 διάκρισις
3159 1662 3387 1733 ἔπινοίᾳ.
3429 1663 3588 1715 Ὅθεν
3639 1662 3700 1713 τὸ
3729 1665 3793 1714 ὲκ
3827 1662 3936 1729 τῆς

2375 1755 2586 1824 φύσεώς
2613 1772 2756 1817 τινος
2791 1755 2897 1809 τῶν
2929 1755 3232 1825 προσώπων
3256 1755 3348 1806 καὶ
3371 1756 3434 1806 ὲκ
3452 1755 3547 1822 τῆς
3575 1753 3936 1816 ὑποστάσεως

2373 1848 2532 1898 αὑτοῦ
2586 1846 2644 1911 ἐξ
2703 1849 2942 1918 ἀνάγκης
2997 1848 3160 1900 ἐστίν.
3217 1847 3277 1898 Εἰ
3331 1840 3422 1897 οῦν
3464 1845 3525 1896 ὲκ
3579 1845 3672 1911 τῆς
3709 1843 3936 1910 φύσεως

2373 1940 2466 1992 τοῦ
2531 1939 2660 1991 Υίοῦ
2713 1939 2772 1992 τὸ
2825 1939 3064 2007 Πνεῦμα,
3135 1932 3194 1990 οῦ
3245 1937 3460 2006 πλήρης
3521 1936 3669 1987 πᾶσα
3737 1936 3934 2003 γραφῆ

2375 2031 2679 2098 Κυρίλλου,
2745 2031 2836 2084 καὶ
2905 2031 2968 2083 ἐκ
3020 2030 3114 2099 τῆς
3171 2028 3518 2089 ὑποστάσεως
3575 2023 3742 2077 αὑτοῦ
3818 2023 3936 2093 ἄρα

2377 2123 2543 2174 ἐστίν.

2460 2385 2621 2440 Ἀλλὰ
2645 2389 2808 2454 φασὶν
2839 2385 2888 2437 oi
2924 2385 3198 2454 ἡμέτεροι,
3229 2384 3316 2436 διὰ
3353 2381 3411 2434 τὸ
3434 2379 3722 2450 ὀμοούσιον
3753 2379 3935 2434 ταῦτα

2376 2477 2647 2544 εἰρῆσθαι,
2680 2476 2772 2527 καὶ
2796 2476 2881 2526 ἵνα
2909 2476 2967 2527 τὺ
2998 2473 3222 2542 Πνεῦμα
3256 2472 3440 2542 δειχθῇ
3463 2474 3562 2540 τῆς
3609 2473 3812 2539 ταυτῆς
3839 2471 3936 2522 οὒ-

2381 2567 2497 2628 σίας
2530 2566 2741 2634 Πατρὸς
2766 2566 2858 2619 καὶ
2888 2564 3040 2618 Υίοῦ.

2384 2674 2452 2727 Τὸ
2493 2672 2730 2740 Πνεῦμα
2747 2673 2812 2724 ἐκ
2839 2671 3191 2740 τῆς-,οὐσίας
3222 2668 3448 2735 Πατρός
3494 2667 3591 2718 καί
3633 2665 3792 2729 Υἱοῦ,
3861 2665 3934 2716 οὺ

2897 2739 3022 2807 μὴν
3047 2738 3370 2791 ἀνάπαλιν.

2451 2831 2620 2884 Τοῦτο
2656 2831 2710 2883 δὲ
2745 2829 2939 2898 ἀληθὲς
2995 2828 3112 2896 μὲν,
3163 2828 3272 2895 ὅσῳ
3324 2825 3380 2878 δὶ
3425 2823 3638 2894 ἀληθὲς,
3690 2822 3936 2891 τοσούτῳ

738 2925 820 2992 gis
863 2924 1070 2981 Latinis
1101 2926 1265 2980 favet.
1300 2927 1390 2980 Sic
1419 2930 1560 2981 enim
1594 2929 1767 2998 magis
1795 2929 2267 2984 consubstantialis

2382 2923 2632 2984 Λατίνοις
2671 2922 2954 2989 συνηγοριῖ
3005 2920 3224 2988 μᾶλλον.
3281 2915 3438 2972 Οὕτω
3487 2917 3594 2984 γὰρ
3642 2915 3935 2980 ὁμοούσιον

740 3029 825 3068 egi
858 3015 1093 3081 Spiritus
1125 3016 1269 3069 Patri
1301 3032 1361 3069 ac
1391 3017 1528 3070 Filio
1551 3059 1563 3082 ,
1603 3028 1792 3086 utpote
1819 3019 1911 3087 qui
1941 3035 2008 3073 ex
2036 3020 2277 3088 ipsorum

738 3109 1037 3164 substantia
1091 3118 1147 3163 et
1186 3109 1252 3163 ab
1295 3110 1426 3176 ipsis
1474 3111 1789 3179 proveniat,
1822 3109 1927 3165 hoc
1975 3119 2058 3166 est
2088 3126 2279 3180 proce-

739 3200 849 3253 dat.
881 3201 1099 3254 Dicatur
1127 3201 1273 3253 enim
1306 3202 1504 3255 clarius
1533 3210 1756 3270 propter
1801 3217 1896 3256 eos
1942 3217 2078 3270 quos
2115 3203 2277 3257 verba

739 3289 1044 3343 offendunt.
1090 3290 1144 3342 Si
1195 3289 1343 3344 enim
1389 3290 1711 3357 simpliciter
1740 3291 2279 3346 consubstantialita-

740 3391 846 3433 tem
901 3391 1152 3446 tantum,
1213 3391 1270 3448 u_t
1326 3382 1498 3436 nostri
1549 3382 1908 3447 arbitrantur,
1969 3382 2277 3452 significat,

739 3472 1025 3535 oportebat
1078 3472 1242 3523 etiam
1300 3471 1512 3527 Patrem
1568 3489 1632 3527 ex
1685 3473 1996 3528 substantia
2048 3473 2169 3528 Filii
2225 3484 2281 3529 et

743 3559 978 3624 Spiritus
1008 3561 1140 3613 diei.
1173 3560 1372 3615 Verum
1403 3565 1455 3614 id
1495 3579 1671 3629 neque
1699 3579 1866 3619 ausus
1893 3575 1978 3619 est
2009 3566 2279 3634 quispiam

745 3649 956 3707 adhuc,
1014 3663 1191 3715 neque
1240 3651 1462 3703 audebit
1514 3652 1737 3712 dicere,
1804 3654 2044 3720 quandiu
2104 3669 2281 3721 operae

742 3742 977 3808 pretium
1022 3742 1238 3796 duxerit
1286 3742 1496 3810 piorum
1547 3740 1825 3792 hominum
1872 3741 1924 3792 in
1965 3757 2194 3794 numero
2226 3757 2282 3796 se

745 3835 958 3900 reponi.
989 3834 1301 3886 Praesertim
1334 3847 1454 3886 cum
1487 3843 1538 3883 et
1565 3816 2076 3898 substantia-neque
2119 3847 2282 3898 gene-

743 3938 843 3990 ret,
868 3942 1040 3995 neque
1062 3928 1341 3994 producat,
1360 3926 1512 3994 juxta
1539 3923 1911 3990 theologorum
1936 3925 2282 3988 sententiam,

743 4016 978 4084 iit-mque
1026 4017 1262 4085 ipsorum
1319 4017 1810 4085 philosophorum,
1861 4015 1905 4066 si
1957 4012 2176 4079 quidem
2227 4020 2282 4066 et

745 4109 840 4174 ipsi
891 4112 1088 4177 ubique
1131 4111 1185 4162 in
1232 4119 1341 4161 tota
1385 4109 1733 4178 philOSOphia
1769 4106 2040 4167 clamant,
2091 4120 2284 4170 opera-

745 4201 916 4251 tinncs
946 4217 1062 4254 esse
1113 4201 1549 4262 individuorum,
1600 4216 1704 4252 non
1750 4197 2158 4266 universaliun'..
2199 4196 2284 4250 Et-

2382 3014 2551 3082 Πατρὶ
2579 3013 2670 3064 καὶ
2694 3011 2803 3079 Υίῷ
2839 3009 3035 3078 μᾶλλον
3064 3009 3125 3060 τὸ
3156 3008 3396 3076 Πνεῦμα,
3431 3006 3508 3067 ὡς
3537 3008 3597 3057 ὲκ
3630 3006 3722 3069 τῆς
3743 3005 3936 3066 οὐσίας

2380 3104 2580 3161 αὐτῶν.
2612 3104 2702 3154 καὶ
2727 3102 2782 3166 ἐξ
2809 3100 2989 3152 αὐτῶν
3022 3100 3230 3167 προϊὸν,
3263 3099 3432 3168 ἤγουν
3471 3096 3934 3164 ἐκπορευόμενον.

2379 3195 2632 3264 Λεγὲσθω
2660 3195 2765 3264 γὰρ
2818 3191 3202 3262 καθαρώτερον
3257 3190 3342 3243 διὰ
3387 3189 3515 3249 τοὺς
3550 3189 3670 3250 σοῖς
3720 3190 3935 3256 ῥήμασι

2382 3289 2845 3361 προσκόπτοντας.
2905 3286 2965 3340 Et
3013 3284 3120 3351 γὰρ
3166 3281 3263 3350 τὴν
3309 3281 3692 3349 ὁμοουσιότητα
3744 3278 3935 3341 ἁπλῶς

2379 3382 2530 3450 δηλοῖ
2555 3379 2734 3449 μόνον,
2771 3379 2845 3439 ὡς
2897 3377 2944 3428 oi
2977 3375 3230 3443 ἡμέτεροι
3283 3372 3503 3434 οἷονται,
3554 3371 3660 3422 ἕδη
3691 3371 3785 3423 καὶ
3843 3372 3934 3424 τὸν

2383 3471 2596 3539 Πατέρα
2624 3471 2687 3521 ὲκ
2706 3468 2802 3535 τῆς
2830 3465 3014 3526 οὐσίας
3047 3463 3139 3516 τοῦ
3171 3461 3301 3515 Υίοῦ
3331 3461 3426 3513 καὶ
3455 3460 3547 3514 τοῦ
3612 3462 3934 3528 Πνεῦματος

2380 3563 2651 3631 λέγεσθαι.
2697 3560 2851 3613 Ἀλλὰ
2882 3557 3035 3610 τοῦτο
3056 3555 3164 3609 οὔτ’
3207 3553 3468 3625 ἐτόλμησέ
3497 3570 3582 3614 τις
3640 3553 3800 3622 μέχρι
3836 3553 3936 3604 καὶ

2383 3657 2498 3717 νῦν,
2531 3654 2651 3705 οῦτε
2701 3651 2960 3718 τολμήσει
3019 3649 3212 3709 εἰπεῖν,
3265 3647 3368 3708 ἕως
3407 3645 3474 3698 ἂν
3525 3647 3634 3707 τοῖς
3684 3644 3933 3697 εὑσέεεσι

2386 3743 2766 3800 συντάττεσθαι
2796 3740 3071 3808 προῦργου
3104 3739 3307 3789 ποιοῖτο
3330 3751 3344 3767 ⁸
3378 3735 3550 3798 ἄλλως
3584 3753 3639 3787 τε
3697 3739 3819 3788 ἐπεὶ
3847 3738 3936 3788 οῦ-

2388 3836 2475 3885 σία
2516 3833 2637 3884 οὔτε
2681 3833 2866 3898 γεννᾷ,
2923 3827 3046 3880 οὔτε
3081 3827 3363 3896 ὲκπορεύει
3415 3826 3555 3878 κατὰ
3596 3828 3718 3887 τοὺς
3750 3827 3935 3880 θεολό-

2387 3939 2537 3989 γους,
2569 3921 2646 3971 ἔτι
2677 3935 2733 3971 τε
2764 3919 2856 3969 καὶ
2884 3917 3077 3976 αὐτοὺς
3108 3917 3232 3976 τοὺς
3259 3915 3600 3982 φιλοσόφους,
3632 3915 3726 3967 καὶ
3780 3915 3938 3967 αὐτοὶ

2388 4015 2494 4081 γὰρ
2527 4009 2797 4077 πανταχοῦ
2825 4007 2986 4076 βοῶσι
3021 4006 3357 4069 φιλοσοφίας,
3388 4006 3484 4066 τὰς
3528 4005 3806 4072 ἐνεργείας
3827 4006 3937 4056 τῶν

2388 4103 2603 4169 ἀτόμων
2637 4096 2794 4162 εἶναι,
2827 4097 2886 4147 οὐ
2920 4095 3025 4146 τῶν
3055 4092 3282 4145 καθόλου
3312 4108 3325 4122 ·
3366 4091 3466 4159 ἐμὲ
3493 4093 3600 4159 γὰρ
3630 4094 3724 4160 οὐχ
3753 4096 3937 4157 ἁπλῶς

2390 4193 2692 4259 ἅνθρωπος,
2727 4188 2844 4240 ἀλλ’
2875 4188 2901 4238 ὁ
2934 4186 3016 4247 τὶς
3045 4183 3330 4251 ἄνθρωπος
3348 4181 3694 4248 γεγέννηκεν.
3726 4184 3786 4232 Et
3817 4183 3937 4247 οὖν,

753 4306 756 4308 ·
820 4309 882 4340 .ιὶ
915 4309 1014 4355 me,
1049 4308 1152 4346 non
1183 4294 1500 4361 simpliciter
1534 4295 1713 4353 homo,
1745 4287 1834 4343 sed
1866 4290 2085 4357 quidam
2119 4289 2267 4340 hornc

2387 4285 2456 4346 ὡς
2488 4282 2719 4352 εἴρηταί,
2745 4280 2800 4333 al
2833 4268 3107 4347 ἐνέργειαῖ
3137 4277 3242 4326 είσι
3277 4272 3384 4324 τῶν
3432 4271 3667 4338 ἀτόμων,
3711 4273 3769 4321 οὐ
3827 4274 3938 4325 τῶν

757 4435 760 4438 .
821 4387 952 4437 nuit.
990 4388 1041 4437 Si
1077 4386 1261 4454 igitur,
1301 4397 1357 4438 ut
1387 4385 1588 4436 dictum
1621 4393 1734 4445 est,
1766 4381 2113 4449 operationes
2140 4379 2282 4430 indi-

753 4481 1069 4538 λῆςιιονιιιιι,
1111 4493 1215 4528 non
1252 4476 1680 4534 universaiium,
1731 4488 1907 4540 neque
1958 4471 2282 4538 simpliciter

745 4569 1090 4629 δι-ιεςηῑρηιὶδε,
1123 4567 1251 4633 quid
1301 4566 1444 4618 aliud
1492 4565 1793 4630 intelligere
1820 4562 2119 4624 debemus,
2156 4562 2283 4613 dum

746 4658 892 4708 sui“.
915 4661 1094 4711 mtiam
1123 4660 1240 4711 Filii
1269 4659 1579 4710 audivimus
1608 4697 1620 4719 ,
1654 4667 1707 4708 et
1739 4671 1804 4708 ex
1831 4655 1946 4723 ipsa
1981 4655 2282 4720 procedere

745 4746 1002 4808 Βξιιείὶηιιι
1028 4788 1041 4805 ,
1076 4764 1238 4814 quam
1272 4749 1389 4815 ejus
1420 4747 1658 4799 divinam
1691 4742 2071 4812 liypostasim?
2225 4798 2238 4810 ο

815 4836 997 4900 Neque
1031 4852 1157 4888 vero
1192 4838 1241 4887 id
1273 4853 1370 4889 nos
1402 4846 1685 4904 przetercat
1707 4876 1720 4899 ,
1755 4844 1974 4888 sanctos
1995 4872 2010 4896 ,
2043 4831 2137 4902 qui
2170 4832 2286 4885 haec

746 4925 931 4988 aiunt,
967 4939 1088 4976 cum
1132 4924 1362 4977 Ariauos
1393 4934 1445 4976 et
1474 4925 1842 4977 Eunornianos
1883 4930 2282 4990 Oppugnarent,

749 5019 860 5068 lm‘c
919 5015 1138 5075 dixisse,
1179 5015 1269 5079 qui
1316 5014 1530 5081 quidem
1570 5014 1759 5065 Filium
1801 5028 1867 5064 ex
1901 5011 2086 5071 Patre,
2114 5009 2285 5076 Spiri-

751 5120 859 5162 tum
890 5119 1065 5160 autent
1099 5120 1162 5157 ex
1191 5104 1326 5156 Filio
1366 5119 1486 5156 esse
1528 5104 1857 5162 fatebantur,
1890 5115 1954 5152 ex
1985 5097 2286 5150 substantia

748 5217 875 5252 vero
908 5215 1025 5252 esse
1058 5197 1348 5264 negabant,
1400 5193 1726 5246 aillrmantes
1777 5189 1973 5242 Filium
2020 5203 2084 5240 ex
2132 5188 2290 5240 Patre

749 5293 964 5354 quidem
993 5303 1130 5350 esse,
1157 5301 1343 5338 verum
1375 5299 1479 5335 non
1508 5279 1960 5336 substatttialiter.
1987 5276 2079 5328 sed
2103 5276 2292 5327 volun-

754 5393 859 5431 ῑαὶιλ
893 5382 1062 5434 Patris
1101 5395 1220 5431 esse
1248 5375 1518 5444 genitum;
1552 5371 1810 5438 Spiritum
1850 5383 1980 5420 vero
2018 5375 2072 5419 et
2117 5367 2291 5433 ipsum

756 5488 815 5521 ex
851 5473 1003 5533 Pilio,
1029 5469 1122 5523 Sed
1150 5483 1256 5520 non
1283 5461 1734 5521 substantialiter,
1761 5467 1966 5511 tantum
1991 5455 2290 5508 voluntate.

758 5565 1013 5628 Quocirca
1042 5573 1093 5616 et
1125 5563 1316 5618 Filium
1345 5558 1606 5614 minorem
1655 5568 1773 5608 esse
1821 5552 2016 5612 Patre,
2064 5557 2117 5601 et
2162 5544 2292 5598 alte-

2388 4375 2635 4435 καθόλου,
2683 4371 2800 4424 οὐδὲ
2851 4368 2949 4438 τῆς
3004 4365 3189 4428 ἁπλῶς
3233 4363 3439 4433 ορσίας,
3501 4361 3552 4413 τί
3612 4361 3739 4412 ἄλλο
3798 4365 3941 4412 νοεῖν

2386 4466 2672 4532 ὀφείλομεν
2737 4462 2924 4515 οὐσίαν
2983 4459 3113 4510 Υἱοῦ
3149 4454 3463 4516 -ἀκοὺοντες
3512 4455 3604 4506 καὶ
3659 4452 3713 4517 ἐξ
3768 4451 3940 4521 αὐτῆς

2388 4555 2631 4623 προϊέναι
2681 4552 2743 4605 τὸ
2830 4539 3074 4617 Πνεῦμα,
3145 4549 3177 4617 ἢ
3239 4546 3339 4615 τὴν
3392 4543 3556 4598 αὑτοῦ
3608 4543 3756 4598 θείαν
3808 4543 3942 4596 ὑπό-

2387 4662 2576 4696 στασιν
2598 4661 2611 4705 ;

2458 4817 2606 4886 Μηδὲ
2662 4814 2818 4868 τοῦτο
2877 4813 2932 4864 δὲ
2968 4812 3114 4878 ἡμᾶς
3169 4809 3505 4874 λανθανέτω,
3559 4808 3718 4860 ὅτιοί
3765 4804 3940 4858 ταῦτα

2388 4908 2796 4976 λέγοντεςᾶγιοι
2860 4903 2994 4972 πρὸς
3064 4901 3376 4969 Ἀρειανοῦς
3426 4900 3520 4952 καὶ
3569 4897 3940 4962 Εὑνομιανοὺς

2393 5002 2682 5067 μαχόμενοι
2716 4997 2898 5062 ἔλεγον
2925 4993 3096 5045 ταῦτα
3123 5007 3137 5021 ·
3169 4992 3240 5054 οἳ,
3285 4991 3377 5043 τὸν
3405 4990 3505 5058 μὲν
3539 4988 3664 5040 Υίὸν
3721 4989 3787 5038 ἐκ
3842 4987 3939 5038 τοῦ

2394 5090 2599 5156 [ἰατρὸς
2630 5085 2788 5152 εἶναι,
2819 5084 2878 5136 τὸ
2916 5082 2973 5134 δὲ
3026 5080 3245 5149 Πνεῦμα
3285 5081 3348 5133 ὲκ
3402 5075 3495 5132 τοῦ
3550 5075 3681 5129 Υίοῦ
3729 5075 3943 5144 ὡμολό-

2391 5197 2518 5245 γουν
2548 5192 2561 5206 ·
2599 5178 2857 5247 ἠρνοῦντο
2887 5175 2942 5225 δὲ
2975 5173 3033 5223 τὸ
3061 5175 3120 5223 ὲκ
3172 5170 3270 5236 τῆς
3301 5170 3508 5230 οὐσίας,
3542 5166 3793 5230 λέγοντες
3843 5167 3943 5220 τὸν

2393 5272 2516 5321 Υἰὸν
2547 5271 2607 5320 ἐκ
2635 5269 2724 5320 τοῦ
2756 5265 2970 5334 Πατρὺς
2999 5263 3116 5330 μὲν,
3154 5259 3266 5312 ἀλλ’
3314 5259 3412 5310 οὐκ
3445 5255 3737 5319 οῦσιωδῶς,
3802 5257 3944 5308 ἀλλὰ

2395 5358 2608 5424 θελήσει
2634 5355 2724 5408 τοῦ
2757 5352 2965 5418 Πατρὸς
2999 5348 3325 5417 γεννηθῆναι
3355 5364 3368 5378 ⁸
3399 5346 3458 5398 τδ
3487 5345 3541 5397 δὲ
3573 5343 3797 5410 Πνεῦμα
3845 5346 3946 5396 καὶ

2397 5452 2521 5501 alto
2548 5452 2607 5499 ἐκ
2641 5447 2734 5498 τοῦ
2753 5445 2906 5509 Υἱοῦ,
2941 5443 3040 5494 οὐκ
3070 5439 3362 5500 οὺσιωδῶς,
3394 5436 3530 5490 ἀλλὰ
3580 5435 3820 5505 θελήσει.
3853 5436 3946 5487 Διδ

2396 5543 2481 5592 τὶν
2512 5538 2608 5608 μὲν
2639 5539 2764 5590 Υἱὺν
2800 5536 3053 5588 ἐλάττονα
3094 5532 3186 5584 τοῦ
3234 5529 3440 5599 Πατρδς
3469 5527 3561 5580 καὶ
3617 5527 3811 5596 ἑτέρας
3844 5528 3944 5578 οὗ·
