4136 6324
267 267 387 333 373

1184 257 1281 321 DE
1321 245 1841 316 PBOCESSIONE
1880 246 2238 310 seramus
2277 206 2564 310 sitnon.

3363 241 3466 309 ττι

269 378 418 440 σίας,
444 374 502 427 τὸ
530 372 586 426 δὲ
613 373 832 443 Πνεῦμα
860 371 1078 426 ἔλαττον
1099 370 1194 422 τοῦ
1231 365 1360 420 Υίοῦ
1397 363 1492 417 τοῦ
1525 361 1617 416 καὶ
1647 358 1835 427 ἐτέρας

1946 357 2053 412 rius
2091 361 2410 416 substantia
2432 398 2447 424 ,
2476 369 2531 416 et
2558 358 2825 441 Spiritum
2852 356 3127 413 minorem
3152 370 3272 414 esse
3302 358 3471 423 Filio,

269 435 465 529 οὐσίας
489 435 869 532 ἀπεφαίνοντο,
904 462 980 526 ὡς
1013 462 1164 532 τρεῖς
1206 455 1395 519 οὐσίας
1426 447 1604 507 ποιεῖν
1627 449 1687 502 ιν
1715 446 1835 499 Θεό-

1946 462 1990 509 et
2038 452 2266 507 alterius
2316 435 3047 510 substantia'aiiirmabant,
3084 445 3222 501 adeo
3269 458 3329 501 ut
3367 457 3481 503 tres

274 574 436 627 τητι.
962 606 971 617 ,

353 650 419 702 οι
455 643 549 700 οὖν
571 644 817 714 Πατίρις
838 660 898 696 τε
948 641 1042 694 καὶ
1076 622 1413 701 διδάσκαλοι,
1454 631 1681 691 ἐκείνοις
1734 642 1839 695 μα-

275 738 530 809 χόμενοι,
555 737 657 789 οὐκ
685 736 749 787 ἑκ
781 731 876 786 τοῦ
927 729 1060 785 Υίοῦ
1113 730 1294 799 μόνον,
1345 724 1482 779 ἀλλὰ
1526 720 1711 809 uolitat
1739 716 1839 809 τῆς

279 801 476 889 οὐσίας
497 822 659 879 αὐτοῦ
689 822 953 877 ῑσπευδον
1010 819 1281 873 δεικνύναι
1317 816 1376 870 ὃν
1405 814 1467 867 τὸ
1517 808 1737 875 Πνεῦμα
1777 801 1840 856 rb

284 921 465 985 αγιον·
492 916 751 979 ὡσαύτως
779 912 988 971 καὶτὸν
1017 912 1167 975 Υίδν,
1192 910 1292 964 οὐκ
1316 910 1379 960 ἐκ
1398 903 1492 959 τοῦ
1516 897 1722 968 Πατρδς
1747 892 1843 963 μό-

282 1028 403 1076 νον,
432 1010 569 1063 ἀλλὰ
594 1009 703 1062 κὰκ
729 1006 828 1078 τῆς
853 988 1039 1067 οὐσίαξ
1080 999 1266 1059 αὐτοῦ.

374 1100 468 1154 Ίδὲ
494 1098 607 1152 οὖν’
635 1098 770 1167 πρὸς
788 1076 896 1167 μὲν
922 1095 982 1149 τὸ
1003 1096 1066 1145 ὲκ
1092 1092 1361 1160 Θελήσεως
1377 1082 1470 1137 τοῦ
1496 1078 1651 1143 Υίοῦ,
1668 1079 1764 1130 καὶ
1777 1076 1838 1129 οὗ

284 1189 393 1260 τῆς
424 1189 613 1250 οὐσίας
633 1187 693 1241 τδ
716 1184 942 1252 Πνεῦμα
972 1181 1131 1245 εἶναι,
1160 1178 1414 1247 ἀπήντων
1438 1173 1485 1235 oi
1510 1167 1839 1232 διδάσκαλοι,

376 1280 477 1348 τῆς
497 1279 684 1340 οὐσίας
714 1276 809 1330 τοῦ
851 1275 982 1329 Υίοῦ
1026 1268 1165 1324 εῐναι
1200 1266 1460 1336 βοῶντεςο
1503 1261 1639 1328 πρὸς
1686 1256 1759 1348 δὲ⁸
1784 1256 1843 1307 τὸ

286 1373 355 1436 ἐξ
381 1345 508 1424 rios
541 1366 683 1422 εἶναι
709 1368 881 1429 οὐδεὶς
914 1366 1170 1429 ἀντέστη,
1220 1359 1329 1411 οὐδ’
1381 1350 1567 1426 εἴρηκε
1607 1349 1680 1421 μὴ
1708 1345 1845 1401 εῖναι

284 1461 426 1513 αὐτὸ
455 1460 512 1524 ἐξ
542 1456 674 1510 Υίοῦ
696 1473 709 1487 ·
745 1457 821 1519 ὡς
869 1456 961 1507 καὶ
994 1450 1148 1504 αὐτοὶ
1199 1449 1356 1501 τοῦτο
1382 1440 1724 1515 φρονοῦντες,
1754 1437 1847 1524 καὶ

283 1550 352 1601 τὸ
391 1549 451 1599 ἐκ
483 1523 581 1615 τῆς
611 1545 800 1606 ούσίας
834 1542 926 1596 τοῦ
957 1540 1110 1602 Υίοῦ,
1130 1538 1204 1598 ὡς
1232 1538 1339 1589 κάκ
1368 1533 1465 1601 τῆς
1497 1523 1846 1584 ὑποστάσεως

285 1653 352 1689 τι
388 1636 480 1690 καὶ
505 1637 692 1699 οὐσίας
742 1634 929 1699 αὐτοῦ,
960 1631 1109 1687 αὐτοί
1137 1646 1193 1683 τε
1245 1625 1511 1693 νοοῦντες,
1565 1619 1659 1673 καὶ
1689 1614 1846 1686 ἡμῶν

283 1729 422 1792 τοὺς
460 1728 743 1791 συνιέντας
764 1725 1129 1787 διδάσκοντες.

369 1913 490 1966 Ἔτι
526 1912 554 1965 ὁ
581 1910 681 1981 μὲν
713 1908 886 1977 μέγας
942 1901 1218 1963 Βασίλειος
1272 1901 1329 1950 ἐν
1386 1896 1460 1964 τῷ
1514 1893 1712 1963 πρώτῳ
1741 1892 1849 1946 τῶν

289 2000 758 2068 ΚατἘὺνομιου
788 1997 881 2050 τὸν
907 1994 1033 2046 Υίὸν
1066 2007 1195 2059 φησι
1225 1987 1378 2051 τάξιν
1415 1985 1557 2054 ἔχειν
1588 1984 1721 2053 πρὸς
1758 1981 1849 2033 τὸν

295 2094 523 2162 Πατέρα
550 2088 809 2159 φυσικὴν,
839 2076 935 2139 καὶ
958 2083 1079 2135 οἵαν
1114 2080 1173 2133 τὸ
1202 2080 1265 2131 hc
1296 2077 1389 2129 τοῦ
1423 2075 1589 2143 πυρὸς
1619 2072 1753 2140 πρὸς
1789 2070 1849 2121 τδ

300 2160 471 2252 ιτιςίἰρ,⁷
496 2182 588 2234 καὶ
614 2179 671 2230 τὸ
721 2174 959 2230 αίτιατδν
994 2172 1126 2238 πρὸς
1159 2170 1221 2221 τὸ
1282 2167 1487 2219 αἴτιον·
1540 2164 1566 2214 ὁ
1610 2163 1654 2214 δ’
1692 2160 1849 2222 αὐτὸς

298 2276 402 2328 καὶ
427 2271 485 2325 τδ
518 2269 747 2338 Πνεῦμα
792 2264 945 2329 τάξιν
970 2262 1113 2332 ἔχειν
1150 2259 1287 2330 πρὸς
1317 2256 1407 2309 τὸν
1438 2255 1564 2307 Υίὸν
1596 2252 1852 2306 διατείνε-

294 2379 398 2417 ται
416 2360 559 2416 κατὰ
578 2359 648 2411 τὰ
674 2354 1067 2426 προειρημένα.
1111 2350 1168 2402 Ὁ
1203 2348 1376 2419 μέγας
1404 2363 1466 2413 γε
1495 2346 1674 2414 μέντοι
1699 2343 1851 2395 Ἀθα-

301 2455 495 2514 νάσιος
514 2450 606 2505 καὶ
634 2446 963 2518 σαφέστερόν
993 2460 1159 2513 φησιν
1185 2457 1198 2473 ·
1240 2442 1369 2494 Οἵαν
1398 2438 1549 2503 τάξιν
1575 2438 1664 2489 καὶ
1694 2435 1852 2504 φύσιν

300 2547 424 2617 ἔχει
447 2548 474 2598 ὁ
508 2544 635 2606 Υίδς
668 2542 806 2609 πρὸς
847 2538 939 2591 τὸν
980 2536 1219 2603 Πατέρα,
1272 2530 1526 2599 τοιαύτην
1553 2529 1706 2592 τάξιν
1760 2526 1855 2580 καὶ

297 2637 469 2707 φύσιν
493 2636 604 2705 ἔχει
630 2634 692 2686 τὸ
736 2629 957 2699 Πνεῦμα
1001 2627 1136 2697 πρὸς
1172 2625 1265 2677 τὸν
1315 2624 1465 2676 Υίόν.
1507 2620 1714 2675 Οὐκοῦν
1761 2619 1854 2672 οῦ-

294 2744 415 2788 τως
440 2726 503 2779 ἂν
534 2722 875 2791 συλλογίσαιο
906 2736 922 2751 ·
954 2718 1225 2787 Τοιαύτην
1255 2715 1406 2779 τάξιν
1437 2714 1531 2766 καὶ
1565 2712 1724 2781 φύσιν
1742 2709 1855 2779 ἔχει

296 2819 368 2872 τὸ
403 2815 622 2885 Πνεῦμα
672 2813 810 2883 πρὸς
858 2810 949 2864 τὸν
985 2811 1136 2874 Υἱὸν,
1195 2808 1310 2861 οἵαν
1362 2807 1389 2859 ὁ
1443 2804 1569 2864 Υίδς
1602 2802 1737 2873 πρὸς
1766 2801 1855 2853 τδν

297 2908 533 2977 Πατέρα
555 2924 570 2938 ο
602 2904 717 2959 ἀλλ’
752 2907 778 2960 ὁ
806 2902 933 2966 Tib;
960 2902 1095 2971 πρὸς
1134 2898 1225 2952 τὸν
1280 2895 1492 2965 Πατέρα
1546 2892 1699 2957 τάξιν
1743 2891 1853 2960 ἔχει

1933 544 2265 598 substantias
2307 540 2553 594 facerent
2581 538 2638 592 in
2664 537 2889 592 deitate.

2008 634 2190 687 Patres
2219 632 2385 701 igitur
2412 638 2467 685 et
2497 629 2758 685 doctores
2782 627 3046 682 adversus
3088 640 3185 681 eos
3229 640 3479 696 pugnan-

1937 733 2021 779 tes
2044 765 2059 786 ,
2088 738 2197 777 non
2229 723 2403 777 solum
2433 737 2498 775 ex
2525 713 2665 775 Filio
2686 759 2700 783 ,
2733 719 2828 775 sed
2856 719 3021 773 etiam
3064 734 3132 771 ex
3176 718 3481 771 substantia

1936 813 2056 881 ejus
2082 827 2203 867 esse
2236 810 2499 877 Spiritum
2526 816 2775 862 sanctum
2803 822 2817 858 :
2849 816 2903 859 et
2946 803 3142 858 Filium
3166 841 3183 866 ,
3209 816 3317 856 non
3364 810 3482 853 tau—

1938 912 2054 955 tttm
2100 916 2167 955 ex
2208 900 2369 954 Patre
2411 914 2570 960 esse,
2619 911 2809 951 verum
2853 895 3017 949 etiam
3061 908 3132 948 ex
3172 890 3481 946 substantia

1937 994 2058 1060 ejus
2088 990 2375 1046 ostendere
2403 989 2823 1043 contendebant.

2008 1081 2145 1135 Vide
2172 1081 2359 1151 igitur,
2390 1096 2595 1147 quaeso,
2627 1079 2693 1133 ad
2726 1078 2857 1133 illud
2878 1118 2895 1142 ,
2923 1093 2987 1133 ex
3017 1076 3298 1131 voluntate
3328 1073 3480 1137 Filii,

1942 1182 1998 1227 et
2031 1186 2139 1225 non
2172 1187 2240 1226 ex
2267 1169 2570 1224 substantia
2595 1184 2716 1223 esse
2747 1168 3045 1237 Spiritum,
3078 1164 3484 1233 respondebant
3569 1143 3575 1148 ’

1943 1263 2227 1322 doctores.
2260 1277 2323 1317 ex
2358 1261 2662 1315 substantia
2692 1260 2814 1314 Filii
2858 1274 2976 1312 esse
3018 1259 3348 1319 clamantes;
3402 1255 3483 1308 al-

1944 1354 2047 1407 teri
2092 1368 2222 1407 vero
2286 1354 2467 1414 dicto,
2513 1353 2769 1405 nimirum
2808 1366 2889 1404 -οι
2939 1349 3079 1403 Filio
3126 1362 3268 1408 esse,
3324 1360 3483 1400 nemo

1946 1444 2263 1514 adversatus
2292 1453 2395 1507 est,
2427 1458 2602 1513 neque
2632 1442 2769 1495 dixit
2796 1456 2902 1494 non
2930 1456 3049 1495 esse
3085 1454 3151 1494 ex
3180 1439 3339 1501 Filio,
3370 1449 3487 1491 tan-

1948 1552 2109 1605 quam
2136 1547 2191 1591 et
2223 1536 2322 1605 ipsi
2352 1535 2454 1588 hoc
2482 1534 2783 1598 senserint,
2814 1543 2871 1586 et
2897 1548 2960 1586 ex
2994 1532 3297 1605 substantia
3324 1530 3487 1590 Filii,

1950 1630 2096 1683 velut
2147 1637 2204 1682 et
2258 1643 2324 1681 ex
2371 1627 2648 1697 hypostasi
2701 1634 2756 1679 et
2800 1641 2867 1678 ex
2924 1598 3231 1678 substantia
3276 1623 3395 1691 ejus
3438 1630 3492 1674 et
3574 1662 3577 1667 .

1950 1720 2052 1788 ipsi
2103 1720 2509 1780 intellexerint,
2559 1729 2615 1771 et
2662 1732 2799 1782 nos,
2845 1717 2936 1783 qui
2989 1731 3090 1770 eos
3132 1715 3492 1783 intelligimus

1950 1810 2258 1879 docuerint.

2020 1886 2284 1956 Praeterea
2315 1915 2539 1969 magnus
2569 1901 2815 1959 Basilius.
2843 1900 2897 1952 in
2920 1899 3097 1965 primo
3130 1899 3271 1951 libro
3296 1900 3494 1953 Adver-

1947 2010 2033 2047 sus
2090 1991 2446 2053 Eunomium,
2498 1986 2694 2045 Filium
2744 1990 2818 2042 ait
2869 1990 3071 2044 habere
3124 1989 3373 2043 ordinem
3426 1991 3493 2045 ad

1949 2082 2161 2135 Patrem
2205 2082 2537 2141 naturalem,
2580 2086 2637 2134 et
2672 2078 2886 2147 qualem
2932 2079 3069 2133 solet
3113 2078 3315 2132 habere
3348 2078 3493 2146 quod

1949 2190 2017 2227 ex
2048 2172 2170 2242 igne
2197 2172 2449 2242 provenit
2475 2172 2542 2226 ad
2574 2172 2749 2241 ignem
2774 2214 2788 2235 ,
2832 2180 2888 2225 et
2926 2180 3207 2225 causalum
3253 2172 3317 2223 ad
3370 2186 3496 2223 cau-

1952 2281 2087 2319 sam.
2140 2264 2290 2319 ldem
2346 2272 2525 2318 autem
2574 2275 2834 2327 sanctus,
2879 2272 2934 2319 et
2978 2264 3241 2331 Spiritum
3290 2261 3495 2315 habere

1952 2356 2199 2412 ordinem
2228 2354 2294 2409 ad
2325 2355 2521 2409 Filium
2543 2395 2556 2418 ,
2584 2354 2884 2409 secundum
2910 2354 3165 2423 praedicta
3191 2352 3496 2407 contendit.

1952 2449 2123 2503 Porro
2154 2459 2380 2513 magnus
2409 2443 2736 2498 Athanasius
2762 2453 3025 2511 praeterea
3056 2440 3258 2495 clarius
3288 2442 3362 2495 ait
3382 2441 3496 2507 (l):

1952 2534 2171 2601 Qualem
2205 2531 2450 2586 ordinem
2500 2540 2557 2585 et
2591 2540 2840 2583 naturam
2873 2529 3034 2581 habet
3076 2529 3245 2582 Filius
3285 2528 3348 2580 ad
3396 2529 3497 2580 Pa-

1955 2638 2128 2690 trem,
2166 2625 2323 2678 talem
2368 2622 2613 2676 ordinem
2658 2631 2712 2675 et
2761 2630 3007 2674 naturam
3053 2617 3214 2671 habet
3262 2619 3498 2685 Spiritus

1954 2717 2021 2772 ad
2056 2716 2274 2771 Filium.
2310 2712 2400 2767 Sic
2427 2712 2593 2779 igitur
2624 2709 2947 2763 ratiocinare
2978 2708 3200 2762 :Talem
3249 2706 3498 2759 ordinem

1956 2822 2010 2865 et
2038 2800 2287 2862 naturam
2315 2806 2479 2859 habet
2508 2804 2742 2866 Spiritus
2772 2802 2835 2855 ad
2877 2800 3071 2854 Filium
3097 2839 3109 2862 ,
3153 2800 3365 2867 qualem
3413 2797 3501 2850 ιη-

1956 2898 2063 2951 lius
2089 2897 2155 2949 ad
2181 2896 2395 2950 Patrem
2427 2912 2440 2959 ;
2474 2893 2566 2945 sed
2599 2892 2765 2946 Filius
2795 2890 2957 2944 habet
2985 2888 3234 2941 ordinem
3284 2895 3501 2939 natura-

303 2997 555 3069 φυσικὴν
597 2997 698 3064 τὴν
742 2993 921 3047 αἰτίαν
970 2990 1064 3043 τοῦ
1120 2989 1253 3058 πρὸς
1297 2986 1495 3039 αἴτιον·
1554 2984 1646 3036 καὶ
1686 2981 1854 3045 οὕτως

1958 2989 2064 3043 lem
2102 2986 2168 3040 ad
2200 2987 2451 3049 Patrem,
2492 2994 2546 3039 et
2592 2986 2681 3051 qui
2722 2991 2806 3037 est
2849 2994 3026 3035 causae
3064 2978 3130 3032 ad
3176 2984 3503 3041 causatum;

305 3095 337 3145 ὁ
397 3090 524 3153 Υίδς
569 3086 738 3148 αίτιός
787 3084 903 3137 ἔστι
940 3082 1038 3151 τῆς
1090 3079 1183 3133 τοῦ
1243 3076 1555 3145 Πνεύματος
1620 3071 1856 3128 ὑποστά-

304 3197 475 3243 σεως.
776 3244 779 3245 ν

385 3270 508 3323 Ἔτι
532 3266 655 3321 ἐπεὶ
682 3268 740 3319 ἐν
761 3266 872 3328 τοῖς
896 3263 1254 3332 ἀνθρωπίνοις
1279 3260 1374 3315 καὶ
1404 3258 1652 3329 φυσικοῖς
1682 3256 1861 3326 πράγ-

308 3375 453 3430 μασι
499 3358 605 3411 πᾶν
650 3358 825 3410 αἴτιον
857 3351 1178 3425 προηγεῖται
1221 3351 1314 3403 τοῦ
1370 3348 1617 3402 αἰτιατοῦ
1661 3347 1857 3415 χρόνῳ,

306 3450 416 3506 καὶ
446 3449 507 3501 τὸ
536 3446 776 3503 αἰτιατὺν
815 3443 910 3497 τοῦ
943 3444 1117 3497 αίτίου
1162 3441 1307 3492 ἐστιν
1344 3436 1566 3505 ὕστερον
1595 3452 1607 3465 ο
1645 3435 1740 3486 καὶ
1771 3434 1859 3487 διὰ

302 3538 473 3593 τοῦτό
512 3554 654 3598 τινες
707 3535 993 3593 ἀκούοντες
1043 3532 1212 3582 αἴτιον
1248 3528 1342 3580 καὶ
1394 3525 1655 3579 αἱτιατδνι
1689 3526 1746 3575 ὲν
1792 3526 1857 3593 τῇ

309 3627 530 3698 Τριάδι,
576 3625 672 3679 καὶ
718 3623 952 3692 μάλιστα
972 3610 1250 3687 -Ἂρειανοί
1279 3634 1340 3669 τε
1373 3618 1463 3671 καὶ
1517 3615 1857 3683 Εὐνομιανοὶ,

311 3725 384 3774 ὲκ
435 3718 541 3770 τῶν
622 3712 973 3783 ἀνθρωπίνων
1029 3709 1346 3778 ἐπεχείρουν
1403 3706 1861 3776 παραδειγμάτων

310 3812 379 3866 τδ
408 3806 671 3862 συναῖδιον
704 3804 911 3858 ἀνελεῖν
944 3803 1043 3869 τῆς
1077 3800 1326 3871 Τριάδος,
1366 3801 1461 3853 καὶ
1488 3799 1579 3853 τὸν
1612 3798 1711 3867 μὲν
1732 3798 1860 3851 Υίδν

307 3902 413 3957 τοῦ
446 3900 656 3969 Πατρδς
686 3896 911 3965 ὕστερον
949 3893 1126 3964 χρόνῳ
1168 3892 1463 3954 δεικνύναι,
1518 3890 1592 3952 ὡς
1624 3889 1863 3943 αίτιατδν

309 3990 487 4060 αὑτοῦ
512 4004 527 4020 ·
559 3987 691 4057 πρὸς
709 3985 930 4046 τούτους
962 3987 987 4036 6
1010 3983 1231 4050 Νύσσης
1261 3981 1400 4045 Gaio;
1425 3980 1722 4051 Γρηγόριος
1752 3981 1862 4031 ενι.

202 4099 211 4109 ο
313 4078 627 4159 στάμενοςη
646 4075 738 4127 καὶ
778 4073 838 4126 τὸ
866 4072 1135 4126 συναῖδιον
1165 4070 1272 4125 τῶν
1303 4069 1469 4141 τριῶν
1518 4069 1865 4121 ὑποστάσεων

309 4170 601 4236 ἀποδεῖξαι
621 4155 991 4236 σιροθέμενος,
1025 4166 1082 4215 ὲν
1120 4163 1196 4232 τῷ
1226 4164 1426 4231 πρώτῳ
1456 4157 1561 4210 τῶν
1591 4159 1724 4223 πρδς
1757 4155 1862 4209 Εὐ-

310 4264 507 4325 νόμιον
547 4255 995 4326 ’Δντιρῤητικῶν
1028 4253 1315 4318 ἀναλογίαν
1341 4252 1459 4301 τινὰ
1482 4249 1712 4299 ποιεῖται
1733 4243 1862 4295 Υὶοῦ

310 4349 459 4421 πρὸς
487 4349 724 4417 Πατέρα,
753 4348 845 4399 καὶ
868 4344 1179 4409 Πνεύματος
1230 4342 1364 4408 πρὸς
1399 4339 1524 4390 Υίὸν
1547 4376 1561 4401 ,
1618 4336 1708 4386 τὴν
1764 4335 1860 4400 μὲν

309 4443 541 4509 Πατέρα
574 4441 767 4505 λέγων,
816 4436 958 4503 μόνῳ
995 4433 1067 4498 τῷ
1119 4432 1215 4498 τῆς
1252 4429 1428 4488 αἰτίας
1476 4426 1615 4495 λόγῳ
1642 4441 1867 4493 προεπι..

316 4528 652 4599 θεωρεῖσθαι
694 4523 786 4575 τοῦ
811 4520 969 4582 Υἱοῦ,
989 4521 1047 4570 οὐ
1098 4519 1277 4586 μέντοι
1307 4514 1429 4569 κατ’
1456 4514 1690 4583 ἔμφασιν
1742 4526 1866 4581 χρο-

202 4656 205 4657 ν
312 4622 505 4689 νικῆν,
545 4617 634 4669 καὶ
665 4615 752 4666 διὰ
792 4611 951 4663 τοῦτο
1001 4610 1075 4678 μὴ
1121 4608 1451 4660 κινδυνεύειν
1494 4606 1586 4658 τὸν
1615 4606 1714 4674 τῆς
1744 4616 1869 4654 συν-

295 4713 622 4777 ,αῖδιότητος
647 4704 804 4769 λόγον
828 4717 841 4731 ν
860 4702 949 4752 τὸν
965 4701 1018 4753 δὲ
1046 4698 1169 4751 Υίὸν
1190 4694 1344 4759 αὖθις
1368 4697 1461 4748 καὶ
1479 4695 1637 4759 αὑτὸν
1662 4692 1872 4758 ἐπινοίᾳ

317 4803 464 4875 μόνῃ
528 4791 957 4865 προοεωρείσθαι
1005 4790 1103 4858 τῆς
1134 4788 1229 4854 τοῦ
1268 4784 1607 4855 Πνεύματος⁸
1634 4783 1870 4837 ὑποττά⁴

316 4906 490 4954 σεως,
520 4886 660 4940 κατὰ
682 4885 772 4936 τὸν
797 4884 897 4951 τῆς
919 4882 1099 4941 αἰτίας
1124 4880 1301 4947 λόγον.

414 4980 504 5039 Ὠς
538 4972 825 5045 φαίνεσθαι
880 4970 1127 5039 φανερῶς
1176 4970 1267 5020 τὸν
1317 4964 1624 5018 διδάσκαλον
1670 4964 1871 5035 ταύτης

313 5070 468 5126 εἶναι
496 5069 592 5132 τῆς
618 5064 773 5131 δόξης
804 5060 897 5113 τοῦ
929 5060 1017 5111 τὸν
1066 5059 1190 5110 Υὲὸν
1219 5056 1393 5109 αἰτίαν
1419 5052 1557 5106 εἶναι
1588 5052 1677 5105 τοῦ
1707 5055 1873 5107 Πνεύ-

319 5176 518 5229 ματος.
556 5158 644 5217 Ὠς
671 5155 777 5222 γὰρ
825 5152 1152 5204 συνάπτεται
1184 5148 1259 5215 τῷ
1305 5147 1473 5214 Πατρὶ
1498 5147 1523 5196 ὁ
1555 5145 1700 5210 Υἱὸς,
1731 5145 1870 5197 οὕτω

315 5250 425 5303 καὶ
452 5249 511 5298 τὸ
546 5247 792 5312 Πνεῦμα,
820 5244 971 5309 φησὶ,
1006 5243 1333 5291 συνάπτεται
1366 5236 1441 5303 τῷ
1474 5235 1583 5301 Υίῷ
1658 5238 1746 5287 καὶ
1776 5232 1871 5289 αὖ·

317 5339 442 5397 οις,
475 5335 549 5395 ὡς
574 5330 962 5401 προθεωρείται
985 5334 1010 5381 ὁ
1038 5328 1222 5397 Πατὴρ
1280 5326 1372 5378 τοῦ
1412 5325 1563 5383 Υἱοῦ.
1600 5327 1659 5376 οὐ
1693 5344 1869 5395 χρονι-

317 5426 410 5495 κῷ
467 5439 572 5476 τινι
608 5421 953 5488 διαστήματι,
995 5419 1115 5470 οὐδὲ
1173 5418 1311 5485 πρᾶγ
1328 5434 1473 5483 ματι,
1510 5414 1625 5466 ἀλλ’
1662 5418 1869 5486 ἐπινοίᾳ

396 5605 478 5680 (ι)
515 5601 571 5659 in
598 5602 757 5671 epist.
785 5600 850 5656 ad
886 5598 1234 5665 Serapionem
1264 5596 1399 5649 ultra
1432 5594 1687 5651 medium.

1959 3082 2034 3135 ita
2067 3078 2229 3145 etiam
2258 3076 2433 3132 Filius
2461 3085 2546 3130 est
2574 3090 2735 3130 causa
2765 3074 3118 3143 hypostaseos
3150 3070 3409 3140 Spiritus.

2030 3256 2299 3316 Praeterea
2322 3300 2336 3324 ,
2383 3258 2642 3327 quoniam
2677 3255 2730 3309 in
2762 3252 3028 3307 humanis.
3061 3259 3118 3306 et
3153 3250 3313 3309 litbus
3348 3255 3503 3300 natu-

1957 3352 2160 3405 ralibus
2199 3351 2377 3404 omnis
2406 3363 2566 3402 causa
2613 3357 2855 3414 tempore
2897 3342 3500 3399 antecedincausatum.

1955 3448 2012 3495 et
2054 3448 2337 3493 causatum
2373 3451 2469 3489 sua
2506 3450 2672 3497 causa
2718 3433 2998 3502 posterius
3039 3438 3160 3491 est;
3210 3436 3500 3495 propterea

1959 3525 2365 3581 hoc'nonnulli
2418 3523 2738 3583 audientes,
2793 3519 3052 3571 nimirum
3107 3524 3391 3569 causatum
3446 3514 3499 3565 in

1959 3616 2263 3673 Trinitate,
2308 3623 2362 3667 et
2404 3611 2710 3681 praesertim
2750 3609 2938 3664 Ariani
2977 3616 3031 3661 et
3069 3604 3396 3659 Eunomiani
3430 3604 3499 3657 ab

1961 3706 2215 3761 humanis
2254 3703 2522 3772 exemplis
2562 3702 2989 3756 coaeternitatcm
3034 3698 3226 3752 tollere
3265 3696 3504 3750 Trinita-

1963 3800 2069 3862 tis,
2098 3808 2152 3853 et
2199 3798 2395 3852 Filium
2429 3795 2792 3864 posteriorem
2828 3793 3017 3855 Patre,
3064 3792 3263 3859 quippe
3315 3804 3495 3842 causa-

1967 3902 2082 3947 tum
2117 3891 2185 3945 ab
2218 3892 2333 3959 ipso
2358 3930 2373 3953 ,
2402 3887 2695 3941 ostendere
2724 3884 3087 3939 conabantur.
3125 3880 3218 3933 His
3249 3895 3306 3932 se
3341 3894 3508 3945 oppo-

1964 3998 2103 4039 neus
2150 3982 2214 4035 Ι).
2261 3980 2553 4048 Gregorius
2603 3977 2918 4044 Nyssenus,
2976 3982 3032 4025 et
3080 3970 3507 4023 coaeternitatem

1966 4071 2129 4125 trium
2158 4080 2513 4137 personarum
2544 4064 2835 4116 ostendere
2878 4072 3190 4123 proponens
3240 4057 3291 4107 in
3332 4055 3507 4122 primo

1965 4164 2107 4216 libro
2148 4174 2337 4214 eorum
2360 4197 2374 4219 ,
2408 4155 2606 4222 quibus
2641 4152 2845 4205 refutat
2880 4150 3208 4204 Eunomium
3231 4186 3245 4209 ,
3282 4161 3511 4215 propor-

1967 4252 2170 4305 tionem
2213 4244 2499 4315 quamdam
2533 4242 2661 4296 i'acit
2695 4240 2816 4294 Filii
2864 4238 2928 4293 ad
2961 4240 3177 4292 Patrem
3210 4278 3225 4297 ,
3263 4236 3507 4303 Spiritus

1967 4340 2139 4396 sancti
2167 4339 2235 4392 ad
2267 4338 2462 4391 Filium
2497 4349 2510 4385 :
2546 4334 2764 4387 Patrem
2815 4331 3038 4400 quidem
3088 4343 3341 4384 asserens
3394 4327 3508 4379 sola

1967 4443 2145 4485 causae
2192 4427 2402 4480 ratione
2452 4423 2790 4493 prarintelligi
2839 4420 2996 4486 Filio,
3046 4435 3154 4473 non
3195 4428 3372 4472 tamen
3420 4430 3509 4469 se-

1969 4519 2209 4577 cundum
2243 4518 2504 4587 temporis
2528 4516 2945 4586 appellationem
2968 4552 2983 4575 ,
3010 4521 3065 4566 et
3092 4512 3215 4566 idco
3246 4510 3511 4562 rationem

1971 4611 2366 4670 coarternitatis
2392 4609 2617 4663 minime
2650 4605 2948 4675 periclitari
2979 4620 2993 4657 :
3028 4617 3221 4656 rursus
3253 4592 3430 4652 autem
3462 4605 3512 4649 et

1972 4708 2147 4773 ipsum
2194 4703 2389 4758 Filium
2425 4700 2537 4753 sola
2584 4706 2763 4751 mente
2805 4704 2858 4748 et
2886 4693 3214 4761 cogitatione
3244 4689 3513 4757 praeintel-

1970 4797 2064 4865 ligi
2108 4808 2337 4864 persona
2384 4790 2622 4860 Spiritus
2649 4784 2858 4849 sancti,
2889 4781 3197 4836 secundum
3231 4779 3503 4831 rationem

1972 4903 2168 4942 causae.

2041 4979 2110 5033 Ut
2138 4974 2420 5029 manifeste
2457 4976 2749 5038 appareat,
2800 4966 2947 5020 hunc
2989 4964 3263 5017 doetorem
3314 4960 3367 5014 in
3414 4959 3519 5011 hae

1971 5083 2089 5126 esse
2122 5062 2389 5120 sententia
2421 5069 2481 5114 ut
2504 5058 2774 5112 existimet
2798 5056 2990 5110 Fliium
3014 5069 3134 5108 esse
3154 5048 3371 5107 causam
3395 5049 3511 5115 Spi-

1973 5158 2129 5209 ritus.
2160 5148 2629 5217 Quemadmodum
2663 5146 2807 5199 enim
2839 5145 3012 5205 Filius
3040 5158 3162 5196 cum
3192 5142 3353 5194 Patre
3382 5152 3514 5190 cou-

1966 5250 2232 5321 juugitur,
2261 5249 2341 5300 sic
2367 5253 2422 5298 et
2450 5226 2717 5311 Spiritus,
2749 5237 2960 5305 inquit,
2992 5232 3342 5301 conjungitur
3388 5239 3511 5277 cum

1972 5318 2141 5403 Filio;
2168 5348 2219 5389 et
2244 5349 2489 5397 rursum,
2518 5340 2575 5385 ut
2596 5328 3028 5401 praeintelligitur
3054 5324 3211 5376 Pater
3237 5318 3371 5371 Filio
3402 5330 3509 5367 non

1973 5429 2237 5500 temporis
2269 5427 2451 5495 aliquo
2493 5424 2805 5487 intervallo,
2853 5431 3029 5484 neque
3075 5427 3158 5474 rc,
3204 5410 3295 5463 sed
3344 5422 3512 5464 sensu
