4122 6326
683 270 793 334 375

1609 268 2105 331 BESSARIONIS
2153 269 2218 328 S.
2255 267 2328 327 Η.
2370 267 2435 332 Ε.
2477 264 2940 327 CARDINALIS

3765 252 3877 316 3'76

681 374 919 437 mentis,
962 373 1172 429 scilicet
1199 377 1407 433 ratione
1431 391 1640 441 causae,
1670 378 1742 431 ita
1781 385 1838 432 et
1882 376 2053 431 Filius
2090 387 2259 437 pra».

2346 369 2405 438 τῷ
2427 370 2567 440 λόγῳ
2602 371 2679 441 τῷ
2704 368 2803 438 τῆς
2839 369 3036 433 αἰτίας,
3069 366 3212 430 ρῦτω
3248 365 3341 419 καὶ
3380 367 3407 419 6
3453 365 3580 428 Υἱὸς
3626 363 3897 439 πραθεαμ.

682 469 1003 539 intelligitur
1048 470 1274 539 Spiritui
1312 470 1562 524 similiter
1604 468 1774 523 animi
1822 481 2029 531 sensu,
2066 466 2219 534 juxta

687 562 902 613 modum
957 568 1011 613 et
1059 559 1321 613 rationem
1363 575 1558 613 causa“.

754 651 1015 704 Praeterea
1044 691 1056 709 ,
1114 652 1327 705 tametsi
1382 652 1434 703 in
1478 651 1769 713 humanis,
1817 658 1873 705 et
1921 645 2225 704 secundum

685 755 808 799 nos,
841 756 947 792 nou
976 755 1141 813 omne
1166 742 1453 807 exemplar
1483 741 1731 809 alicujus,
1756 748 1839 793 est
1866 741 2030 793 etiam
2062 752 2225 791 causa

686 831 803 896 ejus
844 847 856 880 :
895 830 1152 898 npiﬂrum
1184 833 1332 883 enim
1367 832 1696 898 exemplaria
1720 872 1733 892 ,
1762 846 1871 883 non
1901 830 2064 883 etiam
2101 829 2229 881 cﬂ‘e-

684 924 839 969 etiva-
865 936 1042 973 cause
1074 936 1262 991 eorulp
1297 922 1564 975 exsistunt
1589 963 1600 985 ,
1634 936 1862 988 quorum
1900 929 2229 974 suntexem-

690 1011 879 1073 pluria,
916 1012 1172 1062 nimirum
1204 1012 1440 1075 ipsarum
1480 1012 1769 1079 imaginum
1811 1030 1821 1061 τ
1850 1020 2055 1071 tamen,
2080 1008 2227 1077 quod

694 1101 1015 1151 naturaliter
1062 1101 1339 1165 exemplar
1371 1102 1623 1161 exsistit,
1659 1098 1711 1149 in
1763 1097 1858 1150 his
1888 1088 2017 1164 ipsis
2063 1097 2227 1149 etiam

693 1186 967 1247 humanis.
999 1196 1079 1242 est
1118 1205 1273 1241 causa
1308 1190 1594 1257 imaginis,
1626 1190 1777 1256 cujus
1811 1196 1894 1239 est
1929 1188 2225 1253 exemplar.

689 1276 854 1330 Multo
904 1278 1066 1346 igitur
1120 1281 1288 1346 magis
1342 1281 1395 1332 in
1438 1280 1636 1332 divinis
1661 1308 1685 1343 ,κ
1726 1279 1816 1330 ubi
1870 1288 1981 1330 tum
2039 1289 2228 1330 caetera

688 1365 869 1419 Omnia
892 1406 907 1431 ,
940 1377 1053 1419 tum
1088 1367 1263 1435 ipsum
1300 1368 1576 1433 exemplar
1615 1366 1933 1419 naturaliter
1964 1366 2231 1432 accipitur

690 1455 846 1521 (nihil
876 1456 1022 1507 enim
1070 1457 1142 1507 ibi
1183 1467 1376 1523 pra-ter
1422 1456 1717 1520 naturam),
1768 1455 1880 1507 hac
1932 1456 2233 1522 prepositio

688 1546 796 1598 erit
828 1560 976 1609 vera,
1010 1546 1222 1598 scilicet
1248 1563 1258 1596 :
1282 1545 1435 1608 Quod
1462 1546 1514 1598 in
1543 1544 1740 1598 divinis
1774 1547 2023 1612 personis
2056 1560 2234 1598 exem-

690 1634 811 1701 plar
843 1642 928 1688 est
960 1635 1215 1703 alicujus,
1251 1646 1336 1689 est
1386 1637 1551 1689 etiam
1584 1650 1745 1688 causa
1777 1636 1915 1701 ejus,
1964 1636 2119 1704 cujus
2151 1645 2232 1688 est

2329 464 2501 529 ρεῖται
2523 461 2615 515 τοῦ
2657 462 2795 514 Πνεύ
2806 477 2970 529 ματος
3000 459 3221 529 ὁμοίως,
3253 450 3466 527 ἐπινοίᾳ
3489 458 3627 511 κατὰ
3651 456 3740 509 τδν
3767 454 3875 524 τῆς

2327 553 2505 613 αἰτίας
2533 553 2707 619 λόγον.

2401 642 2544 703 Ἔτι,
2579 641 2741 693 είκαὶ
2770 643 2827 693 ἐν
2855 643 2969 703 τοῖς
3004 638 3369 709 ἀνθρωπίνοις
3418 636 3512 689 καὶ
3568 634 3689 686 καθ’
3723 633 3875 701 ἡμᾶς

2326 731 2386 783 οὐ
2418 734 2525 784 πᾶν
2550 732 2902 799 πρωτότυπόν
2949 747 3095 792 τινος
3152 729 3245 781 καὶ
3303 728 3472 779 αἴτιον
3516 723 3677 776 αὑτοῦ
3713 726 3825 773 ἐστι
3856 735 3874 750 ’

2328 822 2433 875 τῶν
2461 823 2568 890 γὰρ
2594 822 2854 891 τεχνιτῶν
2885 822 2951 874 τὰ
2983 821 3312 890 πρωτότυπα
3334 816 3452 886 οὐχὶ
3493 816 3585 867 καὶ
3616 811 3876 879 ποιητικὰ

2329 914 2478 965 αίτιά
2508 915 2612 965 εἰσι
2637 914 2765 979 τῶν,
2802 892 2875 967 ὦν
2899 916 3003 965 εἰσι
3032 910 3383 981 πρωτότυπα,
3418 906 3614 975 δηλαδὴ
3657 903 3767 955 τῶν
3798 900 3877 951 εί-

2330 1003 2500 1059 κόνων
2537 1003 2713 1055 αὐτῶν
2736 1020 2750 1036 ·
2783 1005 2896 1056 ἀλλ’
2929 1003 3020 1055 οὖν
3065 1003 3124 1054 τὸ
3161 1001 3318 1069 φύσει
3372 997 3722 1066 πρωτότυπον
3777 990 3879 1043 καὶ

2330 1097 2386 1185 ὲίγ
2417 1096 2598 1155 αὐτοῖς
2628 1095 2835 1156 τούτοις
2864 1096 2975 1155 τοῖς
3002 1091 3365 1162 ἀνθρωπίνοις
3395 1086 3569 1140 αἴτιόν
3619 1087 3734 1137 ἐστι
3773 1082 3878 1185 ej;

2331 1170 2556 1251 e'ixdvoc,
2584 1180 2651 1257 ἦς
2690 1186 3040 1254 πρωτὸτυπόν
3084 1188 3266 1237 ἐστιν·
3314 1179 3491 1248 πολλῷ
3517 1177 3697 1229 τοίνυν
3741 1170 3881 1241 μᾶλ-

2329 1279 2419 1330 λον
2451 1279 2507 1329 ὲν
2528 1280 2641 1339 τοῖς
2668 1278 2851 1341 θείοις,
2876 1277 3008 1329 ὅπου
3039 1274 3216 1328 πάντα
3240 1273 3309 1324 τά
3341 1288 3397 1323 τε
3448 1268 3582 1322 ἄλλα
3608 1266 3700 1319 καὶ
3746 1261 3880 1314 αὐτδ

2331 1366 2388 1418 1:6
2421 1367 2773 1434 πρωτότυπον
2804 1366 2961 1433 φύσει
2993 1364 3328 1433 λαμϐάνεται
3374 1360 3547 1427 (οὐδὲν
3575 1357 3708 1429 ’γὰρ
3764 1354 3883 1405 ἐκεῖ

2334 1455 2481 1520 παρὰ
2526 1455 2733 1521 φύσιν),
2789 1454 2982 1523 αὖτηλή
3015 1454 3279 1521 πρότασις
3309 1449 3618 1517 ἀληθεύσει,
3651 1441 3877 1513 δηλαδὴ,

2342 1544 2414 1596 Τὸ
2446 1548 2502 1597 ὲν
2547 1547 2658 1605 τοῖς
2688 1544 2849 1600 θείοις
2881 1542 3193 1612 προσώποις
3220 1540 3361 1602 τινὸς
3385 1539 3740 1608 πρωτὸτυπον
3786 1530 3886 1583 καὶ

2336 1630 2505 1686 αἴτιόν
2540 1635 2655 1684 ἐστι
2688 1633 2805 1695 τοῦ,
2834 1627 2893 1683 οῦ
2919 1634 3033 1684 ἐστι
3068 1630 3439 1696 πρωτότυπον.
3488 1626 3626 1679 Ἀλλ’
3682 1624 3710 1675 6
3741 1622 3891 1674 Bau-

691 1724 987 1793 exemplar.
1020 1726 1087 1777 At
1126 1725 1420 1795 Gregorius
1447 1725 1880 1795 Thaumaturgus
1926 1727 2117 1780 Filium
2146 1742 2232 1779 as-

2346 1716 2654 1792 ματουργὸξ
2667 1719 2964 1790 Γρηγόριος
2994 1719 3085 1772 τὸν
3134 1718 3263 1769 Υίὸν
3285 1715 3379 1769 τοῦ
3403 1716 3714 1781 Πνεύματος
3732 1727 3889 1778 πρω-

692 1815 826 1866 serit
862 1830 981 1868 esse
1038 1816 1273 1885 Spiritus
1310 1819 1583 1886 exemplar
1618 1836 1630 1871 :
1668 1832 1834 1886 quare
1884 1818 2103 1886 putabat
2150 1818 2234 1871 Fi-

688 1904 822 1957 lium
854 1919 1071 1974 quoque
1113 1922 1333 1960 causam
1370 1907 1605 1975 Spiritus
1634 1910 1915 1962 exsistere.
1967 1909 2079 1961 Hoc
2104 1924 2234 1963 vero

696 2001 752 2047 et
798 2008 827 2046 a
878 1994 1043 2049 simili
1091 1996 1427 2050 ostendetur:
1484 1998 1694 2049 Etenim
1733 2012 1962 2066 magnus
2006 1999 2235 2053 Basilius

691 2087 969 2152 exemplar
1022 2086 1140 2139 Filii
1179 2086 1393 2140 Patrem
1445 2088 1702 2155 appellat,
1751 2090 1802 2141 in
1853 2097 2050 2156 quarto
2094 2089 2235 2143 libro

694 2175 956 2228 Adversus
982 2176 1319 2231 Eunomium.
1345 2177 1639 2244 Gregorius
1664 2189 1843 2233 autem
1873 2179 2237 2233 Tliaumatur-

694 2280 814 2333 gus,
855 2275 913 2318 ut
964 2267 1167 2321 dictum
1223 2276 1329 2333 est,
1377 2270 1573 2322 Filium
1614 2272 1891 2339 exemplar
1926 2286 2048 2325 esse
2080 2272 2238 2325 docet

694 2356 951 2425 Spiritus,
989 2360 1041 2411 in
1076 2361 1317 2415 oratione
1351 2364 1506 2429 cujus
1542 2373 1621 2417 est
1678 2365 1893 2418 initium
1925 2382 1937 2417 :
1976 2364 2238 2419 Inimicis-

694 2450 816 2500 εἰηιί
871 2456 920 2501 et
968 2449 1128 2504 alieni
1166 2462 1289 2505 sunt
1334 2471 1365 2505 a
1416 2455 1732 2522 confessione
1789 2456 2108 2525 apostolica,
2150 2457 2238 2525 qui

698 2536 899 2591 Filium
953 2555 1015 2593 ea:
1059 2556 1159 2593 non
1216 2543 1419 2595 cutibus
1460 2554 1715 2596 asserunt.
1768 2543 1964 2597 Verum
2012 2545 2241 2598 Basilius

698 2629 910 2682 Patrem
933 2666 947 2690 ,
986 2639 1240 2698 tanquam
1274 2647 1494 2685 causam
1534 2634 1699 2696 Filii,
1741 2633 1873 2685 dicit
1904 2648 2021 2686 esse
2060 2647 2244 2686 exem-

701 2719 966 2785 plar~Filii
1003 2737 1017 2773 :
1054 2720 1221 2788 igitur
1254 2729 1309 2772 et
1339 2722 1633 2788 Gregorius
1675 2720 1867 2773 Filium
1905 2721 2072 2779 veluti
2109 2736 2241 2774 cau-

705 2823 822 2889 sint
852 2807 1109 2875 Spiritus,
1135 2812 1413 2877 exemplar
1452 2824 1571 2863 esse
1602 2812 1835 2878 Spiritus
1865 2810 2065 2863 obnixe
2112 2826 2244 2865 con-

714 2894 905 2945 tendit.

777 2986 1071 3050 Praeterea,
1100 2995 1212 3039 tum
1238 3002 1268 3040 a
1301 3003 1495 3057 magno
1521 2989 1737 3051 Basilio,
1768 2998 1877 3042 tum
1914 3006 1940 3041 a
1972 2990 2244 3059 plerisque
2272 3015 2330 3071 ο,

671 3082 1018 3128 -sanctorum
1052 3115 1067 3138 ,
1122 3075 1290 3130 Filius
1329 3078 1547 3146 quidem
1597 3080 1798 3131 dicitur
1834 3079 2007 3147 imago
2049 3081 2245 3149 Patris,

711 3163 947 3229 Spiritus
982 3175 1164 3218 autem
1209 3164 1385 3235 imago
1430 3166 1553 3221 Filii
1603 3186 1617 3224 :
1654 3170 1820 3224 Filius
1856 3174 2100 3239 Operatio
2153 3174 2253 3227 Pa-

708 3253 828 3316 tris,
859 3254 1095 3323 Spiritus
1125 3258 1369 3325 operatio
1398 3259 1552 3324 Filii;
1590 3260 1759 3315 Filius
1785 3262 2020 3316 Verbum
2052 3264 2246 3331 Patris,

714 3341 953 3412 Spiritus
985 3347 1208 3399 verbum
1252 3347 1410 3404 Filii:
1445 3345 1610 3405 Filius
1650 3354 2019 3407 suaveolentia
2049 3354 2243 3422 Patris,

709 3434 945 3502 Spiritus
974 3438 1344 3492 suaveolentia
1369 3438 1510 3492 Filii.
1548 3440 1652 3495 Sed
1696 3443 1782 3495 illa
1808 3444 1995 3497 omnia
2051 3444 2251 3501 dicitur

712 3524 882 3579 Filius
913 3526 1111 3591 Patris,
1148 3538 1333 3596 utpote
1360 3531 1453 3599 qui
1484 3546 1512 3583 a
1538 3530 1695 3585 Patre
1726 3532 1973 3587 exsistat.
2006 3535 2174 3604 Igitur
2196 3544 2251 3590 et

714 3612 959 3680 Spiritus
986 3627 1206 3671 sanctus
1227 3620 1416 3673 eadem
1443 3620 1642 3673 dicitur
1672 3623 1792 3676 Filii
1826 3638 1965 3689 esse,
1995 3634 2249 3694 tanquam

715 3720 745 3757 ι
775 3705 911 3760 Filio
946 3708 1240 3762 exsistens.

786 3883 1079 3951 Praeterea,
1109 3888 1153 3941 si
1194 3902 1300 3943 non
1350 3898 1494 3943 esset
1526 3890 1758 3956 Spiritus
1787 3907 1815 3945 a
1866 3892 2022 3956 Filio,
2065 3900 2253 3962 perso-

712 3975 913 4030 naliter
948 3978 1014 4031 ab
1040 3992 1106 4031 eo
1148 3994 1254 4032 non
1290 3980 1741 4048 distingueretur.
1778 3983 1973 4035 Verum
2024 3984 2128 4037 ltoc
2173 3985 2258 4038 di—

717 4083 837 4121 cere
884 4070 1179 4123 absurdum
1227 4082 1344 4136 est;
1398 4074 1477 4126 sic
1523 4074 1665 4125 enim
1712 4073 1951 4127 Trinitas
1997 4074 2256 4129 dualitate

672 4226 675 4227 ν
719 4159 1133 4224 terminabitur;
1166 4171 1249 4216 est
1278 4179 1407 4231 ergo
1443 4163 1678 4231 Spiritus
1719 4181 1747 4218 a
1782 4162 1942 4228 Filio,
1976 4164 2020 4218 si
2068 4180 2258 4232 perso-

2335 1812 2569 1865 τότυπόν
2602 1828 2788 1880 φησιν,
2832 1809 2967 1862 ὥστε
2991 1812 3081 1861 καὶ
3120 1808 3294 1859 αἴτιον
3335 1804 3553 1872 ἐνόμιζε
3587 1803 3682 1853 τοῦ
3723 1802 3893 1853 Πνεῦ-

2339 1922 2506 1975 ματος
2536 1905 2626 1956 τὸν
2668 1903 2813 1955 Υἱόν.
2843 1903 3017 1953 Τοῦτο
3046 1900 3102 1953 δὲ
3137 1899 3231 1953 καὶ
3278 1896 3384 1950 ἀπὸ
3430 1897 3526 1948 τοῦ
3564 1895 3751 1960 ὁμοίου
3781 1894 3896 1945 δει-

2336 1997 2617 2066 χθήσεται.
2662 1994 2719 2048 Ὀ
2748 1992 2968 2061 μὲνγὰρ
3000 1992 3170 2065 μέγας
3217 1988 3495 2049 Βασίλειος
3529 1984 3891 2054 πρωτότυπον

2334 2087 2430 2140 τοῦ
2455 2086 2584 2139 Υίοῦ
2635 2085 2724 2137 τὸν
2769 2085 2985 2151 Πατέρα
3010 2074 3172 2151 φησιν
3202 2083 3258 2132 ὲν
3301 2078 3379 2147 τῷ
3411 2078 3545 2132 Κατ’
3579 2074 3892 2142 Εὐνομίου

2336 2180 2576 2248 τετάρτῳ
2600 2191 2614 2207 ο
2650 2178 2677 2228 6
2705 2174 2758 2227 δὲ
2789 2172 3208 2242 Θαυματουργὸς
3266 2168 3591 2238 Γρηγόριος,
3623 2166 3698 2228 ὼς
3736 2164 3895 2231 εἴρη-

2335 2287 2446 2332 ται,
2477 2270 2569 2320 τὸν
2602 2267 2730 2319 Υίδν
2769 2265 3123 2334 πρωτότυπον
3155 2262 3395 2315 διδάσκει
3433 2258 3526 2312 τοῦ
3570 2256 3895 2323 Πνεῦματος

2338 2360 2393 2408 ὲν
2423 2357 2497 2424 τῷ
2531 2356 2694 2423 λόγῳ,
2722 2352 2779 2406 οῦ
2816 2354 2848 2423 ὴ
2894 2354 3033 2421 ἀρχή
3062 2368 3075 2381 ·
3113 2352 3419 2418 Ἕχθιστοι
3449 2347 3546 2401 καὶ
3576 2344 3895 2409 ἀλλότριοι

2309 2444 2446 2525 ,τῆς
2474 2440 2887 2507 ἀποστολικῆς
2923 2439 3241 2507 ὁμολογίας
3270 2440 3323 2491 οἱ
3352 2438 3462 2490 τὸν
3490 2437 3629 2489 Υὶὸν
3668 2433 3737 2496 ἐξ
3772 2434 3893 2525 οῦκ

2340 2536 2527 2587 ὄντων
2558 2532 2859 2598 λέγοντες.
2911 2528 3071 2580 Ἀλλὰ
3106 2527 3386 2588 Βασίλειος
3424 2525 3514 2578 τὸν
3545 2523 3784 2593 Πατέρα,
3812 2519 3893 2582 ὡς

2342 2628 2513 2681 αῐτιον
2546 2625 2642 2676 τοῦ
2669 2624 2826 2685 Υίοῦ,
2864 2622 3214 2690 πρωτότυπον
3248 2620 3409 2673 αὐτὸν
3440 2620 3572 2685 φησὶ
3590 2616 3687 2668 τοῦ
3718 2615 3852 2667 Υίοῦ
3872 2628 3893 2643 ⁸

2340 2717 2435 2767 καὶ
2494 2715 2520 2764 6
2568 2711 2869 2779 Γρηγὸριος
2920 2710 3030 2777 ἄρα
3079 2708 3168 2759 τὸν
3226 2707 3375 2770 Υίὸν,
3437 2706 3512 2768 ὡς
3572 2705 3743 2756 αἴτιον
3796 2701 3895 2755 τοῦ

2346 2801 2684 2872 Πνεύματος,
2719 2799 3071 2869 πρωτότυπον
3101 2797 3260 2852 αὐτὸν
3321 2797 3641 2866 Πνεύματος
3688 2794 3901 2846 διατείο

2343 2911 2509 2947 νεται.

2414 2984 2555 3044 Ἔτι,
2598 2982 2701 3036 ὑπό
2738 2999 2797 3035 τε
2828 2983 2924 3034 τοῦ
2978 2980 3213 3051 μεγάλου
3264 2977 3576 3043 Βασιλείου,
3639 2975 3734 3029 καὶ
3782 2975 3897 3027 τῶν

2350 3074 2617 3126 πλείστων
2646 3074 2835 3138 ἁγίων,
2859 3074 2893 3139 ὁ,
2920 3074 3019 3138 μὲν
3077 3072 3206 3132 Υίὸς
3232 3069 3397 3123 εἰκὼν
3424 3069 3520 3121 τοῦ
3560 3066 3771 3133 Πατρδς
3804 3065 3899 3115 λέ-

2350 3179 2530 3231 γεται,
2579 3163 2639 3214 τὸ
2688 3162 2744 3214 δὲ
2778 3162 3004 3229 Πνεῦμα
3067 3159 3231 3212 εἰκὼν
3264 3157 3357 3210 τοῦ
3389 3156 3513 3209 Υίοῦ
3539 3171 3553 3186 ·
3594 3155 3687 3207 καὶ
3731 3156 3760 3206 6
3798 3154 3901 3223 μὲν

2351 3259 2475 3320 Υἱὸς
2515 3254 2765 3325 ἐνέργεια
2793 3253 2889 3304 τοῦ
2914 3252 3150 3321 Πατρὺς,
3199 3250 3260 3301 τὸ
3294 3249 3352 3302 δὲ
3387 3248 3612 3315 Πνεῦμα
3645 3246 3903 3315 ἐνέργεια

2346 3349 2445 3403 ’τοῦ
2480 3347 2631 3411 Υίοῦ,
2662 3346 2756 3399 καὶ
2794 3347 2823 3397 6
2863 3345 2960 3413 μὲν
2987 3342 3117 3405 Υἱὸς
3146 3342 3317 3409 Λόγος
3347 3339 3440 3393 τοῦ
3488 3337 3718 3408 Πατρὸς,
3757 3337 3820 3389 τὸ
3845 3336 3904 3389 δι

2351 3439 2577 3508 Πνεῦμα
2599 3439 2749 3509 ῥῆμα
2778 3434 2869 3493 τοῦ
2902 3435 3061 3487 Υίοῦο
3096 3434 3188 3485 καὶ
3207 3435 3234 3485 6
3264 3431 3362 3501 μὲν
3400 3430 3527 3493 Υἱὸς
3580 3429 3777 3481 εὐωδία
3801 3426 3904 3480 τοῦ

2351 3531 2586 3601 Πατρδς,
2613 3529 2673 3582 τὸ
2699 3528 2754 3581 δὲ
2780 3526 3003 3596 Πνεῦμα
3026 3523 3222 3577 εὐωδία
3250 3521 3344 3575 τοῦ
3375 3520 3527 3575 Υίοῦ.
3554 3518 3695 3573 Ἀλλ’
3712 3518 3903 3570 ἐκεῖνα

2352 3626 2530 3677 πάντα
2559 3613 2758 3682 δ’Υίὸς
2788 3618 3003 3685 λέγεται
3038 3614 3133 3668 τοῦ
3175 3611 3405 3681 Πατρδς,
3440 3610 3512 3673 ὡς
3559 3609 3623 3661 ὲκ
3661 3606 3756 3660 τοῦ
3786 3606 3906 3656 Πα-

2352 3713 2479 3783 τρδς
2507 3710 2601 3764 ὢν.
2643 3709 2752 3763 Καὶ
2783 3708 2845 3760 τδ
2866 3707 3087 3776 Πνεῦμα
3119 3704 3225 3773 ἄρα
3255 3704 3316 3755 τὸ
3343 3702 3502 3770 ἅγιον
3532 3701 3600 3753 τὰ
3633 3697 3771 3751 αὐτὰ
3810 3694 3907 3747 λέ-

2356 3821 2516 3872 γεται
2548 3800 2638 3854 τοῦ
2665 3799 2797 3854 Υίοῦ
2833 3794 2995 3861 εἶναι,
3026 3798 3098 3858 ὡς
3128 3799 3192 3849 ὲκ
3223 3794 3317 3847 τοῦ
3346 3792 3480 3844 Υίοῦ
3506 3792 3584 3847 6v.

2428 3894 2573 3956 Ἔτι,
2610 3892 2657 3943 si
2722 3889 2798 3957 μὴ
2828 3889 2888 3939 τὸ
2930 3888 3154 3954 Πνεῦμά
3211 3887 3357 3937 ἔστιν
3384 3884 3441 3949 ἐξ
3500 3881 3653 3945 Υίοῦ,
3687 3880 3787 3932 οὐκ
3839 3876 3908 3929 ἃν

2369 3982 2534 4036 αὑτοῦ
2574 3978 2941 4047 προσωπικῶς
2970 3976 3313 4044 διακρίνοιτο.
3333 3974 3491 4028 Ἀλλὰ
3514 3973 3668 4024 τοῦτο
3703 3969 3909 4023 ἄτοπον

2360 4074 2537 4140 λέγειν
2563 4088 2576 4102 ο
2608 4069 2751 4122 οὕτω
2779 4068 2885 4135 γὰρ
2938 4068 2970 4135 ἠ
3009 4066 3178 4133 Τριὰς
3204 4065 3563 4132 ὁρισθήσεται,
3592 4064 3670 4125 εἰς
3711 4059 3907 4112 δυάδα.

2363 4168 2550 4219 Ἔστιν
2581 4162 2686 4231 ἄρα
2710 4158 2767 4222 ὲξ
2807 4156 2933 4211 Υίοῦ
2962 4156 3020 4208 τὸ
3051 4152 3298 4222 Πνεῦμα,
3336 4155 3383 4203 εἰ
3411 4152 3598 4220 μέλλοι
3626 4166 3910 4220 προσωπι-

722 4246 917 4297 naliter
940 4246 1200 4317 distingui
1226 4250 1443 4305 debeat.
1474 4251 1625 4317 Quod
1661 4268 1865 4316 autem,
1901 4254 1947 4306 si
1982 4270 2085 4306 non
2116 4261 2259 4307 esset

2361 4256 2473 4317 κῶς
2501 4248 2897 4319 διακρίνεσθαι.
2925 4246 3044 4299 Ὀτι
3074 4244 3129 4295 δὲ
3153 4245 3201 4293 εί
3238 4240 3312 4310 μὴ
3342 4239 3428 4307 εἴη
3457 4240 3548 4290 καὶ
3603 4237 3663 4300 ἐξ
3716 4237 3909 4300 αὑτοῦ,

721 4336 791 4387 ab
830 4337 966 4402 ipso,
1024 4341 1381 4404 personaliter
1420 4342 1488 4393 ab
1543 4356 1605 4394 eo
1642 4358 1749 4395 non
1807 4344 2256 4414 distingueretur,

2362 4348 2460 4399 οὐκ
2492 4344 2558 4399 ἂν
2586 4340 2749 4397 αὐτοῦ
2786 4334 3148 4407 προσιοπικῶς
3177 4330 3532 4401 διακρίνοιτο,
3584 4327 3740 4396 δῆλον
3766 4327 3910 4376 but-

728 4426 1234 4483 indemauil‘estum
1269 4439 1377 4486 est.
1431 4431 1776 4501 Unaquaeque
1826 4412 1998 4489 causa
2036 4437 2259 4503 alicujus

2363 4435 2475 4489 θεν.
2519 4433 2754 4497 Ἐκάστη
2783 4428 2931 4481 αῐτία
2989 4422 3141 4476 τοῦδε
3179 4438 3323 4484 τινος
3378 4417 3700 4487 πράγματος
3745 4412 3911 4503 διχῷς

726 4526 805 4579 rei
840 4523 1131 4591 dupliciter
1177 4521 1378 4593 dicitur
1410 4522 1735 4590 principium
1766 4523 1883 4592 ejus
1932 4534 1988 4578 et
2043 4539 2204 4579 causa
2247 4542 2262 4579 ε

732 4630 843 4669 uno
868 4614 1085 4683 quidem
1118 4610 1278 4665 mede
1314 4622 1569 4681 tanquam
1606 4628 1671 4666 ex
1705 4628 1832 4681 quo,
1864 4615 1946 4668 vel
1977 4629 2007 4668 ι
2047 4631 2176 4684 quo,
2208 4624 2269 4671 et

638 4772 642 4777 θ
730 4707 954 4762 oumino
1006 4702 1333 4771 principium
1383 4703 1527 4756 unde
1554 4718 1639 4758 res
1687 4719 1844 4758 suum
1890 4704 2065 4759 habet,
2094 4722 2265 4775 esse;

733 4798 906 4871 altero
941 4778 1072 4847 vero
1102 4792 1261 4845 modo
1300 4802 1549 4861 tanquam
1581 4811 1710 4864 quo,
1733 4797 1903 4851 veluti
1931 4805 2015 4853 est
2037 4799 2264 4865 species,

735 4904 855 4958 quae
887 4898 970 4939 est
1005 4887 1059 4938 in
1115 4892 1290 4938 mente
1340 4886 1562 4953 opificis,
1614 4892 1699 4941 cui
1747 4890 1977 4944 similem
2013 4891 2266 4945 eﬂ'ectum

735 4988 1118 5045 quemcunque
1141 4972 1410 5041 producit.
1446 4976 1619 5041 Quare
1642 4992 1800 5030 omne
1826 4974 2067 5032 eﬂiciens
2094 4980 2270 5032 simile

736 5066 841 5119 sibi
873 5062 1125 5131 producit
1152 5060 1454 5122 secundum
1486 5066 1741 5128 speciem,
1766 5079 1873 5130 qua
1898 5068 2170 5134 producit.
2204 5068 2271 5123 Ut

696 5204 699 5207 γ
738 5155 891 5209 verbi
946 5154 1118 5221 gratia
1152 5192 1164 5214 ,
1224 5149 1449 5213 hujusce
1487 5151 1734 5218 imaginis
1772 5170 1932 5208 causa
1963 5167 2043 5208 est
2084 5172 2097 5207 :
2144 5173 2269 5210 cum

734 5248 854 5315 ipse
894 5246 1106 5313 pictor,
1162 5250 1413 5308 tanquam
1452 5240 1606 5294 unde
1638 5244 1706 5294 sit
1756 5245 2113 5310 principium,
2148 5258 2268 5300 tum

735 5344 944 5407 species
986 5335 1260 5404 imaginis,
1294 5332 1345 5386 in
1389 5334 1560 5384 anima
1594 5336 1818 5399 pictoris
1866 5334 2112 5400 tenuata,
2157 5350 2273 5390 tan-

736 5410 895 5497 quam
929 5430 1254 5497 principium
1298 5438 1429 5493 quo,
1472 5423 1557 5477 cui
1607 5426 1834 5477 similem
1873 5426 2156 5490 imaginem
2192 5429 2273 5495 pi.

738 5534 856 5572 ctor
886 5514 1069 5574 eiiicit.
1102 5518 1175 5573 ita
1206 5518 1370 5587 igitur
1400 5516 1449 5567 in
1486 5514 1678 5568 divinis
1704 5518 1972 5583 personis,
2017 5528 2268 5585 tauquam

739 5624 801 5665 ex
836 5626 963 5679 quo,
1004 5619 1089 5666 est
1128 5610 1283 5664 l‘atcr
1310 5621 1507 5670 causa,
1545 5606 1643 5660 hoc
1694 5615 1770 5661 est
1802 5607 1981 5659 divina
2030 5608 2147 5671 eius
2178 5608 2274 5671 liv-

2360 4526 2580 4593 λέγεται
2611 4521 2749 4591 ἀρχὴ
2780 4516 2969 4579 αὑτοῦ,
3001 4514 3098 4567 καὶ
3128 4511 3275 4564 αίτία
3301 4525 3314 4540 ⁶
3360 4509 3441 4563 ἑνὶ
3477 4507 3573 4577 μὲν
3597 4507 3801 4573 τρόπῳ,
3833 4501 3911 4593 ὡς

2362 4592 2531 4678 «sit:
2577 4605 2661 4675 οῦ,
2702 4610 2735 4679 ἢ
2788 4608 2875 4676 ὑφ’
2930 4600 3013 4671 οῦ,
3054 4606 3149 4657 και
3194 4603 3330 4661 ὅλως
3382 4601 3416 4668 ἠ
3482 4597 3623 4668 ἀρχὴ
3688 4593 3808 4646 ὅθεν
3852 4592 3912 4642 τδ

2364 4708 2597 4776 πρᾶγμα
2627 4717 2640 4730 ·
2670 4700 2910 4768 δευτέρῳ
2956 4698 3037 4761 δὲ,
3075 4695 3149 4755 ὡς
3191 4683 3348 4776 τδῌῷ,
3399 4684 3509 4740 οἷον
3545 4688 3605 4737 τὸ
3638 4680 3799 4776 εἶδος,

2340 4772 2483 4848 πὲνὸν
2516 4796 2581 4863 τῇ
2606 4790 2699 4844 τοῦ
2730 4789 3007 4845 ποιοῦντος
3034 4786 3200 4853 ψυχῇ,
3237 4774 3280 4846 ᾧ
3313 4781 3498 4847 ὅμοιον
3523 4777 3584 4828 τὸ
3617 4772 3913 4863 ἀποτελοῦ-

2369 4903 2529 4955 μενον
2558 4862 2731 4935 γποιεῐ
2776 4881 2835 4932 τὸ
2896 4874 3198 4931 ὁποιονοῦν.
3254 4870 3421 4955 Ὅθεν
3463 4870 3570 4920 πᾶν
3598 4867 3659 4918 τὸ
3720 4862 3914 4955 τιοιοῦν

2365 4953 2547 5047 δμοιον
2580 4972 2759 5040 ἑαυτῷ
2778 4973 2917 5023 ποιεῖ
2966 4968 3106 5020 κατὰ
3147 4963 3205 5015 τὸ
3232 4956 3369 5021 εἶδος
3389 4953 3433 5025 ᾧ
3473 4960 3633 5011 ποιεῖ.
3666 4954 3797 5047 οἷον
3820 4954 3917 5005 λό-

2366 5088 2463 5143 γου
2487 5069 2666 5136 χάριν,
2714 5064 2874 5131 τῆσδε
2923 5060 3020 5125 τῆς
3054 5055 3259 5114 εἰκόνος
3289 5050 3587 5143 αἴτιονότε
3619 5046 3915 5143 ζωγράφος

2370 5136 2551 5219 αὐτὸς,
2586 5157 2661 5216 ὼς
2690 5154 2747 5205 τὸ
2770 5152 2891 5203 ὅθεν
2926 5152 2955 5217 ἠ
2994 5145 3156 5215 ἁρχὴ,
3215 5144 3309 5194 καὶ
3356 5140 3417 5193 τὸ
3448 5136 3804 5223 ἁνατυττωθὶν
3854 5137 3916 5188 ιν

2368 5252 2432 5316 τῇ
2470 5246 2562 5297 τοῦ
2599 5246 2893 5310 ζωγράφου
2936 5238 3081 5304 ψυχῇ
3115 5234 3212 5299 τῆς
3271 5229 3475 5301 εἰκόνος
3517 5223 3675 5289 εἶδος,
3730 5223 3815 5316 ὡς-
3853 5226 3918 5274 τὸ

2369 5313 2627 5403 ᾧμὸμοίαν
2661 5334 2759 5399 τὴν
2788 5331 2973 5381 εἰκόνα
3001 5328 3026 5377 6
3051 5322 3338 5390 ζωγράφος
3368 5319 3531 5368 ποιεῖ,
3558 5315 3715 5366 Οὕτω
3736 5313 3920 5403 τοίνυν

2371 5397 2485 5474 διαὶ·
2518 5423 2610 5473 ἐπὶ
2652 5397 2757 5473 τῶν
2793 5416 2949 5469 θείων
2988 5404 3323 5480 προσώπων,’
3364 5407 3439 5468 ὡς
3498 5404 3599 5472 μὲν
3627 5404 3688 5454 τὸ
3724 5401 3785 5463 ἐξ
3828 5397 3922 5464 οδ,

2372 5517 2513 5567 ἔστιν
2544 5518 2569 5567 ὁ
2592 5513 2778 5580 Πατὴρ
2804 5510 2970 5569 αἰτία,
2998 5507 3163 5573 ἤγουν
3196 5506 3227 5571 ἡ
3263 5499 3425 5553 αὐτοῦ
3445 5498 3563 5550 θεία
3594 5490 3925 5554 ὑλόσταὰις,

2374 5606 2518 5669 ὡςδὲ
2552 5606 2634 5674 τὸ,
2661 5597 2707 5671 ᾧ
2748 5602 2894 5656 ιστιν
2941 5600 2975 5667 ἡ
3004 5598 3121 5651 θεία
3179 5592 3351 5653 αὑτοῦ,
3378 5589 3534 5643 οὐσία
3559 5603 3573 5617 ο
3618 5581 3789 5635 τοῦτο
3814 5585 3927 5653 γάρ
