4122 6326
684 275 789 336 379

1623 268 2121 332 BESSABIONIS
2169 270 2229 334 S.
2271 270 2340 331 Β.
2378 270 2444 331 Ε.
2488 268 2946 330 CARDINALIS

3786 267 3895 330 asa

685 396 769 440 est
808 398 1001 438 eorum
1031 381 1319 446 dissimile,
1366 394 1486 450 quae
1516 378 1707 435 insunt
1736 382 2046 436 communia
2082 380 2230 435 Patri

2336 382 2509 452 Πατρὶ
2538 380 2635 435 καὶ
2670 381 2786 450 Υἱῷ
2808 381 3120 454 προσόντων
3147 379 3361 434 κοινῶν.
3407 378 3465 432 ’0
3487 377 3543 432 δὲ
3574 380 3765 451 Πατὴρ
3790 381 3896 448 τὴν

684 492 747 531 ac
778 475 936 528 Filio.
958 475 1116 528 Pater
1140 483 1321 526 autem
1358 471 1613 525 mittendi
1638 472 1934 541 potentiam
1966 484 2075 526 una
2104 486 2228 526 eum

687 561 1020 629 producendi
1072 561 1259 622 habet,
1303 568 1361 613 ut
1400 558 1607 613 dictum
1648 568 1734 614 est
1768 578 1780 613 :
1829 560 1995 627 igitur
2031 569 2089 615 et
2140 561 2229 616 Fi-

685 653 792 707 lius
826 650 1318 720 cum'prodoeendi
1360 650 1599 718 potentia
1636 665 1753 705 eam
1795 650 2040 705 habebit.

754 742 1050 807 Praeterea,
1084 742 1229 810 quod
1266 740 1499 809 alicujus
1529 750 1609 796 est
1660 749 1875 804 natura,
1928 749 2014 795 est
2059 741 2226 795 etiam

686 846 753 885 ex
778 831 895 899 ipso
920 831 1220 885 secundum
1256 829 1360 883 hoc
1390 829 1533 897 quod
1565 828 1765 883 dicitur
1794 830 1915 898 ejus
1943 843 2081 883 esse.
2107 828 2233 898 Spi-

686 922 828 975 ritus
860 934 1044 975 autem
1085 930 1312 975 sanctus
1342 932 1427 973 est
1468 918 1612 983 Filii,
1648 931 1702 973 et
1732 920 1958 974 omnino
2012 930 2233 973 natura—

683 1012 849 1077 liter;
892 1027 1001 1065 non
1030 1012 1178 1065 enim
1212 1019 1406 1079 praeter
1432 1019 1707 1073 naturam,
1730 1023 1906 1077 neque
1936 1017 1993 1061 ut
2017 1022 2230 1062 servus.

684 1102 781 1155 Est
816 1102 978 1171 igitur
1008 1101 1248 1167 Splrltus
1281 1109 1527 1162 sanctus,
1556 1109 1825 1168 quatenus
1851 1099 2089 1167 Spiritus
2110 1114 2233 1154 san-

686 1202 825 1251 ctus,
870 1192 972 1245 hoc
1004 1199 1089 1244 est
1120 1198 1394 1261 quatenus
1426 1201 1512 1243 est
1538 1190 1724 1242 divina
1756 1203 1989 1258 persona
2024 1190 2076 1242 in
2108 1189 2232 1249 Tri-

686 1282 877 1344 nitate,
905 1296 970 1333 ex
1002 1280 1163 1334 Filio.

755 1360 1019 1424 Praeterea
1054 1370 1293 1438 Spiritus
1333 1380 1553 1421 sanctus
1581 1378 1663 1422 est
1702 1371 2013 1431 relativum,
2042 1381 2096 1425 et
2124 1386 2233 1423 ma-

687 1459 946 1513 nifestum
973 1469 1078 1521 est,
1114 1459 1259 1526 quod
1307 1459 1523 1510 dicatur
1554 1458 1790 1526 Spiritus
1826 1460 2020 1522 Patris,
2056 1458 2234 1527 Spiri-

691 1558 778 1602 tus
806 1549 929 1603 Filii
963 1568 973 1601 :
1012 1550 1055 1602 si
1104 1550 1249 1602 enim
1291 1558 1439 1601 esset
1472 1550 1805 1613 absolutum,
1841 1565 1947 1602 non
2006 1550 2236 1618 alicujus

691 1640 988 1693 diceretur.
1018 1639 1207 1707 Neque
1234 1641 1377 1691 enim
1412 1640 1694 1705 proprium
1720 1649 1805 1691 est
1833 1638 2231 1699 absolutorum,

690 1732 994 1785 secundum
1024 1731 1410 1799 significatum,
1434 1730 1575 1797 quod
1603 1730 1791 1782 subest
1815 1731 2018 1783 nomini
2049 1768 2063 1791 ,
2102 1730 2239 1800 alte.-_
2267 1714 2311 1773 Β

689 1822 802 1875 rius
828 1822 936 1876 diei
959 1862 973 1887 ,
1008 1822 1109 1875 nisi
1155 1821 1398 1889 profecto
1431 1820 1728 1873 secundum
1762 1824 2050 1887 quamdam
2075 1820 2235 1873 aliam

638 1914 639 1917 “
688 1914 1042 1977 relationem;
1080 1913 1222 1966 sicut
1250 1912 1447 1973 homo,
1486 1926 1606 1963 cum
1638 1914 1709 1963 sit
1760 1910 2092 1976 absolutum,
2126 1926 2233 1963 non

686 2004 887 2057 dicitur
915 2004 1146 2073 alicujus
1176 2003 1336 2056 homo
1359 2042 1372 2065 ,
1407 2001 1501 2055 sed
1531 2001 1763 2069 alicujus
1792 2016 2002 2055 servus.
2038 2001 2233 2056 Verum

688 2094 923 2161 Spiritus
950 2091 1247 2146 secundum
1278 2090 1640 2159 significatum
1675 2129 1688 2152 ,
1735 2090 1877 2159 quod
1907 2091 2098 2146 subest
2129 2092 2234 2160 ipsi

688 2188 918 2247 nomini,
955 2185 1157 2239 dicitur
1192 2182 1432 2252 Spiritus
1464 2182 1608 2245 Filii,
1655 2183 1799 2236 sicut
1828 2192 1881 2235 et
1910 2184 2113 2248 Patris;
2150 2192 2236 2237 est

688 2277 853 2345 igitur
889 2276 1200 2339 relativum,
1243 2284 1299 2328 et
1347 2289 1442 2341 per
1488 2287 1832 2341 consequens
1883 2272 2119 2326 refertur
2167 2272 2233 2325 ad

689 2369 1014 2437 spirantem.
1060 2365 1157 2421 Est
1184 2380 1311 2433 ergo
1347 2364 1587 2431 Spiritus
1612 2363 1788 2417 Patris
1820 2372 1875 2415 et
1904 2361 2023 2416 Filii
2050 2402 2065 2427 ,
2118 2373 2234 2415 tau-

689 2474 851 2528 quam
886 2459 1064 2526 ipsum
1100 2456 1424 2524 spirantium
1467 2464 1522 2508 et
1562 2454 1999 2522 producentium.

758 2550 1046 2616 Propterea
1081 2546 1317 2614 Spiritus
1362 2546 1533 2597 sancti
1569 2545 1739 2612 ipsius
1790 2544 1947 2597 unius
1986 2559 2232 2612 personae

687 2638 970 2693 Trinitatis
1008 2637 1289 2706 proprium
1324 2644 1448 2698 est,
1486 2634 1596 2689 dici
1637 2635 1899 2702 Spiritum
1957 2645 2232 2702 sanctum.

687 2729 945 2797 Ejusdem
984 2737 1163 2780 autem
1194 2736 1279 2779 est
1310 2726 1474 2777 etiam
1506 2725 1800 2791 peculiare,
1832 2724 1940 2776 diei
1967 2739 2085 2776 esse
2114 2740 2236 2791 pro-

690 2818 935 2879 ductum,
978 2831 1074 2869 seu
1121 2815 1176 2867 id
1215 2816 1359 2880 quod
1398 2813 1741 2879 producitur.
1779 2812 1922 2866 Idem
1974 2820 2103 2879 ergo
2150 2820 2235 2864 est
2284 2802 2287 2807 λ

694 2909 801 2961 diei
829 2921 949 2961 esse
977 2906 1321 2975 productum,
1349 2912 1404 2956 et
1434 2900 1934 2969 Spiritum..lgitur,
1967 2903 2123 2970 cujus
2152 2911 2237 2955 est

696 2996 970 3065 Spiritus,
1009 2995 1171 3065 hujus
1207 2994 1371 3045 etiam
1428 3001 1515 3045 est
1565 2992 1642 3052 id,
1690 2990 1834 3059 quod
1885 2992 2232 3060 producitur.

696 3088 801 3142 Sed
832 3096 996 3140 estet
1042 3086 1242 3140 dicitur
1276 3083 1515 3152 Spiritus
1559 3082 1702 3144 Filii,
1751 3084 1891 3136 sicut
1922 3092 1977 3137 et
2019 3083 2235 3140 Patris:

692 3188 822 3245 ergo
846 3183 900 3227 et
921 3174 1042 3228 Filii
1074 3182 1159 3228 est
1192 3173 1248 3226 id
1270 3174 1412 3241 quod
1440 3171 1780 3240 produtitur,
1805 3172 1943 3226 sicut
1968 3183 2021 3226 et
2045 3171 2237 3227 Patris.

766 3287 823 3341 Si
852 3287 974 3356 quis
1004 3301 1134 3341 vero
1165 3285 1328 3347 dicat,
1351 3286 1474 3339 ideo
1506 3284 1769 3353 Spiritum
1794 3284 1899 3338 dici
1928 3283 2069 3347 Filii,
2091 3285 2237 3353 quod

690 3380 759 3434 ab
786 3380 902 3449 ipso
932 3381 1201 3443 mittatur,
1234 3378 1454 3431 fallitur.

758 3551 1101 3607 Contrarium
1128 3552 1273 3604 enim
1305 3552 1483 3619 potius
1505 3558 1617 3615 est;
1646 3551 2028 3619 semper-enim
2053 3552 2238 3619 priora

690 3652 816 3694 sunt
870 3656 1045 3695 causa:
1102 3642 1486 3709 posteriorum.
1528 3640 1685 3693 Prius
1742 3630 1922 3693 autem
1979 3650 2061 3693 est
2112 3656 2235 3694 esse

693 3731 953 3800 Spiritum
1003 3730 1125 3784 Filii
1173 3731 1459 3798 Spiritum,
1490 3730 1629 3783 mitti
1664 3745 1792 3782 Vero
1829 3741 1909 3783 est
1939 3724 2259 3798 posterius.

693 3822 819 3874 S.ve
852 3823 995 3874 enim
1036 3822 1175 3874 lianc
1212 3821 1546 3883 missionem,
1601 3835 1720 3886 qua:
1767 3819 1826 3870 iit
1886 3819 1938 3871 in
1991 3828 2233 3886 tempore

689 3911 955 3979 accipias,
1014 3912 1285 3980 pqsterior
1320 3917 1425 3969 est,
1480 3909 1597 3961 sine
1642 3910 1831 3971 dubio,
1872 3922 1939 3959 eo
1975 3909 2121 3975 quod
2153 3917 2235 3961 est

688 4016 809 4055 esse
857 3999 1120 4067 Spiritum
1156 3998 1301 4061 Filii,
1341 3997 1488 4065 quod
1537 4006 1619 4050 est
1650 3999 2074 4065 sempiternum:
2111 3998 2225 4051 sive

692 4102 949 4144 aeternam
979 4090 1290 4145 missionem
1321 4088 1614 4157 intelligas,
1655 4098 1710 4141 et
1739 4088 1839 4140 hoc
1877 4087 2037 4140 modo
2068 4088 2233 4139 etiam

692 4195 814 4236 esse
869 4179 1128 4250 Spiritum
1194 4178 1311 4232 Filii
1369 4178 1655 4248 Spiritum,
1714 4187 1891 4231 mente
1944 4186 1997 4233 et
2031 4177 2234 4246 cogita-

694 4274 839 4325 tione
878 4270 1179 4325 antecedit.
1230 4270 1366 4333 Qnia
1408 4285 1529 4324 esse
1580 4268 1848 4337 Spiritum
1890 4267 2011 4321 Filii
2056 4266 2232 4337 Spiri-

2333 473 2427 525 τοῦ
2457 473 2704 542 πέμπειν
2733 472 2961 539 δύναμιν
2997 472 3152 539 μετὰ,
3176 469 3269 522 τοῦ
3298 468 3620 537 προϐάλλειν
3643 470 3780 538 ἔχει,
3810 471 3896 531 ὡς

2332 560 2569 631 εἴρηται.
2600 561 2711 613 Καὶ
2736 563 2763 613 ό
2792 558 2919 621 Υἱὸς
2944 558 3048 629 ἄρα
3079 559 3217 628 μετὰ
3248 557 3341 611 τοῦ
3367 559 3691 626 προϐάλλειν
3718 560 3895 627 αὐτὴν

2330 651 2467 716 ἕξει.

2406 740 2526 794 Ἔτι
2559 741 2588 793 ὃ
2616 739 2761 803 τινός
2790 741 2906 791 ἐστι
2954 738 3138 809 φύσει,
3174 740 3268 792 καὶ
3300 737 3359 802 ἐξ
3390 738 3554 793 αὐτοῦ
3586 742 3703 794 ἔστι
3744 738 3897 793 κατὰ

2330 824 2487 881 τοῦτο
2537 829 2567 881 ὃ
2618 830 2830 882 ἐκείνου
2888 829 3105 894 λέγεται
3156 824 3315 881 εἶναι.
3370 827 3444 881 Τὸ
3484 828 3539 881 δὲ
3579 828 3805 897 Πνεῦμα
3828 826 3900 879 τδ

2331 919 2487 988 ἅγιόν
2516 922 2631 973 ἔστι
2688 916 2782 972 τοῦ
2834 920 2989 982 Υῐοῦ,
3041 922 3135 972 καὶ
3173 922 3405 998 πάντωςφ
3426 916 3627 995 φύσιν
3684 918 3745 969 οὐ
3782 917 3899 994 γᾲρ

2332 1012 2483 1083 παρὰ
2514 1012 2675 1081 φύσιν
2698 1028 2713 1045 ³
2742 1012 2862 1065 οὐδὲ
2887 1012 2959 1074 ὡς
2990 1010 3195 1064 δοῦλον.
3233 1012 3419 1063 Ἔστιν
3444 1010 3551 1079 ἄρα
3574 1010 3635 1061 τὸ
3664 1008 3897 1077 Πνεῦμα

2332 1104 2390 1156 τὸ
2415 1104 2592 1171 ἅγιον,
2628 1098 2660 1175 ᾖ
2699 1102 2921 1171 Πνεῦμα
2963 1102 3139 1168 ἅγιον,
3170 1101 3446 1155 τουτέστιν
3477 1095 3508 1171 ᾖ
3543 1100 3685 1152 θεῖον
3715 1099 3896 1169 πρόσ-

2331 1211 2481 1247 ωπον
2508 1196 2565 1247 ἐν
2592 1198 2661 1264 τῇ
2698 1193 2912 1263 Τριᾴδι,
2944 1194 3008 1245 ὲκ
3046 1190 3141 1244 τοῦ
3174 1191 3321 1243 Υιοῦ.

2405 1374 2526 1427 Ἔτι
2568 1372 2627 1424 τὸ
2657 1371 2880 1441 Πνεῦμα
2912 1372 2972 1423 τὸ
3020 1372 3172 1437 ἅγιόν
3224 1372 3373 1423 ἐστιν
3418 1367 3770 1438 ἀναφορικδν,
3799 1371 3897 1423 καὶ

2330 1464 2485 1531 δῆλον
2531 1467 2613 1517 ὅτι
2679 1464 2895 1530 λέγεται
2933 1462 3157 1530 Πνεῦμα
3202 1460 3433 1529 Πατρὸς,
3467 1460 3688 1530 Πνεῦμα
3714 1458 3847 1512 Υἱοῦ
3872 1473 3893 1489 ·

2333 1556 2381 1606 εἰ
2406 1556 2511 1624 γὰρ
2540 1551 2606 1624 ἦν
2644 1550 2752 1607 τῶν
2788 1553 3227 1621 ἀπολελυμένων,
3260 1554 3358 1604 οὐκ
3387 1552 3455 1605 ἂν
3484 1552 3699 1619 ὲλέγιτό
3722 1568 3889 1612 τινος.

2336 1646 2468 1697 Οὐδὲ
2499 1647 2605 1712 γὰρ
2638 1644 2746 1695 τῶν
2775 1642 3220 1711 ἀπολελυμένων,
3251 1643 3390 1694 κατὰ
3434 1642 3491 1693 τὸ
3528 1641 3632 1693 ὑπὸ
3654 1638 3749 1693 τοῦ
3774 1639 3896 1692 ὀνό-

2342 1754 2509 1805 ματος
2563 1736 2978 1804 σημαινόμενον,
3012 1734 3215 1801 ἐτέρου.
3248 1731 3520 1799 λέγεσθαι,
3560 1732 3675 1784 ἀλλ’
3705 1731 3737 1798 ἢ
3782 1732 3897 1797 ἄρα

2338 1829 2480 1880 κλιτά
2510 1844 2631 1879 τινα
2663 1827 2825 1894 ἄλλην
2861 1827 3048 1892 σχέσιν
3072 1838 3086 1853 ⁸
3116 1822 3305 1890 ὥσπερ
3338 1822 3366 1873 ὀ
3414 1822 3721 1889 ἅνθρωπος,
3756 1823 3895 1873 ἀπο-

2337 1916 2624 1985 λελυμένον
2682 1916 2761 1981 ὃν,
2796 1916 2855 1968 οὑ
2918 1916 3133 1982 λέγεται
3189 1914 3333 1974 τινὸς
3394 1911 3699 1981 ἄνθρωπος,
3755 1912 3897 1963 ἀ).λά

2336 2007 2481 2068 τινὸς
2508 2005 2725 2072 δοῦλοςῖ
2760 2006 2894 2057 ἀλλά
2924 2005 2983 2057 τὸ
3020 2005 3243 2072 Πνεῦμα
3290 2004 3428 2056 κατὰ
3457 2004 3518 2054 τὸ
3555 1998 3894 2069 σημαινόμε-

2336 2118 2427 2151 νον
2467 2100 2555 2151 ὑπ’
2591 2100 2754 2150 αὐτοῦ
2786 2095 2877 2149 τοῦ
2924 2097 3187 2165 ὀνόματος
3232 2096 3448 2164 λέγεται
3478 2094 3699 2163 Πνεῦμα
3731 2094 3890 2158 Υῑοῦ,

2336 2189 2524 2259 ὥσπερ
2551 2192 2646 2242 καὶ
2678 2190 2889 2257 Πατρός
2915 2205 2927 2219 ·
2958 2191 3103 2241 ἐστιν
3130 2191 3236 2257 ἄρα
3260 2189 3610 2260 ἁναφορικὸν,
3640 2188 3733 2241 καὶ
3759 2188 3896 2240 ἁκο-

2337 2279 2540 2341 λούθως
2573 2282 2902 2347 ἀναφέρεται
2956 2278 3092 2347 πρὸς
3130 2278 3222 2329 τὺν
3267 2278 3515 2331 πνέοντα.
3556 2277 3742 2328 ¹Ἐστιν
3779 2277 3894 2347 ἄρα

2338 2371 2557 2439 Πνεῦμα
2590 2371 2718 2422 Υεοῦ
2764 2371 2856 2422 καὶ
2884 2369 3115 2438 Πατρὸς,
3162 2367 3237 2432 ὡς
3286 2368 3575 2433 πνεόντων,
3627 2368 3721 2420 καὶ
3750 2384 3894 2437 προ-

2336 2462 2637 2514 ϐαλλόντων
2666 2462 2819 2515 αὑτό.

2410 2554 2553 2617 Ἐτι,
2602 2552 2694 2605 τοῦ
2728 2551 2883 2618 ἁγίου
2930 2549 3267 2617 Πνεύματος,
3303 2548 3466 2603 αὑτοῦ
3496 2548 3589 2601 τοῦ
3640 2550 3757 2611 ἑνὸς
3784 2548 3893 2617 τῆς

2334 2642 2584 2711 Τριάόος,
2622 2644 2751 2696 [διόν
2775 2645 2889 2694 ἐστι
2923 2642 2982 2693 τὸ
3027 2640 3281 2707 λέγεσθαι
3311 2641 3463 2708 ἅγιον
3498 2640 3740 2710 Πνεῦμα.
3776 2641 3891 2693 Τοῦ

2336 2735 2378 2785 δ’
2405 2734 2568 2785 αὑτοῦ
2598 2735 2741 2783 ἐστιν
2770 2732 2901 2782 rem
2928 2731 3021 2782 καὶ
3045 2732 3101 2781 τὸ
3132 2730 3384 2795 λέγεσθαι
3410 2730 3717 2800 πρόϐλημα.
3744 2729 3892 2784 Ταυ-

2335 2823 2428 2874 τὸν
2460 2822 2566 2889 ἄρα
2596 2822 2711 2871 ἐστὶ
2769 2820 3057 2890 πρόϐλημα
3100 2819 3352 2884 λέγεσθαι
3393 2822 3484 2871 καὶ.
3526 2819 3763 2888 Πνεῦμα.
3807 2814 3893 2874 οὗ

2339 2912 2447 2982 ἄρα
2470 2914 2589 2963 ἐστὶ
2615 2912 2860 2979 Πνεῦμα,
2891 2913 3081 2963 τούτου
3111 2912 3227 2961 ἐστὶ
3261 2912 3355 2962 καὶ
3380 2911 3685 2978 πρόϐλημα.
3721 2912 3892 2965 Ἀλλὰ

2338 3004 2433 3055 τοῦ
2468 3002 2598 3056 Υἱοῦ
2628 3004 2743 3056 ἐστι
2777 3002 3019 3069 Πνεῦμα,
3049 3002 3143 3053 καὶ
3176 3001 3418 3068 λέγεται,
3450 2999 3637 3070 ὥσπερ
3663 3002 3756 3053 καὶ
3783 3002 3886 3056 τοῦ

2344 3094 2577 3163 Πατρός.
2626 3094 2734 3146 Καὶ
2758 3091 2849 3143 τοῦ
2895 3091 3022 3143 Υἱοῦ
3055 3091 3161 3155 ἄρα
3200 3091 3313 3142 ἐστὶ
3348 3089 3661 3159 πρόϐλημα,
3696 3090 3892 3160 ὥσπερ

2342 3182 2433 3232 καὶ
2462 3178 2554 3234 τοῦ
2589 3180 2820 3250 Πατρός.

2413 3274 2476 3326 El
2519 3254 2577 3325 δέ
2621 3290 2705 3335 τις
2748 3272 2903 3339 φαίη,
2948 3272 3033 3325 διὰ
3062 3272 3121 3323 τὸ
3152 3270 3461 3338 πέμπεσθαι
3487 3271 3544 3322 τὸ
3574 3270 3794 3340 Πνεῦμα
3829 3272 3893 3337 ἐξ

2341 3362 2492 3427 Υἱοῦ,
2520 3364 2604 3415 διὰ
2630 3362 2783 3416 τοῦτο
2812 3368 2903 3416 καὶ
2937 3362 3157 3430 Πνεῦμα
3178 3360 3341 3413 αὑτοῦ
3373 3360 3649 3428 λέγεσθαι,
3687 3362 3892 3431 ψευδὴς

2338 3455 2366 3507 ὁ
2399 3454 2575 3522 λόγος.

2408 3548 2480 3599 Τὸ
2536 3546 2643 3615 γὰρ
2679 3545 2967 3600 ,ἀνάπαλιν
3022 3545 3220 3614 μᾶλλόν
3274 3546 3441 3598 ἐστιν.
3493 3544 3601 3596 Ἀεὶ
3654 3544 3763 3613 γὰρ
3815 3548 3889 3601 τὰ

2338 3639 2580 3706 πρότερα
2623 3637 2730 3689 τῶν
2764 3638 3006 3707 ὑστέρων
3051 3637 3187 3688 εἰσὶν
3231 3636 3404 3688 αἴτια.
3447 3636 3713 3706 Πρότερον
3738 3636 3794 3689 ει
3827 3639 3893 3691 τὸ

2338 3726 2474 3780 εἶναι
2506 3727 2563 3780 τὸ
2595 3727 2812 3797 Πνεῦμα
2840 3727 2930 3780 τοῦ
2963 3727 3092 3779 Υἱοῦ
3117 3726 3362 3796 Πνεῦμα,
3392 3728 3530 3803 τὺηδὲ
3569 3727 3891 3797 πέμπεσθαι

2338 3820 2606 3887 ὕστερον·
2663 3820 2772 3870 εἴτε
2820 3820 2926 3887 γὰρ
2966 3819 3067 3887 τὴν
3118 3820 3374 3888 χρονικὴν
3424 3820 3628 3888 ταύτην
3676 3818 3891 3887 πέμψιν

2335 3906 2541 3968 λάϐοις,
2578 3907 2777 3973 ὑστέρα
2808 3908 2951 3959 ἐστὶν
3003 3905 3388 3976 ἀναμφιϐόλως
3434 3908 3529 3959 τοῦ
3562 3908 3623 3961 τὸ
3663 3907 3891 3977 Πνεῦμα

2345 3996 2569 4062 Πνεῦμα
2619 3995 2758 4048 εἶναι
2791 3996 2953 4061 Υἱοῦ,
3008 3999 3143 4067 ὅπερ
3193 4001 3341 4053 ἐστὶν
3383 3999 3595 4053 ἀΐδιον
3640 3998 3751 4049 εἴτε
3785 4000 3891 4067 τὴν

2339 4088 2508 4140 ἀΐδιον
2560 4088 2769 4157 πέμψιν
2819 4090 3059 4157 νοήσαις,
3110 4092 3203 4141 καὶ
3236 4089 3416 4162 χοῦτως
3466 4089 3674 4157 ἐπινοίᾳ.
3718 4104 3893 4157 1:901;-

2325 4180 2507 4245 ,γεῖται
2538 4180 2598 4229 τι
2645 4175 2781 4230 εἶναι
2830 4178 2887 4230 τδ
2916 4172 3139 4246 Πνεῦμα
3193 4162 3415 4246 Πνεῦμα
3456 4178 3606 4231 nos.
3652 4180 3796 4231 Διότι
3829 4181 3893 4231 τδ

2339 4270 2434 4337 μὲν
2465 4264 2601 4321 εἶναι
2648 4269 2707 4320 τδ
2739 4268 2961 4335 Πνεῦμα
3011 4267 3238 4334 Πνεῦμα
3275 4268 3439 4319 αὐτοῦ
3482 4271 3681 4321 νοεῖται
3712 4270 3787 4331 ὼς
3824 4270 3893 4321 τὸ

692 4375 803 4417 tum
838 4402 853 4428 ,
881 4363 1227 4429 intelligitur
1258 4373 1514 4430 tanquam
1551 4360 1775 4422 habere,
1840 4360 2057 4412 mittere
2099 4370 2228 4409 vero

2337 4360 2482 4427 ἔχειν
2507 4372 2522 4387 ⁸
2558 4360 2616 4411 τὸ
2644 4360 2699 4412 δὲ
2736 4360 2975 4428 πέμπειν
3012 4360 3085 4419 ὠς
3125 4357 3342 4410 διδόναι.
3396 4358 3799 4426 Προιπινοιῖται
3830 4360 3893 4410 δὶ

693 4461 950 4522 tanquam
988 4453 1140 4506 dare.
1186 4452 1393 4505 ﬂabere
1458 4459 1641 4504 autem
1690 4448 2124 4517 pneintelligitur
2156 4447 2229 4511 ei,

693 4543 839 4612 quod
867 4550 951 4597 est
987 4541 1137 4596 dare.
1182 4542 1361 4605 Quare
1394 4539 1574 4605 potius
1616 4539 1901 4591 nobiscum
1957 4538 2087 4591 iacit
2131 4540 2230 4591 ista

693 4636 851 4689 ratio.
876 4634 1013 4700 Quia
1040 4632 1185 4687 enim
1214 4629 1537 4684 naturaliter
1561 4638 1643 4682 est
1662 4629 1778 4697 ejus
1804 4626 2233 4697 Spiritus,natu-

691 4727 877 4780 raliter
903 4727 1067 4779 etiam
1096 4738 1221 4777 eum
1254 4722 1440 4775 mittit.
1471 4718 1747 4773 Naturalis
1779 4733 1904 4771 vero
1952 4719 2005 4771 in
2036 4719 2234 4772 divinis

690 4818 977 4885 producto
1000 4856 1015 4881 ,
1052 4829 1176 4867 cum
1211 4814 1294 4867 vel
1328 4811 1625 4865 secundum
1658 4808 2059 4877 generationem
2090 4848 2103 4872 ,
2148 4810 2232 4862 ν‹-Ι

690 4908 1095 4975 processionem
1153 4905 1397 4965 exsistat,
1487 4904 1741 4968 quoniam
1804 4900 1917 4949 hate
1977 4912 2082 4955 non
2152 4906 2235 4949 est

694 4998 991 5048 secundum
1028 4995 1456 5061 generationem,
1486 4991 1588 5043 erit
1614 5006 1742 5056 ergo
1774 4988 2070 5040 secundum
2106 4984 2232 5054 pro-

695 5086 1021 5139 cessionem.
1047 5084 1223 5152 Atque
1269 5083 1341 5135 ita
1382 5080 1571 5135 missio
1615 5079 1849 5147 Spiritus
1878 5092 1942 5131 ex
1984 5075 2122 5144 Filio
2152 5085 2237 5130 est

696 5177 812 5242 ejus
839 5174 905 5226 ab
934 5175 1050 5239 ipso
1083 5172 1380 5239 processio.

769 5264 1031 5318 Praeterea
1076 5261 1310 5331 Spiritus
1353 5262 1803 5328 sanctus-accipit
1833 5277 1860 5312 a
1906 5258 2087 5313 Filio:
2138 5257 2239 5317 [He

697 5358 858 5419 enim,
889 5354 1088 5421 inquit,
1120 5354 1179 5406 de
1207 5369 1317 5406 meo
1350 5354 1584 5419 accipiet.
1624 5353 1777 5415 Quod
1808 5361 1984 5404 autem
2018 5349 2233 5416 accipit,

702 5455 785 5499 est
820 5446 937 5513 ejus
968 5445 1224 5499 essentia.
1247 5444 1431 5512 Neque
1458 5444 1598 5496 enim
1626 5442 1769 5495 aliud
1796 5450 1876 5494 est
1907 5442 2023 5509 ejus
2050 5454 2236 5493 essen-

702 5536 797 5597 tia,
828 5537 970 5589 aliud
1004 5551 1135 5591 vero
1166 5538 1307 5604 quod
1340 5536 1559 5603 accipit,
1580 5545 1724 5587 certe
1754 5534 1898 5586 enim
1924 5541 2068 5583 esset
2096 5544 2242 5583 com-

697 5626 925 5690 positus.
978 5628 1140 5696 Atqui
1188 5628 1241 5681 in
1277 5642 1484 5683 summa
1526 5624 1894 5695 simplicitatis
1939 5621 2239 5675 eminentia

2331 4451 2423 4503 τοῦ
2452 4450 2653 4503 διδόναι
2686 4450 2744 4501 τδ
2767 4450 2933 4519 ἔχειν.
2967 4450 3130 4501 Ὥστε
3167 4449 3367 4516 μᾶλλον
3401 4448 3535 4515 πρὸς
3567 4448 3721 4515 ἡμῶν
3749 4452 3779 4500 6
3801 4450 3894 4501 16-

2332 4559 2449 4609 γυς.
2480 4544 2623 4595 Διότι
2670 4544 2779 4611 γὰρ
2828 4544 2989 4611 φύσει
3028 4540 3176 4593 ἐστὶν
3234 4533 3401 4592 αὐτοῦ
3452 4537 3693 4605 Πνεῦμα,
3726 4538 3894 4607 φύσει

2333 4634 2863 4714 αὐτὸπέμττειητῆς
2886 4634 2939 4686 δὲ
2968 4633 3199 4701 φυσικῆς
3232 4635 3288 4684 ὲν
3325 4631 3437 4693 τοῖς
3469 4629 3633 4692 θείοις
3658 4630 3892 4698 προόδου

2334 4725 2365 4791 ἢ
2418 4728 2557 4798 atati
2597 4726 2869 4801 γέννησιν,
2926 4725 2956 4791 ἢ
2998 4723 3117 4776 κατ’
3170 4723 3495 4790 ἐκπόρευσιν
3547 4717 3733 4786 οὔσης,
3768 4719 3896 4768 ἄπει

2336 4814 2472 4881 αὕτη
2511 4814 2585 4883 μὴ
2619 4816 2732 4865 ἐστι
2755 4816 2912 4865 ’κατὰ
2938 4814 3211 4881 γέννησιν,
3247 4813 3391 4864 ἔστιν
3425 4814 3532 4879 ἄρα
3581 4810 3699 4861 κατ’
3723 4810 3896 4861 ἐκπό-

2340 4921 2536 4973 ρευσιν.
2569 4905 2677 4956 Καὶ
2707 4903 2875 4965 οὕτως
2910 4906 2956 4973 οη
2998 4906 3054 4967 ἐξ
3088 4902 3215 4955 Υῐοῦ
3250 4903 3342 4955 τοῦ
3396 4904 3710 4971 Πνεύματος
3746 4902 3894 4967 πέμ-

2336 4998 2427 5062 ψις
2464 4996 2608 5047 ἐστὶν
2643 4996 2964 5065 ὲκπόῬευσις
2996 4995 3160 5050 αὑτοῦ
3195 4996 3251 5059 ἐξ
3287 4994 3474 5047 αὑτοῦ.

2414 5260 2531 5311 Ἔτι
2556 5263 2615 5311 τὸ
2643 5256 2859 5324 Πνεῦμα
2886 5254 2945 5305 τὸ
2970 5256 3123 5321 ἆγιον
3151 5254 3415 5323 λαμϐάνει
3437 5254 3587 5323 παρὰ
3606 5252 3701 5305 τοῦ
3735 5253 3896 5310 Υῐοῦ.

2352 5350 2607 5413 Ἐκεῖνος
2634 5349 2741 5415 γάρ
2769 5365 2956 5415 φησιν,
2996 5346 3093 5398 Ἐκ
3127 5345 3232 5398 τοῦ
3261 5346 3402 5414 ἐμοῦ
3432 5348 3708 5411 λήψεται.
3747 5346 3815 5395 '0
3837 5345 3900 5397 ἃ

2340 5441 2629 5508 λαμϐάνει,
2659 5441 2801 5489 ἔστιν
2830 5441 2860 5504 ἡ
2899 5437 3051 5488 οὐσία
3078 5436 3239 5488 αὑτοῦ
3267 5454 3279 5467 ·
3312 5437 3432 5488 οὐδὲ
3461 5437 3568 5502 γάρ
3591 5436 3739 5485 ἐστιν
3765 5435 3902 5487 ἄλλο

2343 5533 2439 5599 μὲν
2471 5533 2503 5599 ἡ
2553 5532 2707 5581 οὐσία
2741 5528 2930 5587 αὑτοῦ,
2967 5528 3090 5580 ἄλλο
3139 5527 3194 5577 δὲ
3228 5528 3284 5579 τὸ
3320 5527 3347 5578 δ
3374 5526 3638 5591 λαμϐάνει
3664 5539 3677 5553 ’
3712 5525 3744 5590 ἢ
3786 5526 3902 5594 γὰρ

2344 5622 2409 5674 ἂν
2440 5622 2522 5693 εἴη
2553 5618 2825 5672 σύνθετον.
2872 5619 3025 5693 Ἀλλᾲ
3062 5619 3167 5686 μήν
3213 5622 3356 5669 ἐστιν
3387 5618 3441 5667 ἑν
3470 5617 3613 5675 ἄκρᾳ
3656 5614 3902 5674 dmum-
