4122 6326
198 297 295 361 381

1105 298 1202 361 DE
1243 297 1760 359 PROCESSIONE
1803 297 2161 358 SPIRITUS
2200 294 2494 356 SANCTI.

3287 292 3393 359 382

187 430 275 477 τος
303 415 544 485 ὑπεροχῇ
570 415 598 468 ὁ
641 412 793 476 Oeric.
825 411 935 482 Τὴν
985 413 1173 466 οὐσίαν
1228 413 1395 467 αὐτοῦ
1423 414 1532 481 άρα
1562 415 1653 465 καὶ
1682 412 1744 465 τὸ

1850 418 1929 465 est
1961 410 2125 465 Deus.
2161 408 2332 478 Igitur
2382 406 2678 462 essentiam
2729 421 2884 461 suam
2928 416 2987 464 et
3029 420 3150 461 esse
3190 408 3393 481 accipit

188 503 326 559 εἶναι
356 505 624 575 λαμϐάνει
654 507 718 557 ἐκ
742 503 836 557 τοῦ
862 501 1017 557 Υἱοῢ.

253 597 327 649 Τὸ
360 597 489 665 γὰρ,
532 596 626 648 Ἐκ
656 594 762 648 τοῦ
811 594 957 663 ἐμοῦ
1003 593 1285 663 λήψεται,
1333 595 1433 666 οὐχ
1473 595 1548 659 ὥς
1593 612 1737 659 τινες

190 689 407 750 οἴονται,
440 690 502 740 ἐκ
531 688 626 739 τοῦ
654 687 790 754 ιμοῦ
824 685 1036 755 [ἰατρὸς
1062 687 1302 756 νοητέον.
1652 758 1653 761 η

257 780 479 850 Πρῶτον
518 780 636 849 μὲν,
665 780 743 832 ὅτι
775 781 874 849 οὐχ
910 779 1194 848 Ἑλληνικὴ
1226 782 1258 851 ἡ
1290 781 1545 853 προφορὰ
1574 780 1737 850 αὕτη.

192 873 251 924 Ei
280 874 384 943 γὰρ
420 872 495 940 τῷ
546 874 609 924 ὲκ
659 870 751 925 τοῦ
797 873 933 940 ἐμοῦ
981 873 1070 924 τοῦ
1117 872 1325 941 Πατρὸς
1372 873 1743 927 συνυπακούε-
1771 910 1785 931 ρ

197 964 317 1016 σθαι
348 965 448 1027 δεῖ,
489 962 641 1016 ἔσται
670 962 731 1017 τδ
776 962 922 1032 ἐμοῦ
974 963 1285 1033 ἀντωνυμία
1322 965 1605 1033 ἀρσενική.
1645 964 1744 1015 Οὐ-

191 1054 299 1117 δεὶς
326 1054 381 1105 δὲ
410 1053 508 1122 τῆς
544 1053 810 1122 ⁹Ελλήνων
840 1055 1237 1122 πεπειραμένος
1268 1055 1505 1124 φωνῆςῆ
1532 1056 1747 1122 ἀρσενι-

201 1145 363 1211 κὴνῆ
415 1144 653 1212 Θηλυκὴν
707 1144 1052 1212 άντωνυμίαν
1103 1144 1271 1215 χωρὶς
1319 1143 1634 1212 προσθήκης
1680 1144 1747 1196 ἂν

200 1233 541 1301 προενέγκοι,
572 1233 707 1286 ἀλλὰ
739 1235 874 1302 μετὰ
903 1233 1224 1303 προσθήκης
1263 1235 1349 1286 άεί
1373 1248 1387 1265 ·
1406 1235 1462 1286 Ὀ
1489 1234 1637 1301 ὲμδς,
1668 1234 1750 1286 λέ-

198 1338 324 1389 γων,
353 1323 600 1389 ἀδελφὸς,
628 1324 660 1393 ἢ
708 1324 856 1391 φίλος
883 1340 900 1355 ⁸
936 1327 1029 1377 καὶ
1068 1323 1133 1380 Ἦ
1164 1324 1271 1393 ὲμὴ
1323 1323 1485 1388 οίκία,
1514 1324 1545 1392 ἦ
1573 1324 1746 1386 πόλις.

206 1404 262 1461 Ὀ
294 1410 436 1477 ἐμὸς
473 1411 528 1463 δὲ
561 1411 748 1474 ἁπλῶς
781 1413 973 1478 εἰπεῖν,
1016 1412 1169 1465 οὐδὲν
1220 1412 1421 1480 μᾶλλον
1474 1412 1682 1480 πατέρα
1715 1412 1747 1479 ἢ

202 1498 455 1567 πολέμιον
507 1501 782 1570 σημαίνει.
847 1501 1082 1556 Ἔπειτα
1117 1503 1212 1554 καὶ
1246 1502 1351 1565 άπὸ
1402 1501 1496 1555 τοῦ
1547 1503 1750 1553 σκοποῦ

202 1591 421 1660 καὶτῆς
467 1594 812 1657 κατασκευῆς
863 1591 1030 1645 αὑτοῦ
1096 1592 1191 1646 τοῦ
1241 1592 1493 1661 Σωτῆρος
1525 1595 1551 1645 ὁ
1598 1592 1753 1659 λόγος

201 1674 350 1742 οὗτος
398 1680 678 1735 δείκνυται
725 1683 972 1751 μάταιος.
1020 1683 1224 1738 Πάντα
1271 1684 1399 1753 γὰρ,
1430 1682 1754 1753 φησὶν,ὄσα

203 1768 324 1836 ἔχει
369 1772 402 1823 ό
440 1771 662 1839 Πατὴρ,
708 1771 819 1840 ἐμά
842 1772 1012 1824 ἐστιν
1031 1787 1051 1808 ’⁸
1096 1772 1183 1824 διὰ
1230 1773 1385 1825 τοῦτο
1425 1770 1578 1825 εἷπον
1627 1772 1755 1841 ὑμῖν
1786 1753 1826 1806 θ

202 1858 280 1908 ὃτι
326 1858 419 1911 Ἐκ
468 1857 573 1912 τοῦ
600 1859 745 1928 ἐμοῦ
789 1859 1046 1927 λήψεται
1094 1859 1193 1912 καὶ
1232 1859 1551 1928 ἀναγγελεῖ
1591 1860 1751 1927 ὑμῖν.

216 1948 299 2013 Ὠς
324 1947 479 2001 εἶναι
510 1949 600 2003 τὸν
631 1950 787 2018 λόγον
818 1950 1057 2005 τοιοῦτον
1083 1966 1099 1982 ·
1135 1951 1207 2003 Τὸ
1236 1950 1461 2020 Πνεῦμα
1489 1951 1754 2019 λαμϐάνει

204 2042 264 2091 ἐκ
293 2040 399 2091 τῶν
422 2040 516 2093 τοῦ
550 2040 763 2109 Πατρός
786 2056 801 2073 θ
834 2042 1012 2095 πάντα
1042 2041 1110 2094 τὰ
1156 2041 1250 2094 τοῦ
1284 2041 1493 2107 Πατρός
1521 2041 1627 2109 ιμά
1653 2056 1666 2071 ·
1696 2042 1755 2093 τὸ

204 2128 423 2195 Πνεῦμα
457 2131 562 2196 ἄρα
588 2130 854 2196 λαμϐάνει
883 2133 946 2183 ἑκ
970 2132 1077 2183 τῶν
1122 2131 1293 2198 ἐμῶν,
1324 2130 1356 2200 ἢ
1388 2132 1453 2183 ὲκ
1476 2130 1569 2182 τοῦ
1596 2130 1750 2197 ἐμοῦ.

214 2216 354 2267 ‘AD.’
385 2217 543 2278 αὐτὸς
596 2219 689 2268 καὶ
719 2218 786 2269 τά
832 2218 998 2271 αὐτοῦ
1024 2218 1081 2269 ἓν
1117 2220 1224 2271 είσι
1260 2220 1494 2288 πρᾶγμα
1540 2219 1625 2270 διὰ
1653 2219 1751 2285 τὴν

205 2303 377 2370 ἄκραν
415 2303 686 2372 ἁπλότητα
713 2320 727 2335 ·
776 2305 1043 2373 λαμϐάνει
1088 2307 1196 2375 ἄρα
1226 2307 1282 2370 ἐξ
1323 2306 1488 2359 αὑτοῦ
1524 2306 1618 2375 τὴν
1664 2308 1750 2359 οὑ-

206 2394 326 2445 σίαν
360 2390 547 2447 αὐτοῦ.
579 2395 792 2463 Ταύτης
822 2394 879 2447 δὲ
917 2398 1014 2463 τῆς
1042 2396 1354 2465 ἐξηγήσεως
1389 2397 1482 2449 καὶ
1515 2398 1543 2448 ό
1578 2398 1751 2465 μέγας

204 2482 350 2532 ὲῑτὶν
392 2481 721 2548 Ἀθανάσιος,
756 2483 927 2550 λέγων
950 2502 963 2515 ο
1000 2486 1071 2537 Οὐ
1102 2487 1209 2556 γὰρ
1238 2489 1264 2540 ὁ
1286 2488 1453 2554 Λόγος
1482 2490 1628 2557 παρὰ
1658 2489 1750 2542 τοῦ

206 2564 513 2632 ΙΙνεύματος
545 2568 832 2636 λαμϐάνει,
858 2571 992 2625 ἀλλὰ
1016 2575 1075 2625 τὸ
1099 2571 1323 2643 Πνεῦμα
1352 2567 1501 2646 παρὰ
1530 2578 1621 2631 τοῦ
1653 2580 1754 2631 Λό-

204 2670 322 2717 γου.
356 2657 396 2706 Τ
404 2657 418 2707 ί
444 2655 535 2709 οὖν
567 2658 833 2726 λαμϐάνει
866 2663 1017 2731 παρὰ
1056 2663 1152 2715 τοῦ
1194 2664 1322 2718 Υίοῦ
1350 2682 1364 2731 ;
1401 2668 1639 2736 δηλονότι
1668 2686 1754 2721 σο-

206 2744 333 2810 φίαν
368 2748 459 2799 καὶ
490 2748 713 2815 γνῶσιν.
757 2752 850 2804 Ἐκ
880 2754 987 2807 τοῦ
1029 2753 1175 2823 ἐμοῦ
1204 2756 1334 2826 γὰρ,
1378 2760 1528 2827 φησὶ,
1561 2760 1753 2829 λήψει

206 2851 300 2887 ται
353 2837 447 2889 καί
479 2838 798 2911 ἀναγγελεῖ
830 2844 991 2913 ὑμῖν.
1015 2847 1087 2899 Τὸ
1121 2849 1229 2918 γάρ
1259 2851 1611 2919 άναγγέλλειν
1640 2856 1755 2908 ἐστὶ

206 2925 265 2976 τὸ
296 2925 506 2992 διδάξαι
557 2932 647 2981 καὶ
679 2934 907 2999 φωτίσαι
942 2937 1067 3000 τοὺς
1106 2922 1476 3005 ἀποστόλους·
1524 2938 1677 2997 τοῦτο
1707 2945 1755 2997 δ’

1840 515 1872 555 a
1901 500 2062 555 Filio.

1916 590 2049 643 illud
2105 587 2252 643 enim
2279 627 2294 653 ,
2341 587 2419 640 De
2462 604 2574 641 meo
2605 588 2852 656 accipiet,
2903 603 3013 642 non
3046 597 3106 643 ut
3144 590 3395 645 nonnulli

1844 681 1979 735 falso
2009 682 2352 741 existimant,
2393 680 2456 732 de
2488 694 2609 731 meo
2649 680 2805 733 Patre
2836 678 3253 751 intelligendum
3287 692 3394 735 est.

1915 771 2176 846 Primum.
2214 768 2457 839 quidem,
2512 770 2653 846 quod
2688 769 2801 823 haec
2837 784 2947 823 non
2980 770 3053 823 sit
3078 769 3388 824 Gra’corum

1845 865 2116 935 prolatio;
2144 844 2192 918 si
2222 865 2366 917 enim
2397 877 2534 929 opus
2566 844 2655 925 sit',
2689 862 2755 916 de
2786 876 2909 916 meo
2942 861 3172 927 intelligi
3196 863 3392 927 Patre,

1848 954 2002 1021 illud,
2050 954 2221 1015 Meus,
2252 953 2359 1007 erit
2382 967 2682 1021 pronomen
2711 952 2889 1006 virile.
2925 953 3095 1005 Nemo
3124 963 3307 1007 autem
3342 956 3394 1008 in

1847 1046 2029 1115 lingua
2064 1046 2250 1099 (ἔτερα
2295 1048 2626 1098 exercitatus
2660 1052 2833 1123 atque
2884 1052 3151 1106 versatus,
3193 1060 3396 1113 prono-

1848 1151 1971 1190 men
2016 1136 2174 1189 virile
2226 1150 2324 1189 seu
2372 1134 2665 1187 femineum
2710 1132 2829 1187 sine
2863 1134 3254 1216 additamenta,
3306 1149 3396 1189 ve-

1849 1240 1968 1279 rum
1995 1238 2212 1293 semper
2235 1239 2356 1277 cum
2384 1222 2744 1291 appendicula
2772 1222 3155 1293 protulerit(l)
3185 1223 3389 1289 :Meus,

1852 1317 2123 1384 inquiens,
2160 1317 2362 1377 frater,
2397 1314 2481 1366 vel
2529 1313 2766 1378 amicus;
2803 1322 2879 1371 et.
2909 1312 3023 1366 Mea
3052 1313 3275 1379 domus,
3311 1317 3397 1368 vel

1851 1407 2064 1461 civitas.
2119 1406 2188 1458 At
2225 1422 2388 1467 meus,
2425 1404 2750 1471 simpliciter
2808 1406 3030 1465 dicere,
3066 1420 3173 1459 non
3221 1407 3392 1475 magis

1854 1504 2061 1563 patrem
2126 1509 2286 1563 quam
2352 1496 2561 1547 hostem
2621 1493 2913 1563 signiﬁcat.
2968 1493 3171 1553 Deinde
3220 1508 3396 1554 vero.

1858 1587 2024 1639 etiam
2057 1602 2085 1640 a
2122 1601 2308 1655 scopo,
2335 1595 2388 1639 et
2416 1594 2688 1640 structura
2724 1586 3013 1650 sermonis,
3050 1594 3106 1639 ct
3130 1588 3389 1653 composi-

1860 1677 2033 1743 tione,
2066 1677 2237 1745 ipsius
2268 1677 2586 1741 Salvatoris,
2630 1692 2766 1731 vana
2815 1678 3123 1731 ostenditur
3174 1678 3273 1729 ista
3316 1691 3401 1730 re-

1856 1766 2077 1832 sponsio
2118 1766 2351 1819 :Omnia
2406 1768 2580 1827 enim.
2628 1766 2824 1835 inquit,
2872 1781 2987 1835 qua:
3034 1766 3182 1818 habet
3221 1765 3399 1828 Pater,

1858 1872 1972 1908 mea
2001 1867 2121 1909 sunt
2154 1871 2171 1908 :
2205 1866 2480 1926 prapterea
2516 1859 2626 1910 dixi
2658 1858 2827 1921 vobis,
2867 1858 3004 1923 quod
3038 1859 3101 1909 de
3128 1872 3236 1909 meo
3268 1857 3403 1909 acci—

1856 1946 1981 2014 piet,
2025 1954 2075 1998 et
2102 1948 2436 1998 annuntiabit
2485 1948 2644 1999 vobis.
2679 1946 2747 2001 Ut
2774 1946 2895 2000 talis
2916 1950 2987 2001 sit
3017 1947 3358 1999 ratiocinatio
3381 1962 3399 1999 :

1858 2034 2098 2103 Spiritus
2126 2037 2326 2100 accipit
2347 2052 2413 2092 ex
2443 2038 2511 2090 iis
2541 2051 2660 2105 quae
2689 2046 2814 2090 sunt
2844 2037 3060 2100 Patris;
3090 2037 3269 2089 omnia
3302 2037 3400 2089 Pa-

1856 2126 1952 2179 tris
2003 2140 2121 2178 mea
2168 2133 2333 2189 sunt;
2388 2126 2556 2193 igitur
2599 2126 2835 2193 Spiritus
2889 2126 3089 2195 accipit
3138 2140 3203 2178 ex
3239 2128 3397 2191 meis,

1853 2229 1949 2269 seu
1990 2229 2057 2268 ex
2112 2230 2255 2268 meo.
2310 2214 2416 2268 Sed
2470 2216 2586 2284 ipse
2641 2225 2695 2269 et
2724 2230 2821 2269 sua
2857 2231 2963 2270 una
2998 2230 3088 2269 res
3146 2225 3275 2271 sunt
3328 2217 3397 2269 ob

1854 2319 2118 2358 summam
2146 2305 2587 2372 simplicitatem;
2620 2320 2749 2375 ergo
2780 2306 2980 2375 accipit
3004 2308 3070 2361 ab
3094 2306 3212 2375 ipso
3246 2336 3251 2359 ;
3296 2330 3395 2362 ,ιιι

1851 2394 2163 2449 essentiam.
2200 2396 2392 2458 Porro,
2423 2396 2495 2448 ita
2526 2395 2687 2449 etiam
2716 2397 2941 2466 exponit
2966 2397 3190 2465 Magnus
3224 2400 3395 2453 Διω-

1854 2486 2066 2539 nasius.
2105 2486 2221 2540 Non
2262 2486 2432 2552 enim,
2467 2486 2665 2553 inquit,
2691 2487 2929 2542 Verbum
2962 2503 2991 2541 a
3019 2488 3223 2558 Spiritu
3255 2490 3401 2544 acci-

1846 2576 1955 2643 pit,
2018 2575 2110 2630 sed
2156 2574 2394 2643 Spiritus
2429 2592 2458 2630 a
2507 2577 2705 2632 Verbo.
2745 2576 2883 2642 Quid
2924 2577 3090 2647 igitur
3143 2580 3340 2649 accipit
3368 2595 3400 2634 a

1855 2664 2034 2719 Filio?
2054 2680 2253 2735 nempe
2282 2666 2599 2734 sapientiam
2633 2673 2689 2720 et
2743 2666 3109 2735 cognitionem
3139 2685 3152 2721 :
3184 2668 3257 2720 De
3289 2684 3400 2725 meo

1855 2758 2023 2824 enim,
2066 2759 2277 2828 inquit,
2313 2760 2560 2827 accipiet,
2601 2768 2651 2812 et
2692 2758 3025 2813 annuntiabit
3058 2761 3220 2814 vobis.
3261 2760 3401 2815 Illud

1855 2848 2002 2903 enim
2052 2848 2377 2903 annuntiare
2399 2868 2437 2912 ,ν
2459 2859 2541 2903 est
2570 2849 2793 2916 docere,
2828 2859 2885 2903 et
2923 2850 3234 2905 illuminare
3274 2866 3405 2921 apo-

1858 2939 2049 3005 stolos,
2082 2939 2187 2994 hoc
2215 2948 2399 2994 autem
2434 2950 2517 2994 est
2545 2940 2845 3009 sapientiai.
2869 2941 3205 3010 Sapientiam
3235 2942 3402 3012 igitur

204 3016 321 3069 ἐστὶ
354 3019 565 3086 σοφίας.
592 3021 787 3089 Σοφίαν
808 3024 914 3115 ἄρα
943 3027 1090 3095 παρά
1115 3028 1207 3081 τοῦ
1241 3030 1371 3082 Υίοῦ
1397 3033 1669 3101 λαμϐάνει
1696 3037 1756 3089 τὸ

1863 3027 2065 3095 accipit
2095 3041 2124 3081 ιι
2148 3026 2287 3081 Filio
2320 3026 2576 3097 Spiritus.
2606 3026 2746 3093 Quid
2784 3027 2949 3098 igitur
2976 3027 2999 3080 'i
3029 3043 3060 3082 a
3096 3029 3255 3084 Patre
3286 3046 3406 3099 pro-

207 3107 452 3175 Πνεῦμα.
486 3109 553 3163 Τί
580 3110 714 3178 οὒνς
745 3114 810 3165 ὲκ
838 3108 931 3167 τοῦ
978 3117 1187 3185 Πατρὺς
1214 3116 1523 3191 προϐληθὲν
1554 3127 1753 3193 ἄσοφον

1859 3116 2073 3184 ductus,
2111 3116 2367 3171 indoctus
2388 3125 2528 3181 erat,
2560 3126 2614 3169 et
2643 3130 2780 3184 opus
2806 3124 2925 3170 erat
2956 3124 3144 3185 postea
3185 3118 3403 3187 sapien-

204 3194 291 3268 ἦν,
321 3200 416 3253 καὶ
449 3201 553 3254 ἔδει
598 3205 747 3275 παρὰ
777 3206 867 3257 τοῦ
904 3206 1031 3261 Υίοῦ
1078 3209 1271 3265 ἔπειτα
1302 3216 1495 3283 σοφίαν
1530 3218 1752 3287 λαϐπῑνς

206 3288 237 3360 ἦ
278 3290 464 3360 ἔτερον
493 3295 523 3363 ἠ
562 3296 722 3364 σοφία
758 3297 921 3350 αὐτοῦ
951 3302 1044 3353 καὶ
1091 3302 1332 3373 ἓτερονή
1365 3308 1520 3361 οὐσία
1556 3311 1752 3375 αὐτοῦς

278 3383 447 3437 Ἀλλὰ
492 3387 665 3441 ταῦτα
716 3388 914 3442 ἄτοπον
947 3391 1143 3459 λέγειν.
1198 3396 1367 3447 Τοῦτο
1398 3398 1504 3465 γάρ
1549 3401 1692 3449 ἐστιν
1723 3402 1755 3468 ἡ

207 3471 372 3534 σοφία
401 3474 589 3540 αὑτοῦ,
625 3478 718 3529 καὶ
760 3480 818 3530 τὸ
848 3475 985 3531 εἶναι
1015 3482 1200 3545 αὑτοῦ,
1248 3485 1343 3535 καὶ
1380 3486 1509 3553 παρ’
1541 3487 1601 3538 οὗ
1630 3488 1755 3557 ἔσχε

205 3558 267 3610 τὸ
289 3556 449 3627 εἶναι,
482 3566 636 3633 παρὰ
661 3566 849 3617 τούτου
874 3567 1031 3619 ἔλαϐε
1066 3570 1157 3621 καὶ
1201 3571 1297 3641 τὴν
1332 3575 1540 3639 σοφίαν,
1573 3578 1664 3629 καὶ
1700 3584 1755 3630 ἐν

207 3646 357 3714 αὑτῷ
411 3650 490 3717 τῷ
541 3652 962 3720 ἐκπορεύεσθαι,
1012 3656 1106 3708 καὶ
1131 3657 1206 3726 τῷ
1266 3656 1403 3712 εῐναι
1437 3660 1752 3730 λαμϐάνειν,

207 3736 303 3786 καὶ
331 3732 642 3823 ὑφεσῖάναι,
682 3742 776 3791 καὶ
805 3742 903 3811 τὴν
946 3744 1137 3812 σοφίαν
1169 3747 1291 3817 ἔσχε
1314 3750 1502 3807 λαϐόν.
1532 3754 1644 3823 Τὴν
1670 3772 1758 3807 σο-

208 3825 338 3891 φίαν
363 3822 454 3875 οὖν
483 3826 577 3877 καὶ
610 3828 756 3896 παρὰ
787 3828 877 3881 τοῦ
908 3829 1039 3884 Υίοῦ
1061 3832 1357 3901 λαμϐάνον,
1392 3838 1484 3889 καὶ
1514 3822 1754 3905 τὸεῖναι,

208 3913 301 3965 καὶ
329 3912 427 3982 τὴν
450 3912 635 3967 οὐσίαν
654 3917 711 3968 ὲν
738 3918 918 3988 ταυτῷ
940 3922 1067 3990 παρ’
1093 3923 1259 3975 αὑτοῦ
1288 3926 1529 3996 εἴληφεν.
1568 3928 1785 4007 ’Ἐσειςιν⁹

206 3998 301 4055 οὖν
322 4006 350 4056 ὁ
384 4004 506 4068 Tib;
533 4008 641 4076 ἄρα
664 4010 832 4074 αἴτιος
859 4012 1006 4081 αὑτῷ
1039 4014 1133 4067 τοῦ
1167 4012 1330 4073 εἶναι.

286 4096 434 4161 Ἐτι,
476 4098 526 4150 εί
564 4100 622 4152 τὸ
652 4101 876 4173 Πνεῦμα
906 4105 1167 4174 λαμϐάνει
1215 4111 1366 4179 παρὰ
1393 4111 1491 4164 ’τοῦ
1554 4113 1705 4179 Υίοῧ,
1733 4116 1761 4167 ὁ

209 4186 339 4250 Υἱὸς
366 4189 515 4260 σύτῷ
560 4192 774 4245 δίδωσιν
800 4209 813 4225 ο
845 4192 999 4249 ἀλλά
1018 4198 1077 4249 τὸ
1105 4197 1305 4251 διδόναι
1333 4202 1427 4255 ἐπὶ
1464 4201 1571 4254 τῶν
1604 4203 1761 4255 Θείων

210 4279 522 4351 προσώπων
552 4284 803 4351 σημαίνει
835 4286 964 4337 αὐτὸ
994 4287 1051 4338 τὸ
1080 4291 1361 4357 προάγειν,
1393 4294 1486 4345 καὶ
1516 4294 1611 4363 οὐχ
1640 4294 1757 4347 ἓτε-

1860 3206 1984 3259 tiam
2014 3206 2301 3276 accipere?
2331 3207 2417 3262 vel
2442 3206 2589 3261 aliud
2620 3217 2707 3261 est
2731 3206 2849 3277 ejus
2870 3207 3159 3275 sapientia,
3183 3216 3238 3261 et
3260 3207 3405 3263 aliud

1856 3296 1974 3361 ejus
2001 3296 2277 3350 essentia?
2850 3316 2853 3317 ν

1928 3385 2125 3440 Verum
2162 3388 2275 3439 haec
2302 3386 2596 3440 absurdum
2656 3399 2739 3443 est
2794 3389 3001 3443 dicere.
3058 3389 3205 3453 [dem
3244 3390 3395 3442 enim

1855 3485 1938 3527 est
1967 3477 2085 3541 ejus
2112 3476 2395 3544 sapientia,
2438 3486 2493 3530 et
2538 3494 2695 3531 suum
2727 3494 2850 3533 esse
2886 3496 2901 3531 :
2928 3488 2983 3533 et
3013 3494 3043 3533 a
3071 3495 3179 3545 quo
3209 3482 3404 3533 habuit

1855 3576 1998 3627 esse,
2029 3564 2097 3617 ab
2127 3579 2193 3616 eo
2225 3566 2436 3631 accepit
2470 3576 2523 3619 et
2552 3568 2913 3635 sapientiam;
2942 3577 2996 3621 et
3042 3569 3095 3623 in
3124 3568 3241 3636 ipso
3279 3584 3403 3637 pro-

1855 3649 2003 3715 duci,
2051 3662 2107 3706 et
2156 3654 2404 3722 accipere
2436 3671 2593 3710 suum
2620 3672 2738 3712 esse
2759 3697 2774 3722 ,
2807 3660 2968 3712 etiam
3016 3660 3312 3714 subsistere
3346 3671 3402 3715 et

1857 3742 2179 3810 sapientiam
2217 3745 2446 3813 accepit.
2480 3746 2647 3815 Igitur
2697 3748 3021 3817 sapientiam
3071 3758 3128 3804 et
3174 3763 3204 3803 a
3257 3751 3397 3803 Filio

1858 3831 2149 3900 accipiens,
2183 3835 2287 3889 hoc
2314 3837 2431 3904 ipso
2452 3838 2616 3891 etiam
2652 3854 2810 3894 suum
2834 3855 2981 3905 esse,
3011 3854 3067 3895 et
3100 3841 3393 3897 essentiam

1858 3922 1927 3975 ab
1957 3938 2023 3979 eo
2056 3926 2284 3995 accepit.
2319 3924 2414 3981 Est
2443 3942 2571 3997 ergo
2630 3944 2759 3984 sane
2790 3930 2961 3986 Filius
2998 3932 3101 4002 ipsi
3129 3947 3289 3988 causa
3343 3942 3401 3987 ut

1858 4011 2104 4072 exsistat.

1931 4103 2220 4171 Praeterea,
2266 4108 2311 4161 si
2345 4108 2581 4176 Spiritus
2611 4109 2811 4178 accipit
2851 4124 2882 4163 a
2930 4109 3105 4176 Filio,
3152 4110 3323 4167 Filius
3351 4112 3402 4166 ei

1860 4195 1973 4257 dat,
2019 4194 2112 4249 sed
2138 4196 2269 4251 dare
2308 4197 2363 4249 in
2398 4199 2598 4252 divinis
2631 4203 2884 4268 personis
2928 4202 3199 4271 signiﬁcat
3226 4205 3399 4271 ipsum

1863 4283 2191 4352 producere,
2233 4294 2287 4337 et
2324 4300 2427 4338 non
2457 4288 2627 4341 aliud.
2672 4286 2951 4356 Siquidem
2984 4290 3404 4360 Chrysostomus

214 4387 324 4440 ρον.
391 4372 451 4424 Ὀ
502 4374 608 4441 γὰρ
656 4374 1039 4445 Χρυσόστομος
1086 4379 1445 4449 ἐξηγούμενος
1498 4382 1578 4448 τὸ,
1639 4383 1757 4450 Τὴν

1861 4377 2160 4442 explanans
2186 4375 2320 4428 illud
2346 4394 2359 4429 :
2384 4376 2648 4431 Judicium
2679 4395 2830 4433 omne
2855 4382 3177 4463 deditFilio,
3200 4384 3277 4437 sic
3308 4385 3405 4438 Ita-

211 4462 417 4528 κρίσιν
443 4462 649 4517 πᾶσαν
678 4463 895 4519 δέδωκε
923 4466 1003 4530 τῷ
1039 4469 1165 4532 Υίῷ,
1212 4474 1375 4544 φησίν
1403 4489 1417 4505 ο

282 4553 395 4605 Καὶ
427 4552 508 4605 ίνα
539 4553 712 4625 μάθῃς
734 4556 814 4607 ὅτι
843 4557 903 4607 τὸ
930 4558 1150 4611 ἔδωκεν
1168 4560 1289 4612 ἀντὶ
1315 4562 1407 4614 τοῦ
1434 4562 1759 4631 ἐγέννησέν

210 4641 381 4707 ἐστιν,
411 4641 636 4695 ἄκουσον
672 4646 730 4709 ἐξ
778 4646 961 4715 ἐτέρου
986 4646 1137 4700 τοῦτο
1176 4650 1517 4721 δηλούμενον.
1550 4653 1758 4721 ’Ὠσπερ

210 4735 316 4801 γὰρ
349 4734 377 4785 ὀ
415 4733 599 4802 Πατὴρ
626 4734 735 4803 ἔχει
770 4737 916 4805 ζωὴν
950 4740 1004 4790 ἐν
1039 4740 1235 4809 ἑαυτῷ,
1270 4741 1438 4801 οὓτως
1470 4741 1633 4793 ἔδωκε
1666 4744 1758 4795 καὶ

209 4823 285 4892 τῷ
321 4824 437 4891 Υίῴ
468 4824 609 4893 ζωὴν
638 4825 778 4893 ἔχειν
816 4830 869 4878 ὲν
905 4829 1096 4896 ἑαυτῷ.
1131 4831 1194 4880 Τί
1217 4827 1343 4894 οὖν;
1376 4831 1632 4899 πρότερον
1660 4834 1757 4885 αὑ-

208 4916 299 4965 τδιν
329 4914 611 4985 ἐγέννησε,
646 4919 738 4969 καὶ
764 4918 881 4968 τότε
919 4918 1084 4970 ἔδωκε
1124 4920 1221 4987 τὴν
1249 4920 1431 4987 ζωήνς
1464 4921 1657 4974 οὐκοῦν
1690 4919 1757 4993 ἦν

208 5004 378 5071 χωρὶς
416 5004 511 5071 τῆς
541 5004 680 5073 ζωῆς
714 5005 1011 5071 γεννηθείς.
1060 5006 1215 5057 Ἀλλά
1240 5006 1397 5057 τοῦτο
1421 5009 1527 5059 οὐδ’
1562 5010 1625 5060 ἂν
1647 5011 1760 5063 δαί-

212 5108 375 5157 μονες
416 5094 640 5144 εἴποιεν.
670 5097 816 5147 Μετὰ
849 5096 953 5162 γὰρ
995 5097 1090 5163 τῆς
1120 5096 1369 5153 ἀσεϐείας
1412 5098 1541 5150 πολὺ
1575 5101 1667 5151 καὶ
1697 5102 1755 5153 τὸ

210 5179 439 5246 ἀνόητον
488 5179 617 5245 ἔχει.
652 5181 856 5250 Ὥσπερ
902 5181 993 5234 οὖν
1023 5184 1103 5245 τὸ,
1141 5184 1375 5234 ’Ἔδωκεν
1417 5187 1563 5253 αὐτῴ
1590 5190 1754 5257 ζωὴν,

211 5270 506 5334 ἐγέννησεν
545 5270 703 5321 αὑτὸν
734 5270 876 5338 ζωήν
918 5273 1084 5334 ἐστιν,
1121 5272 1261 5323 οὕτω
1308 5276 1398 5324 καὶ
1430 5278 1507 5337 τὸ,
1550 5278 1755 5332 Ἔδωκε

212 5359 415 5424 κρίσιν,
448 5360 638 5426 κριτὴν
664 5362 822 5410 αὑτὸν
849 5356 1153 5429 ἐγέννησεν.
1186 5364 1391 5416 Οὐκοῦν
1425 5368 1562 5419 κατὰ
1588 5370 1757 5423 ταῦτα

211 5448 303 5500 καὶ
336 5451 363 5497 ὁ
388 5446 511 5508 Tib;
533 5447 699 5509 διδοὺς
725 5449 797 5516 τῷ
826 5451 1097 5515 [lue-me
1136 5456 1346 5520 copiam,
1374 5459 1599 5525 πρῦάγει
1628 5460 1756 5513 αὑτὸ

285 5625 363 5692 (Ι)
405 5619 550 5675 idem
577 5636 703 5676 usus
726 5624 1027 5692 estlingua‘
1056 5625 1281 5679 Latium.

1864 4466 1954 4517 bet
1984 4464 2051 4517 ad
2082 4466 2309 4520 verbum
2347 4483 2359 4518 :

1934 4556 2001 4610 Et
2032 4566 2090 4609 ut
2138 4556 2338 4622 discas,
2371 4560 2516 4627 quod
2551 4562 2684 4616 illud
2710 4563 2887 4627 dedit,
2950 4566 3020 4619 sit
3066 4580 3161 4633 pro
3196 4568 3402 4633 genuit,

1864 4644 1989 4696 audi
2038 4660 2102 4699 ex
2149 4646 2255 4698 alio
2313 4646 2433 4701 loco
2483 4648 2533 4701 id
2585 4651 2901 4717 signiﬁcari.
2955 4650 3403 4713 Quemadmodum

1863 4736 1998 4787 enim
2044 4735 2205 4787 Pater
2246 4738 2397 4788 habet
2444 4740 2603 4791 vitam
2647 4741 2700 4790 in
2734 4742 3027 4807 semetipso,
3063 4742 3136 4791 ita
3175 4741 3313 4807 dedit
3357 4747 3404 4792 et

1864 4820 2007 4877 Filio
2040 4826 2226 4878 habere
2253 4827 2409 4878 vitam
2448 4828 2500 4878 in
2539 4828 2833 4895 semetipso.
2868 4828 3004 4892 Quid
3049 4829 3249 4895 igitur?
3275 4846 3400 4881 eum

1864 4914 2012 4978 prius
2040 4916 2245 4982 genuit,
2293 4926 2348 4968 et
2383 4927 2511 4969 tunc
2538 4916 2685 4969 dedit
2714 4917 2914 4970 vitam?
2942 4918 3250 4986 igitur‘erat
3280 4920 3400 4973 sine

1864 5004 1972 5056 vita
2020 5005 2256 5072 genitus.
2293 5005 2491 5058 Verum
2525 5004 2628 5058 hoc
2658 5020 2725 5059 ne
2758 5008 3029 5061 daemones
3060 5008 3282 5076 quidem
3315 5011 3401 5062 di-

1866 5104 2071 5147 cerent.
2131 5093 2495 5162 Praeterquam
2539 5096 2684 5149 enim
2726 5096 2867 5163 quod
2911 5098 3133 5166 impium
3178 5100 3267 5161 sit,
3322 5106 3403 5150 est

1864 5184 2025 5238 etiam
2052 5186 2302 5238 stultum.
2332 5186 2484 5239 Sicut
2514 5186 2679 5256 igitur
2714 5187 2865 5249 illud,
2888 5189 3045 5242 Dedit
3071 5190 3169 5255 ipsi
3210 5190 3397 5250 vitam,

1850 5276 1971 5339 "est,
2000 5274 2198 5329 (ienuit
2226 5290 2351 5330 eum
2385 5278 2551 5331 vitam
2596 5294 2609 5329 :
2644 5279 2723 5331 sic
2765 5289 2819 5331 et
2848 5278 3001 5340 illud,
3054 5279 3209 5329 Dedit
3243 5281 3289 5329 ci
3316 5280 3400 5346 ju-

1864 5367 2096 5433 dicium,
2130 5376 2233 5430 est,
2266 5369 2508 5423 iudicem
2543 5383 2667 5421 eum
2701 5370 2906 5437 genuit.
2940 5370 3080 5437 Ergo
3105 5370 3253 5436 juxta
3288 5370 3402 5425 hazc

1864 5467 1915 5509 ct
1954 5456 2122 5510 Filius
2167 5458 2301 5514 dans
2344 5458 2574 5525 Spiritui
2618 5457 2959 5525 sapientiam,
2992 5458 3397 5528 produciteum
