4122 6326
710 308 829 373 ³387

1661 294 2160 364 BESSARIONIS
2188 303 2358 369 8.11.
2403 306 2469 368 Ε.
2521 306 2986 389 ΟᾼΗΒΙΝΑΙΛΞ

3846 308 3947 371 388

730 428 907 491 iurem
936 418 1042 473 vim
1083 418 1281 472 lialzcrc
1307 416 1579 480 videntur,
1602 417 1827 488 eligens,
1856 417 2098 471 breviter
2118 427 2280 488 atque

2390 439 2487 475 στα
2521 421 2831 491 βιαιοτέρας
2898 421 2991 473 καὶ
3045 418 3262 470 πλείονα
3293 417 3551 481 δοκούσας
3600 419 3745 489 ἔχειν
3793 424 3951 489 ἰσιὺν

730 510 969 572 abunde,
1001 517 1258 577 quantum
1319 507 1397 561 rei
1448 513 1644 559 natura
1692 506 1915 573 patitur,
1960 505 2275 565 dissolvam.

730 612 789 657 ut
816 598 979 671 quam
1008 596 1415 653 absolutissima
1448 595 1709 650 reddatur
1736 596 1831 649 tibi
1860 606 2047 650 nostra
2080 599 2277 650 oratio.

730 692 1045 760 Quanquam
1085 688 1322 742 absurda
1354 687 1456 741 ista
1483 702 1591 740 non
1626 687 1785 741 nobis
1814 686 2077 745 inferunt.
2106 699 2283 755 neque

732 794 831 834 nos
880 779 1075 831 horum
1131 777 1361 831 reddere
1412 776 1679 830 rationem
1738 776 2024 831 debemus.
2070 777 2281 855 ,‘Vcrum

728 877 886 942 longe
916 878 1074 925 antea
1103 868 1279 924 sancti
1314 866 1608 922 accusandi
1658 874 1813 929 sunt,
1842 866 1935 935 qui
1987 865 2153 933 hujus
2190 866 2286 919 do-

731 962 925 1032 gmatis
974 960 1133 1017 nobis
1166 966 1419 1015 auctores
1463 966 1519 1013 et
1568 958 1737 1011 duces
1783 956 2131 1012 exstiterunt.
2171 955 2283 1010 Non

729 1054 853 1108 dico
882 1052 1059 1108 solum
1088 1041 1494 1123 Occidentales,
1522 1049 1618 1118 qui
1644 1048 1746 1101 boc
1776 1047 2079 1102 clarissime
2103 1046 2282 1100 faten-

731 1157 819 1201 tur
841 1186 858 1210 ,
882 1160 1074 1200 verum
1111 1144 1271 1197 etiam
1316 1140 1644 1207 Orientales,
1679 1150 1736 1196 et
1766 1140 1833 1196 ab
1867 1140 1999 1209 ipsis
2031 1139 2277 1209 petendae

728 1250 857 1292 sunt
896 1236 1301 1291 dissolutiones.
1331 1234 1485 1301 Quod
1518 1246 1649 1288 sane
1674 1232 1897 1302 quidem
1929 1240 1983 1285 ct
2028 1230 2281 1285 iecerunt

728 1329 803 1384 illi
852 1328 1267 1398 praevenientem
1303 1324 1456 1379 Licet
1501 1323 1645 1377 haud
1697 1320 1835 1395 grati
1863 1320 2029 1374 animi
2065 1320 2158 1382 sit,
2188 1334 2283 1373 eo-

732 1435 850 1475 rum
898 1419 1061 1473 dictis
1091 1432 1197 1470 non
1246 1416 1621 1484 acquiescere,
1654 1426 1780 1468 cum
1841 1411 2008 1467 semel
2059 1410 2287 1465 creden-

730 1510 857 1564 dum
891 1510 983 1572 sit,
1014 1523 1112 1562 eos
1137 1506 1326 1561 divino
1358 1504 1567 1574 Spiritu
1603 1504 1816 1558 locutos
1842 1516 1986 1557 esse.
2030 1504 2281 1555 Attamen

730 1615 831 1655 nos
889 1597 1065 1668 quoad
1095 1598 1215 1666 ejus
1252 1594 1371 1650 ﬁeri
1428 1595 1641 1664 possit,
1687 1593 1991 1663 praesertim
2026 1593 2093 1646 ab
2151 1591 2284 1661 ipsis

731 1691 935 1744 sanctis
989 1687 1265 1749 Patribus,
1312 1685 1547 1754 aliisque
1593 1684 1768 1739 beatis
1798 1683 1954 1749 viris,
1985 1684 2079 1753 qui
2111 1684 2164 1736 in
2198 1682 2284 1737 his

731 1780 896 1836 rebus
919 1778 1343 1843 laboraverunt,
1379 1777 1695 1843 iiluminati,
1730 1776 1796 1830 ad
1830 1776 1945 1830 haec
1992 1774 2281 1831 mediocri-

728 1878 812 1925 ter
834 1870 1203 1941 accingemur.

799 1962 1108 2031 Opinantur
1157 1960 1345 2030 igitur,
1408 1959 1451 2013 si
1505 1959 1632 2027 quis
1684 1972 1751 2014 es
1810 1955 2078 2013 ambobus
2140 1956 2282 2011 dicat

726 2052 988 2123 Spiritum
1045 2049 1371 2120 procedere,
1411 2050 1623 2104 Patrem
1674 2058 1729 2103 et
1786 2049 1982 2103 Filium
2062 2047 2146 2101 vel
2210 2050 2281 2099 ita

730 2158 913 2199 secum
945 2140 1287 2196 commisceri
1314 2178 1329 2203 ,
1362 2150 1421 2193 ut
1469 2155 1631 2194 unam
1665 2154 1953 2209 personam
1982 2138 2282 2195 exduabus

724 2234 961 2289 eﬂiciant
996 2252 1011 2287 :
1053 2232 1137 2288 vel
1169 2232 1216 2287 si
1257 2247 1365 2287 non
1422 2232 1545 2296 hoc,
1595 2232 1705 2287 duo
1766 2242 1946 2287 tamen
2014 2230 2281 2302 principia

726 2335 782 2379 et
824 2324 962 2381 duas
993 2338 1190 2379 causas
1242 2323 1421 2391 sequi,
1474 2323 1620 2384 quod
1670 2332 1724 2379 et
1750 2325 1929 2393 ipsum
1964 2338 2073 2379 non
2103 2323 2282 2377 minus

710 2417 910 2486 .priore
940 2415 1235 2470 absurdum
1265 2424 1369 2471 est.
1516 2404 1526 2419 ¹

873 2549 1077 2605 Salutio
1105 2551 1321 2604 absurdi
1343 2554 1411 2605 ab
1437 2551 1751 2605 admistione
1775 2567 2137 2622 personarum.

802 2685 923 2739 Non
981 2699 1113 2739 vero
1166 2685 1233 2739 ad
1266 2684 1411 2740 istud
1440 2684 1786 2741 admistionis
1815 2700 2173 2755 personarum
2208 2686 2283 2739 ita

718 2780 1128 2847 respondemus
1162 2780 1352 2849 :quod
1401 2780 1447 2835 si
1489 2781 1863 2851 personalem,
1905 2794 2000 2835 seu
2032 2782 2283 2850 byposta-

735 2868 896 2921 ticam
958 2869 1349 2937 proprietatem
1411 2884 1660 2940 persona
1726 2870 1903 2923 Patris
1956 2884 2286 2938 poneremus

732 2971 853 3011 esse
889 2960 1264 3023 operationem
1324 2958 1690 3026 producendi,
1761 2967 1891 3015 tunc
1966 2969 2286 3026 sequeretur

2385 516 2763 583 ἐκλεξάμενος,
2814 512 3081 578 ἀποδώσω
3122 529 3202 563 σοι
3244 510 3343 572 τὰς
3365 512 3549 574 λύσεις
3575 512 3635 566 ἐν
3668 512 3868 583 βραχεῖ
3890 532 3953 567 τε

2384 604 2480 657 καὶ
2510 603 2707 665 ἱκανῶς
2734 602 2806 666 ὡς
2830 594 2942 655 οἷόν
2978 616 3039 654 τε
3059 616 3073 630 ·
3106 600 3183 661 ὠς
3219 600 3286 653 άν
3318 617 3401 653 σοι
3447 600 3780 664 τελεώτατος
3812 602 3953 655 ἄπο-

2382 691 2661 760 δεδομένος
2709 693 2794 763 εἴη
2835 694 2863 744 ὁ
2894 692 3073 761 λόγος.
3126 692 3321 744 Καίτοι
3354 678 3431 759 γε
3454 690 3529 745 τὰ
3561 702 3740 748 am:
3773 693 3954 747 ταῦτα

2383 784 2482 851 οὐχ
2514 784 2645 852 ἡμῖν
2668 782 3042 852 ἐπιφέρονται,
3070 780 3181 835 οὐδ’
3207 782 3368 850 ἡμεῖς
3392 781 3550 849 λάτον
3570 783 3783 836 τούτων
3816 785 3956 838 ὑπέ-

2386 890 2501 944 χειν
2540 873 2871 941 ὀφείλομεν·
2911 870 3049 924 ἀλλὰ
3090 872 3202 933 τοῖς
3235 870 3409 938 ἁγίοις
3456 866 3635 941 πολλῷ
3679 874 3954 943 πρότερον

2386 965 2700 1035 έγκλητέον,
2753 963 2812 1016 οἱ
2839 962 3030 1018 τούτου
3079 961 3178 1017 τοῦ
3223 965 3493 1032 δόγματος
3541 963 3956 1034 καθεστήκασιν

2385 1059 2520 1127 ἡμῖν
2547 1059 2838 1129 ἡγεμόνες,
2886 1056 2947 1111 οὐ
2986 1055 3240 1119 δυτικοῦς
3288 1054 3433 1123 λέγω
3470 1056 3649 1123 μόνον,
3686 1056 3737 1108 οἶ
3784 1060 3959 1122 σαφέ-

2388 1162 2556 1200 στατα
2585 1146 2931 1212 περὶτούτου
2959 1144 3144 1214 φασὶν,
3180 1143 3297 1198 ἀλλ’
3332 1143 3484 1198 οὐδέν
3505 1139 3667 1214 ἧττον
3699 1132 3957 1210 καὶτοὺς

2386 1236 2444 1301 ἐξ
2480 1237 2641 1306 ἑῴας,
2664 1238 2757 1290 καὶ
2786 1238 2916 1309 παρ’
2948 1236 3174 1289 ἐκείνων
3199 1236 3462 1306 ζητητέον
3508 1235 3607 1299 τάς
3648 1235 3854 1297 λύσεις.
3882 1238 3955 1287 'u

2387 1329 2482 1381 xui.
2513 1330 2848 1400 πεποιήκασι
2901 1328 3209 1395 φθάσαντες
3254 1328 3471 1381 έκεῖνοι.
3501 1326 3563 1378 El
3598 1327 3695 1378 καὶ
3743 1326 3820 1394 μὴ
3860 1326 3954 1378 εῦ-

2386 1418 2859 1486 γνιυμόνων’έστὶ
2913 1418 2987 1487 μὴ
3039 1416 3405 1487 ἑφησυχάζειν
3452 1416 3564 1478 τοῖς
3610 1414 3704 1468 ὑπ’
3770 1416 3955 1467 αὐτῶν

2384 1510 2715 1578 λεγομένοις,
2750 1506 2898 1573 ἅπαξ
2945 1508 3355 1575 πιστευομένου·
3379 1504 3474 1557 τοῦ
3501 1500 3775 1573 Πνεῦματι
3813 1502 3951 1571 θείῳ

2384 1601 2606 1664 τούτους
2650 1598 3006 1670 λελαληκέναι
3034 1612 3049 1626 '
3077 1598 3225 1666 ὅμως
3249 1596 3305 1649 δέ
3338 1596 3437 1649 καὶ
3480 1597 3660 1665 ἡμεῖς,
3700 1594 3777 1656 ὡς
3811 1596 3952 1663 ἡμῖν

2384 1693 2629 1757 δυνατὸν,
2662 1696 2758 1743 καὶ
2794 1688 2952 1743 τοῦτο
2983 1687 3043 1752 ιε
3080 1682 3154 1741 ὧν
3192 1685 3283 1739 ὑπ’
3312 1686 3493 1739 αὐτῶν
3536 1684 3949 1753 ιφωτίσθημεν,

2390 1783 2484 1835 καὶ
2513 1782 2690 1837 ἄλλων
2737 1778 3023 1850 μακαρίων
3047 1777 3261 1849 ἀνδρῶν
3298 1779 3359 1831 έν
3397 1775 3606 1839 τούτοις
3639 1775 3951 1844 πεπονηκό-

2392 1890 2522 1938 των,
2554 1873 2687 1944 πρὸς
2712 1870 2889 1925 ταῦτα
2922 1870 3157 1942 μετρίως
3195 1867 3594 1937 ἀποδυσόμεθα.

2460 1964 2676 2019 Οῐονται
2703 1962 2883 2016 τοίνυν
2909 1961 3000 2013 τδν
3034 1960 3248 2029 Πατέρα
3287 1959 3382 2012 καὶ
3411 1958 3502 2010 τὸν
3531 1956 3659 2009 Υίδν
3692 1956 3724 2027 ἢ
3760 1955 3840 2017 είς
3891 1954 3955 2007 ιν

2390 2057 2805 2125 συναλείφεσθαι
2840 2056 3150 2124 πρόσωπον,
3178 2054 3231 2105 ετ
3258 2067 3342 2114 τις
3384 2049 3444 2115 έξ
3474 2050 3678 2119 ἀμφοῖν
3713 2048 3867 2114 λέγοι
3892 2050 3955 2099 τι

2370 2151 2610 2219 ,Πνεῦμα
2642 2150 2701 2203 τὸ
2734 2149 2887 2217 ἆγιον
2919 2144 3315 2216 έκπορεύεσθαι
3337 2158 3353 2176 ο
3388 2142 3422 2212 ἢ
3454 2144 3503 2195 εί
3531 2141 3606 2211 μὴ
3640 2138 3824 2204 τοῦτο,
3857 2137 3957 2190 δύο

2389 2238 2521 2309 γοῦν
2554 2240 2649 2302 τὰς
2686 2238 2881 2308 ἀρχάς,
2934 2238 3027 2289 καὶ
3074 2233 3167 2287 δύο
3196 2232 3583 2303 ἀκολουθήσειν
3607 2230 3677 2284 τά
3718 2229 3897 2294 αῐτια,
3926 2228 3959 2281 δ

2389 2333 2481 2385 καὶ
2503 2330 2636 2385 αὐτὸ
2661 2330 2721 2385 οὐ
2758 2333 2908 2400 μεῖον
2932 2328 3135 2383 άτοπον
3158 2325 3253 2379 τοῦ
3284 2324 3579 2394 προτέρου.

2520 2546 2711 2619 Λύσις
2733 2551 2841 2607 τοῦ
2870 2551 2991 2605 ἀπὸ
3016 2548 3127 2618 τῆς
3149 2544 3536 2615 συναλοιφῆς
3562 2546 3817 2601 ἀτόπου.

2468 2690 2661 2757 Ἡμεῖς
2698 2686 2756 2739 δι
2780 2686 2917 2753 πρὸς
2947 2683 3048 2753 μιν
3078 2681 3140 2735 τδ
3172 2683 3270 2751 τῆς
3306 2680 3635 2754 συναλοιφῆς
3664 2680 3811 2734 οὕτω
3848 2697 3957 2749 φα-

2397 2780 2496 2847 μέν
2514 2794 2528 2809 ο
2556 2779 2632 2838 ὡς
2656 2778 2704 2828 εί
2732 2776 2832 2843 μὶν
2856 2771 3227 2843 προσωπικὸν,
3262 2770 3438 2824 εῐτουν
3463 2770 3825 2824 ὑποστατικδν
3851 2771 3952 2823 τοῦ

2390 2865 2682 2935 προσώπου
2714 2861 2810 2915 τοῦ
2840 2859 3107 2930 πατρικοῦ
3173 2860 3273 2928 τὴν
3311 2857 3405 2911 τοῦ
3439 2858 3763 2929 προϐάλλειν
3793 2861 3956 2928 ένέρ-

2392 2970 2549 3023 γειαν
2587 2953 2899 3021 ἐτιθέμεθα,
2931 2950 3043 3005 τότ’
3087 2952 3153 3004 ἃν
3204 2948 3264 3002 τὸ
3303 2949 3500 3003 ἄτοπον
3533 2950 3717 3002 εἵπετο
3756 2948 3953 3016 τοῦτο,

735 3047 838 3102 hoc
858 3047 1181 3112 absurdum,
1219 3058 1276 3102 et
1316 3058 1459 3103 esset
1488 3063 1679 3104 revera
1702 3046 1877 3103 Filius
1905 3064 2009 3104 una
2057 3064 2287 3118 persona

2394 3043 2484 3097 καὶ
2511 3036 2580 3111 ἦν
2619 3039 2835 3109 ἀληθῶς
2877 3039 2937 3092 έν
2966 3038 3101 3108 μετὰ
3144 3035 3235 3088 τοῦ
3267 3037 3480 3107 Πατρὶς
3509 3036 3820 3107 πρόσωπον,
3855 3041 3957 3094 τοῦ

735 3154 862 3194 cum
920 3139 1102 3201 Patre,
1172 3139 1216 3193 si
1279 3139 1651 3194 constitutive
1707 3140 2065 3210 proprietatis
2118 3140 2288 3194 Patris

2398 3132 2720 3188 συστατικοῦ
2750 3131 2899 3201 αὐτῷ
2942 3130 3218 3186 κοινωνῶν
3271 3130 3596 3201 ἰδιώματος·
3635 3131 3757 3184 έπεὶ
3788 3132 3844 3184 δι
3891 3137 3961 3187 τὸ

734 3227 1009 3298 particeps
1055 3238 1219 3285 esset.
1287 3230 1551 3295 Quoniam
1608 3244 1739 3286 vero
1821 3231 1965 3301 quod
2013 3232 2288 3286 constituit

2398 3229 2497 3297 μὶν
2526 3228 2845 3279 συστατικδν
2872 3223 2966 3277 τοῦ
2992 3222 3284 3294 προσώπου
3310 3222 3405 3276 τοῦ
3433 3223 3701 3293 πατρικοῦ
3722 3222 3961 3293 ἰδιώμα-

730 3319 1123 3389 proprietatem
1145 3333 1388 3389 persona
1414 3319 1609 3385 Patris,
1639 3322 1936 3389 patemitas
1952 3331 2005 3375 et
2030 3336 2288 3391 generare

2394 3316 2546 3384 τοςὴ
2597 3314 2873 3383 πατρότης
2902 3314 2993 3366 καὶ
3047 3314 3108 3366 τὸ
3154 3313 3368 3383 γεννᾷν,
3395 3314 3613 3381 εἴρηται
3665 3312 3749 3377 ὃν,
3803 3313 3863 3366 τὸ
3895 3314 3962 3367 δὲ

732 3411 939 3465 dictum
986 3418 1072 3466 est
1120 3424 1241 3465 esse
1265 3428 1281 3476 ;
1325 3411 1629 3478 producere
1668 3421 1850 3467 autem
1898 3424 2019 3465 esse
2051 3411 2288 3481 proprie-

2393 3406 2720 3478 προϐάλλειν
2771 3405 2987 3476 ιδίωμα,
3022 3408 3185 3477 ἧτουν
3219 3406 3510 3479 γνώρισμα
3551 3408 3631 3477 τῷ
3673 3409 3962 3478 προσώπῳ

741 3512 934 3567 tatem,
997 3517 1093 3569 seu
1148 3502 1455 3565 notionem,
1511 3518 1632 3574 qua:
1682 3518 1912 3573 persona
1938 3505 2288 3560 constitutam

2394 3494 2559 3550 αὑτοῦ
2594 3494 2849 3549 συστάντι
2875 3496 3159 3566 έπόμενον,
3190 3500 3277 3560 τίς
3309 3498 3345 3566 ἡ
3394 3499 3605 3567 ἀνάγκη
3636 3498 3729 3573 τὸν(
3759 3516 3962 3553 κοινω-

730 3604 1039 3665 sequatur:
1068 3611 1190 3665 quae
1242 3573 1551 3651 necessitas
1595 3605 1699 3661 est,
1758 3608 1818 3650 ut
1862 3596 1957 3665 qui
2001 3596 2144 3650 banc
2168 3573 2288 3665 pro;

2391 3584 2585 3641 νοῦντα
2612 3583 2761 3655 αὐτῷ
2794 3582 2983 3639 τούτου
3012 3586 3111 3639 τοῦ
3137 3585 3450 3656 ἰδιώματος,
3583 3586 3657 3657 μὴ
3698 3595 3961 3641 συστατι-

734 3686 1021 3752 prietatem
1051 3684 1366 3754 participat,
1404 3699 1526 3754 qua:
1551 3684 1776 3740 minime
1814 3683 2169 3741 constituiiva
2205 3692 2288 3739 est

2394 3680 2488 3735 κάν
2519 3682 2635 3734 ἔστι
2666 3679 2759 3733 τοῦ
2803 3677 3096 3749 προσώπου
3147 3678 3333 3744 αὑτοῦ,
3368 3681 3465 3733 καὶ
3508 3681 3568 3733 ιν
3612 3675 3754 3735 εἶναι
3781 3682 3959 3751 πρόσ-

736 3776 909 3844 ipsius
940 3789 1208 3845 personas,
1233 3789 1342 3830 una
1370 3774 1445 3830 sit
1474 3790 1707 3844 persona
1750 3790 1873 3830 cum
1911 3776 2071 3844 ipso?
2094 3775 2293 3840 Quem-

734 3866 1027 3917 admodum
1098 3865 1243 3918 enlm
1327 3864 1459 3919 illud
1521 3865 1816 3933 participat
1870 3862 2081 3928 Filius,
2143 3862 2288 3932 quod

735 3958 976 4024 Spiritus
1029 3956 1102 4011 sit
1157 3954 1279 4023 ejus
1336 3955 1594 4023 Spiritus,
1644 3957 1787 4009 sicut
1831 3965 1888 4008 et
1914 3954 2289 4022 Patris‘quod

736 4048 983 4099 mittatur
1020 4046 1088 4101 ab
1136 4048 1254 4115 ipso
1308 4061 1461 4115 reque
1510 4054 1571 4099 ut
1603 4045 1837 4109 aPatre,
1870 4054 1925 4097 et
1948 4054 2127 4097 tamen
2182 4059 2291 4099 non

728 4139 1055 4205 -participiat
1090 4140 1209 4206 ejus
1243 4152 1556 4205 personam,
1616 4144 1907 4205 propterea
1947 4136 2091 4204 quod
2122 4135 2294 4203 Spiri-

738 4235 851 4277 tum
913 4223 1021 4275 dici
1056 4222 1325 4291 Spiritum
1360 4224 1556 4286 Patris,
1602 4222 1683 4278 vel
1722 4222 1791 4276 ab
1826 4223 1945 4291 ipso
1978 4223 2141 4289 mitti,
2183 4237 2292 4277 non

739 4322 822 4365 est
870 4311 1015 4379 quod
1076 4312 1361 4365 constituit
1416 4325 1700 4380 personam
1734 4310 1929 4367 Patris.
1958 4312 2070 4366 lloc
2103 4315 2286 4374 modo,

2392 3792 2538 3828 ωπον
2576 3774 2689 3843 μετ’
2724 3774 2923 3839 αὐτοῦς
2955 3772 3169 3842 Ὠσπερ
3204 3772 3314 3842 γὰρ
3346 3772 3621 3827 κοινωνῶν
3648 3772 3729 3843 τῷ
3774 3775 3962 3845 ιιατρὶ

2390 3866 2420 3917 ὀ
2442 3864 2573 3927 mg
2602 3866 2697 3918 τοῦ
2726 3866 2788 3918 τὸ
2822 3864 3045 3932 Πνεῦμα
3094 3863 3318 3933 Πνεῦμα
3358 3859 3499 3918 εῖναι
3529 3863 3723 3930 αὑτοῦ,
3761 3864 3961 3934 ὥσπερ

2392 3952 2609 4007 καὶτοῦ
2641 3952 2876 4019 Πατρδς,
2923 3952 3018 4004 καὶ
3054 3950 3150 4003 τοῦ
3206 3950 3338 4027 παρ’
3380 3949 3569 4016 αὐτοῦ,
3615 3950 3807 4019 ὥσπερ
3854 3953 3961 4003 καὶ

2378 4042 2545 4116 ,παρὰ
2582 4041 2678 4093 τοῦ
2713 4041 2947 4108 Πατρδς,
2974 4040 3423 4103 ἀποστέλλεσθαι,
3456 4042 3607 4109 ὅμως
3639 4044 3697 4092 οὐ
3733 4041 3831 4093 καὶ
3858 4042 3985 4093 τοῦ»

2394 4132 2687 4201 προσώπου
2714 4130 2879 4183 αὐτοῦ
2906 4131 3170 4194 κοινωνεῖ,
3226 4130 3363 4181 διότι
3384 4128 3445 4183 τὸ
3467 4130 3528 4181 τὸ
3549 4130 3771 4197 Πνεῦμα
3795 4130 3964 4197 λέγε-

2396 4225 2521 4278 σθαι
2548 4224 2644 4277 τοῦ
2696 4223 2927 4293 Πατρδς,
2956 4222 2989 4291 ἢ
3017 4220 3148 4287 παρ’
3181 4220 3346 4276 αὐτοῦ
3380 4220 3825 4286 ἀποστέλλεσθαι,
3853 4222 3961 4274 οὐκ

2394 4318 2509 4368 ἐστι
2566 4315 2659 4368 τοῦ
2707 4308 2976 4383 πατρικοῦ
3011 4311 3305 4382 προσώπου
3370 4312 3723 4366 συστατικόν’
3778 4313 3959 4373 οὕτως

744 4417 918 4469 neque
949 4402 1004 4455 in
1037 4402 1386 4472 producendo
1426 4405 1693 4473 particeps
1752 4391 1809 4456 et
1849 4401 2030 4458 socius
2089 4402 2284 4468 factus,

2396 4408 2518 4461 οὐδὲ
2554 4407 2647 4459 τοῦ
2670 4405 2999 4475 προϐάλλειν
3025 4403 3301 4458 κοινωνῶν
3328 4403 3407 4474 τῷ
3438 4404 3612 4473 Πατρὶ
3637 4404 3716 4465 είς
3744 4402 3802 4455 ἓν
3834 4405 3960 4472 μετ’

742 4508 864 4547 cum
894 4508 960 4545 eo
988 4493 1059 4546 ita
1100 4494 1391 4554 miscetur,
1427 4500 1484 4546 ut
1512 4507 1672 4545 unam
1708 4508 1993 4561 personam
2036 4490 2292 4553 eﬂiciant,

736 4582 1004 4651 quoniam
1058 4580 1361 4649 producere
1428 4596 1539 4635 non
1578 4591 1662 4633 est
1711 4581 2125 4634 constitutivum
2172 4595 2296 4646 per-

742 4688 890 4727 sona:
924 4671 1120 4726 Patris.
1159 4672 1520 4743 QuaprOpter,
1568 4671 1811 4738 quandiu
1859 4687 1966 4723 non
1997 4674 2298 4726 ostenderit

742 4765 943 4831 aiiquis
1005 4763 1304 4831 producere
1370 4763 1785 4837 constitutivum
1868 4778 1988 4817 esse
2050 4777 2298 4831 persunre

745 4855 958 4920 Patris,
1012 4869 1191 4922 neque
1224 4854 1635 4921 permistionem
1672 4867 2029 4922 personarum
2068 4853 2299 4921 probare

747 4944 965 5011 poterit.
1003 4943 1107 4997 Sed
1136 4945 1437 5012 producere
1469 4944 1882 4998 constitutivum
1905 4958 2026 4997 esse
2053 4958 2312 5013 personae.

751 5036 941 5095 l'atris,
1002 5034 1232 5099 probare
1282 5049 1390 5086 non
1442 5043 1618 5102 potest
1676 5050 1689 5086 :
1747 5036 1825 5087 sic
1889 5038 2033 5088 enim
2092 5032 2297 5101 duplici

751 5136 981 5189 persona
1025 5121 1311 5189 praditum
1340 5123 1631 5192 ,.duasque
1663 5124 1951 5192 habentem
1981 5126 2300 5193 hypostases

750 5213 964 5265 Patrem
1028 5212 1341 5265 ostenderet
1369 5214 1469 5279 (l),
1500 5224 1558 5266 ut
1583 5214 1636 5266 in
1667 5216 1933 5283 principio
1952 5200 2160 5270 dictum
2194 5201 2297 5277 est,

753 5301 896 5368 quod
964 5312 1049 5353 est
1102 5300 1420 5353 absurdum.
1485 5304 1728 5369 Denique
1782 5307 2122 5373 producere,
2182 5320 2301 5359 esse

2395 4500 2560 4559 αὑτοῦ
2594 4498 2973 4565 συναλείφεται
3019 4498 3335 4565 πρόσωπον.
3367 4496 3514 4549 Διότι
3542 4496 3601 4546 τὸ
3627 4494 3962 4564 προϐάλλειν

2395 4594 2454 4643 οὐ
2489 4573 2831 4662 συ-στατικὺνς
2864 4588 2957 4642 τοῦ
2991 4590 3285 4658 προσώπου
3331 4590 3425 4642 τοῦ
3466 4588 3758 4657 πατρικοῦ.
3792 4590 3961 4641 Ὥστε

2394 4684 2496 4746 ἕως
2531 4674 2596 4735 ἃν
2626 4684 2699 4753 μὴ
2728 4669 2877 4751 δείξῃ
2907 4698 2989 4744 τις
3035 4679 3455 4749 τὸπροϐάλλειν
3502 4679 3825 4733 συστατικδν
3860 4680 3959 4731 τοῦ

2398 4774 2691 4844 προσώπου
2712 4772 2802 4823 τοῦ
2833 4770 3123 4841 πατρικοῦ,
3153 4766 3274 4823 οὔδε
3296 4770 3629 4839 συναλοιφὴν
3649 4773 3759 4823 τῶν
3787 4788 3964 4839 προσ-

2397 4862 2561 4914 ώπων
2587 4862 2784 4915 δύναιτ’
2807 4862 2873 4915 ἂν
2904 4862 3092 4925 δείξαι.
3122 4860 3287 4914 ,Ἄλλὰ
3310 4861 3371 4913 τὸ
3404 4860 3725 4931 προϐάλλειν
3754 4877 3961 4911 συστα-

2398 4951 2547 5002 τικδν
2574 4947 2713 5004 εἶναι
2746 4951 2837 5002 τοῦ
2874 4951 3087 5019 Πατρὺς
3109 4950 3277 5012 δεῖξαι
3299 4952 3361 5002 οὐ
3387 4950 3631 5003 δύναται.
3663 4950 3821 5001 Οὕτω
3845 4951 3960 5016 γὰρ

2401 5041 2466 5093 ἂν
2495 5041 2841 5111 διπρόσωπον
2870 5041 2958 5093 τὸν
2990 5040 3228 5108 Πατέρα,
3261 5042 3355 5093 καὶ
3385 5042 3579 5101 διπλᾶς
3603 5038 3795 5108 έχοντα
3819 5041 3958 5091 ἀπο.

2401 5131 2619 5197 φήνειεν
2651 5130 3000 5191 ὑποστάσεις,
3020 5129 3095 5192 ὥς
3127 5132 3185 5183 εν
3215 5131 3360 5199 ἀρχῆ
3388 5131 3627 5199 εῐρηται,
3658 5131 3797 5199 δπερ
3826 5131 3960 5182 ἄτο-

2404 5237 2523 5285 πον.
2558 5221 2765 5284 ’Δλλως
2798 5222 2859 5273 τε
2888 5220 2948 5271 τὸ
2982 5219 3305 5283 προϐάλλειν
3343 5216 3482 5271 εἶναι
3514 5219 3832 5272 συστατικδν
3858 5222 3959 5273 τοῦ

2406 5310 2635 5381 Πατρδς,
2665 5311 2761 5365 καὶ
2793 5309 2855 5362 τδ
2875 5312 3036 5379 παρὰ
3085 5310 3247 5378 μόνου
3275 5310 3369 5362 τοῦ
3405 5309 3619 5381 Πατρδς
3652 5311 3960 5381 έκπορεύε-

754 5394 1166 5457 constitutivum
1224 5392 1417 5455 Patris,
1479 5402 1534 5445 et
1586 5410 1613 5445 a
1664 5396 1778 5449 solo
1814 5397 1969 5449 Patre
2005 5396 2288 5465 procedere

2406 5400 2525 5455 σθαι
2552 5402 2610 5454 τὸ
2642 5402 2864 5471 Πνεῦμα
2884 5404 2943 5455 τὸ
2975 5402 3151 5469 ἅγιον,
3177 5402 3237 5453 ἓν
3278 5402 3394 5453 εστι
3431 5396 3522 5454 καὶ
3549 5394 3744 5456 ταυτόν
3765 5419 3781 5432 ’
3811 5403 3964 5459 ὥστε

758 5481 1019 5548 Spiritum
1047 5494 1313 5543 sanctum,
1347 5498 1513 5536 unum
1562 5496 1616 5537 et
1654 5487 1794 5539 idem
1832 5502 1912 5541 ε...
1956 5505 1969 5541 :
2010 5503 2175 5557 quare
2208 5505 2279 5556 qu

2403 5496 2429 5542 ὀ
2456 5494 2611 5544 τοῦτο
2652 5495 2829 5557 λέγων
2862 5492 2922 5545 τδ
2954 5489 3279 5560 ζητούμενον
3327 5493 3615 5562 λαμϐάνει.
3649 5494 3858 5547 Τούτου
3903 5495 3963 5548 δὲ

830 5658 906 5729 (Ι)
944 5658 1006 5711 Et
1038 5662 1199 5713 etiam
1232 5662 1627 5728 Spiritusesset
1658 5662 1844 5716 Filius.
