4122 6326
701 274 811 340 ίῡϐ

1653 273 2155 334 BESSAlilONIS
2190 274 2250 337 5.
2294 274 2367 336 R.
2406 274 2473 335 Ε.
2509 271 2977 335 CARDINALIS

3821 281 3937 345 ιοι

704 396 1012 465 distinguit.
1041 394 1257 449 Patrem
1283 393 1449 465 igitur
1475 393 1541 449 ad
1573 391 1693 448 Filii
1727 394 1992 449 rationem
2021 401 2269 447 contem.

2383 393 2469 446 τὸν
2509 392 2637 446 Υίὺν
2670 393 2889 463 θεωρῶν
2921 395 2981 447 ιν
3004 394 3177 465 τούτῳ
3203 395 3278 465 τῷ
3304 396 3607 467 μέρειτκαὶ
3652 398 3751 470 τὴν
3811 399 3911 454 τοὺ

707 491 886 556 plana,
924 489 1025 543 hac
1062 503 1128 543 ex
1173 494 1328 557 parte
1357 496 1589 553 tantum,
1619 497 1673 543 et
1704 487 1902 541 bonum
1945 499 2070 539 cum
2102 482 2269 539 tradi-

708 584 881 637 disset
913 582 1058 637 inter
1107 597 1164 635 se
1208 580 1528 646 discrimen,
1579 582 1757 635 solum
1805 578 2019 632 Patrem
2064 576 2267 629 fontem

708 672 978 740 appellat;
1019 680 1205 741 utpote
1257 670 1349 739 qui
1379 671 1452 725 sit
1476 670 1600 726 fons
1627 668 1771 733 Filii,
1796 668 1969 722 Filius
1993 682 2126 721 vero
2165 665 2271 719 mi-

710 763 854 817 nime
881 763 953 817 sit
977 762 1100 817 fons
1132 762 1326 817 Patria.
1360 760 1518 827 Quod
1548 768 1732 815 autem
1757 760 1835 825 “de
1866 760 2027 813 Patre
2058 764 2270 844 tantum

710 868 775 909 ac
801 852 939 908 Filio
959 853 1124 917 dicat,
1148 854 1312 907 ctiam
1337 868 1401 907 ex
1425 852 1892 921 consequentibus
1921 840 2271 904 manifestum

710 952 814 996 est.
864 943 1115 1023 Persona:
1162 943 1332 1007 enim,
1365 940 1564 1011 inquit,
1599 928 2273 1011 supersubstantialis‘di-

711 1036 853 1088 .vinau
873 1035 1243 1105 generationis
1276 1050 1382 1089 non
1421 1035 1858 1103 reciprocantur.
1889 1031 2097 1086 Nomen
2123 1028 2271 1083 enim

714 1127 867 1191 illud,
901 1129 1240 1195 tlteogonias,
1276 1127 1381 1182 hoc
1410 1135 1495 1182 est
1526 1126 1697 1180 divini
1730 1133 1907 1184 ortus,
1943 1137 1973 1175 a
2000 1118 2274 1199 gignendo

711 1225 767 1269 et
801 1217 1151 1285 generatione
1185 1216 1537 1286 desumptnm
1586 1224 1689 1268 est.
1722 1213 1854 1279 Qua:
1900 1226 2033 1265 sane
2082 1208 2275 1263 relatio

713 1316 925 1361 tantum
956 1307 1099 1362 Patri
1131 1307 1392 1361 convenit
1421 1316 1479 1361 et
1512 1306 1672 1365 Filio.
1704 1319 1828 1360 cum
1855 1302 1999 1357 alter
2026 1308 2273 1372 generet,

712 1399 851 1451 alter
884 1396 1159 1468 gignatur.
1202 1397 1317 1452 lloc
1355 1412 1487 1451 vero
1523 1409 1580 1454 et
1611 1396 1752 1451 ultra
1782 1393 2144 1463 progrediens
2173 1394 2273 1447 do-

715 1497 836 1540 ctor
887 1487 1059 1555 magis
1091 1488 1312 1555 planum
1338 1496 1394 1541 et
1418 1485 1767 1540 manifestum
1794 1485 1925 1538 facit
1950 1498 1965 1535 :
1994 1482 2112 1538 Non
2136 1482 2278 1538 exsi-

718 1587 921 1643 stente,
960 1578 1237 1646 inquiens,
1288 1577 1451 1632 Patre
1494 1577 1655 1641 Filio,
1703 1591 1883 1645 neque
1918 1575 2060 1631 Filio
2091 1575 2271 1629 Patre.

2371 501 2480 538 των
2510 484 2837 561 παραδιδοὺς
2867 484 2964 537 ἀπ’
2994 485 3239 555 ἀλλήλων
3276 487 3571 557 διάκρισιν,
3618 489 3787 561 μόνην
3827 507 3939 562 πη-

2371 576 2475 643 γὴν
2496 575 2588 628 τὸν
2616 570 2835 645 Πατέρα
2867 576 3056 646 φησὶν,
3091 573 3167 641 ὡς
3227 577 3319 631 τοῦ
3359 579 3456 647 μὲν
3498 578 3709 649 Harpe;
3752 584 3941 653 τεηγῆς

2371 668 2464 720 τοῦ
2491 668 2618 721 Υίοῦ
2645 668 2816 731 ὄντος,
2847 668 2943 723 τοῦ
2984 670 3030 723 δ’
3051 670 3180 724 Υίοῦ
3230 672 3411 739 πηγῆς
3457 673 3550 725 τοῦ
3582 674 3793 744 Πατρδς
3842 676 3943 728 o5-

2370 759 2575 825 δαμῶς.
2610 759 2719 814 Καὶ
2742 762 2822 813 ὅτι
2852 762 2979 830 περὶ
3001 761 3209 831 Πατρδς
3228 764 3320 815 καὶ
3358 762 3489 815 Υίοῦ
3556 780 3690 832 φησι
3743 765 3937 831 μόνου,

2373 849 2469 902 καὶ
2496 850 2603 903 ἀπὸ
2637 849 2737 903 τοῦ
2755 851 3097 920 ἱπαγομένου
3124 852 3307 919 δῆλον.
3340 852 3421 905 Τὰ
3461 852 3569 925 γὰρ
3616 853 3718 917 τῆς
3766 854 3941 923 ὑπερ-

2374 938 2559 1002 ουσίου
2586 939 2880 1008 θεογονίας,
2900 945 3084 1011 φησὶν,
3108 944 3206 996 οὐκ
3235 944 3580 1014 ἀντιπρὲφιι
3606 944 3742 1013 πρὸς
3768 944 3939 1014 5.1113-

2373 1029 2459 1083 λα.
2482 1032 2555 1085 Τὸ
2578 1033 2684 1100 γὰρ
2709 1033 2810 1103 τῆς
2841 1035 3116 1102 Θεογονίας
3134 1034 3302 1104 ὄνομα
3323 1035 3539 1089 ἀπὸτοῦ
3556 1038 3752 1107 γεννᾷν
3781 1053 3937 1107 παρ-

2374 1123 2626 1191 είληπται
2686 1126 2781 1179 καὶ
2830 1126 2929 1195 τῆς
2969 1129 3293 1197 γεννήσεως.
3322 1129 3478 1186 Ἠτις
3502 1128 3702 1197 δηλαδὴ
3748 1130 3943 1198 σχέσις

2378 1212 2582 1281 μεταξὺ
2615 1217 2826 1286 Πατρδς
2847 1219 3077 1288 ἁρμόζει
3105 1221 3200 1275 καὶ
3232 1219 3386 1285 Υίοῦ,
3420 1219 3514 1274 τοῦ
3566 1220 3666 1289 μιν
3702 1219 3943 1285 γεννῶν-

2377 1320 2491 1367 τος,
2524 1304 2617 1358 τοῦ
2649 1306 2706 1359 δὲ
2732 1310 3095 1379 γεννωμωου.
3157 1310 3327 1364 Τοῦτο
3362 1311 3417 1363 δὲ
3472 1311 3564 1377 καὶ
3619 1307 3699 1362 Est
3726 1307 3945 1377 προῖὼν

2378 1396 2708 1466 σαφέστερον
2768 1402 2956 1453 ποιεϊό
2988 1400 3324 1465 διδάσκαλος.
3359 1402 3473 1456 οὐκ
3515 1386 3688 1466 ὄντος,
3740 1401 3943 1469 λέγων,

2385 1486 2517 1540 Υἰοῦ
2544 1487 2639 1541 τοῦ
2665 1489 2898 1559 Πατρδς,
2946 1491 3067 1544 οὐδὲ
3105 1492 3317 1560 Πατρδς
3368 1493 3461 1546 τοῦ
3496 1492 3649 1547 Υἱοῦ.
3688 1488 3854 1545 Ὥστε
3880 1493 3946 1545 τὸ

2376 1578 2569 1646 γεννᾷν
2598 1580 2693 1631 καὶ
2716 1580 2817 1644 τὴν
2848 1585 3163 1650 πατρότητα
3204 1583 3282 1651 τῷ
3336 1585 3510 1652 Πατρὶ
3554 1574 3713 1652 μόνον
3750 1584 3945 1645 ἀποδι-

717 1668 903 1731 Quare
934 1681 1059 1725 cum
1107 1668 1334 1737 gignere
1370 1682 1433 1722 ac
1464 1668 1848 1737 paternitatem
1886 1676 2095 1721 tantum
2132 1662 2272 1719 Patri

2383 1666 2518 1726 δοὺς,
2560 1664 2730 1735 μόνην
2756 1667 2923 1721 αὐτὸν
2946 1666 3129 1738 πηγὴν
3161 1668 3365 1736 φάσκει
3419 1670 3674 1739 θεότητος
3701 1686 3717 1704 ο
3749 1671 3839 1734 ὡς
3869 1670 3943 1723 ἂν

714 1760 1077 1819 attribuisset,
1100 1775 1227 1813 eum
1260 1759 1433 1814 solum
1458 1760 1589 1815 dicit
1616 1774 1739 1815 esse
1786 1759 1991 1813 fontem
2022 1757 2273 1825 deitatis;

716 1849 869 1917 quasi
892 1850 1121 1915 diceret,
1155 1850 1316 1905 Solus
1340 1851 1454 1920 ipse
1482 1860 1566 1907 est
1584 1852 1745 1907 Pater
1762 1861 1817 1905 et
1842 1850 1989 1906 solus
2009 1858 2270 1918 generat:

718 1956 846 1995 cum
879 1957 1055 2011 neque
1083 1942 1201 2013 ipse
1228 1943 1533 1999 obtinuerit
1574 1944 1749 1998 locum
1788 1952 1846 1997 ut
1876 1942 2149 2012 gignatur,
2182 1956 2276 1995 ne-

717 2049 824 2104 que
851 2034 1030 2119 Filius,
1050 2034 1291 2089 vicissim
1320 2036 1595 2105 acceperit
1620 2036 1802 2090 locum
1830 2045 1889 2089 ut
1917 2042 2141 2103 generet
2172 2049 2187 2089 :
2219 2038 2278 2088 et

722 2135 1029 2193 propterea,
1072 2138 1319 2193 pentina:
1367 2123 1917 2195 supersubstantialis
1945 2123 2143 2180 divine
2185 2136 2278 2192 ge-

716 2216 1022 2272 nerationis
1053 2216 1281 2272 minime
1313 2217 1749 2287 reciprocantur.

788 2307 988 2362 Verum
1032 2308 1338 2377 enimvero,
1361 2311 1464 2365 etsi
1486 2310 1612 2379 quis
1634 2311 1839 2366 diceret
1857 2309 2029 2365 solum
2058 2309 2271 2365 Patrem

717 2417 837 2455 esse
869 2401 1074 2457 fontem
1100 2403 1635 2472 supersubstantialis
1685 2402 1928 2468 deitatis,
1958 2403 2158 2473 quippe
2188 2418 2273 2457 so-

2381 1761 2428 1812 el
2456 1760 2628 1828 ελεγι,
2674 1757 2843 1823 Πόνος
2866 1757 3053 1827 Πατὴρ
3082 1760 3175 1813 καὶ
3203 1760 3360 1828 μόνος
3401 1762 3629 1829 γεννῶν,
3660 1764 3798 1834 μήτε
3840 1764 3944 1816 αὒ-

2380 1848 2475 1904 τοῦ
2499 1850 2595 1920 τὴν
2624 1846 2779 1913 τάξιν
2804 1848 2903 1920 τὴν
2924 1851 3018 1903 τοῦ
3042 1850 3352 1918 γεννᾶσθαι,
3372 1852 3510 1922 μήτε
3535 1852 3630 1907 τοῦ
3654 1853 3784 1907 Υίοῦ
3813 1856 3948 1908 ἀντ⁹

2377 1940 2661 2011 ιιληφότος
2708 1940 2807 2010 τὴν
2846 1939 2941 1995 τοῦ
2968 1943 3182 2013 γεννᾷν,
3211 1944 3303 1995 καὶ
3323 1942 3411 1996 διὰ
3452 1943 3611 1998 τοῦτο
3658 1947 3733 2014 μὴ
3787 1945 3947 1999 ἅντι-

2383 2032 2725 2103 στρεφόντων
2748 2032 2860 2087 τῶν
2917 2034 3017 2105 τῆς
3083 2034 3411 2105 ὐπερουσίου
3475 2034 3752 2106 θεογονίας
3803 2038 3946 2109 πρὸς

2379 2124 2609 2195 ἄλληλα.

2444 2322 2521 2377 Οὐ
2560 2321 2667 2393 μὴν
2695 2322 2831 2377 ἀλλὰ
2856 2324 2950 2375 καὶ
2987 2324 3039 2377 εί
3063 2341 3145 2387 τις
3183 2323 3349 2396 μόνην
3388 2324 3573 2394 πηγὴν
3602 2318 3705 2395 τῆς
3763 2326 3942 2405 ὕπερ-

2373 2415 2553 2469 ουσίου
2585 2414 2841 2483 θεότητος
2862 2414 2954 2468 τὸν
2988 2416 3204 2484 Πατέρα
3250 2417 3468 2483 φᾲσκει,
3496 2417 3571 2480 ὡς
3616 2416 3780 2485 μόνον
3844 2418 3949 2470 αὒ-

720 2494 806 2546 Ius
835 2495 953 2561 ipso
987 2496 1057 2547 sit
1081 2510 1243 2550 causa
1274 2502 1329 2550 et
1359 2494 1481 2551 Filii
1506 2503 1563 2551 et
1593 2494 1829 2563 Spiritus
1853 2496 2049 2557 sancti,
2079 2510 2109 2548 a
2139 2509 2273 2550 vero

2383 2508 2463 2559 τὸν
2495 2505 2590 2557 καὶ
2620 2503 2749 2556 Υίοῦ
2782 2505 2877 2561 καὶ
2902 2502 3221 2569 Πνεύματος
3251 2502 3570 2564 αἱτιον,οὐκ
3602 2502 3668 2555 ἂν
3700 2493 3946 2571 ἁμάρτοι

723 2603 829 2641 non
865 2589 1170 2643 aberraret.
1204 2587 1365 2644 Solus
1394 2590 1540 2644 enim
1572 2588 1665 2645 ille
1690 2600 1777 2644 est
1808 2599 1971 2644 causa
2000 2598 2057 2644 et
2083 2591 2275 2643 ambo-

722 2696 878 2746 rum,
917 2693 972 2736 et
1005 2683 1152 2735 solus
1185 2690 1271 2767 est
1317 2686 1441 2737 fons
1472 2696 1581 2736 non
1612 2697 1679 2737 ex
1710 2681 1899 2746 fonte;
1942 2696 2067 2736 cum
2103 2681 2275 2735 Filius

720 2771 791 2823 sit
826 2774 950 2824 t'ons
989 2773 1234 2841 quidem,
1280 2782 1341 2825 ut
1378 2773 1554 2827 sancti
1589 2778 1876 2837 asserunt,
1913 2770 2008 2825 sed
2056 2770 2179 2825 fons
2206 2786 2272 2825 ex

628 2918 633 2923 η
720 2862 890 2915 fonte.
910 2912 917 2918 .

1330 3018 1669 3085 Augustinus.
1732 3057 1741 3072 ι

799 3131 968 3202 linjus
1002 3145 1169 3200 porro
1196 3144 1391 3185 sensus
1426 3138 1484 3185 et
1527 3127 1902 3201 intelligentia
1952 3130 2116 3185 etiam
2147 3144 2276 3185 nea-

726 3232 841 3277 tnm
906 3222 1269 3293 Augustinum
1313 3222 1524 3278 socium
1572 3220 1729 3277 nobis
1771 3221 2042 3277 adducere
2087 3236 2279 3291 possu-

730 3330 901 3380 mus;
952 3313 1006 3367 in
1066 3322 1259 3383 quarto
1313 3315 1457 3369 enim
1515 3314 1658 3370 libro
1716 3312 1789 3367 De
1848 3312 2105 3368 Trinitate
2152 3312 2273 3368 ait:

727 3405 878 3471 Quod
937 3415 1119 3461 autem
1162 3406 1294 3462 dicit
1358 3406 1663 3463 Dominus:
1706 3404 1868 3471 Quem
1923 3420 2015 3475 ego
2075 3406 2279 3459 mittant

726 3500 865 3555 vobis
887 3516 919 3551 a
946 3497 1125 3565 Patre,
1174 3492 1713 3576 ostenditSpiritum
1742 3510 1991 3555 sanctum
2019 3506 2077 3552 et
2105 3496 2279 3553 Patris

726 3604 844 3644 esse
868 3599 923 3643 et
952 3587 1092 3645 Filii.
1118 3588 1254 3646 Cum
1283 3591 1427 3646 enim
1474 3591 1639 3645 etiam
1682 3590 1908 3645 dixisset
1936 3608 1949 3645 :
1973 3588 2135 3655 Quem
2158 3592 2279 3645 mit-

729 3689 797 3731 tet
829 3679 1007 3741 Pater.
1032 3682 1087 3734 in
1118 3681 1327 3735 nomine
1352 3697 1485 3745 meo,
1511 3680 1739 3736 addidit.
1765 3680 1883 3736 bon
1911 3688 2094 3735 tamen
2118 3680 2275 3745 dixit,

726 3781 901 3834 Quem
944 3771 1122 3825 mittet
1167 3770 1324 3825 Pater
1365 3786 1395 3824 a
1442 3788 1549 3834 me,
1586 3771 2047 3841 quemadmodum
2092 3771 2273 3826 dixit:

726 3864 895 3923 Quem
920 3876 1013 3923 eqo
1046 3861 1249 3914 mittam
1272 3862 1411 3914 vobis
1449 3878 1481 3913 ο
1508 3861 1707 3924 Patre;
1738 3861 2036 3916 ostendens
2070 3863 2281 3916 scilicet

730 3953 897 4005 totius
931 3950 1257 4014 divinitatis,
1286 3950 1392 4012 vel,
1425 3951 1469 4004 si
1494 3951 1692 4005 melius
1717 3949 2010 4005 dicendum
2037 3960 2139 4018 est,
2166 3952 2281 4007 dei-

732 4042 859 4094 tatis
891 4042 1105 4095 Patrem
1132 4056 1251 4097 esse
1286 4042 1638 4112 principium.

798 4222 970 4287 Quem
1008 4220 1197 4283 alium.
1228 4236 1388 4291 quam
1420 4222 1608 4290 istum,
1639 4223 1727 4277 cui
1770 4221 1943 4293 magis
1973 4222 2281 4289 credamus,

2300 3046 2347 3104 ϐ

2373 2594 2472 2662 τῆς
2497 2593 2769 2661 ἀληθείας.
2793 2593 2972 2655 Μόνος
2997 2594 3106 2660 γὰρ
3133 2593 3339 2656 ἐκεῖνος
3361 2590 3534 2655 αἴτιος
3564 2594 3658 2645 καὶ
3708 2578 3941 2661 ἀμφοῖν,

2378 2684 2472 2733 καὶ
2506 2683 2666 2749 μόνος
2699 2680 2851 2748 πηγὴ
2914 2681 3015 2732 οὒκ
3059 2682 3123 2732 lat
3167 2681 3349 2749 πηγῆς
3377 2695 3394 2712 ⁸
3428 2680 3522 2746 τοῦ
3574 2680 3698 2733 Υῐοῦ
3752 2682 3946 2751 πηγῆς

2379 2772 2481 2839 μὶν
2509 2771 2685 2836 ὄντος,
2722 2769 2798 2831 ὡς
2828 2771 3042 2840 εἴρηται
3073 2772 3184 2833 τοῖς
3246 2770 3438 2839 ἁγίοις,
3472 2771 3605 2824 ἀλλὰ
3631 2771 3816 2840 πηγῆς
3877 2771 3947 2823 kx

2377 2860 2577 2930 πηγῆς.

2945 3016 3362 3086 Αὐγουστῒνος.

2454 3122 2671 3195 Ταύτης
2691 3124 2749 3179 δὲ
2772 3126 2871 3193 τῆς
2900 3126 3109 3188 ἑννοίας
3137 3124 3231 3179 καὶ
3258 3126 3349 3178 τὸν
3408 3125 3678 3196 μακάριον
3734 3126 3951 3195 Αὐγου-

2385 3219 2566 3271 στίνον
2623 3218 2971 3287 παραγαγεῖν
3016 3217 3211 3287 ἔχομεν
3248 3218 3377 3288 ἡμῖν
3420 3218 3799 3272 κοινωνοῦντα.
3858 3218 3954 3271 Ἐν

2382 3309 2491 3379 γὰρ
2520 3308 2598 3378 τῷ
2628 3310 2764 3387 (lupi
2811 3306 3118 3377 Τριόδοςό
3139 3309 3274 3380 φησί
3305 3326 3320 3342 ο
3359 3310 3468 3364 Καὶ
3496 3310 3631 3380 ὅπερ
3683 3310 3740 3363 δὲ
3795 3310 3954 3378 λέγει

2381 3404 2410 3456 ό
2436 3401 2639 3473 Κύριος
2662 3444 2675 3467 ,
2715 3404 2817 3456 Ὃν
2852 3399 2967 3472 ἐγὼ
3005 3400 3219 3470 πέμψω
3264 3400 3405 3470 ὑμῖν
3440 3402 3592 3469 παρὰ
3653 3401 3760 3455 τοῦ
3830 3406 3953 3457 Πα-

2381 3494 2539 3563 τρός,
2572 3494 2811 3547 δείκνυσι
2840 3493 2899 3547 τὸ
2944 3493 3169 3562 Πνεῦμα
3199 3494 3259 3545 τὸ
3289 3492 3443 3561 ἅγιον
3475 3495 3568 3547 καὶ
3602 3493 3695 3547 τοῦ
3729 3494 3953 3562 Harpe;

2382 3586 2440 3640 ὃν
2465 3587 2558 3640 καὶ
2594 3586 2688 3639 τοῦ
2717 3586 2869 3639 Υίοῦ.
2900 3586 3012 3639 Καὶ
3041 3587 3145 3657 γὰρ
3194 3587 3287 3641 καὶ
3326 3585 3515 3652 εἰπὼν,
3579 3588 3679 3641 Ὃν
3722 3588 3957 3657 alpis:

2384 3678 2763 3746 ὀΠατὴρ,ἐν
2806 3679 2885 3744 τῷ
2948 3680 3192 3749 ὀνόματί
3242 3696 3384 3748 μου,
3451 3679 3812 3749 προσέθηκεν.
3864 3682 3946 3736 οὐ

2386 3768 2571 3839 μέντοι
2599 3764 2774 3834 εἴτιεν,
2816 3770 2915 3821 ⁸ον
2946 3768 3150 3838 πέμψει
3177 3770 3206 3821 ό
3241 3769 3429 3840 Πατὴρ
3480 3770 3615 3840 παρ’
3672 3770 3833 3840 ἐμοῦ,
3891 3773 3957 3825 ὃν

2382 3860 2587 3928 τρόπον
2615 3855 2789 3921 εἶπεν,
2836 3861 2946 3913 ⁸ον
2986 3859 3101 3927 ἐγὼ
3163 3860 3375 3929 πέμψω
3423 3862 3565 3931 ὑμῖν
3625 3865 3782 3930 παρὰ
3841 3863 3956 3917 τοῦ

2386 3951 2636 4017 Πατρός,
2685 3950 2895 4013 δεικνὺς
2936 3951 3155 4021 δηλαδὴ.
3207 3954 3283 4015 ὡς
3336 3953 3463 4023 ὅλης
3497 3955 3597 4022 τῆς
3642 3955 3954 4026 θειότητος,

2387 4040 2420 4108 ἢ
2466 4040 2513 4090 e1
2564 4039 2770 4107 βέλτιον
2823 4038 3022 4106 λέγειν,
3067 4042 3164 4103 τῆς
3220 4041 3522 4111 θεότητοςό
3574 4044 3763 4113 Πατήρ
3797 4047 3958 4098 ἐστιν

2389 4131 2421 4183 ἁ
2540 4166 2556 4182 .
2679 4172 2691 4179 .

2428 4129 2675 4273 ρξ’ἓύτου
2707 4219 2829 4272 τίνα
2858 4217 3298 4290 ἀξιοπιστότερον
3354 4220 3453 4291 τῆς
3507 4222 3783 4275 Διονυσίου
3835 4224 3958 4279 δια-

732 4313 930 4369 mcntis
980 4312 1221 4385 Dionysii
1272 4329 1579 4386 quaeremus
1630 4300 2038 4386 interpretem?
2070 4327 2195 4369 cum
2227 4322 2277 4369 et

2390 4308 2536 4373 νοίας
2568 4308 2875 4380 ζητήσομεν
2905 4309 3176 4381 ἑξηγητήν
3200 4328 3216 4376 ;
3240 4308 3441 4365 Τούτου
3470 4312 3554 4374 τίς
3602 4311 3804 4382 μᾶλλον
3858 4315 3958 4367 τὸν

734 4405 927 4460 iisdem
948 4383 1235 4477 theologize
1262 4383 1567 4477 insignibus
1592 4383 1821 4463 ornatus
1842 4414 2011 4473 esset,
2033 4415 2091 4463 et
2117 4406 2277 4461 Deum

2392 4400 2602 4457 ἱκάνου
2640 4399 2843 4470 συνῆκε
2886 4401 3011 4456 νοῦν
3059 4402 3159 4472 τῆς
3204 4401 3374 4472 αὐτῆς
3431 4400 3579 4473 αὒτῷ
3632 4402 3958 4473 θεολογικῆς

734 4501 788 4554 in
826 4516 884 4555 se
931 4502 1245 4569 loquentem
1289 4504 1571 4571 gestaret?
1613 4502 1751 4558 Ecce
1797 4502 1968 4566 enim,
2014 4500 2160 4572 quod
2196 4500 2286 4557 ille

731 4592 909 4645 solum
938 4590 1137 4645 fontem
1176 4594 1715 4659 supersubstantiaiis
1752 4593 1976 4650 deitatis
2030 4595 2284 4659 dixerat;

735 4686 839 4737 iste
873 4681 1203 4751 principium
1237 4680 1402 4733 totius
1439 4679 1663 4735 deitatis
1686 4682 1862 4749 dixit;
1898 4684 2259 4754 tanquamPa

734 4784 817 4828 ter
874 4773 1083 4827 scilicet
1128 4771 1211 4825 sui
1258 4771 1433 4839 ipsius
1484 4771 1757 4826 neminem
1807 4789 2022 4829 causam
2072 4776 2285 4841 habeat,

732 4868 852 4935 ipse
884 4880 1014 4918 vero
1049 4872 1105 4917 et
1132 4859 1253 4915 Filii
1282 4845 1346 4914 et
1370 4860 1609 4930 Spiritus
1638 4877 1800 4917 causa
1830 4865 2075 4927 exsistat,
2120 4862 2289 4917 Filius

735 4968 918 5013 autem
962 4965 1019 5012 et
1063 4959 1178 5025 ipse
1212 4954 1283 5009 sit
1327 4964 1605 5018 causatus,
1639 4962 1694 5006 et
1733 4954 1905 5009 solius
1950 4954 2191 5025 Spiritus
2220 4955 2292 5008 sit

734 5064 917 5107 eausa.

809 5140 993 5210 Neque
1027 5151 1158 5193 vero
1196 5143 1249 5193 te
1282 5149 1471 5190 rursus
1495 5133 1599 5189 hoc
1633 5149 1831 5188 nomen
1879 5136 2046 5189 totius
2073 5135 2292 5190 deitatis

742 5233 1000 5295 otl‘endat,
1033 5228 1247 5282 Patrem
1284 5241 1408 5282 cum
1449 5234 1563 5292 toto
1601 5225 2001 5291 conferentem.
2039 5236 2290 5298 tanquam

742 5320 881 5374 Filio
921 5319 1103 5374 Patris
1130 5332 1293 5373 causa
1341 5316 1660 5372 exaistente.
1706 5313 1972 5368 Divinitas
2001 5314 2146 5367 enim
2186 5330 2293 5368 non

744 5413 1021 5478 dividitur,
1061 5412 1153 5468 sed
1193 5412 1295 5465 hoc
1329 5408 1733 5465 incommodum
1796 5415 1852 5461 et
1884 5406 2073 5459 vitium
2102 5420 2167 5460 ex
2204 5406 2297 5459 de-

747 5501 891 5555 lectu
936 5502 989 5557 et
1040 5502 1407 5557 imbecillitate
1450 5498 1728 5552 nominum
1777 5496 2060 5566 provenit,
2107 5510 2292 5563 quam,

753 5609 858 5648 non
898 5595 1030 5648 bene
1062 5594 1247 5660 iacies,
1288 5594 1332 5648 si
1366 5592 1431 5649 ad
1460 5607 1547 5646 res
1578 5591 1724 5661 ipsas
1760 5586 2119 5644 transtuleris.

823 5692 887 5742 At
918 5689 1079 5755 cnim,
1115 5705 1234 5743 cum
1270 5688 1434 5744 multa
1471 5685 1579 5740 sint
1613 5697 1664 5739 ct
1712 5683 1834 5748 alia,
1872 5681 2069 5751 quibus
2100 5678 2295 5748 aliquis

2391 4490 2695 4562 ἠξιωμένου
2729 4494 2972 4565 χάριτος,
3009 4497 3103 4551 καὶ
3127 4493 3260 4548 Θεὸν
3289 4494 3547 4565 φίροντος
3594 4493 3865 4551 λαλοῦντα
3896 4497 3962 4547 ἐν

2393 4582 2615 4653 tau-sq);
2664 4584 2794 4639 Ἰδοὺ
2822 4585 2931 4656 γὰρ
2960 4586 3096 4657 ὅπερ
3146 4586 3351 4650 ἐκεῖνος
3401 4586 3572 4658 μόνην
3626 4587 3810 4655 πηγὴν
3853 4586 3960 4655 τῆς

2396 4677 2718 4747 ὑπερουσίου
2744 4676 2995 4743 θεότητος
3042 4673 3218 4743 εἶπεν,
3264 4674 3419 4737 οὗτος
3450 4678 3624 4749 ἀρχὴν
3665 4680 3763 4749 τῆς
3821 4678 3957 4747 ὅλης

2394 4767 2645 4837 θεότητος
2677 4768 2938 4836 εἴρηκενο
2990 4770 3063 4831 ὡς
3116 4768 3213 4822 τοῦ
3268 4768 3365 4839 μὶν
3419 4770 3633 4840 Πατρδς
3686 4767 3957 4840 δηλονότι,

2395 4860 2557 4914 αὐτοῦ
2585 4860 2684 4929 μιν
2704 4860 2896 4915 οὐδένα
2915 4861 3085 4915 αῐτιον
3117 4859 3355 4930 ἔχοντος,
3380 4859 3553 4913 αἰτίου
3583 4859 3639 4913 δὲ
3688 4862 3780 4913 καὶ
3818 4860 3959 4913 Υίοῦ

2397 4950 2491 5000 καὶ
2519 4948 2833 5019 Πνεύματος
2863 4948 3014 5011 ὖντος
3044 4963 3059 4979 ⁸
3096 4947 3227 5001 Υίοῦ
3253 4947 3309 5002 δι
3365 4946 3533 5001 αὐτοῦ
3586 4965 3643 4999 τε
3703 4949 3957 5003 αἰτιατοῦ

2396 5043 2566 5106 ὖντος,
2603 5043 2695 5094 καὶ
2725 5041 2900 5095 αίτίου
2936 5042 3099 5108 μόνου
3120 5037 3211 5093 τοῦ
3265 5039 3600 5108 Πνεῦματος.

2466 5132 2557 5201 Μὴ
2577 5133 2887 5203 πρόσκοπτι
2916 5132 2974 5186 δὲ
3002 5132 3162 5184 πάλιν
3192 5129 3429 5185 ἐνταῦθα
3479 5128 3558 5198 τῷ
3587 5129 3814 5197 ὀνόματι
3852 5134 3960 5201 τῆς

2398 5224 2524 5294 ὅλης
2550 5224 2819 5294 θεότητος,
2854 5222 3145 5285 ἀντιτιθεὶς
3168 5222 3233 5291 τῇ
3258 5221 3359 5292 dig
3380 5216 3569 5291 μέρος,
3599 5220 3672 5283 ὡς
3694 5222 3787 5274 τοῦ
3817 5222 3959 5275 Υξοῦ

2404 5319 2600 5385 μέρους
2657 5317 2807 5379 ὄντος
2858 5314 3030 5368 αἰτίου
3062 5331 3075 5345 ·
3130 5312 3319 5383 θεότης
3360 5312 3469 5382 γὰρ
3508 5311 3571 5365 οὐ
3629 5306 3955 5383 μιρίζεταίθ

2401 5409 2535 5461 ἀλλὰ
2563 5411 2621 5461 τὺ
2638 5409 2922 5478 ιλὰττωμα
2945 5408 3043 5475 τῆς
3066 5405 3174 5457 τῶν
3196 5404 3473 5474 ὀνομάτων
3494 5405 3643 5459 ἑστιν
3666 5406 3958 5468 ἀσθενείας

2402 5498 2467 5567 ἢν
2497 5500 2555 5551 οὐ
2587 5498 2764 5562 καλῶς
2786 5498 3029 5568 ποιήσεις
3060 5498 3153 5550 ἐπὶ
3182 5496 3247 5549 τὰ
3274 5497 3571 5567 πράγματα
3601 5500 3955 5567 μταφιρων.

2475 5677 2690 5731 Πολλῶν
2726 5680 2825 5747 μὶν
2857 5680 2945 5734 οῦν
2996 5681 3086 5732 καὶ
3138 5677 3308 5731 ἄλλων
3362 5676 3550 5741 ὄντων,
3614 5669 3694 5735 οἷς
3745 5674 3812 5726 ἂν
3872 5688 3960 5738 τις
