  <div class='ocr_page' id='page_1' title='image "/cluster/home/n/w/nwhite01/storage/ocr_20150623/161/pst.000005714834/307.png"; bbox 0 0 4122 6326; ppageno 0'>
   <div class='ocr_carea' id='block_1_1' title="bbox 571 171 674 233">
    <p class='ocr_par' dir='ltr' id='par_1_1' title="bbox 571 171 674 233">
     <span class='ocr_line' id='line_1_1' title="bbox 571 171 674 233; baseline 0.039 -3"><span class='ocrx_word' id='word_1_1' title='bbox 571 171 674 233; x_wconf 73' lang='grc'><strong>407</strong></span> 
     </span>
    </p>
   </div>
   <div class='ocr_carea' id='block_1_2' title="bbox 1517 169 2818 236">
    <p class='ocr_par' dir='ltr' id='par_1_2' title="bbox 1517 169 2818 236">
     <span class='ocr_line' id='line_1_2' title="bbox 1517 169 2818 236; baseline -0.003 -5"><span class='ocrx_word' id='word_1_2' title='bbox 1517 173 2011 235; x_wconf 70' lang='lat' dir='ltr'><strong>liESSABiUNlS</strong></span> <span class='ocrx_word' id='word_1_3' title='bbox 2046 174 2103 232; x_wconf 87' lang='lat' dir='ltr'><strong>S.</strong></span> <span class='ocrx_word' id='word_1_4' title='bbox 2144 173 2214 235; x_wconf 78' lang='grc' dir='ltr'><strong>Β.</strong></span> <span class='ocrx_word' id='word_1_5' title='bbox 2260 173 2324 236; x_wconf 80' lang='grc' dir='ltr'><strong>Ε.</strong></span> <span class='ocrx_word' id='word_1_6' title='bbox 2353 169 2818 231; x_wconf 76' lang='lat' dir='ltr'><strong>CARDINALIS</strong></span> 
     </span>
    </p>
   </div>
   <div class='ocr_carea' id='block_1_3' title="bbox 3657 156 3768 221">
    <p class='ocr_par' dir='ltr' id='par_1_3' title="bbox 3657 156 3768 221">
     <span class='ocr_line' id='line_1_3' title="bbox 3657 156 3768 221; baseline -0.018 0"><span class='ocrx_word' id='word_1_7' title='bbox 3657 156 3768 221; x_wconf 67' lang='lat'><strong>408</strong></span> 
     </span>
    </p>
   </div>
   <div class='ocr_carea' id='block_1_4' title="bbox 609 311 3741 339">
    <p class='ocr_par' dir='ltr' id='par_1_4' title="bbox 609 311 3741 339">
     <span class='ocr_line' id='line_1_4' title="bbox 609 311 3741 339; baseline 0 -14"><span class='ocrx_word' id='word_1_8' title='bbox 609 311 3741 339; x_wconf 52' lang='lat' dir='ltr'>www.—</span> 
     </span>
    </p>
   </div>
   <div class='ocr_carea' id='block_1_5' title="bbox 1461 490 2865 670">
    <p class='ocr_par' dir='ltr' id='par_1_5' title="bbox 1461 490 2865 670">
     <span class='ocr_line' id='line_1_5' title="bbox 1461 490 2865 670; baseline 0.001 -5"><span class='ocrx_word' id='word_1_9' title='bbox 1461 490 2659 670; x_wconf 79' lang='lat' dir='ltr'><strong>BESSABION</strong></span> <span class='ocrx_word' id='word_1_10' title='bbox 2671 492 2865 667; x_wconf 87' lang='lat' dir='ltr'><strong>IS</strong></span> 
     </span>
    </p>
   </div>
   <div class='ocr_carea' id='block_1_6' title="bbox 1227 785 3145 859">
    <p class='ocr_par' dir='ltr' id='par_1_6' title="bbox 1227 785 3145 859">
     <span class='ocr_line' id='line_1_6' title="bbox 1227 785 3145 859; baseline 0 -14"><span class='ocrx_word' id='word_1_11' title='bbox 1227 786 1746 847; x_wconf 71' lang='lat' dir='ltr'><strong>PA&#39;I‘lil.-\liCH.E</strong></span> <span class='ocrx_word' id='word_1_12' title='bbox 1790 786 2226 857; x_wconf 65' lang='lat' dir='ltr'><strong>CPOLITANI,</strong></span> <span class='ocrx_word' id='word_1_13' title='bbox 2272 785 2622 859; x_wconf 69' lang='lat' dir='ltr'><strong>EPISCOPI</strong></span> <span class='ocrx_word' id='word_1_14' title='bbox 2670 785 3103 847; x_wconf 82' lang='lat' dir='ltr'><strong>TUSCULANI</strong></span> <span class='ocrx_word' id='word_1_15' title='bbox 3130 832 3145 857; x_wconf 89' lang='lat'><strong>,</strong></span> 
     </span>
    </p>
   </div>
   <div class='ocr_carea' id='block_1_7' title="bbox 1702 907 2646 978">
    <p class='ocr_par' dir='ltr' id='par_1_7' title="bbox 1702 907 2646 978">
     <span class='ocr_line' id='line_1_7' title="bbox 1702 907 2646 978; baseline 0.002 -11"><span class='ocrx_word' id='word_1_16' title='bbox 1702 910 1763 968; x_wconf 88' lang='lat' dir='ltr'><strong>S.</strong></span> <span class='ocrx_word' id='word_1_17' title='bbox 1805 909 1876 967; x_wconf 70' lang='lat' dir='ltr'><strong>It.</strong></span> <span class='ocrx_word' id='word_1_18' title='bbox 1928 910 1993 967; x_wconf 85' lang='lat' dir='ltr'><strong>E.</strong></span> <span class='ocrx_word' id='word_1_19' title='bbox 2045 909 2280 971; x_wconf 76' lang='lat' dir='ltr'><strong>CABD.</strong></span> <span class='ocrx_word' id='word_1_20' title='bbox 2327 907 2646 978; x_wconf 68' lang='lat' dir='ltr'><strong>NICENI,</strong></span> 
     </span>
    </p>
   </div>
   <div class='ocr_carea' id='block_1_8' title="bbox 584 1019 2158 1123">
    <p class='ocr_par' dir='ltr' id='par_1_8' title="bbox 584 1019 2158 1122">
     <span class='ocr_line' id='line_1_8' title="bbox 584 1019 2158 1122; baseline -0.004 -6"><span class='ocrx_word' id='word_1_21' title='bbox 584 1057 699 1116; x_wconf 80' lang='lat' dir='ltr'><strong>DE</strong></span> <span class='ocrx_word' id='word_1_22' title='bbox 727 1056 1150 1119; x_wconf 69' lang='lat' dir='ltr'><strong>successu</strong></span> <span class='ocrx_word' id='word_1_23' title='bbox 1175 1042 1489 1116; x_wconf 74' lang='lat' dir='ltr'><strong>sm’om</strong></span> <span class='ocrx_word' id='word_1_24' title='bbox 1518 1053 2100 1122; x_wconf 59' lang='lat' dir='ltr'><strong>FLORE&#39;NTINzE,</strong></span> <span class='ocrx_word' id='word_1_25' title='bbox 2133 1019 2158 1110; x_wconf 79' lang='lat' dir='ltr'><strong>i</strong></span> 
     </span>
    </p>
   </div>
   <div class='ocr_carea' id='block_1_9' title="bbox 2242 1019 3779 1123">
    <p class='ocr_par' dir='ltr' id='par_1_9' title="bbox 2242 1050 3779 1123">
     <span class='ocr_line' id='line_1_9' title="bbox 2242 1050 3779 1123; baseline 0 -12"><span class='ocrx_word' id='word_1_26' title='bbox 2242 1053 2390 1111; x_wconf 87' lang='lat' dir='ltr'><strong>&#39;DE</strong></span> <span class='ocrx_word' id='word_1_27' title='bbox 2422 1051 2999 1114; x_wconf 82' lang='lat' dir='ltr'><strong>PROCESSIONE</strong></span> <span class='ocrx_word' id='word_1_28' title='bbox 3030 1050 3421 1114; x_wconf 75' lang='lat' dir='ltr'><strong>SPIRITUS</strong></span> <span class='ocrx_word' id='word_1_29' title='bbox 3446 1052 3779 1123; x_wconf 72' lang='lat' dir='ltr'><strong>SANCTI,</strong></span> 
     </span>
    </p>
   </div>
   <div class='ocr_carea' id='block_1_10' title="bbox 1496 1155 2873 1245">
    <p class='ocr_par' dir='ltr' id='par_1_10' title="bbox 1496 1155 2873 1245">
     <span class='ocr_line' id='line_1_10' title="bbox 1496 1155 2873 1245; baseline -0.002 -28"><span class='ocrx_word' id='word_1_30' title='bbox 1496 1157 1843 1218; x_wconf 78' lang='lat' dir='ltr'><strong><em>PRIMUM</em></strong></span> <span class='ocrx_word' id='word_1_31' title='bbox 1891 1156 2194 1217; x_wconf 69' lang='lat' dir='ltr'><strong>GR£CE</strong></span> <span class='ocrx_word' id='word_1_32' title='bbox 2237 1155 2549 1245; x_wconf 87' lang='lat' dir='ltr'><strong>EDITUS</strong></span> <span class='ocrx_word' id='word_1_33' title='bbox 2594 1156 2873 1223; x_wconf 82' lang='lat' dir='ltr'><strong>LIBER,</strong></span> 
     </span>
    </p>
   </div>
   <div class='ocr_carea' id='block_1_11' title="bbox 1143 1257 3226 1339">
    <p class='ocr_par' dir='ltr' id='par_1_11' title="bbox 1143 1257 3226 1339">
     <span class='ocr_line' id='line_1_11' title="bbox 1143 1257 3226 1339; baseline -0.001 -17"><span class='ocrx_word' id='word_1_34' title='bbox 1143 1263 1464 1322; x_wconf 82' lang='lat' dir='ltr'><strong>DEINDE</strong></span> <span class='ocrx_word' id='word_1_35' title='bbox 1495 1262 1601 1320; x_wconf 77' lang='lat' dir='ltr'><strong>AB</strong></span> <span class='ocrx_word' id='word_1_36' title='bbox 1648 1257 1955 1321; x_wconf 78' lang='lat' dir='ltr'><em>EODEM</em></span> <span class='ocrx_word' id='word_1_37' title='bbox 2000 1258 2338 1339; x_wconf 75' lang='lat' dir='ltr'><strong>LATINIS</strong></span> <span class='ocrx_word' id='word_1_38' title='bbox 2385 1259 2782 1319; x_wconf 81' lang='lat' dir='ltr'><strong>LITTERIS</strong></span> <span class='ocrx_word' id='word_1_39' title='bbox 2818 1258 3226 1321; x_wconf 76' lang='lat' dir='ltr'><strong>DONATUS.</strong></span> 
     </span>
    </p>
   </div>
   <div class='ocr_carea' id='block_1_12' title="bbox 658 1532 3784 1609">
    <p class='ocr_par' dir='ltr' id='par_1_12' title="bbox 658 1532 3784 1609">
     <span class='ocr_line' id='line_1_12' title="bbox 658 1532 3784 1609; baseline 0 -20"><span class='ocrx_word' id='word_1_40' title='bbox 658 1538 944 1591; x_wconf 70' lang='lat' dir='ltr'><strong>BESSAIIION</strong></span> <span class='ocrx_word' id='word_1_41' title='bbox 977 1536 1268 1590; x_wconf 84' lang='lat' dir='ltr'><strong>cardinalis</strong></span> <span class='ocrx_word' id='word_1_42' title='bbox 1295 1538 1564 1600; x_wconf 61' lang='lat' dir='ltr'><strong>Nii&#39;aenus,</strong></span> <span class='ocrx_word' id='word_1_43' title='bbox 1602 1552 1780 1605; x_wconf 85' lang='lat' dir='ltr'><strong>magn.</strong></span> <span class='ocrx_word' id='word_1_44' title='bbox 1816 1546 1870 1590; x_wconf 92' lang='lat' dir='ltr'><strong>et</strong></span> <span class='ocrx_word' id='word_1_45' title='bbox 1900 1537 2139 1590; x_wconf 84' lang='lat' dir='ltr'><strong>clemcn-</strong></span> <span class='ocrx_word' id='word_1_46' title='bbox 2170 1542 2207 1597; x_wconf 78' lang='grc' dir='ltr'><strong>Α</strong></span> <span class='ocrx_word' id='word_1_47' title='bbox 2240 1539 2435 1604; x_wconf 83' lang='lat' dir='ltr'><strong>quibus</strong></span> <span class='ocrx_word' id='word_1_48' title='bbox 2496 1540 2833 1609; x_wconf 70' lang='lat' dir='ltr'><strong>apertissime</strong></span> <span class='ocrx_word' id='word_1_49' title='bbox 2854 1556 2918 1593; x_wconf 86' lang='lat' dir='ltr'><strong>ex</strong></span> <span class='ocrx_word' id='word_1_50' title='bbox 2941 1538 3095 1592; x_wconf 88' lang='lat' dir='ltr'><strong>Patre</strong></span> <span class='ocrx_word' id='word_1_51' title='bbox 3121 1548 3173 1593; x_wconf 89' lang='lat' dir='ltr'><strong>et</strong></span> <span class='ocrx_word' id='word_1_52' title='bbox 3208 1537 3342 1593; x_wconf 84' lang='lat' dir='ltr'><strong>Filio</strong></span> <span class='ocrx_word' id='word_1_53' title='bbox 3372 1532 3628 1605; x_wconf 85' lang='lat' dir='ltr'><strong>Spiritum</strong></span> <span class='ocrx_word' id='word_1_54' title='bbox 3659 1556 3784 1592; x_wconf 85' lang='lat' dir='ltr'><strong>san—</strong></span> 
     </span>
    </p>
   </div>
   <div class='ocr_carea' id='block_1_13' title="bbox 586 1630 1961 1698">
    <p class='ocr_par' dir='ltr' id='par_1_13' title="bbox 586 1630 1961 1698">
     <span class='ocr_line' id='line_1_13' title="bbox 586 1630 1961 1698; baseline -0.001 -15"><span class='ocrx_word' id='word_1_55' title='bbox 586 1632 702 1683; x_wconf 78' lang='lat' dir='ltr'><strong>tiss.</strong></span> <span class='ocrx_word' id='word_1_56' title='bbox 737 1631 854 1682; x_wconf 80' lang='lat' dir='ltr'><strong>viro</strong></span> <span class='ocrx_word' id='word_1_57' title='bbox 885 1630 1071 1683; x_wconf 74' lang='lat' dir='ltr'><strong>Alexio</strong></span> <span class='ocrx_word' id='word_1_58' title='bbox 1100 1632 1311 1683; x_wconf 82' lang='lat' dir='ltr'><strong>Lascari</strong></span> <span class='ocrx_word' id='word_1_59' title='bbox 1344 1630 1785 1698; x_wconf 84' lang='lat' dir='ltr'><strong>Philantltropino</strong></span> <span class='ocrx_word' id='word_1_60' title='bbox 1811 1630 1866 1683; x_wconf 85' lang='lat' dir='ltr'><strong>S.</strong></span> <span class='ocrx_word' id='word_1_61' title='bbox 1903 1630 1961 1682; x_wconf 82' lang='grc' dir='ltr'><strong>ο.</strong></span> 
     </span>
    </p>
   </div>
   <div class='ocr_carea' id='block_1_14' title="bbox 662 1718 2127 1788">
    <p class='ocr_par' dir='ltr' id='par_1_14' title="bbox 662 1718 2127 1788">
     <span class='ocr_line' id='line_1_14' title="bbox 662 1718 2127 1788; baseline 0 -15"><span class='ocrx_word' id='word_1_62' title='bbox 662 1721 740 1773; x_wconf 85' lang='lat' dir='ltr'><strong>Tu</strong></span> <span class='ocrx_word' id='word_1_63' title='bbox 795 1720 1014 1788; x_wconf 85' lang='lat' dir='ltr'><strong>quidem</strong></span> <span class='ocrx_word' id='word_1_64' title='bbox 1069 1736 1173 1773; x_wconf 91' lang='lat' dir='ltr'><strong>non</strong></span> <span class='ocrx_word' id='word_1_65' title='bbox 1229 1722 1479 1774; x_wconf 90' lang='lat' dir='ltr'><strong>humanis</strong></span> <span class='ocrx_word' id='word_1_66' title='bbox 1508 1722 1681 1773; x_wconf 87' lang='lat' dir='ltr'><strong>solum</strong></span> <span class='ocrx_word' id='word_1_67' title='bbox 1715 1718 1898 1781; x_wconf 82' lang='lat' dir='ltr'><strong>rebus,</strong></span> <span class='ocrx_word' id='word_1_68' title='bbox 1943 1735 2127 1773; x_wconf 79' lang='lat' dir='ltr'><strong>verum</strong></span> 
     </span>
    </p>
   </div>
   <div class='ocr_carea' id='block_1_15' title="bbox 586 1811 2131 1880">
    <p class='ocr_par' dir='ltr' id='par_1_15' title="bbox 586 1811 2131 1880">
     <span class='ocr_line' id='line_1_15' title="bbox 586 1811 2131 1880; baseline 0.002 -19"><span class='ocrx_word' id='word_1_69' title='bbox 586 1812 751 1863; x_wconf 87' lang='lat' dir='ltr'><strong>etiam</strong></span> <span class='ocrx_word' id='word_1_70' title='bbox 788 1811 988 1864; x_wconf 83' lang='lat' dir='ltr'><strong>divinis</strong></span> <span class='ocrx_word' id='word_1_71' title='bbox 1020 1817 1363 1880; x_wconf 83' lang='lat' dir='ltr'><strong>summopere</strong></span> <span class='ocrx_word' id='word_1_72' title='bbox 1396 1812 1643 1873; x_wconf 89' lang='lat' dir='ltr'><strong>studens,</strong></span> <span class='ocrx_word' id='word_1_73' title='bbox 1669 1811 2131 1880; x_wconf 75' lang='lat' dir='ltr'><strong>meditatioueque</strong></span> 
     </span>
    </p>
   </div>
   <div class='ocr_carea' id='block_1_16' title="bbox 590 1825 2132 1971">
    <p class='ocr_par' dir='ltr' id='par_1_16' title="bbox 590 1825 2132 1971">
     <span class='ocr_line' id='line_1_16' title="bbox 590 1825 2131 1880; baseline 0.002 -19"><span class='ocrx_word' id='word_1_74' title='bbox 590 1825 751 1863; x_wconf 84' lang='lat' dir='ltr'><strong>etiam</strong></span> <span class='ocrx_word' id='word_1_75' title='bbox 788 1825 988 1864; x_wconf 81' lang='lat' dir='ltr'><strong>utvtnts</strong></span> <span class='ocrx_word' id='word_1_76' title='bbox 1020 1826 1363 1880; x_wconf 85' lang='lat' dir='ltr'><strong>summopere</strong></span> <span class='ocrx_word' id='word_1_77' title='bbox 1396 1825 1643 1873; x_wconf 82' lang='lat' dir='ltr'><strong>studens,</strong></span> <span class='ocrx_word' id='word_1_78' title='bbox 1726 1825 2131 1878; x_wconf 81' lang='lat' dir='ltr'><strong>cattattoneque</strong></span> 
     </span>
     <span class='ocr_line' id='line_1_17' title="bbox 590 1825 2132 1971; baseline 0.003 -19"><span class='ocrx_word' id='word_1_79' title='bbox 590 1902 993 1968; x_wconf 69' lang='lat' dir='ltr'><strong>Scripturarum</strong></span> <span class='ocrx_word' id='word_1_80' title='bbox 1060 1904 1289 1971; x_wconf 84' lang='lat' dir='ltr'><strong>teipsutn</strong></span> <span class='ocrx_word' id='word_1_81' title='bbox 1338 1904 1614 1957; x_wconf 87' lang='lat' dir='ltr'><strong>obiectans</strong></span> <span class='ocrx_word' id='word_1_82' title='bbox 1658 1825 1767 1957; x_wconf 57' lang='lat' dir='ltr'><strong>irin</strong></span> <span class='ocrx_word' id='word_1_83' title='bbox 1822 1914 2026 1963; x_wconf 82' lang='lat' dir='ltr'><strong>cessas,</strong></span> <span class='ocrx_word' id='word_1_84' title='bbox 2076 1910 2132 1956; x_wconf 88' lang='lat' dir='ltr'><strong>et</strong></span> 
     </span>
    </p>
   </div>
   <div class='ocr_carea' id='block_1_17' title="bbox 590 1991 2135 2060">
    <p class='ocr_par' dir='ltr' id='par_1_17' title="bbox 590 1991 2135 2060">
     <span class='ocr_line' id='line_1_18' title="bbox 590 1991 2135 2060; baseline 0 -17"><span class='ocrx_word' id='word_1_85' title='bbox 590 1991 704 2057; x_wconf 85' lang='lat' dir='ltr'><strong>ipse</strong></span> <span class='ocrx_word' id='word_1_86' title='bbox 738 2008 831 2059; x_wconf 59' lang='lat' dir='ltr'><strong>per</strong></span> <span class='ocrx_word' id='word_1_87' title='bbox 862 2002 913 2044; x_wconf 89' lang='lat' dir='ltr'><strong>te</strong></span> <span class='ocrx_word' id='word_1_88' title='bbox 940 1994 1062 2046; x_wconf 86' lang='lat' dir='ltr'><strong>lidei</strong></span> <span class='ocrx_word' id='word_1_89' title='bbox 1094 1993 1372 2045; x_wconf 82' lang='lat' dir='ltr'><strong>veritatem</strong></span> <span class='ocrx_word' id='word_1_90' title='bbox 1402 1992 1697 2060; x_wconf 76' lang='lat' dir='ltr'><strong>inquirere,</strong></span> <span class='ocrx_word' id='word_1_91' title='bbox 1730 2002 1786 2046; x_wconf 88' lang='lat' dir='ltr'><strong>et</strong></span> <span class='ocrx_word' id='word_1_92' title='bbox 1814 2007 1913 2045; x_wconf 89' lang='lat' dir='ltr'><strong>nos</strong></span> <span class='ocrx_word' id='word_1_93' title='bbox 1940 1992 2135 2045; x_wconf 80' lang='lat' dir='ltr'><strong>adhor-</strong></span> 
     </span>
    </p>
   </div>
   <div class='ocr_carea' id='block_1_18' title="bbox 595 2074 2134 2153">
    <p class='ocr_par' dir='ltr' id='par_1_18' title="bbox 595 2074 2134 2153">
     <span class='ocr_line' id='line_1_19' title="bbox 595 2074 2134 2153; baseline 0.001 -18"><span class='ocrx_word' id='word_1_94' title='bbox 595 2085 715 2143; x_wconf 81' lang='lat' dir='ltr'><strong>tari.</strong></span> <span class='ocrx_word' id='word_1_95' title='bbox 750 2093 804 2135; x_wconf 93' lang='lat' dir='ltr'><strong>ut</strong></span> <span class='ocrx_word' id='word_1_96' title='bbox 842 2100 942 2153; x_wconf 89' lang='lat' dir='ltr'><strong>pro</strong></span> <span class='ocrx_word' id='word_1_97' title='bbox 988 2100 1142 2151; x_wconf 84' lang='lat' dir='ltr'><strong>posse</strong></span> <span class='ocrx_word' id='word_1_98' title='bbox 1180 2099 1336 2151; x_wconf 87' lang='lat' dir='ltr'><strong>opem</strong></span> <span class='ocrx_word' id='word_1_99' title='bbox 1385 2084 1478 2137; x_wconf 85' lang='lat' dir='ltr'><strong>tibi</strong></span> <span class='ocrx_word' id='word_1_100' title='bbox 1511 2084 1748 2138; x_wconf 77' lang='lat' dir='ltr'><strong>feramus</strong></span> <span class='ocrx_word' id='word_1_101' title='bbox 1782 2084 1847 2137; x_wconf 87' lang='lat' dir='ltr'><strong>ad</strong></span> <span class='ocrx_word' id='word_1_102' title='bbox 1893 2098 2009 2137; x_wconf 86' lang='lat' dir='ltr'><strong>eam</strong></span> <span class='ocrx_word' id='word_1_103' title='bbox 2048 2074 2134 2137; x_wconf 84' lang='lat' dir='ltr'><strong>iti-</strong></span> 
     </span>
    </p>
   </div>
   <div class='ocr_carea' id='block_1_19' title="bbox 590 2174 2132 2244">
    <p class='ocr_par' dir='ltr' id='par_1_19' title="bbox 590 2174 2132 2244">
     <span class='ocr_line' id='line_1_20' title="bbox 590 2174 2132 2244; baseline 0.001 -23"><span class='ocrx_word' id='word_1_104' title='bbox 590 2176 957 2241; x_wconf 72' lang='lat' dir='ltr'><strong>vcstiganilam</strong></span> <span class='ocrx_word' id='word_1_105' title='bbox 1006 2186 1169 2243; x_wconf 90' lang='lat' dir='ltr'><strong>atque</strong></span> <span class='ocrx_word' id='word_1_106' title='bbox 1220 2174 1636 2228; x_wconf 86' lang='lat' dir='ltr'><strong>inveniendam.-</strong></span> <span class='ocrx_word' id='word_1_107' title='bbox 1671 2176 1782 2244; x_wconf 88' lang='lat' dir='ltr'><strong>Ego</strong></span> <span class='ocrx_word' id='word_1_108' title='bbox 1830 2190 1963 2228; x_wconf 79' lang='lat' dir='ltr'><strong>vero</strong></span> <span class='ocrx_word' id='word_1_109' title='bbox 2008 2188 2132 2227; x_wconf 90' lang='lat' dir='ltr'><strong>cum</strong></span> 
     </span>
    </p>
   </div>
   <div class='ocr_carea' id='block_1_20' title="bbox 593 2263 2137 2333">
    <p class='ocr_par' dir='ltr' id='par_1_20' title="bbox 593 2263 2137 2333">
     <span class='ocr_line' id='line_1_21' title="bbox 593 2263 2137 2333; baseline 0.001 -18"><span class='ocrx_word' id='word_1_110' title='bbox 593 2263 804 2328; x_wconf 68' lang='lat' dir='ltr'><strong>pigtitia</strong></span> <span class='ocrx_word' id='word_1_111' title='bbox 830 2265 1056 2331; x_wconf 88' lang='lat' dir='ltr'><strong>quadam</strong></span> <span class='ocrx_word' id='word_1_112' title='bbox 1086 2304 1099 2325; x_wconf 92' lang='lat'><strong>,</strong></span> <span class='ocrx_word' id='word_1_113' title='bbox 1132 2275 1241 2318; x_wconf 88' lang='lat' dir='ltr'><strong>tum</strong></span> <span class='ocrx_word' id='word_1_114' title='bbox 1274 2268 1352 2317; x_wconf 81' lang='lat' dir='ltr'><strong>vel</strong></span> <span class='ocrx_word' id='word_1_115' title='bbox 1393 2267 1624 2319; x_wconf 79' lang='lat' dir='ltr'><strong>maxime</strong></span> <span class='ocrx_word' id='word_1_116' title='bbox 1650 2266 1773 2333; x_wconf 84' lang='lat' dir='ltr'><strong>quia</strong></span> <span class='ocrx_word' id='word_1_117' title='bbox 1806 2265 2036 2318; x_wconf 89' lang='lat' dir='ltr'><strong>libenter</strong></span> <span class='ocrx_word' id='word_1_118' title='bbox 2064 2266 2137 2317; x_wconf 84' lang='lat' dir='ltr'><strong>si-</strong></span> 
     </span>
    </p>
   </div>
   <div class='ocr_carea' id='block_1_21' title="bbox 595 2346 2137 2424">
    <p class='ocr_par' dir='ltr' id='par_1_21' title="bbox 595 2346 2137 2424">
     <span class='ocr_line' id='line_1_22' title="bbox 595 2346 2137 2424; baseline 0.003 -19"><span class='ocrx_word' id='word_1_119' title='bbox 595 2355 750 2407; x_wconf 84' lang='lat' dir='ltr'><strong>miles</strong></span> <span class='ocrx_word' id='word_1_120' title='bbox 798 2355 1012 2409; x_wconf 81' lang='lat' dir='ltr'><strong>labores</strong></span> <span class='ocrx_word' id='word_1_121' title='bbox 1052 2357 1298 2423; x_wconf 78' lang='lat' dir='ltr'><strong>deposui,</strong></span> <span class='ocrx_word' id='word_1_122' title='bbox 1336 2364 1619 2424; x_wconf 81' lang='lat' dir='ltr'><strong>propterea</strong></span> <span class='ocrx_word' id='word_1_123' title='bbox 1658 2355 1803 2424; x_wconf 89' lang='lat' dir='ltr'><strong>quod</strong></span> <span class='ocrx_word' id='word_1_124' title='bbox 1849 2346 2045 2422; x_wconf 68' lang='lat' dir='ltr'><strong>saepius</strong></span> <span class='ocrx_word' id='word_1_125' title='bbox 2071 2356 2137 2409; x_wconf 90' lang='lat' dir='ltr'><strong>de</strong></span> 
     </span>
    </p>
   </div>
   <div class='ocr_carea' id='block_1_22' title="bbox 593 2445 2134 2506">
    <p class='ocr_par' dir='ltr' id='par_1_22' title="bbox 593 2445 2134 2506">
     <span class='ocr_line' id='line_1_23' title="bbox 593 2445 2134 2506; baseline 0.001 -10"><span class='ocrx_word' id='word_1_126' title='bbox 593 2445 695 2498; x_wconf 74' lang='lat' dir='ltr'><strong>hac</strong></span> <span class='ocrx_word' id='word_1_127' title='bbox 741 2461 799 2499; x_wconf 90' lang='lat' dir='ltr'><strong>re</strong></span> <span class='ocrx_word' id='word_1_128' title='bbox 845 2463 1150 2499; x_wconf 83' lang='lat' dir='ltr'><strong>sermonem</strong></span> <span class='ocrx_word' id='word_1_129' title='bbox 1210 2447 1371 2498; x_wconf 82' lang='lat' dir='ltr'><strong>habui</strong></span> <span class='ocrx_word' id='word_1_130' title='bbox 1420 2460 1541 2499; x_wconf 91' lang='lat' dir='ltr'><strong>cum</strong></span> <span class='ocrx_word' id='word_1_131' title='bbox 1575 2446 1777 2498; x_wconf 85' lang='lat' dir='ltr'><strong>nostris</strong></span> <span class='ocrx_word' id='word_1_132' title='bbox 1803 2445 2134 2506; x_wconf 82' lang='lat' dir='ltr'><strong>hominibus,</strong></span> 
     </span>
    </p>
   </div>
   <div class='ocr_carea' id='block_1_23' title="bbox 596 2535 2137 2608">
    <p class='ocr_par' dir='ltr' id='par_1_23' title="bbox 596 2535 2137 2608">
     <span class='ocr_line' id='line_1_24' title="bbox 596 2535 2137 2608; baseline 0.001 -25"><span class='ocrx_word' id='word_1_133' title='bbox 596 2537 916 2608; x_wconf 61' lang='lat' dir='ltr'><strong>qtti&#39;plttris</strong></span> <span class='ocrx_word' id='word_1_134' title='bbox 982 2553 1133 2590; x_wconf 89' lang='lat' dir='ltr'><strong>suam</strong></span> <span class='ocrx_word' id='word_1_135' title='bbox 1178 2538 1618 2605; x_wconf 84' lang='lat' dir='ltr'><strong>superstitionem</strong></span> <span class='ocrx_word' id='word_1_136' title='bbox 1677 2544 1732 2589; x_wconf 91' lang='lat' dir='ltr'><strong>et</strong></span> <span class='ocrx_word' id='word_1_137' title='bbox 1780 2535 2137 2605; x_wconf 73' lang='lat' dir='ltr'><strong>ignorantiam</strong></span> 
     </span>
    </p>
   </div>
   <div class='ocr_carea' id='block_1_24' title="bbox 599 2624 2142 2695">
    <p class='ocr_par' dir='ltr' id='par_1_24' title="bbox 599 2624 2142 2695">
     <span class='ocr_line' id='line_1_25' title="bbox 599 2624 2142 2695; baseline -0.001 -19"><span class='ocrx_word' id='word_1_138' title='bbox 599 2625 823 2688; x_wconf 76' lang='lat' dir='ltr'><strong>faciunt,</strong></span> <span class='ocrx_word' id='word_1_139' title='bbox 850 2642 1024 2695; x_wconf 71' lang='lat' dir='ltr'><strong>quam</strong></span> <span class='ocrx_word' id='word_1_140' title='bbox 1056 2628 1336 2680; x_wconf 82' lang='lat' dir='ltr'><strong>veritatem</strong></span> <span class='ocrx_word' id='word_1_141' title='bbox 1371 2645 1384 2679; x_wconf 90' lang='lat'>:</span> <span class='ocrx_word' id='word_1_142' title='bbox 1418 2627 1619 2680; x_wconf 84' lang='lat' dir='ltr'><strong>invitus</strong></span> <span class='ocrx_word' id='word_1_143' title='bbox 1648 2627 1750 2679; x_wconf 83' lang='lat' dir='ltr'><strong>hoc</strong></span> <span class='ocrx_word' id='word_1_144' title='bbox 1792 2640 1981 2677; x_wconf 85' lang='lat' dir='ltr'><strong>rursus</strong></span> <span class='ocrx_word' id='word_1_145' title='bbox 2014 2624 2142 2676; x_wconf 90' lang='lat' dir='ltr'><strong>sub-</strong></span> 
     </span>
    </p>
   </div>
   <div class='ocr_carea' id='block_1_25' title="bbox 593 2712 2143 2783">
    <p class='ocr_par' dir='ltr' id='par_1_25' title="bbox 593 2712 2143 2783">
     <span class='ocr_line' id='line_1_26' title="bbox 593 2712 2143 2783; baseline -0.002 -16"><span class='ocrx_word' id='word_1_146' title='bbox 593 2730 663 2767; x_wconf 97' lang='lat' dir='ltr'><strong>eo</strong></span> <span class='ocrx_word' id='word_1_147' title='bbox 712 2727 1007 2778; x_wconf 79' lang='lat' dir='ltr'><strong>certamen,</strong></span> <span class='ocrx_word' id='word_1_148' title='bbox 1071 2732 1378 2783; x_wconf 78' lang='lat' dir='ltr'><strong>quanquam</strong></span> <span class='ocrx_word' id='word_1_149' title='bbox 1440 2716 1505 2767; x_wconf 88' lang='lat' dir='ltr'><strong>ad</strong></span> <span class='ocrx_word' id='word_1_150' title='bbox 1554 2726 1605 2767; x_wconf 89' lang='lat' dir='ltr'><strong>te</strong></span> <span class='ocrx_word' id='word_1_151' title='bbox 1654 2712 1979 2779; x_wconf 84' lang='lat' dir='ltr'><strong>scripturus,</strong></span> <span class='ocrx_word' id='word_1_152' title='bbox 2050 2712 2143 2778; x_wconf 88' lang='lat' dir='ltr'><strong>qui</strong></span> 
     </span>
    </p>
   </div>
   <div class='ocr_carea' id='block_1_26' title="bbox 600 2799 2149 2870">
    <p class='ocr_par' dir='ltr' id='par_1_26' title="bbox 600 2799 2149 2870">
     <span class='ocr_line' id='line_1_27' title="bbox 600 2799 2149 2870; baseline -0.003 -16"><span class='ocrx_word' id='word_1_153' title='bbox 600 2804 864 2870; x_wconf 72' lang='lat' dir='ltr'><strong>sapientia</strong></span> <span class='ocrx_word' id='word_1_154' title='bbox 919 2813 970 2855; x_wconf 91' lang='lat' dir='ltr'><strong>et</strong></span> <span class='ocrx_word' id='word_1_155' title='bbox 1032 2805 1334 2856; x_wconf 86' lang='lat' dir='ltr'><strong>humilitate</strong></span> <span class='ocrx_word' id='word_1_156' title='bbox 1379 2812 1603 2854; x_wconf 86' lang='lat' dir='ltr'><strong>ornatus</strong></span> <span class='ocrx_word' id='word_1_157' title='bbox 1668 2815 1775 2852; x_wconf 90' lang='lat' dir='ltr'><strong>non</strong></span> <span class='ocrx_word' id='word_1_158' title='bbox 1818 2799 1983 2867; x_wconf 83' lang='lat' dir='ltr'><strong>magis</strong></span> <span class='ocrx_word' id='word_1_159' title='bbox 2032 2811 2149 2851; x_wconf 84' lang='lat' dir='ltr'><strong>ten-</strong></span> 
     </span>
    </p>
   </div>
   <div class='ocr_carea' id='block_1_27' title="bbox 605 2878 2147 2957">
    <p class='ocr_par' dir='ltr' id='par_1_27' title="bbox 605 2878 2147 2957">
     <span class='ocr_line' id='line_1_28' title="bbox 605 2878 2147 2957; baseline -0.005 -15"><span class='ocrx_word' id='word_1_160' title='bbox 605 2890 776 2951; x_wconf 87' lang='lat' dir='ltr'><strong>tandi,</strong></span> <span class='ocrx_word' id='word_1_161' title='bbox 829 2905 989 2957; x_wconf 88' lang='lat' dir='ltr'><strong>quam</strong></span> <span class='ocrx_word' id='word_1_162' title='bbox 1036 2888 1150 2943; x_wconf 75' lang='lat' dir='ltr'><strong>veri</strong></span> <span class='ocrx_word' id='word_1_163' title='bbox 1194 2887 1551 2955; x_wconf 74' lang='lat' dir='ltr'><strong>investigandi</strong></span> <span class='ocrx_word' id='word_1_164' title='bbox 1595 2885 1787 2954; x_wconf 84' lang='lat' dir='ltr'><strong>gratia,</strong></span> <span class='ocrx_word' id='word_1_165' title='bbox 1836 2878 1948 2937; x_wconf 73' lang='lat' dir='ltr'><strong>haec</strong></span> <span class='ocrx_word' id='word_1_166' title='bbox 1984 2898 2013 2935; x_wconf 89' lang='lat' dir='ltr'><strong>a</strong></span> <span class='ocrx_word' id='word_1_167' title='bbox 2062 2896 2147 2934; x_wconf 89' lang='lat' dir='ltr'><strong>me</strong></span> 
     </span>
    </p>
   </div>
   <div class='ocr_carea' id='block_1_28' title="bbox 2233 1627 3782 1696">
    <p class='ocr_par' dir='ltr' id='par_1_28' title="bbox 2233 1627 3782 1696">
     <span class='ocr_line' id='line_1_29' title="bbox 2233 1627 3782 1696; baseline 0.001 -17"><span class='ocrx_word' id='word_1_168' title='bbox 2233 1637 2375 1681; x_wconf 90' lang='lat' dir='ltr'><strong>ctum</strong></span> <span class='ocrx_word' id='word_1_169' title='bbox 2428 1629 2719 1696; x_wconf 83' lang='lat' dir='ltr'><strong>procedere</strong></span> <span class='ocrx_word' id='word_1_170' title='bbox 2762 1628 3023 1682; x_wconf 79' lang='lat' dir='ltr'><strong>aliirtuant</strong></span> <span class='ocrx_word' id='word_1_171' title='bbox 3060 1645 3073 1680; x_wconf 87' lang='lat'><strong>:</strong></span> <span class='ocrx_word' id='word_1_172' title='bbox 3109 1640 3161 1680; x_wconf 89' lang='lat' dir='ltr'><strong>et</strong></span> <span class='ocrx_word' id='word_1_173' title='bbox 3208 1628 3441 1691; x_wconf 85' lang='lat' dir='ltr'><strong>Patrem,</strong></span> <span class='ocrx_word' id='word_1_174' title='bbox 3482 1638 3534 1680; x_wconf 86' lang='lat' dir='ltr'><strong>et</strong></span> <span class='ocrx_word' id='word_1_175' title='bbox 3582 1627 3782 1681; x_wconf 81' lang='lat' dir='ltr'><strong>Filium</strong></span> 
     </span>
    </p>
   </div>
   <div class='ocr_carea' id='block_1_29' title="bbox 2234 1718 3786 1788">
    <p class='ocr_par' dir='ltr' id='par_1_29' title="bbox 2234 1718 3786 1788">
     <span class='ocr_line' id='line_1_30' title="bbox 2234 1718 3786 1788; baseline 0 -17"><span class='ocrx_word' id='word_1_176' title='bbox 2234 1718 2318 1771; x_wconf 89' lang='lat' dir='ltr'><strong>sui</strong></span> <span class='ocrx_word' id='word_1_177' title='bbox 2351 1718 2522 1786; x_wconf 87' lang='lat' dir='ltr'><strong>ipsius</strong></span> <span class='ocrx_word' id='word_1_178' title='bbox 2549 1719 2754 1773; x_wconf 68' lang='lat' dir='ltr'><strong>habere</strong></span> <span class='ocrx_word' id='word_1_179' title='bbox 2782 1719 3131 1787; x_wconf 87' lang='lat' dir='ltr'><strong>principium,</strong></span> <span class='ocrx_word' id='word_1_180' title='bbox 3165 1726 3218 1770; x_wconf 89' lang='lat' dir='ltr'><strong>et</strong></span> <span class='ocrx_word' id='word_1_181' title='bbox 3250 1719 3438 1771; x_wconf 89' lang='lat' dir='ltr'><strong>ambos</strong></span> <span class='ocrx_word' id='word_1_182' title='bbox 3465 1734 3630 1772; x_wconf 89' lang='lat' dir='ltr'><strong>unum</strong></span> <span class='ocrx_word' id='word_1_183' title='bbox 3663 1719 3786 1788; x_wconf 86' lang='lat' dir='ltr'><strong>ejus</strong></span> 
     </span>
    </p>
   </div>
   <div class='ocr_carea' id='block_1_30' title="bbox 2234 1808 3786 1878">
    <p class='ocr_par' dir='ltr' id='par_1_30' title="bbox 2234 1808 3786 1878">
     <span class='ocr_line' id='line_1_31' title="bbox 2234 1808 3786 1878; baseline 0.001 -16"><span class='ocrx_word' id='word_1_184' title='bbox 2234 1823 2355 1862; x_wconf 83' lang='lat' dir='ltr'><strong>esse</strong></span> <span class='ocrx_word' id='word_1_185' title='bbox 2389 1811 2738 1876; x_wconf 86' lang='lat' dir='ltr'><strong>principium.</strong></span> <span class='ocrx_word' id='word_1_186' title='bbox 2769 1810 2897 1875; x_wconf 66' lang='lat' dir='ltr'><strong>Quae</strong></span> <span class='ocrx_word' id='word_1_187' title='bbox 2924 1825 3046 1863; x_wconf 88' lang='lat' dir='ltr'><strong>cum</strong></span> <span class='ocrx_word' id='word_1_188' title='bbox 3074 1810 3318 1878; x_wconf 73' lang='lat' dir='ltr'><strong>plurima:</strong></span> <span class='ocrx_word' id='word_1_189' title='bbox 3340 1808 3468 1869; x_wconf 88' lang='lat' dir='ltr'><strong>sint.</strong></span> <span class='ocrx_word' id='word_1_190' title='bbox 3493 1818 3545 1862; x_wconf 88' lang='lat' dir='ltr'><strong>et</strong></span> <span class='ocrx_word' id='word_1_191' title='bbox 3574 1810 3786 1863; x_wconf 85' lang='lat' dir='ltr'><strong>cunctis</strong></span> 
     </span>
    </p>
   </div>
   <div class='ocr_carea' id='block_1_31' title="bbox 2236 1898 3787 1969">
    <p class='ocr_par' dir='ltr' id='par_1_31' title="bbox 2236 1898 3787 1969">
     <span class='ocr_line' id='line_1_32' title="bbox 2236 1898 3787 1969; baseline 0.002 -20"><span class='ocrx_word' id='word_1_192' title='bbox 2236 1913 2425 1950; x_wconf 88' lang='lat' dir='ltr'><strong>eorum</strong></span> <span class='ocrx_word' id='word_1_193' title='bbox 2452 1898 2502 1951; x_wconf 91' lang='lat' dir='ltr'><strong>in</strong></span> <span class='ocrx_word' id='word_1_194' title='bbox 2546 1900 2702 1953; x_wconf 79' lang='lat' dir='ltr'><strong>libris</strong></span> <span class='ocrx_word' id='word_1_195' title='bbox 2744 1914 2943 1967; x_wconf 69' lang='lat' dir='ltr'><strong>sparsae</strong></span> <span class='ocrx_word' id='word_1_196' title='bbox 2974 1914 3175 1969; x_wconf 84' lang='lat' dir='ltr'><strong>paucas</strong></span> <span class='ocrx_word' id='word_1_197' title='bbox 3212 1914 3312 1954; x_wconf 88' lang='lat' dir='ltr'><strong>nos</strong></span> <span class='ocrx_word' id='word_1_198' title='bbox 3347 1899 3445 1953; x_wconf 88' lang='lat' dir='ltr'><strong>tibi</strong></span> <span class='ocrx_word' id='word_1_199' title='bbox 3479 1899 3639 1953; x_wconf 90' lang='lat' dir='ltr'><strong>modo</strong></span> <span class='ocrx_word' id='word_1_200' title='bbox 3664 1899 3787 1952; x_wconf 89' lang='lat' dir='ltr'><strong>mit-</strong></span> 
     </span>
    </p>
   </div>
   <div class='ocr_carea' id='block_1_32' title="bbox 2238 1988 3786 2057">
    <p class='ocr_par' dir='ltr' id='par_1_32' title="bbox 2238 1988 3786 2057">
     <span class='ocr_line' id='line_1_33' title="bbox 2238 1988 3786 2057; baseline 0.002 -16"><span class='ocrx_word' id='word_1_201' title='bbox 2238 1990 2421 2050; x_wconf 86' lang='lat' dir='ltr'><strong>timus,</strong></span> <span class='ocrx_word' id='word_1_202' title='bbox 2447 1988 2643 2057; x_wconf 87' lang='lat' dir='ltr'><strong>quibus</strong></span> <span class='ocrx_word' id='word_1_203' title='bbox 2672 2001 2848 2043; x_wconf 85' lang='lat' dir='ltr'><strong>tanten</strong></span> <span class='ocrx_word' id='word_1_204' title='bbox 2880 1991 3088 2045; x_wconf 88' lang='lat' dir='ltr'><strong>similes</strong></span> <span class='ocrx_word' id='word_1_205' title='bbox 3112 1990 3245 2044; x_wconf 87' lang='lat' dir='ltr'><strong>alias</strong></span> <span class='ocrx_word' id='word_1_206' title='bbox 3264 1989 3424 2044; x_wconf 88' lang='lat' dir='ltr'><strong>etiam</strong></span> <span class='ocrx_word' id='word_1_207' title='bbox 3448 2004 3640 2045; x_wconf 88' lang='lat' dir='ltr'><strong>oumes</strong></span> <span class='ocrx_word' id='word_1_208' title='bbox 3663 2004 3786 2044; x_wconf 86' lang='lat' dir='ltr'><strong>esse</strong></span> 
     </span>
    </p>
   </div>
   <div class='ocr_carea' id='block_1_33' title="bbox 2237 2064 3786 2150">
    <p class='ocr_par' dir='ltr' id='par_1_33' title="bbox 2237 2064 3786 2150">
     <span class='ocr_line' id='line_1_34' title="bbox 2237 2064 3786 2150; baseline 0.003 -19"><span class='ocrx_word' id='word_1_209' title='bbox 2237 2081 2396 2135; x_wconf 83' lang='lat' dir='ltr'><strong>scias.</strong></span> <span class='ocrx_word' id='word_1_210' title='bbox 2450 2079 2652 2135; x_wconf 90' lang='lat' dir='ltr'><strong>Deinde</strong></span> <span class='ocrx_word' id='word_1_211' title='bbox 2706 2081 2993 2150; x_wconf 83' lang='lat' dir='ltr'><strong>quemdam</strong></span> <span class='ocrx_word' id='word_1_212' title='bbox 3036 2066 3285 2135; x_wconf 79' lang='lat' dir='ltr'><strong>nosirum</strong></span> <span class='ocrx_word' id='word_1_213' title='bbox 3322 2064 3649 2142; x_wconf 83' lang='lat' dir='ltr'><strong>sermonem,</strong></span> <span class='ocrx_word' id='word_1_214' title='bbox 3695 2081 3786 2135; x_wconf 93' lang='lat' dir='ltr'><strong>cui</strong></span> 
     </span>
    </p>
   </div>
   <div class='ocr_carea' id='block_1_34' title="bbox 2237 2164 3785 2236">
    <p class='ocr_par' dir='ltr' id='par_1_34' title="bbox 2237 2164 3785 2236">
     <span class='ocr_line' id='line_1_35' title="bbox 2237 2164 3785 2236; baseline -0.001 -12"><span class='ocrx_word' id='word_1_215' title='bbox 2237 2170 2631 2236; x_wconf 79' lang='lat' dir='ltr'><strong>Dogmaticum,</strong></span> <span class='ocrx_word' id='word_1_216' title='bbox 2661 2179 2757 2224; x_wconf 88' lang='lat' dir='ltr'><strong>aut</strong></span> <span class='ocrx_word' id='word_1_217' title='bbox 2801 2170 3113 2225; x_wconf 82' lang='lat' dir='ltr'><strong>De~uuionc</strong></span> <span class='ocrx_word' id='word_1_218' title='bbox 3155 2170 3369 2224; x_wconf 84' lang='lat' dir='ltr'><strong>titulum</strong></span> <span class='ocrx_word' id='word_1_219' title='bbox 3405 2164 3785 2235; x_wconf 79' lang='lat' dir='ltr'><strong>imposuimus,</strong></span> 
     </span>
    </p>
   </div>
   <div class='ocr_carea' id='block_1_35' title="bbox 2240 2260 3791 2329">
    <p class='ocr_par' dir='ltr' id='par_1_35' title="bbox 2240 2260 3791 2329">
     <span class='ocr_line' id='line_1_36' title="bbox 2240 2260 3791 2329; baseline 0 -16"><span class='ocrx_word' id='word_1_220' title='bbox 2240 2260 2336 2314; x_wconf 91' lang='lat' dir='ltr'><strong>tibi</strong></span> <span class='ocrx_word' id='word_1_221' title='bbox 2379 2262 2697 2314; x_wconf 84' lang='lat' dir='ltr'><strong>mittendum</strong></span> <span class='ocrx_word' id='word_1_222' title='bbox 2725 2260 3114 2328; x_wconf 85' lang='lat' dir='ltr'><strong>judicavimus,</strong></span> <span class='ocrx_word' id='word_1_223' title='bbox 3148 2266 3308 2329; x_wconf 85' lang='lat' dir='ltr'><strong>quem</strong></span> <span class='ocrx_word' id='word_1_224' title='bbox 3355 2261 3515 2329; x_wconf 84' lang='lat' dir='ltr'><strong>paulo</strong></span> <span class='ocrx_word' id='word_1_225' title='bbox 3546 2270 3673 2314; x_wconf 88' lang='lat' dir='ltr'><strong>ante</strong></span> <span class='ocrx_word' id='word_1_226' title='bbox 3699 2276 3791 2320; x_wconf 75' lang='lat' dir='ltr'><strong>sa-</strong></span> 
     </span>
    </p>
   </div>
   <div class='ocr_carea' id='block_1_36' title="bbox 2238 2349 3791 2419">
    <p class='ocr_par' dir='ltr' id='par_1_36' title="bbox 2238 2349 3791 2419">
     <span class='ocr_line' id='line_1_37' title="bbox 2238 2349 3791 2419; baseline -0.002 -15"><span class='ocrx_word' id='word_1_227' title='bbox 2238 2366 2384 2405; x_wconf 84' lang='lat' dir='ltr'><strong>cram</strong></span> <span class='ocrx_word' id='word_1_228' title='bbox 2424 2351 2700 2411; x_wconf 85' lang='lat' dir='ltr'><strong>unionem.</strong></span> <span class='ocrx_word' id='word_1_229' title='bbox 2731 2362 2989 2419; x_wconf 87' lang='lat' dir='ltr'><strong>tauquam</strong></span> <span class='ocrx_word' id='word_1_230' title='bbox 3036 2350 3278 2404; x_wconf 89' lang='lat' dir='ltr'><strong>ultimam</strong></span> <span class='ocrx_word' id='word_1_231' title='bbox 3317 2366 3463 2403; x_wconf 70' lang='lat' dir='ltr'><strong>.meae</strong></span> <span class='ocrx_word' id='word_1_232' title='bbox 3512 2349 3791 2418; x_wconf 76' lang='lat' dir='ltr'><strong>opinionis</strong></span> 
     </span>
    </p>
   </div>
   <div class='ocr_carea' id='block_1_37' title="bbox 2240 2442 3790 2510">
    <p class='ocr_par' dir='ltr' id='par_1_37' title="bbox 2240 2442 3790 2510">
     <span class='ocr_line' id='line_1_38' title="bbox 2240 2442 3790 2510; baseline -0.001 -15"><span class='ocrx_word' id='word_1_233' title='bbox 2240 2452 2402 2510; x_wconf 87' lang='lat' dir='ltr'><strong>atque</strong></span> <span class='ocrx_word' id='word_1_234' title='bbox 2436 2443 2719 2497; x_wconf 71' lang='lat' dir='ltr'><strong>sententia:</strong></span> <span class='ocrx_word' id='word_1_235' title='bbox 2742 2443 3165 2509; x_wconf 83' lang='lat' dir='ltr'><strong>declarationem</strong></span> <span class='ocrx_word' id='word_1_236' title='bbox 3196 2442 3489 2504; x_wconf 84' lang='lat' dir='ltr'><strong>edidimus,</strong></span> <span class='ocrx_word' id='word_1_237' title='bbox 3515 2455 3790 2509; x_wconf 83' lang='lat' dir='ltr'><strong>quemque</strong></span> 
     </span>
    </p>
   </div>
   <div class='ocr_carea' id='block_1_38' title="bbox 2244 2531 3790 2599">
    <p class='ocr_par' dir='ltr' id='par_1_38' title="bbox 2244 2531 3790 2599">
     <span class='ocr_line' id='line_1_39' title="bbox 2244 2531 3790 2599; baseline 0 -15"><span class='ocrx_word' id='word_1_238' title='bbox 2244 2533 2533 2587; x_wconf 86' lang='lat' dir='ltr'><strong>mitissimo</strong></span> <span class='ocrx_word' id='word_1_239' title='bbox 2580 2539 2771 2584; x_wconf 88' lang='lat' dir='ltr'><strong>nostro</strong></span> <span class='ocrx_word' id='word_1_240' title='bbox 2814 2531 3151 2597; x_wconf 87' lang='lat' dir='ltr'><strong>imperatori,</strong></span> <span class='ocrx_word' id='word_1_241' title='bbox 3180 2540 3236 2584; x_wconf 91' lang='lat' dir='ltr'><strong>et</strong></span> <span class='ocrx_word' id='word_1_242' title='bbox 3267 2531 3588 2599; x_wconf 71' lang='lat' dir='ltr'><strong>patriarchae</strong></span> <span class='ocrx_word' id='word_1_243' title='bbox 3628 2545 3790 2584; x_wconf 79' lang='lat' dir='ltr'><strong>rere-</strong></span> 
     </span>
    </p>
   </div>
   <div class='ocr_carea' id='block_1_39' title="bbox 2244 2619 3788 2687">
    <p class='ocr_par' dir='ltr' id='par_1_39' title="bbox 2244 2619 3788 2687">
     <span class='ocr_line' id='line_1_40' title="bbox 2244 2619 3788 2687; baseline -0.001 -15"><span class='ocrx_word' id='word_1_244' title='bbox 2244 2622 2575 2673; x_wconf 81' lang='lat' dir='ltr'><strong>rendissimo</strong></span> <span class='ocrx_word' id='word_1_245' title='bbox 2597 2619 2852 2673; x_wconf 89' lang='lat' dir='ltr'><strong>omnibus</strong></span> <span class='ocrx_word' id='word_1_246' title='bbox 2878 2620 3082 2672; x_wconf 86' lang='lat' dir='ltr'><strong>nostris</strong></span> <span class='ocrx_word' id='word_1_247' title='bbox 3106 2621 3462 2686; x_wconf 69' lang='lat' dir='ltr'><strong>praesentibus</strong></span> <span class='ocrx_word' id='word_1_248' title='bbox 3492 2619 3788 2687; x_wconf 67' lang='lat' dir='ltr'><strong>legendum</strong></span> 
     </span>
    </p>
   </div>
   <div class='ocr_carea' id='block_1_40' title="bbox 2244 2706 3792 2773">
    <p class='ocr_par' dir='ltr' id='par_1_40' title="bbox 2244 2706 3792 2773">
     <span class='ocr_line' id='line_1_41' title="bbox 2244 2706 3792 2773; baseline -0.003 -10"><span class='ocrx_word' id='word_1_249' title='bbox 2244 2709 2395 2773; x_wconf 87' lang='lat' dir='ltr'><strong>dedi,</strong></span> <span class='ocrx_word' id='word_1_250' title='bbox 2454 2724 2579 2761; x_wconf 89' lang='lat' dir='ltr'><strong>cum</strong></span> <span class='ocrx_word' id='word_1_251' title='bbox 2631 2709 2771 2761; x_wconf 87' lang='lat' dir='ltr'><strong>inter</strong></span> <span class='ocrx_word' id='word_1_252' title='bbox 2824 2723 2922 2762; x_wconf 89' lang='lat' dir='ltr'><strong>nos</strong></span> <span class='ocrx_word' id='word_1_253' title='bbox 2986 2708 3273 2761; x_wconf 83' lang='lat' dir='ltr'><strong>ultintatim</strong></span> <span class='ocrx_word' id='word_1_254' title='bbox 3318 2706 3792 2760; x_wconf 81' lang='lat' dir='ltr'><strong>consideraremus</strong></span> 
     </span>
    </p>
   </div>
   <div class='ocr_carea' id='block_1_41' title="bbox 2247 2795 3792 2868">
    <p class='ocr_par' dir='ltr' id='par_1_41' title="bbox 2247 2795 3792 2868">
     <span class='ocr_line' id='line_1_42' title="bbox 2247 2795 3792 2868; baseline -0.002 -16"><span class='ocrx_word' id='word_1_255' title='bbox 2247 2799 2379 2868; x_wconf 89' lang='lat' dir='ltr'><strong>quid</strong></span> <span class='ocrx_word' id='word_1_256' title='bbox 2410 2798 2721 2852; x_wconf 80' lang='lat' dir='ltr'><strong>faciendum</strong></span> <span class='ocrx_word' id='word_1_257' title='bbox 2758 2804 2923 2862; x_wconf 82' lang='lat' dir='ltr'><strong>esset,</strong></span> <span class='ocrx_word' id='word_1_258' title='bbox 2951 2807 3007 2850; x_wconf 89' lang='lat' dir='ltr'><strong>et</strong></span> <span class='ocrx_word' id='word_1_259' title='bbox 3047 2797 3352 2851; x_wconf 85' lang='lat' dir='ltr'><strong>sententias</strong></span> <span class='ocrx_word' id='word_1_260' title='bbox 3375 2798 3601 2852; x_wconf 87' lang='lat' dir='ltr'><strong>aliorum</strong></span> <span class='ocrx_word' id='word_1_261' title='bbox 3628 2795 3695 2849; x_wconf 87' lang='lat' dir='ltr'><strong>de</strong></span> <span class='ocrx_word' id='word_1_262' title='bbox 3726 2812 3792 2849; x_wconf 81' lang='lat' dir='ltr'><strong>re</strong></span> 
     </span>
    </p>
   </div>
   <div class='ocr_carea' id='block_1_42' title="bbox 2247 2886 3793 2956">
    <p class='ocr_par' dir='ltr' id='par_1_42' title="bbox 2247 2886 3793 2956">
     <span class='ocr_line' id='line_1_43' title="bbox 2247 2886 3793 2956; baseline -0.001 -15"><span class='ocrx_word' id='word_1_263' title='bbox 2247 2889 2465 2942; x_wconf 86' lang='lat' dir='ltr'><strong>unionis</strong></span> <span class='ocrx_word' id='word_1_264' title='bbox 2495 2899 2890 2943; x_wconf 71' lang='lat' dir='ltr'><strong>sc‘rutaremur.</strong></span> <span class='ocrx_word' id='word_1_265' title='bbox 2921 2887 2977 2940; x_wconf 90' lang='lat' dir='ltr'><strong>In</strong></span> <span class='ocrx_word' id='word_1_266' title='bbox 3012 2903 3120 2955; x_wconf 87' lang='lat' dir='ltr'><strong>quo</strong></span> <span class='ocrx_word' id='word_1_267' title='bbox 3148 2903 3213 2939; x_wconf 82' lang='lat' dir='ltr'><strong>ex</strong></span> <span class='ocrx_word' id='word_1_268' title='bbox 3251 2886 3498 2956; x_wconf 81' lang='lat' dir='ltr'><strong>ipsisntet</strong></span> <span class='ocrx_word' id='word_1_269' title='bbox 3537 2886 3793 2941; x_wconf 83' lang='lat' dir='ltr'><strong>Orienta-</strong></span> 
     </span>
    </p>
   </div>
   <div class='ocr_carea' id='block_1_43' title="bbox 608 2956 3795 3048">
    <p class='ocr_par' dir='ltr' id='par_1_43' title="bbox 608 2956 3795 3048">
     <span class='ocr_line' id='line_1_44' title="bbox 608 2956 3795 3048; baseline -0.001 -15"><span class='ocrx_word' id='word_1_270' title='bbox 608 2956 966 3048; x_wconf 74' lang='lat' dir='ltr'><strong>petistsam</strong></span> <span class='ocrx_word' id='word_1_271' title='bbox 1003 2981 1130 3032; x_wconf 87' lang='lat' dir='ltr'><strong>item</strong></span> <span class='ocrx_word' id='word_1_272' title='bbox 1168 2978 1547 3032; x_wconf 85' lang='lat' dir='ltr'><strong>auctoritatem</strong></span> <span class='ocrx_word' id='word_1_273' title='bbox 1587 2975 1728 3028; x_wconf 76' lang='lat' dir='ltr'><strong>sacri</strong></span> <span class='ocrx_word' id='word_1_274' title='bbox 1755 2973 1969 3027; x_wconf 87' lang='lat' dir='ltr'><strong>concilii</strong></span> <span class='ocrx_word' id='word_1_275' title='bbox 2015 2974 2148 3025; x_wconf 82' lang='lat' dir='ltr'><strong>sitn—</strong></span> <span class='ocrx_word' id='word_1_276' title='bbox 2180 2956 2219 3009; x_wconf 69' lang='grc' dir='ltr'><strong><em>Β</em></strong></span> <span class='ocrx_word' id='word_1_277' title='bbox 2249 2980 2394 3033; x_wconf 86' lang='lat' dir='ltr'><strong>libus</strong></span> <span class='ocrx_word' id='word_1_278' title='bbox 2423 2980 2699 3039; x_wconf 87' lang='lat' dir='ltr'><strong>Patribus,</strong></span> <span class='ocrx_word' id='word_1_279' title='bbox 2735 2987 2790 3032; x_wconf 86' lang='lat' dir='ltr'><strong>et</strong></span> <span class='ocrx_word' id='word_1_280' title='bbox 2833 2978 3148 3033; x_wconf 84' lang='lat' dir='ltr'><strong>doctoribus</strong></span> <span class='ocrx_word' id='word_1_281' title='bbox 3189 2977 3647 3031; x_wconf 15' lang='lat' dir='ltr'><strong>nostris‘ou’tissis</strong></span> <span class='ocrx_word' id='word_1_282' title='bbox 3671 2990 3795 3035; x_wconf 82' lang='lat' dir='ltr'><strong>om-</strong></span> 
     </span>
    </p>
   </div>
   <div class='ocr_carea' id='block_1_44' title="bbox 609 3063 2148 3136">
    <p class='ocr_par' dir='ltr' id='par_1_44' title="bbox 609 3063 2148 3136">
     <span class='ocr_line' id='line_1_45' title="bbox 609 3063 2148 3136; baseline -0.005 -15"><span class='ocrx_word' id='word_1_283' title='bbox 609 3070 823 3136; x_wconf 87' lang='lat' dir='ltr'><strong>pliciter</strong></span> <span class='ocrx_word' id='word_1_284' title='bbox 874 3068 1007 3120; x_wconf 83' lang='lat' dir='ltr'><strong>satis</strong></span> <span class='ocrx_word' id='word_1_285' title='bbox 1044 3081 1161 3121; x_wconf 82' lang='lat' dir='ltr'><strong>esse</strong></span> <span class='ocrx_word' id='word_1_286' title='bbox 1205 3075 1335 3133; x_wconf 90' lang='lat' dir='ltr'><strong>puto</strong></span> <span class='ocrx_word' id='word_1_287' title='bbox 1362 3064 1427 3117; x_wconf 60' lang='grc' dir='ltr'><strong>εει</strong></span> <span class='ocrx_word' id='word_1_288' title='bbox 1480 3063 1913 3132; x_wconf 86' lang='lat' dir='ltr'><strong>persuadendum</strong></span> <span class='ocrx_word' id='word_1_289' title='bbox 1956 3077 2148 3131; x_wconf 90' lang='lat' dir='ltr'><strong>quem-</strong></span> 
     </span>
    </p>
   </div>
   <div class='ocr_carea' id='block_1_45' title="bbox 608 3144 2148 3227">
    <p class='ocr_par' dir='ltr' id='par_1_45' title="bbox 608 3144 2148 3227">
     <span class='ocr_line' id='line_1_46' title="bbox 608 3144 2148 3227; baseline -0.002 -16"><span class='ocrx_word' id='word_1_290' title='bbox 608 3176 791 3226; x_wconf 83' lang='lat' dir='ltr'><strong>quam,</strong></span> <span class='ocrx_word' id='word_1_291' title='bbox 823 3170 876 3212; x_wconf 79' lang='lat' dir='ltr'><strong>et</strong></span> <span class='ocrx_word' id='word_1_292' title='bbox 900 3158 1262 3211; x_wconf 89' lang='lat' dir='ltr'><strong>inducendum</strong></span> <span class='ocrx_word' id='word_1_293' title='bbox 1278 3144 1358 3210; x_wconf 57' lang='grc' dir='ltr'><strong>ὧι]</strong></span> <span class='ocrx_word' id='word_1_294' title='bbox 1383 3157 1502 3227; x_wconf 81' lang='lat' dir='ltr'><strong>ejus</strong></span> <span class='ocrx_word' id='word_1_295' title='bbox 1521 3154 1924 3210; x_wconf 70' lang='lat' dir='ltr'><strong>conclusionem</strong></span> <span class='ocrx_word' id='word_1_296' title='bbox 1956 3154 2148 3209; x_wconf 85' lang='lat' dir='ltr'><strong>humili</strong></span> 
     </span>
    </p>
   </div>
   <div class='ocr_carea' id='block_1_46' title="bbox 606 3234 2149 3317">
    <p class='ocr_par' dir='ltr' id='par_1_46' title="bbox 606 3234 2149 3317">
     <span class='ocr_line' id='line_1_47' title="bbox 606 3234 2149 3317; baseline -0.005 -13"><span class='ocrx_word' id='word_1_297' title='bbox 606 3234 1217 3314; x_wconf 35' lang='lat' dir='ltr'><strong>t:0t&#39;dc&#39;capessendam,</strong></span> <span class='ocrx_word' id='word_1_298' title='bbox 1259 3258 1422 3317; x_wconf 84' lang='lat' dir='ltr'><strong>atque</strong></span> <span class='ocrx_word' id='word_1_299' title='bbox 1476 3247 1800 3302; x_wconf 86' lang='lat' dir='ltr'><strong>credendam</strong></span> <span class='ocrx_word' id='word_1_300' title='bbox 1857 3245 1974 3300; x_wconf 81' lang='lat' dir='ltr'><strong>sine</strong></span> <span class='ocrx_word' id='word_1_301' title='bbox 2015 3259 2149 3315; x_wconf 83' lang='lat' dir='ltr'><strong>qua-</strong></span> 
     </span>
    </p>
   </div>
   <div class='ocr_carea' id='block_1_47' title="bbox 603 3336 2150 3415">
    <p class='ocr_par' dir='ltr' id='par_1_47' title="bbox 603 3336 2150 3415">
     <span class='ocr_line' id='line_1_48' title="bbox 603 3336 2150 3415; baseline -0.006 -18"><span class='ocrx_word' id='word_1_302' title='bbox 603 3359 819 3411; x_wconf 91' lang='lat' dir='ltr'><strong>cunque</strong></span> <span class='ocrx_word' id='word_1_303' title='bbox 862 3342 1290 3397; x_wconf 87' lang='lat' dir='ltr'><strong>contradictione</strong></span> <span class='ocrx_word' id='word_1_304' title='bbox 1339 3344 1425 3415; x_wconf 63' lang='lat' dir='ltr'><strong>vel~</strong></span> <span class='ocrx_word' id='word_1_305' title='bbox 1485 3339 1859 3409; x_wconf 77' lang='lat' dir='ltr'><strong>ambiguitate.</strong></span> <span class='ocrx_word' id='word_1_306' title='bbox 1888 3336 2024 3393; x_wconf 89' lang='lat' dir='ltr'><strong>Cum</strong></span> <span class='ocrx_word' id='word_1_307' title='bbox 2072 3344 2150 3389; x_wconf 87' lang='lat' dir='ltr'><strong>tot</strong></span> 
     </span>
    </p>
   </div>
   <div class='ocr_carea' id='block_1_48' title="bbox 608 3429 2149 3499">
    <p class='ocr_par' dir='ltr' id='par_1_48' title="bbox 608 3429 2149 3499">
     <span class='ocr_line' id='line_1_49' title="bbox 608 3429 2149 3499; baseline -0.004 -13"><span class='ocrx_word' id='word_1_308' title='bbox 608 3434 885 3487; x_wconf 79' lang='lat' dir='ltr'><strong>hominum</strong></span> <span class='ocrx_word' id='word_1_309' title='bbox 960 3444 1311 3493; x_wconf 84' lang='lat' dir='ltr'><strong>conventum,</strong></span> <span class='ocrx_word' id='word_1_310' title='bbox 1366 3430 1459 3499; x_wconf 87' lang='lat' dir='ltr'><strong>qui</strong></span> <span class='ocrx_word' id='word_1_311' title='bbox 1504 3430 1791 3499; x_wconf 88' lang='lat' dir='ltr'><strong>sapientia,</strong></span> <span class='ocrx_word' id='word_1_312' title='bbox 1826 3429 2052 3483; x_wconf 86' lang='lat' dir='ltr'><strong>scientia</strong></span> <span class='ocrx_word' id='word_1_313' title='bbox 2096 3436 2149 3480; x_wconf 87' lang='lat' dir='ltr'><strong>et</strong></span> 
     </span>
    </p>
   </div>
   <div class='ocr_carea' id='block_1_49' title="bbox 607 3519 2152 3591">
    <p class='ocr_par' dir='ltr' id='par_1_49' title="bbox 607 3519 2152 3591">
     <span class='ocr_line' id='line_1_50' title="bbox 607 3519 2152 3591; baseline -0.003 -14"><span class='ocrx_word' id='word_1_314' title='bbox 607 3525 755 3577; x_wconf 84' lang='lat' dir='ltr'><strong>omni</strong></span> <span class='ocrx_word' id='word_1_315' title='bbox 792 3524 990 3576; x_wconf 83' lang='lat' dir='ltr'><strong>virtute</strong></span> <span class='ocrx_word' id='word_1_316' title='bbox 1018 3521 1491 3591; x_wconf 73' lang='lat' dir='ltr'><strong>pt&#39;aeditil&#39;uerunt,</strong></span> <span class='ocrx_word' id='word_1_317' title='bbox 1517 3537 1748 3589; x_wconf 92' lang='lat' dir='ltr'><strong>quorum</strong></span> <span class='ocrx_word' id='word_1_318' title='bbox 1779 3519 1833 3573; x_wconf 92' lang='lat' dir='ltr'><strong>iu</strong></span> <span class='ocrx_word' id='word_1_319' title='bbox 1860 3520 2037 3573; x_wconf 89' lang='lat' dir='ltr'><strong>medio</strong></span> <span class='ocrx_word' id='word_1_320' title='bbox 2057 3520 2152 3573; x_wconf 73' lang='lat' dir='ltr'><strong>ad-</strong></span> 
     </span>
    </p>
   </div>
   <div class='ocr_carea' id='block_1_50' title="bbox 612 3612 2146 3682">
    <p class='ocr_par' dir='ltr' id='par_1_50' title="bbox 612 3612 2146 3682">
     <span class='ocr_line' id='line_1_51' title="bbox 612 3612 2146 3682; baseline -0.001 -17"><span class='ocrx_word' id='word_1_321' title='bbox 612 3612 777 3672; x_wconf 70' lang='lat' dir='ltr'><strong>fuisse</strong></span> <span class='ocrx_word' id='word_1_322' title='bbox 801 3614 1064 3682; x_wconf 84' lang='lat' dir='ltr'><strong>Spiritum</strong></span> <span class='ocrx_word' id='word_1_323' title='bbox 1100 3618 1347 3667; x_wconf 87' lang='lat' dir='ltr'><strong>sanctum</strong></span> <span class='ocrx_word' id='word_1_324' title='bbox 1391 3622 1449 3665; x_wconf 88' lang='lat' dir='ltr'><strong>ut</strong></span> <span class='ocrx_word' id='word_1_325' title='bbox 1480 3613 1770 3665; x_wconf 86' lang='lat' dir='ltr'><strong>credamus</strong></span> <span class='ocrx_word' id='word_1_326' title='bbox 1795 3625 2017 3663; x_wconf 87' lang='lat' dir='ltr'><strong>necesse</strong></span> <span class='ocrx_word' id='word_1_327' title='bbox 2044 3622 2146 3674; x_wconf 88' lang='lat' dir='ltr'><strong>est,</strong></span> 
     </span>
    </p>
   </div>
   <div class='ocr_carea' id='block_1_51' title="bbox 608 3698 2149 3760">
    <p class='ocr_par' dir='ltr' id='par_1_51' title="bbox 608 3698 2149 3760">
     <span class='ocr_line' id='line_1_52' title="bbox 608 3698 2149 3760; baseline -0.003 -6"><span class='ocrx_word' id='word_1_328' title='bbox 608 3705 887 3760; x_wconf 76' lang='lat' dir='ltr'><strong>veritatem</strong></span> <span class='ocrx_word' id='word_1_329' title='bbox 912 3704 1141 3755; x_wconf 86' lang='lat' dir='ltr'><strong>latuisse</strong></span> <span class='ocrx_word' id='word_1_330' title='bbox 1172 3701 1393 3753; x_wconf 85' lang='lat' dir='ltr'><strong>mittimc</strong></span> <span class='ocrx_word' id='word_1_331' title='bbox 1418 3701 1751 3754; x_wconf 86' lang='lat' dir='ltr'><strong>credendum</strong></span> <span class='ocrx_word' id='word_1_332' title='bbox 1769 3700 1858 3753; x_wconf 87' lang='lat' dir='ltr'><strong>sit.</strong></span> <span class='ocrx_word' id='word_1_333' title='bbox 1884 3698 2149 3752; x_wconf 66' lang='lat' dir='ltr'><strong>Praelerea</strong></span> 
     </span>
    </p>
   </div>
   <div class='ocr_carea' id='block_1_52' title="bbox 612 3790 2153 3861">
    <p class='ocr_par' dir='ltr' id='par_1_52' title="bbox 612 3790 2153 3861">
     <span class='ocr_line' id='line_1_53' title="bbox 612 3790 2153 3861; baseline -0.003 -16"><span class='ocrx_word' id='word_1_334' title='bbox 612 3795 827 3847; x_wconf 88' lang='lat' dir='ltr'><strong>memini</strong></span> <span class='ocrx_word' id='word_1_335' title='bbox 854 3796 1066 3861; x_wconf 73' lang='lat' dir='ltr'><strong>luttgattt</strong></span> <span class='ocrx_word' id='word_1_336' title='bbox 1100 3793 1166 3845; x_wconf 89' lang='lat' dir='ltr'><strong>ad</strong></span> <span class='ocrx_word' id='word_1_337' title='bbox 1198 3804 1247 3844; x_wconf 91' lang='lat' dir='ltr'><strong>te</strong></span> <span class='ocrx_word' id='word_1_338' title='bbox 1281 3792 1415 3843; x_wconf 86' lang='lat' dir='ltr'><strong>alias</strong></span> <span class='ocrx_word' id='word_1_339' title='bbox 1440 3790 1656 3843; x_wconf 86' lang='lat' dir='ltr'><strong>dedisse</strong></span> <span class='ocrx_word' id='word_1_340' title='bbox 1684 3790 2003 3857; x_wconf 70' lang='lat' dir='ltr'><strong>Epistolam.</strong></span> <span class='ocrx_word' id='word_1_341' title='bbox 2035 3804 2153 3843; x_wconf 85' lang='lat' dir='ltr'><strong>om-</strong></span> 
     </span>
    </p>
   </div>
   <div class='ocr_carea' id='block_1_53' title="bbox 619 3880 2149 3951">
    <p class='ocr_par' dir='ltr' id='par_1_53' title="bbox 619 3880 2149 3951">
     <span class='ocr_line' id='line_1_54' title="bbox 619 3880 2149 3951; baseline -0.001 -16"><span class='ocrx_word' id='word_1_342' title='bbox 619 3888 813 3951; x_wconf 82' lang='lat' dir='ltr'><strong>niaque</strong></span> <span class='ocrx_word' id='word_1_343' title='bbox 844 3886 977 3936; x_wconf 79' lang='lat' dir='ltr'><strong>satis</strong></span> <span class='ocrx_word' id='word_1_344' title='bbox 1018 3882 1258 3949; x_wconf 77' lang='lat' dir='ltr'><strong>tetigisse</strong></span> <span class='ocrx_word' id='word_1_345' title='bbox 1292 3897 1412 3947; x_wconf 72' lang='lat' dir='ltr'><strong>quae</strong></span> <span class='ocrx_word' id='word_1_346' title='bbox 1466 3895 1609 3932; x_wconf 88' lang='lat' dir='ltr'><strong>nunc</strong></span> <span class='ocrx_word' id='word_1_347' title='bbox 1639 3880 1859 3947; x_wconf 69' lang='lat' dir='ltr'><strong>quieris,</strong></span> <span class='ocrx_word' id='word_1_348' title='bbox 1896 3892 1951 3934; x_wconf 89' lang='lat' dir='ltr'><strong>et</strong></span> <span class='ocrx_word' id='word_1_349' title='bbox 1980 3883 2149 3949; x_wconf 81' lang='lat' dir='ltr'><strong>ipsam</strong></span> 
     </span>
    </p>
   </div>
   <div class='ocr_carea' id='block_1_54' title="bbox 615 3971 2151 4039">
    <p class='ocr_par' dir='ltr' id='par_1_54' title="bbox 615 3971 2151 4039">
     <span class='ocr_line' id='line_1_55' title="bbox 615 3971 2151 4039; baseline 0.001 -15"><span class='ocrx_word' id='word_1_350' title='bbox 615 3976 814 4025; x_wconf 67' lang='lat' dir='ltr'><strong>ett-nim</strong></span> <span class='ocrx_word' id='word_1_351' title='bbox 863 3972 1213 4038; x_wconf 71' lang='lat' dir='ltr'><strong>quastionem</strong></span> <span class='ocrx_word' id='word_1_352' title='bbox 1253 3985 1349 4036; x_wconf 91' lang='lat' dir='ltr'><strong>per</strong></span> <span class='ocrx_word' id='word_1_353' title='bbox 1386 3985 1442 4023; x_wconf 90' lang='lat' dir='ltr'><strong>se</strong></span> <span class='ocrx_word' id='word_1_354' title='bbox 1475 3972 1641 4039; x_wconf 85' lang='lat' dir='ltr'><strong>ipsam</strong></span> <span class='ocrx_word' id='word_1_355' title='bbox 1693 3971 1956 4039; x_wconf 88' lang='lat' dir='ltr'><strong>probavi,</strong></span> <span class='ocrx_word' id='word_1_356' title='bbox 2006 3972 2151 4039; x_wconf 92' lang='lat' dir='ltr'><strong>quod</strong></span> 
     </span>
    </p>
   </div>
   <div class='ocr_carea' id='block_1_55' title="bbox 618 4061 2149 4133">
    <p class='ocr_par' dir='ltr' id='par_1_55' title="bbox 618 4061 2149 4133">
     <span class='ocr_line' id='line_1_56' title="bbox 618 4061 2149 4133; baseline 0.001 -19"><span class='ocrx_word' id='word_1_357' title='bbox 618 4064 823 4115; x_wconf 77' lang='lat' dir='ltr'><strong>scilicet</strong></span> <span class='ocrx_word' id='word_1_358' title='bbox 852 4062 1088 4128; x_wconf 82' lang='lat' dir='ltr'><strong>Spititus</strong></span> <span class='ocrx_word' id='word_1_359' title='bbox 1121 4070 1337 4112; x_wconf 90' lang='lat' dir='ltr'><strong>sanctus</strong></span> <span class='ocrx_word' id='word_1_360' title='bbox 1362 4077 1388 4113; x_wconf 89' lang='lat' dir='ltr'><strong>a</strong></span> <span class='ocrx_word' id='word_1_361' title='bbox 1426 4061 1582 4116; x_wconf 85' lang='lat' dir='ltr'><strong>Patre</strong></span> <span class='ocrx_word' id='word_1_362' title='bbox 1614 4061 1856 4132; x_wconf 82' lang='lat' dir='ltr'><strong>Filioque</strong></span> <span class='ocrx_word' id='word_1_363' title='bbox 1885 4064 2149 4133; x_wconf 84' lang='lat' dir='ltr'><strong>procedit,</strong></span> 
     </span>
    </p>
   </div>
   <div class='ocr_carea' id='block_1_56' title="bbox 622 4150 2152 4226">
    <p class='ocr_par' dir='ltr' id='par_1_56' title="bbox 622 4150 2152 4226">
     <span class='ocr_line' id='line_1_57' title="bbox 622 4150 2152 4226; baseline 0.002 -21"><span class='ocrx_word' id='word_1_364' title='bbox 622 4165 678 4221; x_wconf 80' lang='lat' dir='ltr'><strong>et</strong></span> <span class='ocrx_word' id='word_1_365' title='bbox 716 4168 832 4218; x_wconf 77' lang='lat' dir='ltr'><strong>qua:</strong></span> <span class='ocrx_word' id='word_1_366' title='bbox 867 4150 1187 4217; x_wconf 78' lang='lat' dir='ltr'><strong>videbantur</strong></span> <span class='ocrx_word' id='word_1_367' title='bbox 1229 4152 1380 4218; x_wconf 83' lang='lat' dir='ltr'><strong>sequi</strong></span> <span class='ocrx_word' id='word_1_368' title='bbox 1425 4152 1853 4226; x_wconf 75' lang='lat' dir='ltr'><strong>inconvenientia</strong></span> <span class='ocrx_word' id='word_1_369' title='bbox 1894 4154 2051 4218; x_wconf 78' lang='lat' dir='ltr'><strong>solvi,</strong></span> <span class='ocrx_word' id='word_1_370' title='bbox 2096 4164 2152 4208; x_wconf 87' lang='lat' dir='ltr'><strong>et</strong></span> 
     </span>
    </p>
   </div>
   <div class='ocr_carea' id='block_1_57' title="bbox 2246 3068 3799 3138">
    <p class='ocr_par' dir='ltr' id='par_1_57' title="bbox 2246 3068 3799 3138">
     <span class='ocr_line' id='line_1_58' title="bbox 2246 3068 3799 3138; baseline -0.002 -15"><span class='ocrx_word' id='word_1_371' title='bbox 2246 3070 2379 3124; x_wconf 89' lang='lat' dir='ltr'><strong>nino</strong></span> <span class='ocrx_word' id='word_1_372' title='bbox 2409 3068 2853 3125; x_wconf 85' lang='lat' dir='ltr'><strong>Occidentalibus</strong></span> <span class='ocrx_word' id='word_1_373' title='bbox 2882 3084 2981 3138; x_wconf 90' lang='lat' dir='ltr'><strong>pro</strong></span> <span class='ocrx_word' id='word_1_374' title='bbox 3010 3084 3169 3138; x_wconf 88' lang='lat' dir='ltr'><strong>posse</strong></span> <span class='ocrx_word' id='word_1_375' title='bbox 3207 3070 3557 3137; x_wconf 66' lang='lat' dir='ltr'><strong>quaestiunetn</strong></span> <span class='ocrx_word' id='word_1_376' title='bbox 3591 3082 3799 3135; x_wconf 77' lang='lat' dir='ltr'><strong>propo-</strong></span> 
     </span>
    </p>
   </div>
   <div class='ocr_carea' id='block_1_58' title="bbox 2246 3158 3793 3229">
    <p class='ocr_par' dir='ltr' id='par_1_58' title="bbox 2246 3158 3793 3229">
     <span class='ocr_line' id='line_1_59' title="bbox 2246 3158 3793 3229; baseline -0.002 -14"><span class='ocrx_word' id='word_1_377' title='bbox 2246 3162 2403 3215; x_wconf 89' lang='lat' dir='ltr'><strong>sitam</strong></span> <span class='ocrx_word' id='word_1_378' title='bbox 2441 3159 2713 3216; x_wconf 86' lang='lat' dir='ltr'><strong>deelaravi</strong></span> <span class='ocrx_word' id='word_1_379' title='bbox 2768 3170 2931 3229; x_wconf 89' lang='lat' dir='ltr'><strong>atque</strong></span> <span class='ocrx_word' id='word_1_380' title='bbox 2962 3158 3203 3229; x_wconf 85' lang='lat' dir='ltr'><strong>probavi,</strong></span> <span class='ocrx_word' id='word_1_381' title='bbox 3236 3174 3396 3225; x_wconf 91' lang='lat' dir='ltr'><strong>quem</strong></span> <span class='ocrx_word' id='word_1_382' title='bbox 3428 3168 3705 3226; x_wconf 88' lang='lat' dir='ltr'><strong>tanquam,</strong></span> <span class='ocrx_word' id='word_1_383' title='bbox 3733 3165 3793 3212; x_wconf 82' lang='lat' dir='ltr'><strong>et</strong></span> 
     </span>
    </p>
   </div>
   <div class='ocr_carea' id='block_1_59' title="bbox 2249 3249 3793 3319">
    <p class='ocr_par' dir='ltr' id='par_1_59' title="bbox 2249 3249 3793 3319">
     <span class='ocr_line' id='line_1_60' title="bbox 2249 3249 3793 3319; baseline -0.001 -15"><span class='ocrx_word' id='word_1_384' title='bbox 2249 3249 2346 3304; x_wconf 90' lang='lat' dir='ltr'><strong>tibi</strong></span> <span class='ocrx_word' id='word_1_385' title='bbox 2378 3251 2745 3319; x_wconf 83' lang='lat' dir='ltr'><strong>potissimum,</strong></span> <span class='ocrx_word' id='word_1_386' title='bbox 2780 3262 2833 3304; x_wconf 88' lang='lat' dir='ltr'><strong>et</strong></span> <span class='ocrx_word' id='word_1_387' title='bbox 2860 3250 2902 3303; x_wconf 90' lang='lat' dir='ltr'><strong>si</strong></span> <span class='ocrx_word' id='word_1_388' title='bbox 2936 3252 3059 3319; x_wconf 89' lang='lat' dir='ltr'><strong>quis</strong></span> <span class='ocrx_word' id='word_1_389' title='bbox 3106 3249 3246 3302; x_wconf 83' lang='lat' dir='ltr'><strong>aliis</strong></span> <span class='ocrx_word' id='word_1_390' title='bbox 3287 3249 3406 3302; x_wconf 89' lang='lat' dir='ltr'><strong>sine</strong></span> <span class='ocrx_word' id='word_1_391' title='bbox 3442 3250 3793 3303; x_wconf 75' lang='lat' dir='ltr'><strong>contentione</strong></span> 
     </span>
    </p>
   </div>
   <div class='ocr_carea' id='block_1_60' title="bbox 2244 3338 3794 3409">
    <p class='ocr_par' dir='ltr' id='par_1_60' title="bbox 2244 3338 3794 3409">
     <span class='ocr_line' id='line_1_61' title="bbox 2244 3338 3794 3409; baseline -0.002 -15"><span class='ocrx_word' id='word_1_392' title='bbox 2244 3342 2439 3397; x_wconf 85' lang='lat' dir='ltr'><strong>audiet‘</strong></span> <span class='ocrx_word' id='word_1_393' title='bbox 2460 3350 2516 3395; x_wconf 88' lang='lat' dir='ltr'><strong>et</strong></span> <span class='ocrx_word' id='word_1_394' title='bbox 2545 3342 2804 3409; x_wconf 73' lang='lat' dir='ltr'><strong>perleget,</strong></span> <span class='ocrx_word' id='word_1_395' title='bbox 2834 3341 3063 3396; x_wconf 80' lang='lat' dir='ltr'><strong>maxime</strong></span> <span class='ocrx_word' id='word_1_396' title='bbox 3110 3341 3453 3409; x_wconf 77' lang='lat' dir='ltr'><strong>profuturum</strong></span> <span class='ocrx_word' id='word_1_397' title='bbox 3482 3349 3584 3393; x_wconf 66' lang='lat' dir='ltr'><strong>tua:</strong></span> <span class='ocrx_word' id='word_1_398' title='bbox 3628 3338 3794 3392; x_wconf 80' lang='lat' dir='ltr'><strong>nobi-</strong></span> 
     </span>
    </p>
   </div>
   <div class='ocr_carea' id='block_1_61' title="bbox 2245 3430 3789 3501">
    <p class='ocr_par' dir='ltr' id='par_1_61' title="bbox 2245 3430 3789 3501">
     <span class='ocr_line' id='line_1_62' title="bbox 2245 3430 3789 3501; baseline -0.001 -15"><span class='ocrx_word' id='word_1_399' title='bbox 2245 3432 2379 3486; x_wconf 85' lang='lat' dir='ltr'><strong>litati</strong></span> <span class='ocrx_word' id='word_1_400' title='bbox 2427 3432 2605 3493; x_wconf 86' lang='lat' dir='ltr'><strong>mitto,</strong></span> <span class='ocrx_word' id='word_1_401' title='bbox 2638 3432 3061 3487; x_wconf 88' lang='lat' dir='ltr'><strong>clementissime</strong></span> <span class='ocrx_word' id='word_1_402' title='bbox 3108 3447 3169 3486; x_wconf 85' lang='lat' dir='ltr'><strong>ac</strong></span> <span class='ocrx_word' id='word_1_403' title='bbox 3198 3430 3642 3501; x_wconf 75' lang='lat' dir='ltr'><strong>splendidissime</strong></span> <span class='ocrx_word' id='word_1_404' title='bbox 3679 3430 3789 3485; x_wconf 75' lang='lat' dir='ltr'><strong>vir.</strong></span> 
     </span>
    </p>
   </div>
   <div class='ocr_carea' id='block_1_62' title="bbox 2244 3521 3789 3589">
    <p class='ocr_par' dir='ltr' id='par_1_62' title="bbox 2244 3521 3789 3589">
     <span class='ocr_line' id='line_1_63' title="bbox 2244 3521 3789 3589; baseline -0.001 -12"><span class='ocrx_word' id='word_1_405' title='bbox 2244 3523 2378 3577; x_wconf 85' lang='lat' dir='ltr'><strong>Cum</strong></span> <span class='ocrx_word' id='word_1_406' title='bbox 2409 3537 2539 3576; x_wconf 80' lang='lat' dir='ltr'><strong>vero</strong></span> <span class='ocrx_word' id='word_1_407' title='bbox 2560 3522 2614 3575; x_wconf 91' lang='lat' dir='ltr'><strong>in</strong></span> <span class='ocrx_word' id='word_1_408' title='bbox 2653 3521 2719 3577; x_wconf 89' lang='lat' dir='ltr'><strong>iis</strong></span> <span class='ocrx_word' id='word_1_409' title='bbox 2747 3523 2881 3577; x_wconf 88' lang='lat' dir='ltr'><strong>nihil</strong></span> <span class='ocrx_word' id='word_1_410' title='bbox 2904 3522 3109 3577; x_wconf 87' lang='lat' dir='ltr'><strong>laboris</strong></span> <span class='ocrx_word' id='word_1_411' title='bbox 3148 3522 3213 3577; x_wconf 87' lang='lat' dir='ltr'><strong>ad</strong></span> <span class='ocrx_word' id='word_1_412' title='bbox 3244 3537 3485 3589; x_wconf 60' lang='lat' dir='ltr'><strong>praesens</strong></span> <span class='ocrx_word' id='word_1_413' title='bbox 3521 3521 3789 3577; x_wconf 55' lang='lat' dir='ltr'><strong>aditibus.</strong></span> 
     </span>
    </p>
   </div>
   <div class='ocr_carea' id='block_1_63' title="bbox 2246 3613 3796 3685">
    <p class='ocr_par' dir='ltr' id='par_1_63' title="bbox 2246 3613 3796 3685">
     <span class='ocr_line' id='line_1_64' title="bbox 2246 3613 3796 3685; baseline 0.003 -19"><span class='ocrx_word' id='word_1_414' title='bbox 2246 3613 2419 3668; x_wconf 90' lang='lat' dir='ltr'><strong>rimus</strong></span> <span class='ocrx_word' id='word_1_415' title='bbox 2466 3615 2592 3685; x_wconf 79' lang='lat' dir='ltr'><strong>(jam</strong></span> <span class='ocrx_word' id='word_1_416' title='bbox 2639 3616 2782 3669; x_wconf 89' lang='lat' dir='ltr'><strong>enim</strong></span> <span class='ocrx_word' id='word_1_417' title='bbox 2828 3624 2983 3669; x_wconf 86' lang='lat' dir='ltr'><strong>erant</strong></span> <span class='ocrx_word' id='word_1_418' title='bbox 3030 3615 3215 3683; x_wconf 90' lang='lat' dir='ltr'><strong>edita),</strong></span> <span class='ocrx_word' id='word_1_419' title='bbox 3244 3625 3336 3670; x_wconf 90' lang='lat' dir='ltr'><strong>tuo</strong></span> <span class='ocrx_word' id='word_1_420' title='bbox 3373 3626 3553 3671; x_wconf 88' lang='lat' dir='ltr'><strong>autem</strong></span> <span class='ocrx_word' id='word_1_421' title='bbox 3604 3630 3796 3671; x_wconf 79' lang='lat' dir='ltr'><strong>amore</strong></span> 
     </span>
    </p>
   </div>
   <div class='ocr_carea' id='block_1_64' title="bbox 2248 3706 3795 3776">
    <p class='ocr_par' dir='ltr' id='par_1_64' title="bbox 2248 3706 3795 3776">
     <span class='ocr_line' id='line_1_65' title="bbox 2248 3706 3795 3776; baseline 0.001 -19"><span class='ocrx_word' id='word_1_422' title='bbox 2248 3720 2394 3759; x_wconf 88' lang='lat' dir='ltr'><strong>nunc</strong></span> <span class='ocrx_word' id='word_1_423' title='bbox 2422 3720 2641 3774; x_wconf 89' lang='lat' dir='ltr'><strong>quoque</strong></span> <span class='ocrx_word' id='word_1_424' title='bbox 2667 3706 2873 3774; x_wconf 86' lang='lat' dir='ltr'><strong>aliquid</strong></span> <span class='ocrx_word' id='word_1_425' title='bbox 2910 3706 3310 3762; x_wconf 88' lang='lat' dir='ltr'><strong>lucubrationis</strong></span> <span class='ocrx_word' id='word_1_426' title='bbox 3346 3707 3795 3776; x_wconf 88' lang='lat' dir='ltr'><strong>proposuerimus</strong></span> 
     </span>
    </p>
   </div>
   <div class='ocr_carea' id='block_1_65' title="bbox 2248 3795 3792 3865">
    <p class='ocr_par' dir='ltr' id='par_1_65' title="bbox 2248 3795 3792 3865">
     <span class='ocr_line' id='line_1_66' title="bbox 2248 3795 3792 3865; baseline 0 -16"><span class='ocrx_word' id='word_1_427' title='bbox 2248 3796 2548 3864; x_wconf 83' lang='lat' dir='ltr'><strong>suscipere,</strong></span> <span class='ocrx_word' id='word_1_428' title='bbox 2582 3797 2721 3849; x_wconf 90' lang='lat' dir='ltr'><strong>ultra</strong></span> <span class='ocrx_word' id='word_1_429' title='bbox 2762 3795 2873 3848; x_wconf 77' lang='lat' dir='ltr'><strong>bzec</strong></span> <span class='ocrx_word' id='word_1_430' title='bbox 2917 3796 3076 3849; x_wconf 88' lang='lat' dir='ltr'><strong>etiam</strong></span> <span class='ocrx_word' id='word_1_431' title='bbox 3122 3795 3325 3864; x_wconf 89' lang='lat' dir='ltr'><strong>aliquid</strong></span> <span class='ocrx_word' id='word_1_432' title='bbox 3359 3797 3478 3862; x_wconf 89' lang='lat' dir='ltr'><strong>plus</strong></span> <span class='ocrx_word' id='word_1_433' title='bbox 3503 3796 3580 3850; x_wconf 91' lang='lat' dir='ltr'><strong>tui</strong></span> <span class='ocrx_word' id='word_1_434' title='bbox 3620 3796 3792 3865; x_wconf 87' lang='lat' dir='ltr'><strong>gratia</strong></span> 
     </span>
    </p>
   </div>
   <div class='ocr_carea' id='block_1_66' title="bbox 2252 3883 3793 3951">
    <p class='ocr_par' dir='ltr' id='par_1_66' title="bbox 2252 3883 3793 3951">
     <span class='ocr_line' id='line_1_67' title="bbox 2252 3883 3793 3951; baseline 0.001 -13"><span class='ocrx_word' id='word_1_435' title='bbox 2252 3883 2347 3938; x_wconf 90' lang='lat' dir='ltr'><strong>tibi</strong></span> <span class='ocrx_word' id='word_1_436' title='bbox 2380 3883 2698 3938; x_wconf 88' lang='lat' dir='ltr'><strong>scribemus.</strong></span> <span class='ocrx_word' id='word_1_437' title='bbox 2726 3883 2902 3948; x_wconf 82' lang='lat' dir='ltr'><strong>Quare</strong></span> <span class='ocrx_word' id='word_1_438' title='bbox 2935 3900 3094 3951; x_wconf 88' lang='lat' dir='ltr'><strong>quam</strong></span> <span class='ocrx_word' id='word_1_439' title='bbox 3126 3884 3363 3938; x_wconf 85' lang='lat' dir='ltr'><strong>breviter</strong></span> <span class='ocrx_word' id='word_1_440' title='bbox 3392 3900 3605 3940; x_wconf 90' lang='lat' dir='ltr'><strong>omnem</strong></span> <span class='ocrx_word' id='word_1_441' title='bbox 3647 3886 3793 3940; x_wconf 86' lang='lat' dir='ltr'><strong>sacri</strong></span> 
     </span>
    </p>
   </div>
   <div class='ocr_carea' id='block_1_67' title="bbox 2251 3974 3798 4043">
    <p class='ocr_par' dir='ltr' id='par_1_67' title="bbox 2251 3974 3798 4043">
     <span class='ocr_line' id='line_1_68' title="bbox 2251 3974 3798 4043; baseline 0.002 -15"><span class='ocrx_word' id='word_1_442' title='bbox 2251 3974 2468 4028; x_wconf 83' lang='lat' dir='ltr'><strong>concilii</strong></span> <span class='ocrx_word' id='word_1_443' title='bbox 2499 3988 2811 4043; x_wconf 88' lang='lat' dir='ltr'><strong>processum</strong></span> <span class='ocrx_word' id='word_1_444' title='bbox 2833 3974 3161 4042; x_wconf 88' lang='lat' dir='ltr'><strong>unionisque</strong></span> <span class='ocrx_word' id='word_1_445' title='bbox 3184 3990 3337 4028; x_wconf 84' lang='lat' dir='ltr'><strong>sacra</strong></span> <span class='ocrx_word' id='word_1_446' title='bbox 3365 3977 3523 4031; x_wconf 90' lang='lat' dir='ltr'><strong>modo</strong></span> <span class='ocrx_word' id='word_1_447' title='bbox 3548 3977 3642 4031; x_wconf 85' lang='lat' dir='ltr'><strong>tibi</strong></span> <span class='ocrx_word' id='word_1_448' title='bbox 3670 3993 3798 4031; x_wconf 86' lang='lat' dir='ltr'><strong>nar-</strong></span> 
     </span>
    </p>
   </div>
   <div class='ocr_carea' id='block_1_68' title="bbox 2251 4062 3792 4133">
    <p class='ocr_par' dir='ltr' id='par_1_68' title="bbox 2251 4062 3792 4133">
     <span class='ocr_line' id='line_1_69' title="bbox 2251 4062 3792 4133; baseline 0.001 -14"><span class='ocrx_word' id='word_1_449' title='bbox 2251 4065 2403 4125; x_wconf 88' lang='lat' dir='ltr'><strong>rabo.</strong></span> <span class='ocrx_word' id='word_1_450' title='bbox 2426 4079 2487 4117; x_wconf 87' lang='lat' dir='ltr'><strong>ac</strong></span> <span class='ocrx_word' id='word_1_451' title='bbox 2506 4063 2713 4132; x_wconf 87' lang='lat' dir='ltr'><strong>aliquas</strong></span> <span class='ocrx_word' id='word_1_452' title='bbox 2742 4062 2998 4125; x_wconf 85' lang='lat' dir='ltr'><strong>rationes,</strong></span> <span class='ocrx_word' id='word_1_453' title='bbox 3020 4065 3218 4131; x_wconf 87' lang='lat' dir='ltr'><strong>quibus</strong></span> <span class='ocrx_word' id='word_1_454' title='bbox 3239 4064 3430 4132; x_wconf 86' lang='lat' dir='ltr'><strong>dogma</strong></span> <span class='ocrx_word' id='word_1_455' title='bbox 3454 4066 3792 4133; x_wconf 90' lang='lat' dir='ltr'><strong>propositum</strong></span> 
     </span>
    </p>
   </div>
   <div class='ocr_carea' id='block_1_69' title="bbox 2251 4152 3796 4225">
    <p class='ocr_par' dir='ltr' id='par_1_69' title="bbox 2251 4152 3796 4225">
     <span class='ocr_line' id='line_1_70' title="bbox 2251 4152 3796 4225; baseline 0.002 -17"><span class='ocrx_word' id='word_1_456' title='bbox 2251 4155 2591 4225; x_wconf 88' lang='lat' dir='ltr'><strong>probabitur,</strong></span> <span class='ocrx_word' id='word_1_457' title='bbox 2632 4152 2873 4216; x_wconf 64' lang='lat' dir='ltr'><strong>aderam,</strong></span> <span class='ocrx_word' id='word_1_458' title='bbox 2912 4161 2967 4207; x_wconf 87' lang='lat' dir='ltr'><strong>et</strong></span> <span class='ocrx_word' id='word_1_459' title='bbox 3011 4154 3087 4206; x_wconf 90' lang='lat' dir='ltr'><strong>sic</strong></span> <span class='ocrx_word' id='word_1_460' title='bbox 3137 4152 3295 4205; x_wconf 81' lang='lat' dir='ltr'><strong>ﬁnem</strong></span> <span class='ocrx_word' id='word_1_461' title='bbox 3347 4156 3636 4219; x_wconf 79' lang='lat' dir='ltr'><strong>imponam.</strong></span> <span class='ocrx_word' id='word_1_462' title='bbox 3686 4156 3796 4211; x_wconf 78' lang='lat' dir='ltr'><strong>Sed</strong></span> 
     </span>
    </p>
   </div>
   <div class='ocr_carea' id='block_1_70' title="bbox 619 4240 3798 4333">
    <p class='ocr_par' dir='ltr' id='par_1_70' title="bbox 619 4240 3798 4333">
     <span class='ocr_line' id='line_1_71' title="bbox 619 4240 3798 4333; baseline 0.001 -38"><span class='ocrx_word' id='word_1_463' title='bbox 619 4242 686 4333; x_wconf 53' lang='lat' dir='ltr'><strong>d‘c</strong></span> <span class='ocrx_word' id='word_1_464' title='bbox 720 4242 839 4293; x_wconf 89' lang='lat' dir='ltr'><strong>aliis</strong></span> <span class='ocrx_word' id='word_1_465' title='bbox 872 4240 1123 4293; x_wconf 91' lang='lat' dir='ltr'><strong>omnibus</strong></span> <span class='ocrx_word' id='word_1_466' title='bbox 1150 4256 1269 4307; x_wconf 64' lang='lat' dir='ltr'><strong>qua:</strong></span> <span class='ocrx_word' id='word_1_467' title='bbox 1314 4252 1441 4294; x_wconf 92' lang='lat' dir='ltr'><strong>tunc</strong></span> <span class='ocrx_word' id='word_1_468' title='bbox 1482 4243 1641 4296; x_wconf 86' lang='lat' dir='ltr'><strong>etiam</strong></span> <span class='ocrx_word' id='word_1_469' title='bbox 1676 4244 1898 4311; x_wconf 80' lang='lat' dir='ltr'><strong>petiisti,</strong></span> <span class='ocrx_word' id='word_1_470' title='bbox 1941 4244 2149 4301; x_wconf 79' lang='lat' dir='ltr'><strong>reddidi</strong></span> <span class='ocrx_word' id='word_1_471' title='bbox 2181 4278 2223 4333; x_wconf 63' lang='grc' dir='ltr'><em>ε</em></span> <span class='ocrx_word' id='word_1_472' title='bbox 2257 4254 2547 4312; x_wconf 85' lang='lat' dir='ltr'><strong>antequam</strong></span> <span class='ocrx_word' id='word_1_473' title='bbox 2588 4243 2657 4297; x_wconf 87' lang='lat' dir='ltr'><strong>de</strong></span> <span class='ocrx_word' id='word_1_474' title='bbox 2700 4244 2766 4295; x_wconf 82' lang='lat' dir='ltr'><strong>iis</strong></span> <span class='ocrx_word' id='word_1_475' title='bbox 2790 4244 2989 4308; x_wconf 87' lang='lat' dir='ltr'><strong>dicam,</strong></span> <span class='ocrx_word' id='word_1_476' title='bbox 3016 4258 3241 4309; x_wconf 88' lang='lat' dir='ltr'><strong>parvum</strong></span> <span class='ocrx_word' id='word_1_477' title='bbox 3272 4244 3528 4310; x_wconf 77' lang='lat' dir='ltr'><strong>quiddam</strong></span> <span class='ocrx_word' id='word_1_478' title='bbox 3569 4260 3674 4297; x_wconf 87' lang='lat' dir='ltr'><strong>non</strong></span> <span class='ocrx_word' id='word_1_479' title='bbox 3711 4257 3798 4298; x_wconf 85' lang='lat' dir='ltr'><strong>ta-</strong></span> 
     </span>
    </p>
   </div>
   <div class='ocr_carea' id='block_1_71' title="bbox 623 4312 2152 4404">
    <p class='ocr_par' dir='ltr' id='par_1_71' title="bbox 623 4312 2152 4404">
     <span class='ocr_line' id='line_1_72' title="bbox 623 4312 2152 4404; baseline 0.003 -19"><span class='ocrx_word' id='word_1_480' title='bbox 623 4312 681 4385; x_wconf 58' lang='lat' dir='ltr'><strong>r‘a</strong></span> <span class='ocrx_word' id='word_1_481' title='bbox 708 4330 884 4385; x_wconf 79' lang='lat' dir='ltr'><strong>iOIIt‘lll</strong></span> <span class='ocrx_word' id='word_1_482' title='bbox 908 4349 922 4393; x_wconf 87' lang='lat'><strong>;</strong></span> <span class='ocrx_word' id='word_1_483' title='bbox 950 4332 1019 4383; x_wconf 87' lang='lat' dir='ltr'><strong>ita</strong></span> <span class='ocrx_word' id='word_1_484' title='bbox 1055 4340 1112 4383; x_wconf 90' lang='lat' dir='ltr'><strong>ut</strong></span> <span class='ocrx_word' id='word_1_485' title='bbox 1142 4347 1250 4384; x_wconf 87' lang='lat' dir='ltr'><strong>non</strong></span> <span class='ocrx_word' id='word_1_486' title='bbox 1276 4334 1347 4384; x_wconf 89' lang='lat' dir='ltr'><strong>sit</strong></span> <span class='ocrx_word' id='word_1_487' title='bbox 1377 4347 1508 4399; x_wconf 85' lang='lat' dir='ltr'><strong>Opus</strong></span> <span class='ocrx_word' id='word_1_488' title='bbox 1529 4334 1770 4401; x_wconf 83' lang='lat' dir='ltr'><strong>pluribus</strong></span> <span class='ocrx_word' id='word_1_489' title='bbox 1802 4335 1980 4388; x_wconf 84' lang='lat' dir='ltr'><strong>verbis</strong></span> <span class='ocrx_word' id='word_1_490' title='bbox 2015 4351 2152 4404; x_wconf 65' lang='lat' dir='ltr'><strong>prae—</strong></span> 
     </span>
    </p>
   </div>
   <div class='ocr_carea' id='block_1_72' title="bbox 630 4423 2157 4493">
    <p class='ocr_par' dir='ltr' id='par_1_72' title="bbox 630 4423 2157 4493">
     <span class='ocr_line' id='line_1_73' title="bbox 630 4423 2157 4493; baseline 0 -14"><span class='ocrx_word' id='word_1_491' title='bbox 630 4426 815 4479; x_wconf 82' lang='lat' dir='ltr'><strong>sertim</strong></span> <span class='ocrx_word' id='word_1_492' title='bbox 884 4425 1014 4484; x_wconf 87' lang='lat' dir='ltr'><strong>tibi,</strong></span> <span class='ocrx_word' id='word_1_493' title='bbox 1062 4423 1151 4489; x_wconf 88' lang='lat' dir='ltr'><strong>qui</strong></span> <span class='ocrx_word' id='word_1_494' title='bbox 1203 4433 1401 4474; x_wconf 82' lang='lat' dir='ltr'><strong>tantam</strong></span> <span class='ocrx_word' id='word_1_495' title='bbox 1460 4426 1510 4476; x_wconf 91' lang='lat' dir='ltr'><strong>in</strong></span> <span class='ocrx_word' id='word_1_496' title='bbox 1563 4426 1933 4493; x_wconf 81' lang='lat' dir='ltr'><strong>hujuscemodi</strong></span> <span class='ocrx_word' id='word_1_497' title='bbox 1989 4426 2157 4479; x_wconf 88' lang='lat' dir='ltr'><strong>habes</strong></span> 
     </span>
    </p>
   </div>
   <div class='ocr_carea' id='block_1_73' title="bbox 624 4513 2158 4584">
    <p class='ocr_par' dir='ltr' id='par_1_73' title="bbox 624 4513 2158 4584">
     <span class='ocr_line' id='line_1_74' title="bbox 624 4513 2158 4584; baseline 0.001 -18"><span class='ocrx_word' id='word_1_498' title='bbox 624 4513 1032 4579; x_wconf 78' lang='lat' dir='ltr'><strong>experientiam,</strong></span> <span class='ocrx_word' id='word_1_499' title='bbox 1080 4522 1137 4563; x_wconf 90' lang='lat' dir='ltr'><strong>ut</strong></span> <span class='ocrx_word' id='word_1_500' title='bbox 1196 4515 1372 4577; x_wconf 79' lang='lat' dir='ltr'><strong>parvis</strong></span> <span class='ocrx_word' id='word_1_501' title='bbox 1426 4515 1582 4567; x_wconf 88' lang='lat' dir='ltr'><strong>etiam</strong></span> <span class='ocrx_word' id='word_1_502' title='bbox 1636 4516 1916 4584; x_wconf 86' lang='lat' dir='ltr'><strong>principiis</strong></span> <span class='ocrx_word' id='word_1_503' title='bbox 1962 4516 2158 4569; x_wconf 78' lang='lat' dir='ltr'><strong>habitis</strong></span> 
     </span>
    </p>
   </div>
   <div class='ocr_carea' id='block_1_74' title="bbox 626 4596 2155 4676">
    <p class='ocr_par' dir='ltr' id='par_1_74' title="bbox 626 4596 2155 4676">
     <span class='ocr_line' id='line_1_75' title="bbox 626 4596 2155 4676; baseline 0.001 -17"><span class='ocrx_word' id='word_1_504' title='bbox 626 4612 788 4659; x_wconf 86' lang='lat' dir='ltr'><strong>multa</strong></span> <span class='ocrx_word' id='word_1_505' title='bbox 826 4617 1120 4671; x_wconf 81' lang='lat' dir='ltr'><strong>magnaque</strong></span> <span class='ocrx_word' id='word_1_506' title='bbox 1171 4602 1341 4670; x_wconf 75' lang='lat' dir='ltr'><strong>pessis</strong></span> <span class='ocrx_word' id='word_1_507' title='bbox 1385 4620 1446 4656; x_wconf 80' lang='lat' dir='ltr'><strong>ex</strong></span> <span class='ocrx_word' id='word_1_508' title='bbox 1485 4609 1653 4674; x_wconf 86' lang='lat' dir='ltr'><strong>leipso</strong></span> <span class='ocrx_word' id='word_1_509' title='bbox 1688 4609 1989 4676; x_wconf 90' lang='lat' dir='ltr'><strong>percipere.</strong></span> <span class='ocrx_word' id='word_1_510' title='bbox 2020 4596 2155 4662; x_wconf 70' lang='lat' dir='ltr'><strong>(ium</strong></span> 
     </span>
    </p>
   </div>
   <div class='ocr_carea' id='block_1_75' title="bbox 622 4692 2159 4766">
    <p class='ocr_par' dir='ltr' id='par_1_75' title="bbox 622 4692 2159 4766">
     <span class='ocr_line' id='line_1_76' title="bbox 622 4692 2159 4766; baseline 0.001 -17"><span class='ocrx_word' id='word_1_511' title='bbox 622 4711 754 4749; x_wconf 77' lang='lat' dir='ltr'><strong>vero</strong></span> <span class='ocrx_word' id='word_1_512' title='bbox 794 4694 1000 4760; x_wconf 88' lang='lat' dir='ltr'><strong>aliquid</strong></span> <span class='ocrx_word' id='word_1_513' title='bbox 1052 4692 1172 4759; x_wconf 87' lang='lat' dir='ltr'><strong>plus</strong></span> <span class='ocrx_word' id='word_1_514' title='bbox 1210 4710 1238 4745; x_wconf 93' lang='lat' dir='ltr'><strong>a</strong></span> <span class='ocrx_word' id='word_1_515' title='bbox 1269 4695 1422 4747; x_wconf 87' lang='lat' dir='ltr'><strong>nobis</strong></span> <span class='ocrx_word' id='word_1_516' title='bbox 1461 4701 1768 4763; x_wconf 77' lang='lat' dir='ltr'><strong>expostules</strong></span> <span class='ocrx_word' id='word_1_517' title='bbox 1804 4716 1906 4751; x_wconf 92' lang='lat' dir='ltr'><strong>non</strong></span> <span class='ocrx_word' id='word_1_518' title='bbox 1941 4713 2159 4766; x_wconf 88' lang='lat' dir='ltr'><strong>propter</strong></span> 
     </span>
    </p>
   </div>
   <div class='ocr_carea' id='block_1_76' title="bbox 626 4766 2156 4853">
    <p class='ocr_par' dir='ltr' id='par_1_76' title="bbox 626 4766 2156 4853">
     <span class='ocr_line' id='line_1_77' title="bbox 626 4766 2156 4853; baseline 0 -14"><span class='ocrx_word' id='word_1_519' title='bbox 626 4786 855 4853; x_wconf 88' lang='lat' dir='ltr'><strong>teipsutn</strong></span> <span class='ocrx_word' id='word_1_520' title='bbox 887 4780 1150 4840; x_wconf 82' lang='lat' dir='ltr'><strong>fortassis.</strong></span> <span class='ocrx_word' id='word_1_521' title='bbox 1186 4796 1308 4832; x_wconf 90' lang='lat' dir='ltr'><strong>cum</strong></span> <span class='ocrx_word' id='word_1_522' title='bbox 1343 4782 1450 4848; x_wconf 86' lang='lat' dir='ltr'><strong>ipse</strong></span> <span class='ocrx_word' id='word_1_523' title='bbox 1475 4784 1614 4835; x_wconf 89' lang='lat' dir='ltr'><strong>idem</strong></span> <span class='ocrx_word' id='word_1_524' title='bbox 1644 4787 1921 4839; x_wconf 83' lang='lat' dir='ltr'><strong>uobiscum</strong></span> <span class='ocrx_word' id='word_1_525' title='bbox 1953 4766 2156 4853; x_wconf 73' lang='lat' dir='ltr'><strong>sapias,</strong></span> 
     </span>
    </p>
   </div>
   <div class='ocr_carea' id='block_1_77' title="bbox 628 4870 2162 4942">
    <p class='ocr_par' dir='ltr' id='par_1_77' title="bbox 628 4870 2162 4942">
     <span class='ocr_line' id='line_1_78' title="bbox 628 4870 2162 4942; baseline 0.001 -14"><span class='ocrx_word' id='word_1_526' title='bbox 628 4876 722 4928; x_wconf 86' lang='lat' dir='ltr'><strong>sed</strong></span> <span class='ocrx_word' id='word_1_527' title='bbox 758 4882 976 4942; x_wconf 83' lang='lat' dir='ltr'><strong>prapter</strong></span> <span class='ocrx_word' id='word_1_528' title='bbox 1006 4870 1371 4923; x_wconf 85' lang='lat' dir='ltr'><strong>contentiusos</strong></span> <span class='ocrx_word' id='word_1_529' title='bbox 1416 4884 1468 4924; x_wconf 87' lang='lat' dir='ltr'><strong>et</strong></span> <span class='ocrx_word' id='word_1_530' title='bbox 1530 4878 1769 4929; x_wconf 72' lang='lat' dir='ltr'><strong>Veritatis</strong></span> <span class='ocrx_word' id='word_1_531' title='bbox 1816 4877 2162 4930; x_wconf 77' lang='lat' dir='ltr'><strong>adversarios</strong></span> 
     </span>
    </p>
   </div>
   <div class='ocr_carea' id='block_1_78' title="bbox 632 4961 2163 5029">
    <p class='ocr_par' dir='ltr' id='par_1_78' title="bbox 632 4961 2163 5029">
     <span class='ocr_line' id='line_1_79' title="bbox 632 4961 2163 5029; baseline 0.002 -11"><span class='ocrx_word' id='word_1_532' title='bbox 632 4980 731 5018; x_wconf 89' lang='lat' dir='ltr'><strong>nos</strong></span> <span class='ocrx_word' id='word_1_533' title='bbox 759 4978 880 5015; x_wconf 89' lang='lat' dir='ltr'><strong>cum</strong></span> <span class='ocrx_word' id='word_1_534' title='bbox 920 4962 1046 5029; x_wconf 89' lang='lat' dir='ltr'><strong>quia</strong></span> <span class='ocrx_word' id='word_1_535' title='bbox 1081 4962 1254 5029; x_wconf 89' lang='lat' dir='ltr'><strong>parati</strong></span> <span class='ocrx_word' id='word_1_536' title='bbox 1284 4961 1350 5012; x_wconf 88' lang='lat' dir='ltr'><strong>ad</strong></span> <span class='ocrx_word' id='word_1_537' title='bbox 1390 4963 1807 5019; x_wconf 81' lang='lat' dir='ltr'><strong>satisfactionem</strong></span> <span class='ocrx_word' id='word_1_538' title='bbox 1838 4981 1959 5021; x_wconf 86' lang='lat' dir='ltr'><strong>esse</strong></span> <span class='ocrx_word' id='word_1_539' title='bbox 1994 4968 2163 5025; x_wconf 84' lang='lat' dir='ltr'><strong>debe-</strong></span> 
     </span>
    </p>
   </div>
   <div class='ocr_carea' id='block_1_79' title="bbox 633 5052 2162 5124">
    <p class='ocr_par' dir='ltr' id='par_1_79' title="bbox 633 5052 2162 5124">
     <span class='ocr_line' id='line_1_80' title="bbox 633 5052 2162 5124; baseline 0.002 -16"><span class='ocrx_word' id='word_1_540' title='bbox 633 5062 756 5109; x_wconf 74' lang='lat' dir='ltr'><strong>mus</strong></span> <span class='ocrx_word' id='word_1_541' title='bbox 782 5053 927 5107; x_wconf 90' lang='lat' dir='ltr'><strong>omni</strong></span> <span class='ocrx_word' id='word_1_542' title='bbox 963 5052 1200 5121; x_wconf 80' lang='lat' dir='ltr'><strong>poscenti</strong></span> <span class='ocrx_word' id='word_1_543' title='bbox 1229 5067 1326 5104; x_wconf 86' lang='lat' dir='ltr'><strong>nos</strong></span> <span class='ocrx_word' id='word_1_544' title='bbox 1350 5052 1609 5105; x_wconf 81' lang='lat' dir='ltr'><strong>rationem</strong></span> <span class='ocrx_word' id='word_1_545' title='bbox 1646 5054 1711 5107; x_wconf 87' lang='lat' dir='ltr'><strong>de</strong></span> <span class='ocrx_word' id='word_1_546' title='bbox 1741 5071 1800 5109; x_wconf 85' lang='lat' dir='ltr'><strong>ea</strong></span> <span class='ocrx_word' id='word_1_547' title='bbox 1827 5072 1947 5124; x_wconf 75' lang='lat' dir='ltr'><strong>qua:</strong></span> <span class='ocrx_word' id='word_1_548' title='bbox 1979 5058 2031 5109; x_wconf 92' lang='lat' dir='ltr'><strong>in</strong></span> <span class='ocrx_word' id='word_1_549' title='bbox 2064 5074 2162 5112; x_wconf 88' lang='lat' dir='ltr'><strong>no-</strong></span> 
     </span>
    </p>
   </div>
   <div class='ocr_carea' id='block_1_80' title="bbox 632 5142 2167 5210">
    <p class='ocr_par' dir='ltr' id='par_1_80' title="bbox 632 5142 2167 5210">
     <span class='ocr_line' id='line_1_81' title="bbox 632 5142 2167 5210; baseline -0.001 -8"><span class='ocrx_word' id='word_1_550' title='bbox 632 5150 714 5203; x_wconf 89' lang='lat' dir='ltr'><strong>bis</strong></span> <span class='ocrx_word' id='word_1_551' title='bbox 753 5157 831 5199; x_wconf 82' lang='lat' dir='ltr'><strong>est</strong></span> <span class='ocrx_word' id='word_1_552' title='bbox 858 5145 958 5198; x_wconf 79' lang='lat' dir='ltr'><strong>[ide</strong></span> <span class='ocrx_word' id='word_1_553' title='bbox 986 5142 1282 5197; x_wconf 85' lang='lat' dir='ltr'><strong>secundum</strong></span> <span class='ocrx_word' id='word_1_554' title='bbox 1316 5144 1649 5210; x_wconf 81' lang='lat' dir='ltr'><strong>Apostoluin,</strong></span> <span class='ocrx_word' id='word_1_555' title='bbox 1684 5154 1793 5196; x_wconf 92' lang='lat' dir='ltr'><strong>tum</strong></span> <span class='ocrx_word' id='word_1_556' title='bbox 1831 5156 1884 5199; x_wconf 92' lang='lat' dir='ltr'><strong>ut</strong></span> <span class='ocrx_word' id='word_1_557' title='bbox 1918 5148 2167 5201; x_wconf 75' lang='lat' dir='ltr'><strong>amicitia:</strong></span> 
     </span>
    </p>
   </div>
   <div class='ocr_carea' id='block_1_81' title="bbox 635 5234 2167 5315">
    <p class='ocr_par' dir='ltr' id='par_1_81' title="bbox 635 5234 2167 5315">
     <span class='ocr_line' id='line_1_82' title="bbox 635 5234 2167 5315; baseline -0.003 -21"><span class='ocrx_word' id='word_1_558' title='bbox 635 5254 835 5294; x_wconf 64' lang='lat' dir='ltr'><strong>nostrae</strong></span> <span class='ocrx_word' id='word_1_559' title='bbox 885 5239 1296 5293; x_wconf 79' lang='lat' dir='ltr'><strong>satisfaciamus.</strong></span> <span class='ocrx_word' id='word_1_560' title='bbox 1333 5235 1439 5304; x_wconf 87' lang='lat' dir='ltr'><strong>Spe</strong></span> <span class='ocrx_word' id='word_1_561' title='bbox 1487 5235 1647 5287; x_wconf 90' lang='lat' dir='ltr'><strong>etiam</strong></span> <span class='ocrx_word' id='word_1_562' title='bbox 1677 5234 1821 5288; x_wconf 90' lang='lat' dir='ltr'><strong>ducti</strong></span> <span class='ocrx_word' id='word_1_563' title='bbox 1864 5236 2167 5315; x_wconf 84' lang='lat' dir='ltr'><strong>aliquorum</strong></span> 
     </span>
    </p>
   </div>
   <div class='ocr_carea' id='block_1_82' title="bbox 637 5323 2191 5406">
    <p class='ocr_par' dir='ltr' id='par_1_82' title="bbox 637 5323 2191 5406">
     <span class='ocr_line' id='line_1_83' title="bbox 637 5323 2191 5406; baseline -0.002 -23"><span class='ocrx_word' id='word_1_564' title='bbox 637 5332 903 5391; x_wconf 75' lang='lat' dir='ltr'><strong>utntmtis,</strong></span> <span class='ocrx_word' id='word_1_565' title='bbox 930 5331 1167 5406; x_wconf 34' lang='lat' dir='ltr'><strong>qui‘bazc</strong></span> <span class='ocrx_word' id='word_1_566' title='bbox 1192 5328 1389 5396; x_wconf 81' lang='lat' dir='ltr'><strong>legent.</strong></span> <span class='ocrx_word' id='word_1_567' title='bbox 1416 5338 1615 5377; x_wconf 88' lang='lat' dir='ltr'><strong>morem</strong></span> <span class='ocrx_word' id='word_1_568' title='bbox 1647 5323 1740 5377; x_wconf 91' lang='lat' dir='ltr'><strong>tibi</strong></span> <span class='ocrx_word' id='word_1_569' title='bbox 1766 5339 1948 5391; x_wconf 79' lang='lat' dir='ltr'><strong>gerere</strong></span> <span class='ocrx_word' id='word_1_570' title='bbox 1976 5340 2191 5393; x_wconf 63' lang='lat' dir='ltr'><strong>propoo.</strong></span> 
     </span>
    </p>
   </div>
   <div class='ocr_carea' id='block_1_83' title="bbox 638 5417 2171 5488">
    <p class='ocr_par' dir='ltr' id='par_1_83' title="bbox 638 5417 2171 5488">
     <span class='ocr_line' id='line_1_84' title="bbox 638 5417 2171 5488; baseline -0.001 -15"><span class='ocrx_word' id='word_1_571' title='bbox 638 5422 867 5473; x_wconf 87' lang='lat' dir='ltr'><strong>suitntts.</strong></span> <span class='ocrx_word' id='word_1_572' title='bbox 906 5420 1098 5475; x_wconf 82' lang='lat' dir='ltr'><strong>Primis</strong></span> <span class='ocrx_word' id='word_1_573' title='bbox 1140 5421 1320 5488; x_wconf 79' lang='lat' dir='ltr'><strong>itaque</strong></span> <span class='ocrx_word' id='word_1_574' title='bbox 1353 5417 1699 5470; x_wconf 83' lang='lat' dir='ltr'><strong>auctoritates</strong></span> <span class='ocrx_word' id='word_1_575' title='bbox 1740 5428 2045 5469; x_wconf 83' lang='lat' dir='ltr'><strong>sanctorum</strong></span> <span class='ocrx_word' id='word_1_576' title='bbox 2071 5418 2171 5471; x_wconf 86' lang='lat' dir='ltr'><strong>Pa-</strong></span> 
     </span>
    </p>
   </div>
   <div class='ocr_carea' id='block_1_84' title="bbox 646 5508 2169 5573">
    <p class='ocr_par' dir='ltr' id='par_1_84' title="bbox 646 5508 2169 5573">
     <span class='ocr_line' id='line_1_85' title="bbox 646 5508 2169 5573; baseline -0.001 -11"><span class='ocrx_word' id='word_1_577' title='bbox 646 5522 784 5562; x_wconf 87' lang='lat' dir='ltr'><strong>trum</strong></span> <span class='ocrx_word' id='word_1_578' title='bbox 850 5522 901 5561; x_wconf 87' lang='lat' dir='ltr'><strong>ct</strong></span> <span class='ocrx_word' id='word_1_579' title='bbox 954 5514 1231 5565; x_wconf 75' lang='lat' dir='ltr'><strong>titiHOl&#39;tlttt</strong></span> <span class='ocrx_word' id='word_1_580' title='bbox 1280 5508 1699 5565; x_wconf 54' lang='lat' dir='ltr'><strong>Occidentalium</strong></span> <span class='ocrx_word' id='word_1_581' title='bbox 1751 5509 1845 5561; x_wconf 79' lang='lat' dir='ltr'><strong>tibi</strong></span> <span class='ocrx_word' id='word_1_582' title='bbox 1889 5508 2169 5573; x_wconf 82' lang='lat' dir='ltr'><strong>mittimus,</strong></span> 
     </span>
    </p>
   </div>
   <div class='ocr_carea' id='block_1_85' title="bbox 2257 4333 3805 4402">
    <p class='ocr_par' dir='ltr' id='par_1_85' title="bbox 2257 4333 3805 4402">
     <span class='ocr_line' id='line_1_86' title="bbox 2257 4333 3805 4402; baseline 0.002 -16"><span class='ocrx_word' id='word_1_583' title='bbox 2257 4350 2377 4387; x_wconf 85' lang='lat' dir='ltr'><strong>men</strong></span> <span class='ocrx_word' id='word_1_584' title='bbox 2439 4333 2586 4402; x_wconf 87' lang='lat' dir='ltr'><strong>parvi</strong></span> <span class='ocrx_word' id='word_1_585' title='bbox 2645 4333 2753 4386; x_wconf 89' lang='lat' dir='ltr'><strong>into</strong></span> <span class='ocrx_word' id='word_1_586' title='bbox 2793 4349 2924 4387; x_wconf 80' lang='lat' dir='ltr'><strong>vero</strong></span> <span class='ocrx_word' id='word_1_587' title='bbox 2986 4333 3198 4385; x_wconf 73' lang='lat' dir='ltr'><strong>maximi</strong></span> <span class='ocrx_word' id='word_1_588' title='bbox 3259 4333 3676 4388; x_wconf 79' lang='lat' dir='ltr'><strong>existimandum</strong></span> <span class='ocrx_word' id='word_1_589' title='bbox 3733 4337 3805 4389; x_wconf 80' lang='lat' dir='ltr'><strong>iis</strong></span> 
     </span>
    </p>
   </div>
   <div class='ocr_carea' id='block_1_86' title="bbox 2257 4420 3798 4494">
    <p class='ocr_par' dir='ltr' id='par_1_86' title="bbox 2257 4420 3798 4494">
     <span class='ocr_line' id='line_1_87' title="bbox 2257 4420 3798 4494; baseline 0.002 -18"><span class='ocrx_word' id='word_1_590' title='bbox 2257 4424 2537 4494; x_wconf 69' lang='lat' dir='ltr'><strong>prooemiis</strong></span> <span class='ocrx_word' id='word_1_591' title='bbox 2559 4423 2785 4488; x_wconf 88' lang='lat' dir='ltr'><strong>addam;</strong></span> <span class='ocrx_word' id='word_1_592' title='bbox 2818 4424 3081 4492; x_wconf 89' lang='lat' dir='ltr'><strong>supplebo</strong></span> <span class='ocrx_word' id='word_1_593' title='bbox 3106 4423 3246 4490; x_wconf 89' lang='lat' dir='ltr'><strong>quod</strong></span> <span class='ocrx_word' id='word_1_594' title='bbox 3270 4420 3525 4490; x_wconf 64' lang='lat' dir='ltr'><strong>praedicto</strong></span> <span class='ocrx_word' id='word_1_595' title='bbox 3548 4439 3798 4479; x_wconf 84' lang='lat' dir='ltr'><strong>sermone</strong></span> 
     </span>
    </p>
   </div>
   <div class='ocr_carea' id='block_1_87' title="bbox 2259 4514 3800 4584">
    <p class='ocr_par' dir='ltr' id='par_1_87' title="bbox 2259 4514 3800 4584">
     <span class='ocr_line' id='line_1_88' title="bbox 2259 4514 3800 4584; baseline 0 -14"><span class='ocrx_word' id='word_1_596' title='bbox 2259 4516 2563 4584; x_wconf 81' lang='lat' dir='ltr'><strong>dogmatico</strong></span> <span class='ocrx_word' id='word_1_597' title='bbox 2615 4516 2798 4576; x_wconf 77' lang='lat' dir='ltr'><strong>deest,</strong></span> <span class='ocrx_word' id='word_1_598' title='bbox 2862 4515 3153 4568; x_wconf 75' lang='lat' dir='ltr'><strong>verborum</strong></span> <span class='ocrx_word' id='word_1_599' title='bbox 3220 4514 3563 4567; x_wconf 88' lang='lat' dir='ltr'><strong>multitudine</strong></span> <span class='ocrx_word' id='word_1_600' title='bbox 3620 4515 3800 4571; x_wconf 82' lang='lat' dir='ltr'><strong>lutura</strong></span> 
     </span>
    </p>
   </div>
   <div class='ocr_carea' id='block_1_88' title="bbox 2262 4606 3802 4676">
    <p class='ocr_par' dir='ltr' id='par_1_88' title="bbox 2262 4606 3802 4676">
     <span class='ocr_line' id='line_1_89' title="bbox 2262 4606 3802 4676; baseline -0.002 -15"><span class='ocrx_word' id='word_1_601' title='bbox 2262 4608 2495 4662; x_wconf 87' lang='lat' dir='ltr'><strong>utilitate</strong></span> <span class='ocrx_word' id='word_1_602' title='bbox 2528 4621 2908 4676; x_wconf 80' lang='lat' dir='ltr'><strong>compensans.</strong></span> <span class='ocrx_word' id='word_1_603' title='bbox 2941 4607 2995 4658; x_wconf 92' lang='lat' dir='ltr'><strong>In</strong></span> <span class='ocrx_word' id='word_1_604' title='bbox 3028 4606 3118 4659; x_wconf 92' lang='lat' dir='ltr'><strong>illo</strong></span> <span class='ocrx_word' id='word_1_605' title='bbox 3153 4606 3333 4674; x_wconf 87' lang='lat' dir='ltr'><strong>itaque</strong></span> <span class='ocrx_word' id='word_1_606' title='bbox 3355 4606 3656 4675; x_wconf 82' lang='lat' dir='ltr'><strong>dogmatico</strong></span> <span class='ocrx_word' id='word_1_607' title='bbox 3682 4622 3802 4663; x_wconf 85' lang='lat' dir='ltr'><strong>ser-</strong></span> 
     </span>
    </p>
   </div>
   <div class='ocr_carea' id='block_1_89' title="bbox 2261 4695 3803 4752">
    <p class='ocr_par' dir='ltr' id='par_1_89' title="bbox 2261 4695 3803 4752">
     <span class='ocr_line' id='line_1_90' title="bbox 2261 4695 3803 4752; baseline 0.001 -1"><span class='ocrx_word' id='word_1_608' title='bbox 2261 4713 2417 4751; x_wconf 86' lang='lat' dir='ltr'><strong>mone</strong></span> <span class='ocrx_word' id='word_1_609' title='bbox 2460 4713 2522 4751; x_wconf 74' lang='lat' dir='ltr'><strong>ex</strong></span> <span class='ocrx_word' id='word_1_610' title='bbox 2558 4695 2930 4751; x_wconf 85' lang='lat' dir='ltr'><strong>Orientalibus</strong></span> <span class='ocrx_word' id='word_1_611' title='bbox 2961 4695 3224 4748; x_wconf 77' lang='lat' dir='ltr'><strong>duntaxat</strong></span> <span class='ocrx_word' id='word_1_612' title='bbox 3261 4696 3576 4751; x_wconf 90' lang='lat' dir='ltr'><strong>doctoribus</strong></span> <span class='ocrx_word' id='word_1_613' title='bbox 3612 4698 3803 4752; x_wconf 79' lang='lat' dir='ltr'><strong>volens</strong></span> 
     </span>
    </p>
   </div>
   <div class='ocr_carea' id='block_1_90' title="bbox 2263 4786 3801 4857">
    <p class='ocr_par' dir='ltr' id='par_1_90' title="bbox 2263 4786 3801 4857">
     <span class='ocr_line' id='line_1_91' title="bbox 2263 4786 3801 4857; baseline 0 -16"><span class='ocrx_word' id='word_1_614' title='bbox 2263 4789 2422 4857; x_wconf 88' lang='lat' dir='ltr'><strong>hujus</strong></span> <span class='ocrx_word' id='word_1_615' title='bbox 2450 4788 2763 4855; x_wconf 66' lang='lat' dir='ltr'><strong>quaestionis</strong></span> <span class='ocrx_word' id='word_1_616' title='bbox 2804 4788 3056 4840; x_wconf 68' lang='lat' dir='ltr'><strong>&#39;eritatem</strong></span> <span class='ocrx_word' id='word_1_617' title='bbox 3084 4786 3314 4855; x_wconf 85' lang='lat' dir='ltr'><strong>probare</strong></span> <span class='ocrx_word' id='word_1_618' title='bbox 3331 4802 3492 4840; x_wconf 84' lang='lat' dir='ltr'><strong>unam</strong></span> <span class='ocrx_word' id='word_1_619' title='bbox 3511 4787 3801 4855; x_wconf 86' lang='lat' dir='ltr'><strong>quamdam</strong></span> 
     </span>
    </p>
   </div>
   <div class='ocr_carea' id='block_1_91' title="bbox 2262 4874 3806 4947">
    <p class='ocr_par' dir='ltr' id='par_1_91' title="bbox 2262 4874 3806 4947">
     <span class='ocr_line' id='line_1_92' title="bbox 2262 4874 3806 4947; baseline 0.002 -18"><span class='ocrx_word' id='word_1_620' title='bbox 2262 4880 2641 4931; x_wconf 86' lang='lat' dir='ltr'><strong>auctoritatem</strong></span> <span class='ocrx_word' id='word_1_621' title='bbox 2697 4877 2756 4930; x_wconf 83' lang='grc' dir='ltr'><strong>Β.</strong></span> <span class='ocrx_word' id='word_1_622' title='bbox 2807 4877 3016 4941; x_wconf 75' lang='lat' dir='ltr'><strong>Basilii,</strong></span> <span class='ocrx_word' id='word_1_623' title='bbox 3055 4892 3174 4947; x_wconf 75' lang='lat' dir='ltr'><strong>qua:</strong></span> <span class='ocrx_word' id='word_1_624' title='bbox 3222 4874 3333 4930; x_wconf 88' lang='lat' dir='ltr'><strong>sola</strong></span> <span class='ocrx_word' id='word_1_625' title='bbox 3386 4877 3639 4930; x_wconf 88' lang='lat' dir='ltr'><strong>omnibus</strong></span> <span class='ocrx_word' id='word_1_626' title='bbox 3682 4878 3806 4932; x_wconf 81' lang='lat' dir='ltr'><strong>aliis</strong></span> 
     </span>
    </p>
   </div>
   <div class='ocr_carea' id='block_1_92' title="bbox 2263 4968 3806 5037">
    <p class='ocr_par' dir='ltr' id='par_1_92' title="bbox 2263 4968 3806 5037">
     <span class='ocr_line' id='line_1_93' title="bbox 2263 4968 3806 5037; baseline 0.002 -18"><span class='ocrx_word' id='word_1_627' title='bbox 2263 4970 2406 5037; x_wconf 83' lang='lat' dir='ltr'><strong>quod</strong></span> <span class='ocrx_word' id='word_1_628' title='bbox 2455 4968 2793 5037; x_wconf 83' lang='lat' dir='ltr'><strong>propositum</strong></span> <span class='ocrx_word' id='word_1_629' title='bbox 2841 4968 3236 5021; x_wconf 80' lang='lat' dir='ltr'><strong>ostendendum</strong></span> <span class='ocrx_word' id='word_1_630' title='bbox 3283 4969 3578 5032; x_wconf 84' lang='lat' dir='ltr'><strong>antecellit,</strong></span> <span class='ocrx_word' id='word_1_631' title='bbox 3620 4970 3806 5031; x_wconf 83' lang='lat' dir='ltr'><strong>omisi,</strong></span> 
     </span>
    </p>
   </div>
   <div class='ocr_carea' id='block_1_93' title="bbox 2266 5058 3811 5128">
    <p class='ocr_par' dir='ltr' id='par_1_93' title="bbox 2266 5058 3811 5128">
     <span class='ocr_line' id='line_1_94' title="bbox 2266 5058 3811 5128; baseline 0.003 -17"><span class='ocrx_word' id='word_1_632' title='bbox 2266 5069 2551 5127; x_wconf 84' lang='lat' dir='ltr'><strong>propterea</strong></span> <span class='ocrx_word' id='word_1_633' title='bbox 2576 5061 2720 5128; x_wconf 89' lang='lat' dir='ltr'><strong>quod</strong></span> <span class='ocrx_word' id='word_1_634' title='bbox 2766 5060 2833 5113; x_wconf 87' lang='lat' dir='ltr'><strong>ab</strong></span> <span class='ocrx_word' id='word_1_635' title='bbox 2875 5059 3145 5125; x_wconf 86' lang='lat' dir='ltr'><strong>aliquibus</strong></span> <span class='ocrx_word' id='word_1_636' title='bbox 3173 5058 3524 5112; x_wconf 85' lang='lat' dir='ltr'><strong>dubitabatur</strong></span> <span class='ocrx_word' id='word_1_637' title='bbox 3554 5074 3620 5112; x_wconf 87' lang='lat' dir='ltr'><strong>an</strong></span> <span class='ocrx_word' id='word_1_638' title='bbox 3662 5070 3811 5115; x_wconf 82' lang='lat' dir='ltr'><strong>esset</strong></span> 
     </span>
    </p>
   </div>
   <div class='ocr_carea' id='block_1_94' title="bbox 2267 5148 3809 5218">
    <p class='ocr_par' dir='ltr' id='par_1_94' title="bbox 2267 5148 3809 5218">
     <span class='ocr_line' id='line_1_95' title="bbox 2267 5148 3809 5218; baseline 0.001 -17"><span class='ocrx_word' id='word_1_639' title='bbox 2267 5150 2325 5203; x_wconf 85' lang='grc' dir='ltr'><strong>Β.</strong></span> <span class='ocrx_word' id='word_1_640' title='bbox 2354 5150 2551 5204; x_wconf 80' lang='lat' dir='ltr'><strong>Basilii.</strong></span> <span class='ocrx_word' id='word_1_641' title='bbox 2587 5152 2704 5205; x_wconf 82' lang='lat' dir='ltr'><strong>Non</strong></span> <span class='ocrx_word' id='word_1_642' title='bbox 2737 5151 2863 5218; x_wconf 88' lang='lat' dir='ltr'><strong>quia</strong></span> <span class='ocrx_word' id='word_1_643' title='bbox 2887 5164 2985 5217; x_wconf 88' lang='lat' dir='ltr'><strong>ego</strong></span> <span class='ocrx_word' id='word_1_644' title='bbox 3006 5164 3220 5217; x_wconf 84' lang='lat' dir='ltr'><strong>quoque</strong></span> <span class='ocrx_word' id='word_1_645' title='bbox 3244 5148 3449 5215; x_wconf 87' lang='lat' dir='ltr'><strong>aliquid</strong></span> <span class='ocrx_word' id='word_1_646' title='bbox 3473 5150 3622 5203; x_wconf 90' lang='lat' dir='ltr'><strong>dubii</strong></span> <span class='ocrx_word' id='word_1_647' title='bbox 3655 5151 3721 5202; x_wconf 87' lang='lat' dir='ltr'><strong>de</strong></span> <span class='ocrx_word' id='word_1_648' title='bbox 3744 5166 3809 5204; x_wconf 87' lang='lat' dir='ltr'><strong>ca</strong></span> 
     </span>
    </p>
   </div>
   <div class='ocr_carea' id='block_1_95' title="bbox 2270 5236 3812 5306">
    <p class='ocr_par' dir='ltr' id='par_1_95' title="bbox 2270 5236 3812 5306">
     <span class='ocr_line' id='line_1_96' title="bbox 2270 5236 3812 5306; baseline -0.001 -15"><span class='ocrx_word' id='word_1_649' title='bbox 2270 5241 2575 5303; x_wconf 71' lang='lat' dir='ltr'><strong>habuerim,</strong></span> <span class='ocrx_word' id='word_1_650' title='bbox 2610 5240 2855 5298; x_wconf 82' lang='lat' dir='ltr'><strong>minime,</strong></span> <span class='ocrx_word' id='word_1_651' title='bbox 2886 5237 2979 5291; x_wconf 87' lang='lat' dir='ltr'><strong>sed</strong></span> <span class='ocrx_word' id='word_1_652' title='bbox 3013 5239 3137 5305; x_wconf 91' lang='lat' dir='ltr'><strong>quia</strong></span> <span class='ocrx_word' id='word_1_653' title='bbox 3191 5238 3332 5306; x_wconf 91' lang='lat' dir='ltr'><strong>apud</strong></span> <span class='ocrx_word' id='word_1_654' title='bbox 3364 5238 3499 5291; x_wconf 87' lang='lat' dir='ltr'><strong>alios</strong></span> <span class='ocrx_word' id='word_1_655' title='bbox 3520 5236 3812 5291; x_wconf 80' lang='lat' dir='ltr'><strong>dubitaba-</strong></span> 
     </span>
    </p>
   </div>
   <div class='ocr_carea' id='block_1_96' title="bbox 2271 5327 3813 5396">
    <p class='ocr_par' dir='ltr' id='par_1_96' title="bbox 2271 5327 3813 5396">
     <span class='ocr_line' id='line_1_97' title="bbox 2271 5327 3813 5396; baseline -0.001 -17"><span class='ocrx_word' id='word_1_656' title='bbox 2271 5336 2376 5391; x_wconf 89' lang='lat' dir='ltr'><strong>tur,</strong></span> <span class='ocrx_word' id='word_1_657' title='bbox 2412 5330 2560 5383; x_wconf 87' lang='lat' dir='ltr'><strong>nolui</strong></span> <span class='ocrx_word' id='word_1_658' title='bbox 2596 5328 2763 5382; x_wconf 91' lang='lat' dir='ltr'><strong>dubio</strong></span> <span class='ocrx_word' id='word_1_659' title='bbox 2796 5329 2891 5381; x_wconf 92' lang='lat' dir='ltr'><strong>uti.</strong></span> <span class='ocrx_word' id='word_1_660' title='bbox 2928 5328 3049 5381; x_wconf 64' lang='lat' dir='ltr'><strong>Hinc</strong></span> <span class='ocrx_word' id='word_1_661' title='bbox 3078 5337 3254 5380; x_wconf 89' lang='lat' dir='ltr'><strong>autem</strong></span> <span class='ocrx_word' id='word_1_662' title='bbox 3300 5336 3382 5381; x_wconf 84' lang='lat' dir='ltr'><strong>est</strong></span> <span class='ocrx_word' id='word_1_663' title='bbox 3408 5343 3514 5396; x_wconf 83' lang='lat' dir='ltr'><strong>qua</strong></span> <span class='ocrx_word' id='word_1_664' title='bbox 3546 5328 3599 5379; x_wconf 90' lang='lat' dir='ltr'><strong>in</strong></span> <span class='ocrx_word' id='word_1_665' title='bbox 3652 5327 3813 5381; x_wconf 89' lang='lat' dir='ltr'><strong>tertio</strong></span> 
     </span>
    </p>
   </div>
   <div class='ocr_carea' id='block_1_97' title="bbox 2272 5414 3815 5474">
    <p class='ocr_par' dir='ltr' id='par_1_97' title="bbox 2272 5414 3815 5474">
     <span class='ocr_line' id='line_1_98' title="bbox 2272 5414 3815 5474; baseline -0.003 -3"><span class='ocrx_word' id='word_1_666' title='bbox 2272 5432 2458 5474; x_wconf 81' lang='lat' dir='ltr'><strong>contra</strong></span> <span class='ocrx_word' id='word_1_667' title='bbox 2513 5421 2836 5474; x_wconf 88' lang='lat' dir='ltr'><strong>Eunomium</strong></span> <span class='ocrx_word' id='word_1_668' title='bbox 2895 5433 3116 5471; x_wconf 85' lang='lat' dir='ltr'><strong>suorum</strong></span> <span class='ocrx_word' id='word_1_669' title='bbox 3164 5418 3423 5471; x_wconf 87' lang='lat' dir='ltr'><strong>librorum</strong></span> <span class='ocrx_word' id='word_1_670' title='bbox 3471 5416 3665 5470; x_wconf 86' lang='lat' dir='ltr'><strong>beatus</strong></span> <span class='ocrx_word' id='word_1_671' title='bbox 3720 5414 3815 5467; x_wconf 80' lang='lat' dir='ltr'><strong>ille</strong></span> 
     </span>
    </p>
   </div>
   <div class='ocr_carea' id='block_1_98' title="bbox 2280 5500 3819 5575">
    <p class='ocr_par' dir='ltr' id='par_1_98' title="bbox 2280 5500 3819 5575">
     <span class='ocr_line' id='line_1_99' title="bbox 2280 5500 3819 5575; baseline -0.003 -14"><span class='ocrx_word' id='word_1_672' title='bbox 2280 5525 2407 5563; x_wconf 89' lang='lat' dir='ltr'><strong>usus</strong></span> <span class='ocrx_word' id='word_1_673' title='bbox 2434 5519 2529 5562; x_wconf 85' lang='lat' dir='ltr'><strong>cst.</strong></span> <span class='ocrx_word' id='word_1_674' title='bbox 2577 5508 2684 5562; x_wconf 89' lang='lat' dir='ltr'><strong>Cur</strong></span> <span class='ocrx_word' id='word_1_675' title='bbox 2720 5509 2863 5562; x_wconf 85' lang='lat' dir='ltr'><strong>enim</strong></span> <span class='ocrx_word' id='word_1_676' title='bbox 2899 5523 3113 5562; x_wconf 79' lang='lat' dir='ltr'><strong>necesse</strong></span> <span class='ocrx_word' id='word_1_677' title='bbox 3144 5517 3222 5563; x_wconf 87' lang='lat' dir='ltr'><strong>cst</strong></span> <span class='ocrx_word' id='word_1_678' title='bbox 3257 5506 3496 5575; x_wconf 77' lang='lat' dir='ltr'><strong>(inquit),</strong></span> <span class='ocrx_word' id='word_1_679' title='bbox 3540 5504 3585 5558; x_wconf 86' lang='lat' dir='ltr'><strong>si</strong></span> <span class='ocrx_word' id='word_1_680' title='bbox 3618 5500 3819 5556; x_wconf 80' lang='lat' dir='ltr'><strong>ordine</strong></span> 
     </span>
    </p>
   </div>
  </div>
