4122 6326
1092 327 1135 343 -

377 359 486 423 £09

1284 341 1381 401 ns
1423 336 1936 400 raocsssxox's
1978 332 2340 393 SPlBlTUS
2387 312 2693 391 SAXCTI.

3496 325 3598 387 HO

376 480 443 518 ac
488 459 751 531 d’gnitatc
805 428 999 511 tertius
1043 460 1128 507 est
1159 432 1419 521 Spiritus,
1470 457 1665 503 natura
1700 458 1930 515 quoque
1964 456 2004 507 Α
2035 440 2179 495 anui]
2237 442 2294 494 in
2347 454 2552 510 papyro
2586 446 2713 493 ante
2768 450 2863 491 ccc
2910 420 3083 493 annos
3134 433 3436 501 scriptum:
3484 445 3603 489 crat

378 555 558 623 ipsum
599 550 821 604 tertium
872 545 1033 600 esse?
1065 542 1335 612 Dignitate
1374 554 1607 608 namque
1646 539 1822 606 ipsum
1854 550 1937 589 sc-

380 641 623 695 cundum
664 653 787 694 esse
817 655 845 690 a
877 633 1045 695 Filio,
1066 646 1189 687 cum
1230 632 1298 685 ab
1332 631 1449 698 ipso
1477 642 1601 683 esse
1633 627 1853 685 habeat,
1883 633 1938 677 et

283 740 298 745 ’
381 734 453 788 ab
477 733 599 801 ipso
632 729 889 792 accipiat,
911 736 969 781 et
999 724 1291 778 aununtiet
1326 720 1503 781 nobis,
1536 728 1590 773 et
1616 719 1839 773 omnino
1870 716 1938 770 ab

381 824 477 877 illa
506 814 667 889 causa
701 818 1025 888 dependeat,
1052 803 1269 885 pietatis
1307 811 1634 879 ratiotradit
1671 826 1686 863 :
1720 808 1941 877 Capitur

380 926 543 964 causa
570 906 1001 981 prglrincipio,
1037 912 1320 956 cantatum
1354 916 1473 954 vero
1508 915 1605 968 pro
1630 914 1711 960 eo,
1740 898 1876 965 quod
1905 914 1938 950 α

362 1002 640 1075 principio
681 1008 777 1061 est,
811 1007 861 1050 et
900 1012 1002 1049 non
1037 1002 1093 1047 ut
1121 1009 1305 1057 causa,
1338 1000 1385 1044 et
1416 998 1693 1044 cantatum
1734 988 1939 1041 limita-

384 1095 583 1143 tionem
629 1091 921 1158 important
955 1094 1109 1154 prout
1152 1083 1333 1138 Latini
1359 1084 1622 1150 accipiunt
1659 1096 1777 1133 cum
1807 1078 1939 1131 talia

386 1188 652 1232 removent
693 1194 726 1229 α
760 1176 973 1239 divinis,
1008 1172 1168 1227 veluti
1198 1170 1642 1241 imperfectionem
1674 1167 1939 1220 sonantia.

388 1270 691 1341 Dependet:
731 1276 936 1339 quoque
966 1266 1193 1319 sumitur
1246 1280 1337 1331 pro
1382 1261 1682 1330 accipiendo
1721 1274 1851 1319 esse,
1892 1266 1941 1309 et

386 1377 492 1414 non
520 1370 575 1414 ut
601 1367 749 1413 notat
786 1356 1114 1411 easenliulem
1153 1347 1533 1409 distinctionem
1574 1359 1728 1419 prout
1764 1348 1943 1401 Latini

386 1452 676 1520 accipiunt,
720 1465 835 1501 eum
878 1448 1027 1513 aiunt
1072 1445 1274 1497 nullam
1321 1446 1374 1495 in
1411 1436 1943 1509 Deo‘dependentiam

389 1540 682 1610 ponendam
699 1549 912 1609 propter
926 1537 1116 1591 divina:
1130 1534 1366 1587 essentia:
1383 1532 1635 1584 unitatem
1658 1526 1946 1583 summum}

388 1629 506 1683 Bne
538 1628 702 1696 igitur
732 1626 1019 1679 omisimus
1050 1625 1103 1677 in
1144 1619 1449 1691 dogmatico
1474 1627 1662 1672 nostro
1695 1630 1945 1696 sermone

389 1732 619 1788 ponere.
649 1718 726 1771 Ita
770 1731 902 1773 vero
940 1728 1044 1783 ego
1093 1724 1242 1766 certe
1293 1722 1451 1765 teneo
1482 1709 1539 1763 S.
1575 1708 1757 1765 Basilii
1805 1686 1946 1759 lianc

2040 534 2191 584 cnim
2229 532 2284 583 in
2318 530 2423 583 line
2456 539 2670 597 tempus
2687 534 2954 582 notatum,
2979 538 3045 577 ex
3068 538 3177 591 quo
3198 531 3343 576 certe
3366 522 3603 576 habetur

2039 629 2249 673 tantum
2274 620 2536 685 temporis
2569 614 2896 686 pra‘teriisse
2920 613 2990 666 ab
3020 597 3138 681 ejus
3167 613 3443 666 initioact
3469 612 3597 666 libri

2037 711 2213 763 adhuc
2247 716 2488 767 exstant,
2523 696 2628 759 nisi
2665 715 2953 777 postquam
2987 717 3083 755 eos
3119 703 3548 771 publicaverint,
3572 718 3601 755 e

2037 802 2219 855 medio
2266 798 2463 853 sublati
2514 797 2737 850 fuerunt
2774 794 2843 846 ab
2873 792 3000 851 illis.
3040 794 3133 861 qui
3186 791 3370 844 omnia
3410 800 3600 842 contra

2038 906 2191 944 suam
2247 889 2488 959 ipsorum
2526 886 2756 940 salutem
2803 884 3189 937 machinantur
3229 898 3243 935 :
3281 881 3398 934 haec
3439 880 3603 934 ambo

1994 1024 1997 1033 .
2040 981 2116 1035 uti
2142 994 2241 1035 nos
2276 979 2632 1049 allegauintus
2665 975 2940 1033 habebant
2980 975 3153 1026 sancti
3192 974 3448 1027 doctores
3498 986 3603 1026 au-

2039 1070 2347 1124 ctoritatem
2386 1068 2723 1136 inscriptam.
2760 1063 2989 1128 Quidam
3013 1072 3190 1115 autem
3225 1061 3390 1114 animi
3426 1060 3605 1114 audax
3654 1126 3655 1129 η

2040 1161 2351 1217 audacioris
2366 1160 2530 1213 etiam
2564 1173 2780 1223 manus,
2805 1172 2833 1211 a
2853 1156 3184 1209 membranis
3206 1153 3433 1221 quidem,
3453 1154 3603 1207 ferro

2042 1251 2324 1304 veritatem
2357 1248 2581 1311 delevit,
2609 1261 2920 1316 quanquam
2948 1244 3083 1297 nihil
3108 1243 3156 1296 'ei
3180 1243 3458 1295 temeritas
3481 1256 3606 1305 pro-

2044 1338 2168 1402 l’uit,
2205 1354 2331 1394 cum
2373 1346 2430 1390 et
2454 1336 2609 1389 locus
2639 1349 2846 1388 vacuus
2884 1347 3128 1394 manens,
3169 1341 3223 1384 et
3271 1329 3601 1399 syllabarum

2042 1429 2365 1497 medietates
2401 1427 2580 1482 adhuc
2628 1427 2973 1487 exsistentes,
3011 1432 3067 1477 et
3131 1422 3275 1475 illius
3321 1420 3601 1474 audaciam

2044 1527 2326 1580 accusent,
2358 1526 2416 1572 et
2455 1521 2738 1571 veritatem
2787 1515 3144 1568 nihilominus
3187 1512 3494 1565 ostendant.
3542 1509 3601 1563 lu

2044 1617 2286 1681 papyreo
2339 1609 2789 1673 vero_volumlne
2837 1614 3153 1659 atramento.
3187 1602 3603 1671 perfusotmam

2046 1703 2194 1773 illam
2224 1710 2433 1784 partem
2479 1701 2717 1768 operuit,
2755 1714 2873 1766 qum
2916 1698 3120 1749 dicitur
3147 1696 3214 1748 ab
3236 1709 3303 1749 eo
3348 1705 3603 1761 tanquam

392 1823 517 1861 esse
556 1807 960 1869 auctoritatem,
1013 1802 1477 1873 quemadmodum
1535 1810 1589 1855 et
1647 1799 1781 1851 alios
1828 1798 1948 1867 ejus
1979 1790 2018 1842 Β
2048 1806 2078 1846 a
2115 1809 2278 1848 causa
2316 1794 2647 1862 dependere.
2672 1791 2741 1845 At
2772 1789 3119 1858 postaliqunt
3140 1800 3335 1849 annos,
3365 1800 3490 1838 cum
3518 1783 3605 1835 hic

391 1907 584 1953 contra
612 1898 939 1952 Eunomium
980 1886 1404 1967 librosaquibns
1437 1903 1618 1945 autem
1641 1890 1944 1945 rationibus

393 1995 456 2041 tu
488 2002 705 2057 quoque
744 1986 955 2041 audias.
979 1985 1116 2039 Cum
1149 1985 1201 2037 in
1236 1983 1337 2051 hac
1378 1982 1585 2053 synodo
1624 1990 1812 2035 nostra
1852 1995 1948 2035 sex

395 2070 545 2126 inter
574 2086 676 2125 nos
702 2070 977 2126 volumina
1009 2069 1174 2145 hujus
1198 2064 1383 2138 operis
1399 2068 1587 2123 contra
1618 2067 1945 2133 Eunomium

393 2162 727 2217 haberemus"
772 2171 1007 2230 quatuor
1064 2160 1119 2214 in
1170 2158 1501 2213 membranis
1543 2158 1945 2225 antiquissima,

392 2265 626 2319 quorum
688 2251 788 2303 tria
844 2249 1065 2319 quidem
1115 2238 1486 2319 Hitylenensls
1545 2245 1944 2315 archiepiscOpi

390 2348 570 2394 erant.
610 2338 872 2405 Quartum
905 2338 1245 2401 Latinorum,
1288 2338 1398 2390 duo
1450 2351 1579 2391 vera
1625 2338 1677 2389 in
1713 2336 1944 2404 Papyro,

384 2428 627 2499 quorum
659 2443 825 2482 unum
858 2426 1195 2482 serenissimi
1228 2411 1752 2493 eratimperatoris,
1796 2424 1943 2477 aliud

391 2516 831 2572 reverendissimi
906 2515 1269 2583 patriarchae,
1314 2512 1459 2581 quod
1517 2526 1545 2562 a
1614 2510 1946 2562 monasterio

390 2608 866 2677 Xanthopnlorum
905 2604 1196 2660 commodo
1224 2604 1498 2677 accipiens
1546 2613 1730 2657 aecum
1764 2612 1948 2670 porta-

393 2709 572 2754 verat.
612 2698 879 2765 Quorum,
916 2696 1162 2764 inquam,
1198 2709 1290 2748 sex
1316 2692 1655 2747 voluminum
1688 2693 1947 2760 quinque

392 2791 477 2844 ita
512 2789 784 2842 habebant
810 2787 949 2841 hanc
975 2786 1379 2847 auctoritatem,
1412 2784 1489 2838 uti
1518 2798 1617 2853 ego
1648 2797 1791 2835 nunc
1821 2782 1943 2836 alle-

395 2878 547 2949 gavl.
582 2875 847 2931 Videlicet
889 2876 980 2942 qui
1012 2875 1078 2928 ab
1125 2876 1263 2944 ipso,
1298 2873 1402 2927 hoc
1434 2883 1535 2937 est,
1576 2871 1711 2926 Filio
1753 2873 1950 2926 habeat

397 2984 525 3024 esse
554 2968 809 3037 Spiritus,
841 2978 897 3021 et
918 2968 991 3021 ab
1015 2981 1080 3019 eo
1108 2975 1363 3034 tanquam
1396 2979 1602 3018 acausa
1623 2962 1950 3032 dependeat.

399 3060 583 3117 Unum
612 3075 741 3113 vero
772 3050 1235 3125 duutaxatfquod
1276 3054 1532 3109 videlicet
1555 3056 1696 3125 apud
1722 3056 1951 3123 patriar-

397 3151 560 3206 cbam
590 3148 728 3213 erat,
762 3149 863 3202 hac
891 3147 1213 3202 auctoritate
1250 3145 1489 3205 carebat.
1528 3145 1579 3197 in
1623 3141 1951 3212 quibusdam

396 3244 655 3312 partibus
680 3242 797 3311 ejus
822 3235 1170 3302 diminutum,
1195 3238 1249 3290 in
1268 3234 1591 3305 quibusdam
1619 3234 1956 3303 superabun-

403 3333 567 3395 dans,
596 3339 761 3400 prout
788 3328 1148 3397 corruptoris,
1164 3326 1476 3394 quicunque
1498 3323 1588 3377 ille
1607 3323 1774 3375 fuerit
1806 3334 1957 3372 mens

403 3430 463 3477 et
505 3435 694 3474 manus
724 3419 914 3480 voluit,
950 3415 1169 3471 domum
1201 3422 1323 3482 post
1360 3412 1693 3467 celebratum
1741 3422 1954 3462 sacrum

409 3509 729 3574 concilium,
765 3518 817 3565 et
844 3515 1094 3563 nostrum
1124 3506 1189 3557 ad
1220 3504 1410 3557 urbem
1440 3496 1958 3564 Constantinopoli-

409 3609 594 3655 tanam
618 3588 877 3661 reditum,
900 3611 1023 3651 cum
1049 3593 1518 3662 proposuissemus
1532 3602 1722 3641 omnes
1743 3586 1955 3649 illorum

402 3703 689 3743 sacrorum
748 3688 991 3741 locorum
1052 3683 1410 3736 bibliothecas
1463 3688 1575 3731 tum
1624 3677 1784 3746 hujus
1830 3675 1954 3728 libri

401 3779 582 3833 aaneti
618 3776 821 3839 Basilii,
863 3783 975 3827 tum
1014 3773 1241 3824 aliorum
1280 3768 1449 3837 gratia
1478 3767 1775 3836 inquirere,
1811 3782 1958 3833 (ιιιιυ-

404 3884 627 3938 cunque
653 3881 787 3921 nova
817 3865 1095 3918 volumina
1131 3846 1311 3929 reperi
1343 3870 1465 3928 post
1484 3858 1624 3911 hanc
1657 3858 1962 3911 contentio-

401 3974 535 4015 nem
567 3960 764 4026 scripta
802 3955 1050 4010 omnia...
1083 3951 1338 4022 praedicta
1382 3951 1705 4004 auctoritate
1756 3946 1959 4016 reperi.

399 4054 751 4115 Quaecunque
806 4048 937 4098 vero
985 4042 1296 4112 antiquiora
1349 4048 1528 4102 erant,
1571 4047 1625 4092 et
1673 4046 1960 4107 antequam

398 4143 543 4217 hoc.
568 4140 770 4195 bellum
820 4140 1081 4198 oriretur,
1138 4135 1340 4201 scripta
1374 4135 1489 4185 haec
1556 4146 1687 4184 vero
1736 4146 1865 4183 sana
1909 4138 1964 4199 et

403 4212 622 4302 integra
642 4246 767 4286 cum
798 4231 1121 4283 auctoritate
1148 4224 1401 4294 pradicla
1430 4234 1673 4286 manent,
1704 4239 1825 4293 quae
1854 4212 1961 4277 non

403 4327 667 4395 pauciora
714 4332 861 4384 sunt,
899 4334 1061 4390 quam
1091 4320 1179 4373 illa
1212 4332 1333 4386 quae
1364 4332 1521 4385 passa
1582 4316 1802 4369 fuerant
1844 4331 1965 4369 cor-

2048 1887 2189 1940 liber
2237 1885 2289 1938 in
2340 1898 2535 1965 manus
2573 1884 2855 1936 incidisset
2892 1882 3038 1934 illius
3066 1865 3604 1955 sapieiitissiniia'iri

2050 1973 2597 2043 Deinetrii‘Cydonii,
2634 1974 2935 2026 auctoritas
2982 1970 3243 2037 praedic'a
3274 1968 3615 2035 reintegrata

2046 2074 2150 2120 est.
2186 2065 2283 2117 Ille
2312 2066 2457 2116 enim
2486 2076 2606 2115 eam
2632 2066 2848 2128 propr;a
2884 2073 3044 2110 manu
3082 2057 3137 2109 in
3170 2058 3410 2123 margine
3458 2052 3605 2121 illius

2048 2156 2174 2208 libri
2211 2154 2489 2220 asrripsit,
2535 2162 2590 2204 et
2620 2150 2900 2202 audaciam
2942 2145 3285 2213 corniploris
3321 2144 3481 2211 digne
3513 2160 3637 2197 rc-,
3698 2208 3703 2219 λ

2047 2244 2343 2316 prehendit
2376 2259 2389 2294 :
2428 2241 2483 2293 in
2511 2252 2713 2294 tantam
2754 2239 3042 2297 insaniam,
3073 2235 3318 2288 tenebras
3358 2243 3412 2286 et
3452 2235 3609 2301 igno-

2050 2338 2289 2389 rantiam
2321 2344 2544 2386 nostros
2575 2327 3054 2399 llmtlinﬁs‘pt’pulll
3079 2340 3267 2387 eorum
3299 2327 3599 2380 contentio.

2048 2425 2252 2479 Deinde
2287 2425 2466 2477 dicere
2502 2424 2720 2479 audent,
2757 2419 2899 2486 quod
2933 2416 3131 2474 Latini.
3178 2429 3601 2484 nostrorumque

2049 2514 2279 2575 Veccus,
2325 2521 2381 2565 et
2406 2511 2520 2570 alii,
2559 2510 2650 2577 qui
2678 2498 2907 2559 Latinos
2946 2507 3121 2558 secuti
3155 2506 3602 2565 fuerunt,'librns

2048 2604 2416 2673 corruperint,
2457 2601 2759 2670 prasertim
2782 2614 2904 2653 cum
2936 2598 3232 2651 auctoritas
3256 2598 3367 2649 hsce
3391 2602 3600 2650 tantum

2050 2707 2327 2760 ornatum,
2364 2703 2567 2748 tantam
2627 2693 2855 2763 gratiam
2888 2699 2945 2744 et
2970 2690 3332 2757 eloquent‘am
3367 2689 3605 2743 At-icam

2054 2789 2390 2860 pmseierat,
2412 2796 2470 2841 ut
2498 2798 2608 2840 non
2634 2784 2794 2837 modo
2821 2782 3041 2835 Latinos
3057 2782 3259 2849 aliquid
3282 2782 3461 2834 simile
3479 2798 3600 2834 rum

2054 2889 2203 2933 tanta
2253 2876 2424 2948 gratia
2472 2876 2528 2931 in
2589 2874 2761 2941 lingua
2816 2872 3097 2940 peregrina
3146 2881 3201 2923 et
3265 2870 3451 2924 Grzrca
3496 2886 3602 2922 non

2055 2986 2215 3041 posse
2247 2979 2577 3037 componere
2616 2985 2637 3023 :
2665 2964 2760 3020 sed
2786 2976 2961 3032 neque
2982 2956 3199 3015 Graecos
3221 2962 3440 3029 quidem
3463 2977 3615 3028 prro

2060 3060 2340 3129 teripsum
2371 3058 2652 3110 Basiliam.
2686 3053 2898 3107 Latinis
2930 3051 3134 3105 etenim
3163 3050 3349 3118 lingua
3384 3050 3605 3117 propria

2059 3162 2370 3218 generaque
2403 3145 2624 3200 dicendi
2650 3161 2679 3199 a
2707 3144 2917 3198 nostris
2950 3143 3167 3195 diversa
3218 3141 3610 3213 impedimento

2057 3246 2210 3311 sunt,
2246 3252 2312 3291 ne
2334 3236 2540 3303 aliquid
2570 3237 2644 3289 ita
2670 3246 2865 3287 ornate
2884 3233 2938 3285 in
2966 3240 3147 3284 nostra
3166 3231 3353 3299 lingua
3375 3225 3614 3283 conscri—

2057 3329 2187 3383 bant
2226 3343 2240 3380 :
2287 3326 2747 3397 quemadmodum
2803 3324 2969 3378 etiam
3008 3326 3214 3376 nostris
3276 3321 3610 3389 impossibile

2057 3430 2141 3475 est
2169 3419 2373 3487 aliquid
2412 3419 2608 3487 aequali
2638 3418 2810 3482 gratia
2865 3425 2922 3469 et
2963 3422 3183 3476 ornatu,
3219 3424 3382 3479 atque
3433 3412 3609 3465 Latini

2060 3508 2115 3572 in
2176 3509 2356 3575 lingua
2416 3508 2607 3559 Latina
2685 3504 2954 3565 scribere,
2994 3510 3479 3569 quantumcunque
3527 3500 3611 3551 vel

2059 3597 2231 3651 Graeci
2263 3596 2316 3648 in
2338 3595 2556 3659 Latina,
2591 3594 2677 3646 vel
2708 3592 2887 3645 Latini
2916 3591 2970 3642 in
3010 3591 3194 3643 Graca
3222 3590 3405 3656 lingua
3433 3588 3613 3655 profe-

2060 3689 2258 3744 eerint.
2288 3687 2457 3755 Cujus
2494 3686 2573 3739 rei
2610 3694 2722 3737 tum
2756 3683 2882 3751 ego,
2912 3691 3027 3734 tum
3060 3680 3152 3756 alii
3186 3681 3252 3732 de
3284 3681 3490 3733 nostris
3512 3678 3614 3731 'di-

2060 3778 2148 3847 gni
2166 3790 2353 3831 sumus
2382 3785 2569 3837 testes,
2600 3772 2691 3841 qui
2718 3770 2965 3824 Latinam.
3020 3776 3296 3835 nteanque
3323 3770 3613 3823 mediocri-

2062 3880 2145 3924 ter
2177 3867 2537 3935 intelligimus
2569 3866 2836 3929 linguam,
2870 3862 2945 3914 nil
2986 3868 3164 3913 tamen
3185 3860 3330 3927 quod
3357 3868 3610 3912 ornatum

2062 3959 2366 4027 Latineque
2398 3956 2760 4027 compositum
2792 3952 2885 4013 sit,
2917 3950 3159 4005 scribere
3184 3964 3427 4018 possum.
3454 3951 3612 4004 Clare

2065 4054 2248 4120 itaque
2280 4057 2435 4119 patet
2455 4048 2549 4117 qui
2591 4046 2782 4099 modos
2812 4043 3057 4102 dicendi.
3082 4045 3303 4113 stylum,
3349 4046 3614 4111 eloquen-

2066 4147 2223 4205 tiam,
2259 4150 2315 4196 et
2351 4139 2454 4193 alia
2482 4138 2727 4203 indicare
2758 4136 2939 4190 sciunt
2962 4135 3135 4203 ipsius
3178 4132 3386 4196 Basilii,
3416 4142 3471 4186 et
3496 4133 3617 4200 ejus

2064 4239 2265 4293 limata:
2308 4233 2506 4303 lingua:
2540 4232 2679 4283 hanc
2713 4231 3123 4290 auctoritatem,
3152 4237 3209 4280 et
3249 4226 3444 4279 nullius
3476 4226 3615 4279 alte-

2067 4325 2185 4378 rius
2216 4337 2358 4377 esse.
2404 4321 2667 4376 Praeterea
2698 4332 2821 4370 cum
2859 4314 3061 4370 Veccus
3101 4315 3289 4384 paucis
3314 4324 3436 4368 ante
3464 4316 3619 4367 annis

403 4413 739 4479 raptionem.
784 4409 841 4463 In
868 4407 1066 4477 quibus
1102 4406 1263 4460 etiam
1317 4403 1518 4473 aliquid
1588 4406 1783 4472 reperi,
1818 4406 1960 4473 quod
1996 4419 2039 4472 ι)
2067 4412 2253 4474 fuerit,
2285 4409 2413 4462 libri
2444 4422 2573 4461 vero
2600 4407 2767 4459 multo
2803 4421 2869 4460 co
2905 4407 3242 4472 antiquiores
3265 4406 3394 4467 sint,
3428 4405 3615 4458 falsam

402 4512 468 4558 et
490 4500 862 4577 plangendum
894 4500 1077 4562 simul,
1102 4506 1158 4551 et
1188 4497 1494 4550 mirandum
1520 4506 1622 4549 est.
1658 4496 1964 4561 Mirandum

379 4585 660 4664 ‘quidem,
691 4594 734 4647 si
768 4595 892 4661 Quis
912 4592 1099 4645 volens
1133 4590 1375 4644 adhaeret
1398 4589 1530 4642 falso
1565 4588 1679 4655 ipse
1714 4587 1843 4640 illud
1870 4585 1967 4638 [in—

403 4702 567 4758 gens,
611 4696 665 4739 et
693 4668 993 4753 praisertim
1025 4684 1310 4735 veritatem
1355 4679 1603 4741 celando,
1640 4692 1763 4731 cum
1811 4677 1966 4729 intel-

407 4781 589 4833 lectus
629 4774 948 4827 naturaliter
977 4773 1266 4825 veritatem
1306 4769 1505 4822 habeat
1558 4784 1655 4835 pro
1700 4768 1913 4835 objecto
1952 4783 1963 4816 :

412 4866 779 4939 plangendum
807 4862 957 4929 vero,
990 4861 1133 4931 quad
1165 4861 1330 4927 aliqui
1358 4862 1467 4912 sint
1497 4860 1567 4909 ita
1596 4856 1718 4908 ﬁdei
1767 4858 1967 4909 verita-

408 4975 526 5019 tem
558 4958 993 5030 parviiacientes,
1022 4953 1141 5007 sine
1163 4966 1269 5019 qua
1306 4956 1391 5003 est
1426 4948 1762 5015 impossibile
1793 4946 1967 4998 homi-

412 5070 541 5110 nem
567 5052 770 5107 salvum
805 5047 943 5111 ﬁeri,
977 5054 1189 5098 ut‘non
1222 5041 1396 5094 solum
1432 5039 1549 5107 ejus
1600 5036 1968 5103 investigatio-

409 5161 546 5202 nem
570 5148 938 5203 contemnant,
966 5149 1157 5191 rvernm
1195 5132 1359 5186 etiam
1391 5132 1516 5184 cuin
1544 5130 1687 5182 clare
1710 5136 1966 5197 appareat
2004 5154 2005 5157 η

408 5253 538 5293 eam
562 5238 758 5300 celare,
784 5230 1093 5300 opprimere
1150 5236 1311 5294 atque
1339 5228 1649 5291 pervertere
1676 5230 1965 5271 conentur.

410 5328 534 5382 Hoc
556 5338 739 5379 autem
777 5324 882 5378 tale
917 5314 1195 5390 quid'erat
1218 5322 1324 5368 una
1356 5327 1477 5367 cum
1498 5309 1619 5363 aliis
1648 5309 1788 5361 duos
1803 5308 1966 5363 etiam

409 5417 679 5489 quosdam
716 5417 884 5468 libros
912 5412 1084 5467 sancti
1124 5408 1303 5461 Basilii
1348 5402 1547 5459 oiiendi
1598 5400 1739 5469 apud
1781 5415 1967 5453 mona-

407 5512 644 5570 sterium
660 5503 1178 5562 ChristiSalvatoris
1196 5498 1537 5565 PantepOpti,
1572 5509 1737 5547 unum
1769 5494 1820 5546 in
1852 5510 1969 5562 per-

408 5616 649 5678 gameno
689 5595 1153 5677 antiquissimum,
1191 5601 1247 5643 ut
1279 5583 1585 5649 videbatur,
1622 5586 1811 5654 quanti
1839 5598 1968 5637 vero

412 5696 681 5767 temporis
709 5693 919 5763 ignoro,
950 5701 1058 5741 non
1096 5686 1239 5739 enim
1266 5693 1383 5739 erat
1414 5695 1589 5735 annus
1632 5680 1924 5745 inscriptus
1952 5694 1963 5729 :

2067 4502 2209 4555 hanc
2238 4496 2668 4557 accusationem,
2715 4505 2770 4549 et
2806 4510 2999 4548 vanum
3050 4493 3315 4569 refugium
3363 4493 3615 4561 probant.

2067 4593 2199 4645 Item
2229 4592 2333 4643 hoc
2364 4590 2504 4642 idem
2530 4586 2751 4641 aliunde
2788 4586 3073 4655 probatur.
3107 4585 3195 4639 Vir
3226 4586 3444 4653 quidam
3473 4585 3616 4652 apud

2069 4684 2293 4737 Latinos
2322 4681 2569 4734 maximae
2600 4675 2989 4746 reputationis,
3019 4674 3210 4745 Hugon
3239 4678 3459 4728 nomine
3485 4678 3620 4727 anti-

2067 4788 2231 4841 quus,
2255 4781 2310 4827 et
2339 4773 2498 4838 longe
2528 4779 2657 4823 ante
2678 4778 2921 4835 tempora
2950 4776 3155 4829 nostra,
3178 4766 3442 4832 praeteriti
3491 4776 3619 4816 sunt

2068 4845 2302 4929 namque
2336 4863 2450 4914 fere
2476 4874 2569 4913 ccc
2596 4858 2747 4919 anui,
2768 4873 2831 4910 ex
2860 4862 2970 4926 quo
2998 4856 3124 4925 fuit,
3161 4870 3283 4906 cum
3305 4855 3370 4906 de
3403 4847 3618 4920 proees-

2066 4955 2220 5007 sione
2262 4950 2500 5019 Spiritus
2524 4948 2698 5002 sancti
2727 4948 2996 5000 scriberet
3024 4964 3037 4998 :
3069 4947 3205 4998 hanc
3233 4947 3395 4998 etiam
3434 4954 3618 4998 auclo-

2069 5044 2284 5098 titatem
2334 5040 2502 5093 sancti
2538 5036 2721 5090 Basilii
2752 5036 2817 5088 ad
2860 5036 3001 5088 hanc
3044 5036 3453 5089 conclusionem
3495 5050 3622 5103 pro-

2068 5130 2299 5183 bandam
2337 5126 2564 5180 inducit.
2610 5122 2724 5177 Hoc
2754 5134 2933 5175 autem
2966 5138 3073 5177 non
3124 5124 3315 5177 Latine
3350 5126 3614 5191 scriptum

2070 5220 2259 5273 videns
2282 5218 2429 5279 dico,
2466 5223 2669 5270 verum‘
2689 5214 2873 5270 Graece
2904 5216 3044 5283 apud
3088 5214 3616 5287 Constantinopolim

2069 5311 2391 5383 iiLquodan}
2423 5309 2561 5363 libro
2604 5307 2814 5371 Graeco,
2844 5323 2950 5360 non
3002 5308 3173 5374 ipsius
3220 5306 3477 5383 llugonis,
3521 5306 3614 5358 scd

2071 5388 2355 5474 cujusdam
2404 5402 2607 5456 Niceta:
2664 5400 3063 5467 archiepiscopi
3095 5382 3615 5461 'l‘bessaloniceusis,

2069 5496 2163 5564 qui
2199 5495 2311 5562 ipsi,
2334 5493 2546 5563 Hugoni
2586 5494 2936 5557 contradicit,
2967 5504 3271 5561 quanquam
3304 5490 3418 5553 ipse
3450 5488 3618 5540 Thes-
3660 5514 3661 5517 η

2070 5588 2426 5658 salonicensis
2451 5587 2592 5639 idem
2619 5573 2740 5639 cuin
2762 5583 2969 5637 Latinis
2999 5582 3263 5648 sapiebat.
3300 5580 3451 5642 Quod
3474 5581 3619 5633 enim

2072 5671 2311 5745 Spiritus
2355 5687 2575 5732 sanctus
2624 5692 2687 5730 ex
2747 5678 2905 5729 Patre
2950 5673 3194 5741 Filioque
3251 5673 3616 5740 procederet,
