4122 6326
580 262 687 333 «ill

1551 273 2053 354 BESSARIQNIS
2078 273 2143 334 Β.
2187 276 2257 336 Β.
2292 275 2360 333 Ε.
2402 276 2864 359 CAR_DINALiS

3698 276 3808 337 412

584 373 864 435 credebat.
910 373 1281 428 contendebat
1326 390 1476 437 vero,
1520 386 1582 431 ut
1620 380 1782 448 vulgo
1813 378 2043 444 dicitur,
2072 380 2138 433 de
2168 386 2211 441 Α
2243 396 2389 434 ream
2416 391 2662 447 catenam
2679 383 2891 435 ordinis
2924 395 3020 433 nos
3042 378 3325 435 docuit.ln
3356 384 3420 437 iis
3450 385 3594 437 enim
3617 395 3807 436 contra

588 465 781 517 umbra
824 464 987 525 asini,
1025 478 1199 532 neque
1236 464 1413 531 ipsum
1445 480 1632 517 verum
1674 481 1931 537 asserens
1973 462 2140 521 licere

591 554 852 625 Symbolo
885 554 1174 617 addi,,rem
1208 570 1417 624 magna:
1449 555 1696 625 piofceto
1723 558 2033 612 devotionis
2086 566 2145 612 et

590 647 891 715 sapientia.
941 659 1005 698 ac
1059 645 1104 700 si
1148 646 1361 700 diceret
1390 661 1501 700 non
1544 658 1805 719 oportere
1856 650 2142 703 veritatem

488 782 497 791 ,
590 735 806 804 publice
848 734 1170 803 pedicare.
1218 735 1343 789 [lac
1387 745 1571 789 autem
1626 736 1844 805 longius
1898 737 2141 799 narravi,

588 826 778 881 volens
810 825 1044 893 probare
1084 823 1258 880 fuisse
1289 827 1513 892 quidem
1558 828 1970 897 corruptionem
1998 828 2055 881 in
2082 828 2146 881 li-

588 917 726 980 bris,
766 931 958 971 verum
1001 931 1111 969 non
1135 932 1164 968 a
1193 914 1405 970 lminis
1432 926 1490 970 ct
1521 917 1740 971 illorum
1791 919 2142 988 sequacibus,

588 1008 682 1062 sed
713 1022 741 1060 e
773 1017 967 1060 contra
994 1021 1027 1058 a
1052 1006 1516 1060 contendentibus
1560 1021 1687 1060 cum
1719 1006 1930 1060 Latinis
1968 1026 1983 1060 :
2021 1022 2143 1059 ror-

589 1097 1007 1165 ruptiouemque
1028 1111 1138 1148 non
1163 1111 1259 1164 per
1277 1094 1614 1149 additionetu
1640 1095 1836 1163 solum,
1854 1096 1949 1151 sed
1977 1096 2145 1149 inter-

590 1188 720 1242 dum
752 1202 848 1256 per
886 1187 1252 1242 minutionem
1288 1187 1485 1241 factam
1534 1187 1722 1241 fuisse.
1750 1186 1830 1240 ita
1858 1198 1919 1241 ut
1964 1186 2148 1240 nullus

590 1278 823 1346 amplius
859 1278 1034 1347 possit
1083 1277 1315 1332 Veccum
1347 1286 1408 1354 et
1471 1276 1678 1330 similes
1725 1292 1977 1340 causare.
2019 1292 2145 1331 cum

591 1370 717 1424 libri
749 1370 923 1424 multo
942 1378 1234 1438 antequam
1265 1368 1431 1424 fuerit
1451 1368 1661 1422 Veccus
1681 1368 1969 1421 veritatem
1999 1370 2147 1421 clare

590 1463 911 1532 probarent.
962 1461 1029 1515 Et
1068 1461 1189 1514 hac
1220 1459 1444 1527 quidem
1488 1474 1517 1511 a
1552 1468 1795 1527 tempore
1825 1458 1900 1512 ita
1924 1458 2147 1511 indubia

589 1561 649 1606 et
674 1567 806 1607 vera
850 1562 981 1606 sunt
1029 1552 1227 1627 signa;
1258 1550 1329 1603 ab
1365 1550 1484 1616 ipso
1502 1549 1664 1603 etiam
1694 1563 1890 1617 genere
1927 1549 2145 1602 dicendi

589 1643 922 1697 suavissimo
946 1650 1005 1694 et
1044 1639 1404 1694 ornatissimo
1441 1639 1578 1708 stylu
1609 1647 1757 1707 patet
1789 1637 1990 1691 nullius
2015 1638 2147 1692 alte-

2255 468 2580 522 Eunomium
2610 470 2955 523 sermonibus
2975 470 3113 531 suis,
3139 470 3402 537 dignitate
3447 485 3681 539 namque
3735 471 3806 522 ait

2251 561 2553 611 secundum
2582 575 2705 612 esse
2738 574 2766 610 a
2799 558 2959 619 Filio,
2984 559 3240 611 videlicet
3263 558 3525 626 Spiritum
3554 568 3804 629 sanctum

2250 662 2373 701 cum
2398 648 2467 700 ab
2502 648 2618 716 ipso
2647 662 2767 701 esse
2815 646 3029 713 habeat,
3060 655 3115 700 et
3160 645 3230 700 ab
3283 647 3403 713 ipso
3461 646 3717 713 accipiat,
3751 651 3808 697 et

2251 739 2539 791 annuntiet
2558 738 2736 801 nobis,
2763 748 2817 790 et
2839 738 3064 791 oinnino
3088 737 3157 789 ab
3188 736 3275 788 illa
3297 749 3458 789 causa
3478 734 3805 802 dependeat,

2249 829 2469 898 pietatis
2502 830 2641 883 ratio
2669 830 2852 882 tradit.
2884 828 3055 899 Hujus
3088 827 3235 881 enim
3297 824 3663 886 aucturitutis,
3699 821 3807 877 etsi

2250 933 2360 971 non
2383 928 2574 983 totam,
2610 922 2820 987 partem
2851 928 3030 973 tamen
3062 916 3355 971 admittunt
3379 914 3574 981 nostri.
3610 924 3809 966 cetera

2251 1007 2650 1069 abscindentes,
2670 1024 2733 1062 ac
2754 1012 2824 1061 ita
2838 1023 2955 1062 eam
2975 1007 3301 1075 allegantes;
3318 1004 3580 1072 dignitate
3603 1004 3807 1053 etetiim

2250 1098 2524 1152 secundus
2548 1112 2714 1152 cssea
2754 1098 2891 1152 Filio
2918 1096 3081 1149 tradit
3100 1095 3332 1148 fortasse
3374 1090 3514 1145 ratio
3565 1090 3805 1160 pietatis,

2249 1191 2513 1244 addentes
2534 1189 2781 1244 fortassis
2816 1199 2875 1243 ut
2906 1190 3209 1243 cntionem
3250 1185 3472 1240 dubiam
3523 1181 3753 1236 reddant
3782 1195 3799 1243 ;

2250 1298 2373 1351 qua:
2395 1280 2646 1335 dubietas
2682 1282 2905 1335 omnino
2934 1280 3110 1334 aliena
3142 1294 3174 1332 a
3204 1285 3388 1331 mente
3417 1275 3593 1330 sancti
3618 1272 3804 1327 Basilii

2252 1390 2350 1443 per
2397 1389 2495 1428 nos
2518 1360 2858 1442 probabitur.
2890 1371 3012 1425 liae
3030 1373 3176 1425 enim
3202 1384 3311 1424 non
3340 1383 3439 1438 per
3468 1365 3807 1434 impossibile

2252 1472 2473 1518 sanctus
2497 1464 2586 1517 ille
2609 1463 2802 1517 doctor
2824 1463 3010 1526 infert,
3038 1460 3499 1529 quemadmodum
3531 1455 3809 1525 aliquibus

2256 1554 2573 1623 ignoranter
2593 1554 2766 1607 visum
2790 1563 2892 1616 est,
2915 1555 3124 1607 scilicet
3146 1564 3206 1607 ut
3223 1566 3405 1606 veram
3427 1560 3628 1609 sancta
3657 1546 3809 1601 Scri-

2254 1654 2447 1712 ptura.
2501 1653 2761 1712 suamque
2797 1644 3106 1712 opinionem
3144 1657 3424 1711 exponens
3460 1638 3808 1701 considerat,

594 1733 711 1786 rius
736 1746 900 1800 quam
945 1730 1127 1784 Basilii
1162 1729 1364 1782 debere
1390 1730 1540 1783 credi
1577 1729 1736 1782 istam
1757 1728 2147 1782 auctoritatem
2181 1731 2222 1784 Β
2251 1736 2396 1804 quod
2426 1750 2662 1804 sequens
2682 1744 2766 1791 est
2794 1737 3015 1789 tertium
3051 1733 3242 1787 οι-ιιίοο
3268 1733 3417 1787 clue
3446 1744 3655 1801 ponens
3684 1728 3807 1796 spi.

589 1835 737 1875 esse.
779 1820 1031 1873 Attamen
1060 1818 1129 1872 ab
1160 1820 1275 1887 ipsa
1308 1819 1472 1873 etiam
1502 1818 1798 1882 sententia,
1823 1826 1881 1871 et
1908 1833 2142 1887 sequen-

594 1912 729 1964 tium
753 1910 820 1964 ad
852 1910 1211 1979 pmcedentia
1242 1923 1493 1962 ronnexu
1526 1908 1577 1962 id
1604 1909 1776 1976 ipsum
1814 1908 1960 1961 clare
1994 1918 2149 1976 pate-

592 1982 707 2066 bit;
747 2004 790 2057 si
822 2004 945 2072 quis
974 2010 1187 2056 attente
1214 1982 1545 2056 consideret.
1572 2000 1707 2055 Cum
1741 2000 2048 2055 Eunomius
2084 2012 2151 2051 ex

590 2108 660 2149 eo
690 2095 834 2161 quod
883 2084 1135 2161 Spiritui
1155 2104 1382 2147 sanctus
1412 2091 1608 2145 tertius
1635 2090 1830 2145 ordine
1858 2090 2152 2160 dignitate-

591 2199 701 2254 que
747 2184 1030 2239 diceretur
1080 2198 1107 2235 a
1155 2182 1485 2253 quibusdam
1538 2181 1880 2244 doctoribus,
1928 2180 2150 2234 tertium

594 2278 761 2332 etiam
822 2291 949 2329 cum
1020 2286 1215 2329 natura
1263 2274 1590 2343 colligeret,
1652 2280 1876 2327 sanctus
1922 2269 2154 2325 Basilius

595 2365 1007 2423 conclusionem
1040 2366 1183 2419 hanc
1216 2378 1363 2433 aegre
1398 2361 1605 2426 ferens,
1632 2360 1811 2415 media
1839 2368 2018 2413 tamen
2040 2372 2153 2412 non

596 2466 780 2527 negat,
803 2456 951 2525 quod
978 2456 1194 2511 scilicet
1212 2453 1457 2524 Spiritus
1496 2461 1725 2507 sanctus
1767 2451 1965 2504 tertius
2006 2456 2154 2504 esset

598 2550 865 2619 dignitate
900 2557 958 2602 et
983 2546 1221 2610 ordine;
1262 2560 1386 2599 nam
1436 2553 1489 2619 et
1521 2544 1566 2597 si
1598 2552 1794 2598 contra
1822 2541 2152 2595 Eunomium

600 2616 866 2700 clamans,
901 2639 1000 2701 ait,
1026 2639 1119 2707 qui
1148 2651 1279 2690 vero
1315 2636 1351 2689 ii
1381 2616 1557 2690 sancti
1608 2634 1838 2698 fuerint,
1866 2643 1924 2687 ct
1950 2633 2004 2686 in
2034 2632 2157 2700 qui-

602 2732 706 2783 bus
744 2744 939 2783 eorum
980 2728 1336 2783 sermonibus
1368 2726 1475 2780 hoc
1496 2727 1810 2786 docuerint,
1834 2723 2021 2777 dicere
2044 2735 2152 2773 nos

602 2821 773 2873 audet
805 2836 824 2872 :
852 2834 962 2872 non
1013 2818 1139 2872 ideo
1171 2819 1277 2871 hoc
1306 2818 1461 2875 dicit.
1488 2816 1615 2883 quia
1647 2822 1847 2882 negant
1890 2810 2177 2880 Spiritum

605 2915 857 2961 sanctum
903 2907 1125 2959 tertium
1176 2905 1369 2959 ordine
1419 2917 1565 2963 esse.
1595 2903 1682 2955 vel
1713 2901 1825 2955 dici
1871 2914 1903 2953 a
1930 2897 2157 2959 sanctis,

606 2993 1071 3064 quemadmodum
1114 2992 1288 3046 nostri
1322 3000 1468 3044 recte
1493 2999 1687 3059 putant
1730 2988 1836 3057 (sic
1865 2988 2015 3041 enim
2049 2985 2159 3039 sibi

604 3053 713 3157 ipsi
739 3087 905 3140 etiam
942 3093 997 3138 ct
1035 3083 1249 3137 veritati
1293 3053 1567 3135 contraria
1596 3053 1986 3146 diceret).'sed
2016 3077 2163 3130 illius
2187 3053 2231 3111 ο

609 3178 980 3232 temeritatem
999 3187 1140 3242 egre
1165 3172 1371 3237 ferens,
1392 3178 1448 3224 et
1468 3170 1872 3225 conclusionem
1908 3168 2050 3221 banc
2072 3180 2164 3221 re-

606 3269 841 3335 pellens,
868 3266 1012 3336 quod
1038 3264 1248 3319 scilicet
1267 3262 1508 3331 Spiritus
1534 3270 1756 3316 sanctus
1775 3261 1967 3315 tertius
1994 3259 2160 3313 etiam

605 3367 750 3413 esset
777 3364 999 3418 natura.
1032 3353 1353 3409 exclamavit
1378 3352 1595 3416 dicens;
1630 3352 1722 3421 qui
1758 3364 1895 3405 vero
1916 3349 1955 3404 ii
1988 3349 2161 3403 sancti

606 3448 831 3513 fuerint,
877 3458 934 3501 et
976 3448 1030 3500 in
1063 3445 1264 3514 quibus
1308 3457 1499 3499 eorum
1548 3442 1897 3496 sermonibus
1934 3440 2037 3494 hoc
2064 3440 2162 3493 do-

607 3541 847 3603 cuerint,
879 3538 1063 3593 dicere
1097 3552 1205 3591 non
1251 3535 1447 3600 audet;
1473 3548 1581 3588 non
1613 3533 1741 3602 quia
1790 3548 1901 3587 non
1957 3531 2164 3586 fuerint

606 3633 702 3703 qui
758 3632 862 3684 hoc
918 3628 1204 3693 dixerunt,
1277 3627 1374 3681 sed
1422 3625 1553 3696 quia
1591 3625 1636 3679 si
1695 3639 1885 3679 eorum
1931 3623 2167 3679 auctori~

609 3735 777 3779 tatem
834 3734 1095 3790 expresse
1152 3719 1470 3788 allegasset,
1538 3716 1824 3770 manifeste
1878 3714 2163 3785 apparuis-

609 3825 694 3871 set
742 3829 852 3868 non
898 3813 1141 3883 potuisse
1196 3810 1340 3864 hanc
1392 3809 1682 3863 absurdam
1728 3808 1882 3875 sequi
1936 3807 2162 3861 conclu—

610 3908 826 3961 sionem
854 3884 924 3957 es
960 3902 1127 3956 dictis
1156 3915 1375 3954 eorum.
1410 3896 1626 3952 Scimus
1679 3898 1887 3950 etenim
1920 3895 2066 3964 quod
2096 3908 2164 3947 ex

613 4012 724 4053 uno
748 3998 911 4050 etiam
947 3992 1234 4055 vocabulo,
1262 3989 1346 4041 vel
1381 3987 1625 4040 dictione
1680 3984 1882 4047 ablata,
1904 3982 2166 4051 superad—

614 4087 725 4139 dita
761 4085 846 4138 vel
902 4082 1203 4152 proposita,
1234 4086 1347 4132 tota
1394 4075 1626 4133 intentio
1672 4082 1837 4144 atque
1895 4074 2165 4127 sententia

614 4175 898 4244 ωτιμιοτίε
961 4182 1241 4237 mutatur;
1290 4182 1347 4228 et
1394 4181 1722 4225 econverso
1747 4180 1872 4220 cum
1930 4164 2165 4218 ﬁdeliter

617 4267 902 4334 allegatur,
930 4262 1075 4319 clare
1101 4276 1255 4317 mens
1280 4262 1398 4331 ejus
1433 4260 1712 4330 probatur,
1748 4258 1821 4312 ita
1853 4265 1910 4311 ut
1936 4258 2059 4309 ’non
2096 4253 2162 4307 li-

2252 1827 2415 1879 ritum
2448 1840 2601 1891 esse;
2639 1828 2861 1880 tertium
2890 1841 3023 1879 vero
3051 1834 3246 1879 natura
3284 1834 3541 1892 tanquam
3574 1824 3805 1894 impium
3860 1886 3881 1893 _

2250 1919 2541 1987 repellens.
2574 1917 2715 1972 Audi
2743 1918 2948 1973 etenim
2988 1932 3111 1983 qua:
3162 1918 3231 1971 ad
3254 1917 3501 1983 ejusdem
3524 1917 3809 1986 probatio-

2251 2025 2375 2063 nem
2403 2009 2536 2063 dicit
2560 2028 2574 2061 :
2604 2008 3075 2074 Quemadmodum
3100 2009 3271 2071 enim,
3298 2008 3493 2077 inquit,
3527 2007 3697 2063 Filius
3715 2024 3808 2061 or—

2251 2098 2379 2169 dine
2404 2099 2628 2179 quidem
2644 2114 2673 2152 a
2701 2099 2863 2154 Patre
2882 2100 3157 2169 secundus
3178 2112 3285 2161 est,
3306 2098 3564 2167 quoniam
3592 2101 3661 2153 ab
3689 2100 3808 2153 illo:

2250 2199 2307 2245 ct
2333 2191 2614 2261 dignitate,
2644 2190 2903 2259 quoniam
2932 2189 3117 2260 origo;
3157 2199 3215 2244 et
3272 2204 3437 2243 causa
3467 2189 3684 2244 cssendi
3704 2190 3755 2243 ei
3780 2229 3799 2254 ,

2250 2299 2373 2338 cum
2395 2283 2516 2353 ejus
2541 2281 2697 2336 Pater
2720 2280 2793 2335 sit
2816 2297 2833 2347 ;
2868 2289 3061 2337 natura
3088 2292 3222 2336 vero
3245 2278 3399 2334 nullo
3422 2280 3586 2334 modo
3609 2294 3811 2334 secun-

2253 2371 2377 2435 dus,
2404 2371 2659 2441 quoniam
2698 2370 2753 2425 in
2787 2380 3021 2438 utroque
3055 2384 3159 2423 una
3191 2382 3276 2424 est
3305 2369 3488 2423 Deitas
3520 2386 3534 2423 :
3610 2368 3682 2422 ita
3714 2370 3806 2422 vi-

2253 2464 2451 2518 delicet
2487 2472 2542 2517 et
2579 2463 2627 2516 si
2658 2461 2921 2532 dignitate
2978 2471 3041 2516 et
3072 2462 3262 2515 ordine
3289 2461 3566 2517 secundus
3614 2474 3643 2514 a
3667 2458 3812 2514 Filio

2252 2532 2358 2617 est,
2428 2567 2535 2606 non
2569 2560 2749 2606 tamen
2800 2552 2990 2608 alienae
3049 2551 3225 2619 ipsum
3293 2561 3651 2605 naturaesse
3684 2551 3813 2603 inde

2256 2653 2640 2711 consequetur.
2669 2642 2765 2695 [iis
2811 2646 2972 2694 etiam
3012 2642 3196 2695 verbis
3228 2642 3399 2716 aliqui
3454 2642 3810 2719 addiderunt,

2257 2747 2567 2802 quanquam
2594 2730 3011 2785 concedendum
3042 2744 3151 2782 non
3179 2732 3289 2783 sit:
3322 2746 3432 2800 quo
3477 2732 3616 2785 nihil
3643 2734 3815 2801 magis

2257 2820 2592 2875 contrarium
2617 2830 2701 2874 est
2727 2818 3017 2897 intentioni
3048 2817 3111 2871 Β.
3138 2818 3343 2880 Basilii,
3367 2820 3461 2887 qui
3487 2819 3542 2872 in
3564 2818 3815 2888 Epistula

2258 2911 2327 2966 ad
2378 2912 2695 2973 cauonicas,
2719 2907 3039 2964 Clarissime
3070 2906 3307 2976 Spiritus
3330 2918 3571 2972 sanctus,
3610 2909 3816 2978 inquit,

2259 3002 2407 3056 Patri
2456 3001 2674 3071 quidem
2712 3014 2769 3056 et
2824 3000 2963 3057 Filio
3016 3011 3460 3066 conuumeratur,
3494 3015 3618 3056 cum
3648 3016 3817 3071 supra

2262 3106 2478 3146 omnem
2505 3102 2811 3146 creaturam
2843 3092 2947 3157 sit;
2984 3092 3177 3147 ordine
3223 3106 3353 3146 vero
3387 3090 3581 3146 tertius
3610 3102 3717 3155 est,
3752 3101 3820 3145 ut

2264 3181 2553 3252 Evangelia
2584 3196 2686 3235 nos
2706 3183 2877 3236 doeen
2896 3192 2936 3246 t,
2978 3181 3207 3235 Domino
3235 3182 3491 3236 dicente:
3538 3180 3733 3235 Eunus
3759 3182 3819 3234 in

2262 3274 2556 3326 uniuersum
2588 3278 2840 3325 mundum
2886 3273 3148 3342 baptizata
3177 3272 3231 3323 in
3276 3272 3483 3323 nomine
3540 3270 3738 3333 Patris,
3762 3281 3818 3325 et

2262 3360 2404 3426 Filii,
2435 3370 2484 3414 et
2533 3361 2759 3431 Spiritus
2788 3365 2987 3418 sancti:
3020 3361 3111 3430 qui
3153 3370 3335 3418 autem
3366 3376 3494 3416 eum
3550 3363 3819 3431 preponit

2263 3452 2420 3520 Filio,
2452 3465 2542 3509 aut
2574 3456 2913 3524 superiorem
2946 3454 3104 3509 Patre
3157 3454 3311 3522 dicit,
3364 3456 3458 3511 hic
3485 3455 3819 3512 contradicit

2265 3548 2357 3601 Dei
2383 3547 2679 3613 traditioni,
2724 3548 2935 3602 alienus
2970 3561 3097 3602 vero
3122 3562 3152 3599 a
3190 3561 3321 3601 sana
3360 3546 3467 3602 ﬁde
3514 3557 3616 3612 est,
3650 3564 3820 3618 quam

2262 3639 2492 3706 accepit,
2526 3638 2855 3692 laudationis
2878 3638 3106 3692 formam
3133 3653 3245 3692 non
3275 3652 3546 3703 servans;
3577 3648 3634 3694 et
3694 3650 3823 3709 post

2264 3742 2432 3795 pauca
2454 3744 2471 3782 :
2490 3725 2667 3792 Quare
2688 3727 2735 3781 si
2761 3726 2885 3795 quis
2903 3728 3049 3781 hunc
3072 3726 3620 3798 ordinempcrvertit.
3645 3729 3821 3798 ipsam

2265 3828 2620 3887 personarum
2684 3818 3058 3872 exsistentiam
3096 3827 3369 3887 totamque
3428 3818 3589 3875 fidem
3637 3830 3821 3891 negat.

2265 3907 2320 3960 Si
2343 3908 2506 3975 igitur
2534 3906 2855 3961 bae‘verba
2903 3907 3201 3962 bcsitantis
3228 3919 3286 3963 et
3331 3909 3632 3965 dubitantis
3675 3913 3825 3967 circa

2264 3995 2510 4049 ordinem
2574 3996 2705 4058 sint,
2763 4003 2820 4050 et
2864 3997 3001 4063 ejus,
3055 4000 3148 4065 qui
3267 4013 3419 4053 suam
3489 4005 3820 4057 sententiam

2263 4084 2367 4140 sub
2432 4084 2636 4145 dubiis.
2683 4093 2740 4139 et
2820 4082 2945 4137 cum
3011 4086 3282 4153 fortassis,
3358 4088 3435 4144 'ct
3501 4105 3817 4160 quanquam

2265 4174 2670 4232 cnncedendum
2728 4192 2837 4231 non
2906 4176 2980 4229 sit
3050 4177 3310 4246 proferat.
3361 4188 3514 4233 tuum
3566 4183 3639 4234 sit
3665 4183 3817 4249 judi-

2265 4264 2433 4328 cium,
2463 4277 2519 4319 et
2546 4265 2801 4328 aliorum,
2836 4265 2927 4332 qui
2956 4266 3089 4319 recti
3112 4264 3331 4333 judices
3355 4276 3506 4330 sunt,
3527 4275 3582 4319 et
3611 4270 3825 4343 aliqua-

620 4368 739 4409 ccat
771 4354 1191 4425 malignantibus
1208 4353 1612 4408 conclusionem
1634 4350 1859 4412 inferre,
1884 4362 2002 4417 qua:
2031 4360 2158 4415 prae-

2275 4368 2432 4411 tenus
2497 4356 2801 4426 intelligant
2852 4359 2960 4409 vim
3040 4356 3337 4418 rationum,
3397 4364 3453 4409 et
3507 4355 3824 4426 dogiuatutn

620 4449 939 4503 cedentibus
1008 4462 1114 4499 non
1184 4446 1494 4499 conveniat.
1548 4442 1727 4508 Quare
1776 4441 1821 4495 si
1872 4438 2169 4493 Eunomius

621 4544 786 4597 etiam
834 4539 1116 4609 allegasset
1146 4538 1523 4590 auctoritatem
1577 4546 1916 4594 sanctorum,
1968 4528 2169 4584 nouli—

619 4634 823 4687 cuissct
850 4633 901 4684 ei
941 4626 1268 4683 concludere
1296 4626 1441 4693 quod
1481 4618 1848 4686 concluserat';
1878 4636 2003 4673 nam
2035 4632 2091 4674 et
2128 4619 2173 4673 si

624 4727 846 4779 tertium
860 4737 983 4778 esse
1012 4721 1275 4789 Spiritum
1299 4728 1542 4772 sanctum
1569 4716 1819 4769 doctores
1845 4712 2172 4775 concedunt,

631 4826 848 4870 teritum
901 4825 1081 4867 tamen
1109 4826 1232 4867 eum
1267 4824 1389 4863 esse
1424 4820 1615 4861 natura
1671 4814 1867 4874 negant
1890 4814 2174 4870 expresse,

630 4923 799 4975 quare
832 4904 1220 4973 malignitatem
1280 4901 1400 4969 ejus
1454 4899 1733 4954 detestans
1761 4895 1970 4957 infert;
2003 4892 2177 4944 fuitne

634 5010 870 5063 unquam
902 4994 975 5046 ita
1000 4990 1321 5046 temerarius
1341 4990 1563 5057 aliquis,
1592 4988 1686 5057 qui
1711 4988 1894 5041 divina
1928 4985 2175 5052 dogmata

636 5092 990 5156 perverteret,
1022 5094 1184 5153 atque
1214 5081 1499 5132 innovaret
1523 5095 1539 5133 :
1564 5089 1623 5155 et
1666 5087 1813 5148 pauet
1843 5076 1991 5146 quod
2024 5074 2175 5129 novi-

635 5185 800 5229 tatem
849 5174 941 5226 bic
998 5171 1243 5223 nominat
1270 5168 1493 5221 tertium
1549 5182 1671 5222 esse
1698 5174 1891 5220 natura
1911 5163 2175 5233 Spiritum

634 5277 901 5326 sanctum,
964 5277 1073 5315 non
1121 5269 1300 5315 autem
1330 5260 1521 5312 ordine
1564 5269 1621 5311 et
1662 5258 1941 5331 dignitate.
1973 5255 2178 5324 Nempe

631 5361 777 5413 enim
830 5356 1069 5423 seipsum
1122 5351 1445 5420 appellasset
1482 5362 1745 5402 novarum
1778 5362 1957 5402 rerum
1987 5355 2179 5400 aucto-

563 5451 571 5459 '
632 5463 767 5508 rem.
807 5458 865 5499 et
909 5445 1012 5500 sibi
1071 5443 1169 5510 ipsi
1201 5441 1469 5494 contraria
1502 5442 1725 5493 diceret.
1756 5439 1874 5507 Ipse
1914 5438 2064 5491 enim
2092 5449 2179 5491 est

630 5543 725 5609 qui
760 5538 1029 5609 pracipue
1063 5535 1223 5588 nobis
1242 5531 1467 5585 credere
1493 5530 1713 5584 tradidit
1741 5530 2007 5598 Spiritum
2047 5546 2173 5583 san-

628 5646 778 5691 ctum
803 5629 1022 5685 tertium
1042 5641 1171 5681 esse
1223 5623 1415 5677 ordine
1444 5633 1498 5676 et
1522 5621 1801 5691 dignitate,
1822 5633 1879 5675 et
1911 5622 2051 5675 banc
2080 5638 2174 5677 aut

2276 4459 2579 4502 veritatem.
2643 4447 2843 4501 Deinde
2890 4462 2996 4500 non
3028 4446 3195 4515 pudet
3241 4461 3338 4501 eos
3388 4454 3550 4501 tanta
3611 4460 3830 4502 contra-

2276 4536 2483 4591 rietatis
2525 4541 2799 4613 sanctum.
2830 4536 3110 4590 doctorem
3182 4552 3464 4601 accusare.
3530 4536 3641 4591 imo
3693 4553 3829 4593 vero

2276 4625 2616 4697 ignorantia,
2634 4628 2683 4682 si
2713 4629 2875 4682 modo
2899 4629 3121 4696 quidem
3158 4629 3379 4683 tertium
3408 4640 3471 4682 ut
3498 4644 3605 4683 non
3634 4628 3831 4683 liceret

2274 4722 2480 4791 absque
2533 4720 2765 4773 crimine
2798 4719 3115 4787 impietatis,
3147 4730 3203 4773 et
3244 4720 3414 4776 totius
3442 4719 3566 4774 ﬁdei
3600 4735 3823 4790 perver-

2275 4806 2484 4860 sionein
2508 4807 2660 4862 hunc
2682 4808 2932 4861 ordinem
2966 4822 3201 4873 mutare,
3231 4810 3393 4864 modo
3420 4809 3668 4866 fortassis
3696 4824 3823 4865 cum

2275 4915 2395 4967 esse
2426 4900 2720 4953 secundum
2748 4916 2777 4953 a
2809 4901 2945 4953 Filio
2967 4901 3133 4963 dicat,
3167 4911 3222 4954 et
3259 4903 3364 4955 alia
3423 4899 3821 4970 hujuscemodi.

2284 4986 2395 5056 Ego
2432 5004 2561 5043 vero
2591 4998 2728 5043 teste
2765 4991 2875 5043 Deo
2905 4991 3077 5042 vicem
3146 5006 3338 5045 eorum
3369 4992 3463 5059 qui
3491 4991 3609 5045 bac
3668 5001 3832 5045 autu-

2277 5092 2428 5133 mant
2472 5080 2631 5133 doleo
2658 5091 2715 5133 et
2743 5090 2842 5149 pro
2872 5080 2954 5133 eis
2987 5094 3069 5131 me
3108 5082 3290 5147 pudet.
3331 5080 3389 5133 Si
3425 5096 3551 5135 vero
3580 5081 3683 5149 ipsi
3718 5095 3829 5136 non

2277 5168 2543 5233 sentiunt,
2564 5172 2759 5223 mirum
2793 5180 2882 5223 est
2915 5170 3175 5237 proiecto.
3198 5168 3355 5234 Quod
3376 5180 3561 5224 autem
3605 5186 3823 5225 omnem

2278 5276 2463 5314 eorum
2514 5260 2903 5329 impudentiam
2944 5267 3191 5320 enervat,
3218 5259 3323 5315 hoc
3355 5269 3460 5325 est,
3484 5262 3629 5328 quod
3660 5263 3716 5316 in
3747 5263 3832 5315 bis

2280 5363 2469 5408 contra
2501 5352 2826 5408 Eunomium
2869 5352 3172 5408 rationibus
3198 5352 3314 5407 suis
3340 5364 3464 5424 post
3495 5358 3665 5409 multa
3698 5372 3829 5411 con-

2282 5445 2510 5499 cludens
2532 5446 2621 5498 hic
2641 5444 2830 5518 doctor
2850 5442 3010 5497 infert
3038 5463 3050 5497 :
3072 5444 3221 5496 lta'et
3247 5444 3483 5516 Spiritus
3501 5457 3723 5501 sanctus
3752 5448 3833 5500 di-

2280 5536 2483 5602 gnitate
2507 5534 2722 5602 quidem
2747 5544 2801 5587 et
2814 5532 3014 5586 ordine
3040 5534 3315 5587 secundus
3344 5546 3465 5604 post
3491 5534 3686 5589 Filium
3710 5544 3832 5598 est;

2281 5624 2587 5695 accepimus
2615 5626 2760 5677 enim
2780 5638 2904 5677 cum
2925 5624 3142 5677 tertium
3166 5639 3195 5676 a
3216 5624 3369 5678 Patre
3395 5634 3451 5677 et
3475 5622 3614 5677 Filio
3642 5638 3839 5680 nuu-
