4122 6326
765 284 869 350 HS

1710 286 2214 349 BESSABIONIS
2241 288 2301 353 s.
2344 290 2418 351 ιι.
2454 290 2524 353 E.
2553 278 3020 359 CARDINALIS

3879 285 3975 349 “6

767 395 924 452 alteri
966 410 1072 450 non
1146 384 1469 462 relinquitur
1560 397 1729 451 locus.
1788 398 1844 453 Si
1929 400 2094 470 igitur
2148 403 2324 470 ipsum
2352 401 2404 463 Α
2430 414 2551 455 mus
2579 401 2874 456 secundum
2902 405 3299 457 meumenicttm
3339 398 3630 459 concilium
3655 400 3971 473 Symbolum

768 488 964 557 degma
1008 484 1200 538 falsum
1250 499 1370 538 esse
1418 485 1791 553 probaremus,
1824 487 1955 542 illud
1984 488 2185 544 addere
2215 505 2321 543 non

771 578 935 633 licere
962 575 1303 641 manifestum
1346 585 1510 636 esset,
1544 590 1644 631 nec
1664 576 2005 644 probandum
2026 570 2191 635 esset.
2215 594 2321 632 non

771 668 936 721 licere
993 666 1123 721 illud
1174 667 1396 719 addere.
1437 656 1616 729 Quare
1644 683 1753 721 uno
1783 668 2083 723 certamine
2145 676 2320 722 totum

774 760 1132 826 perticiemus,
1152 754 1442 827 aiebam,_si
1466 755 1791 825 incipiemus
1819 772 1848 809 a
1866 756 2136 826 dogmate.
2164 757 2326 813 etiam

775 850 907 905 illud
948 850 1141 902 falsum
1178 858 1299 901 esse
1350 847 1579 916 probare
1612 848 1935 916 poterimus.
1963 847 2117 914 Quod
2144 827 2327 903 autem

779 957 882 995 nec
913 943 1083 1009 ipsam
1111 939 1395 993 veritatem
1432 939 1622 993 liceret
1644 939 1847 993 addere
1874 932 2125 1007 probato,
2161 948 2331 994 resta-

774 1032 854 1085 bit
905 1032 1086 1085 adhuc
1115 1030 1301 1098 ipsum
1324 1030 1525 1099 dogma
1560 1045 1826 1083 verumne
1895 1046 1964 1083 an
2028 1029 2224 1083 falsum
2260 1031 2330 1085 sit

775 1123 1022 1191 probare.
1056 1120 1177 1174 lite
1200 1129 1378 1174 autem
1393 1134 1529 1173 cum
1549 1120 1740 1173 dicens
1768 1122 2098 1188 persuadere
2127 1120 2330 1187 nostris

756 1229 883 1266 'tton
921 1214 1243 1281 potuissem.
1277 1212 1487 1266 scilicet
1514 1214 1581 1265 de
1620 1212 1713 1265 illo
1762 1212 1941 1280 primo
1981 1212 2183 1265 vellent
2210 1227 2330 1265 om-

778 1307 910 1360 nino
955 1306 1235 1371 disputare
1274 1319 1289 1368 ;
1331 1313 1618 1372 propterea
1662 1304 1805 1370 quod
1867 1298 2131 1368 putabant
2194 1304 2333 1357 hanc

776 1396 1196 1465 probabiliorem
1232 1405 1461 1461 partem,
1500 1395 1688 1447 volens
1748 1407 1841 1447 eos
1871 1392 2147 1447 dehortari
2180 1412 2193 1447 :
2221 1394 2329 1447 dixi

781 1489 833 1538 in
862 1485 1197 1541 contrarium
1232 1494 1471 1551 quatuor
1510 1484 1751 1537 rationes
1774 1483 2040 1537 duntaxat
2068 1480 2333 1551 pmsente

778 1574 1184 1641 sapientissimo
1204 1567 1531 1638 imperatore
1564 1580 1773 1635 nostro,
1794 1585 1932 1640 quas
1960 1570 2135 1624 Latini
2166 1573 2330 1625 etiam

781 1676 969 1734 postea
1033 1664 1399 1727 adduxerunt,
1456 1678 1699 1731 quasque
1755 1663 1901 1716 inter
1953 1662 2195 1717 rationes
2234 1677 2334 1731 per

2425 484 2698 543 Nicaeuum
2731 491 2783 544 in
2817 492 3065 559 plurimis
3100 501 3338 547 mutasse
3395 492 3595 561 partim
3653 492 3975 550 auferenda.

2428 580 2619 646 partim
2653 580 2925 640 addendo,
2959 596 3066 634 non
3102 580 3297 634 licebat
3318 581 3501 635 dicere
3524 591 3647 636 ante
3678 582 3976 635 secundum

2426 672 2719 724 concilium
2750 672 2893 724 hanc
2923 662 3308 726 inhibitionem
3359 672 3550 726 factam
3586 673 3799 739 fuisse;
3838 672 3981 740 ipsos

2427 762 2627 815 ctenim
2660 771 2876 815 sanctos
2910 762 3096 817 Patres
3126 763 3349 817 secundi
3375 761 3590 817 concilii
3620 762 3980 835 anathematis

2430 855 2552 936 reos
2604 851 2938 909 fecissemus
2968 894 2983 917 ,
3027 856 3119 923 qui
3155 854 3350 922 partim
3400 853 3751 916 addiderunt,
3786 854 3977 920 partim

2428 942 2804 998 diminuerunt
2876 945 3095 1000 Nicaeuo
3175 944 3452 1015 Symbolo.
3536 942 3631 997 His
3697 942 3862 1012 igitur
3918 943 3981 993 ila

2430 1032 2742 1097 declaratis,
2785 1033 3071 1089 condidera
3122 1051 3243 1104 qua:
3272 1049 3337 1088 ex
3382 1034 3451 1087 iis
3514 1049 3634 1102 quae
3675 1032 3982 1101 Ephesium

2428 1125 2810 1192 propositurus
2824 1134 2962 1190 erat,
2987 1126 3420 1179 incomenientia
3442 1125 3830 1192 sequebantur.
3849 1123 3984 1176 Cum

2428 1215 2575 1267 enim
2603 1225 2827 1269 sanctus
2850 1216 3163 1284 Apostolus,
3190 1216 3406 1273 beatus.
3435 1229 3657 1284 quoque
3691 1214 3983 1283 Dionysius

2432 1307 2601 1361 multo
2623 1320 2748 1360 ante
2763 1322 2867 1362 non
2897 1309 3072 1364 solum
3101 1306 3416 1369 secundam,
3443 1305 3536 1359 sed
3567 1307 3729 1359 etiam
3752 1306 3983 1373 primam

2431 1401 2696 1471 synodum
2752 1400 2975 1461 fuerint,
3030 1400 3077 1452 si
3116 1413 3193 1452 ea:
3227 1398 3581 1451 auctoritates
3607 1396 3775 1463 ipsam
3822 1395 3985 1448 ctiam

2431 1491 2715 1545 veritatem
2746 1491 3016 1554 inhibent,
3040 1505 3108 1543 ne
3135 1490 3255 1556 quis
3287 1504 3407 1543 eam
3440 1487 3524 1543 vel
3548 1486 3762 1547 doceat,
3788 1485 3874 1539 vel
3894 1485 3985 1537 ad-

2436 1580 2531 1634 dat
2565 1580 2827 1652 Symbolo
2874 1580 2977 1634 sub
3009 1579 3373 1641 anathemate,
3415 1588 3471 1632 et
3497 1576 3723 1632 secundi
3770 1575 3983 1629 concilii

2435 1672 2625 1726 Patres
2645 1680 2851 1733 essent,
2876 1671 2969 1739 qui
2993 1678 3070 1736 tot
3103 1669 3473 1723 additionibus
3497 1676 3551 1722 et
3594 1666 3986 1721 minutionibus

781 1724 1012 1812 Latinos
1073 1756 1322 1809 inductas
1376 1724 1625 1821 audies;-
1648 1755 1848 1824 quibus
1903 1754 2201 1823 probabam
2234 1724 2336 1808 iet
2365 1724 2405 1783 Β
2437 1724 2633 1816 blicani
2653 1724 3220 1832 concilii-Symbolum
3247 1760 3569 1821 alterarunt,
3590 1768 3648 1810 et
3661 1758 3760 1825 ipsi
3788 1757 3985 1816 Nicen

785 1849 949 1917 hujus
980 1850 1057 1901 rei
1084 1847 1399 1906 falsitatem,
1435 1854 1491 1898 et
1520 1844 1663 1911 quod
1713 1844 2008 1897 ridiculum
2046 1845 2117 1898 sit
2147 1853 2337 1912 putare

782 1940 1067 1992 veritatem
1124 1952 1230 1989 non
1288 1936 1453 1989 licere
1500 1936 1910 2004 addere:quas
1967 1944 2023 1987 et
2056 1937 2102 1990 si
2153 1935 2337 1989 nullus

782 2029 1129 2099 praesentium
1157 2025 1368 2083 solvere
1387 2027 1647 2095 potuerit,
1687 2026 1831 2093 quod
1861 2035 2040 2078 tamen
2060 2025 2335 2088 volebant,

785 2119 887 2173 hoc
938 2128 1272 2180 statuerunt,
1306 2125 1362 2170 et
1419 2130 1519 2185 ego
1582 2117 1876 2186 sequebar,
1909 2116 2092 2169 dicere
2118 2116 2337 2185 quidem

776 2204 903 2277 qua:
933 2209 1253 2278 expedirent
1281 2207 1519 2271 nationi,
1543 2217 1598 2259 et
1630 2208 1822 2275 honori
1851 2208 1993 2277 ejus,
2021 2216 2217 2276 putans
2254 2222 2340 2260 me

782 2302 986 2355 debere
1013 2302 1119 2354 Deo
1144 2308 1201 2355 et
1238 2301 1339 2368 ipsi
1392 2300 1621 2364 nationi,
1676 2298 1874 2352 deinde
1918 2314 2051 2352 vero
2082 2300 2340 2369 majorem

784 2393 992 2463 partem
1052 2394 1207 2462 sequi
1272 2401 1329 2446 et
1379 2406 1488 2445 una
1526 2406 1648 2445 cum
1681 2390 1762 2444 eis
1806 2399 2083 2443 certamen
2128 2390 2337 2443 subire.

784 2485 1127 2553 Sequebatur
1177 2484 1341 2537 etiam
1401 2482 1787 2536 screnissimus
1836 2481 2150 2549 imperator,
2213 2480 2343 2534 licet

782 2577 834 2630 ei
868 2592 974 2630 non
1008 2576 1244 2644 placeret
1298 2575 1400 2629 hoc
1452 2575 1761 2633 consilium.
1816 2573 2023 2625 veritus
2055 2581 2232 2625 tamen
2273 2586 2342 2624 ne

784 2668 911 2734 quis
942 2664 1307 2735 ignorantium
1339 2674 1464 2717 eum
1506 2671 1719 2731 putaret
1746 2662 1852 2712 vim
1877 2661 2112 2728 aliquam
2138 2660 2219 2713 eis
2265 2660 2344 2711 in-

784 2756 949 2810 ferre.
973 2758 1281 2826 lncepimus
1313 2755 1477 2822 igitur
1528 2767 1649 2805 cum
1668 2750 1871 2805 Latinis
1893 2751 2192 2818 disputare,
2217 2764 2344 2816 pro-

785 2846 920 2901 bare
934 2847 1176 2901 scientes
1202 2844 1358 2901 nihil.
1383 2857 1481 2895 nec
1508 2842 1677 2908 ipsam
1698 2841 1977 2891 veritatem
2004 2840 2169 2891 licere
2184 2838 2348 2907 Sym-

787 2935 917 3000 bolo
941 2936 1155 2987 Patrum
1183 2932 1417 2993 addere;
1442 2936 1553 2981 tota
1577 2942 1709 2981 vero
1726 2927 1805 2978 vis
1830 2937 2012 2978 nostra
2035 2927 2088 2979 in
2118 2926 2350 2979 decretis

2434 1855 2649 1909 concilii
2685 1853 2889 1916 Patres,
2925 1853 3015 1922 qui
3069 1866 3180 1923 quo
3208 1859 3332 1905 ante
3366 1864 3462 1903 eos
3501 1848 3759 1902 Ecclesia
3800 1848 3983 1901 uteba-

2438 1954 2529 1997 tur
2586 1942 2905 2014 Symbolum
2946 1941 3219 2011 plerisque
3270 1940 3325 1993 in
3380 1939 3627 2008 partibus
3660 1938 3779 2006 ejus
3811 1946 3985 1990 muta-

2436 2041 2590 2087 runt.
2657 2032 2713 2087 Si
2763 2041 2942 2086 autem
2975 2032 3088 2086 haec.
3130 2031 3315 2099 opinio
3334 2046 3433 2084 nec
3455 2029 3739 2098 cogitanda
3771 2029 3982 2097 quidem

2440 2132 2693 2191 tanquam
2749 2124 2911 2192 impia
2962 2124 3051 2185 sit,
3105 2131 3267 2190 patet,
3326 2122 3469 2189 quod
3521 2119 3607 2173 illa
3657 2119 3912 2185 inbibuit,
3936 2128 3984 2173 et

2436 2212 2758 2281 Apostolus,
2793 2194 3162 2281 et'Dionysius
3188 2211 3404 2269 docere,
3443 2224 3656 2277 sapere,
3722 2208 3985 2277 evangeli—

2439 2320 2590 2367 zare,
2625 2314 2680 2361 et
2703 2306 2944 2373 cogitare
2968 2319 3087 2371 quae
3113 2303 3242 2355 falsa
3288 2302 3524 2369 ﬁdeique
3553 2300 3833 2353 catholicae
3862 2313 3983 2353 con-

2441 2396 2603 2450 traria
2634 2404 2762 2449 sunt
2788 2412 2802 2458 ;
2832 2396 2973 2462 quod
3000 2395 3043 2448 si
3074 2394 3205 2447 falsa
3232 2394 3465 2457 inhibet,
3484 2407 3583 2445 nos
3606 2405 3783 2447 autem
3802 2405 3984 2444 eorum

2441 2489 2794 2539 auctoritates
2829 2496 3083 2554 tanquam
3112 2486 3507 2553 aequit'alcntes
3540 2486 3776 2539 decretis
3806 2484 3984 2537 conci-

2441 2575 2636 2629 liorum
2654 2576 3108 2646 producebamus.
3130 2586 3292 2646 patet,
3312 2577 3454 2645 quod
3480 2576 3641 2630 etiam
3663 2578 3878 2630 decreta
3900 2574 3988 2627 Pa-

2446 2677 2588 2721 trum
2611 2668 2741 2721 ialsa
2763 2667 3013 2721 inhibent
3031 2683 3097 2721 ne
3120 2669 3374 2737 Symbolo
3388 2668 3677 2730 addantur,
3698 2684 3803 2723 non
3819 2677 3988 2721 autem

2446 2773 2568 2825 qua:
2600 2772 2723 2810 vera
2772 2766 2919 2812 sunt.
2950 2759 3131 2825 itaque
3178 2760 3230 2810 in
3263 2760 3380 2826 ipso
3414 2760 3591 2826 primo
3626 2775 3919 2829 congressu
3942 2768 3990 2811 et

2451 2848 2625 2911 primo
2652 2845 2740 2897 die
2760 2845 2991 2898 convicti
3023 2855 3077 2899 et
3102 2847 3367 2914 proﬂigati
3400 2847 3863 2902 luissemus.Cum
3896 2862 3991 2901 au-

2451 2942 2559 2986 tem
2602 2934 2717 2988 hac
2740 2948 2843 3017 ego
2873 2936 3189 3000 sensissem,
3210 2937 3513 2991 rationibus
3539 2939 3808 3017 pmdictis
3836 2940 3917 3004 vix
3940 2936 3988 2990 ei

790 3033 1101 3081 sanctorum
1128 3033 1185 3075 et
1204 3034 1665 3075 memnemcorum
1708 3018 2059 3070 conciliorum
2091 3017 2340 3071 consiste-

2455 3024 2720 3093 persuasi,
2741 3035 2799 3077 ut
2825 3024 2945 3078 illas
2964 3026 3314 3079 auctoritates
3337 3044 3442 3082 non
3473 3041 3819 3098 proponeret.
3838 3029 3911 3085 Ex
3926 3030 3989 3081 iis

791 3118 908 3178 bat,
938 3117 992 3169 in
1028 3116 1227 3183 quibus
1253 3115 1395 3167 circa
1416 3113 1577 3167 tinem
1608 3115 1786 3177 aiunt,
1813 3129 1919 3166 non
1953 3113 2115 3167 licere
2154 3123 2348 3181 praeter

792 3213 909 3265 hac
940 3210 1098 3262 aliam
1141 3206 1296 3260 iidem
1356 3204 1701 3259 conscribere
1723 3242 1740 3266 ,
1763 3214 1857 3258 aut
1892 3220 2101 3273 sapere,
2130 3214 2224 3257 aut
2254 3206 2351 3257 do-

791 3319 940 3365 cere,
964 3310 1018 3356 ct
1044 3310 1236 3354 caztcra
1270 3296 1664 3366 hujuscemodi.
1718 3293 1946 3360 Quando
1998 3294 2350 3348 ridiculosum

794 3394 947 3465 quid,
980 3403 1035 3447 et
1058 3396 1234 3461 magni
1273 3390 1525 3458 vituperii
1568 3388 1791 3457 dignum
1818 3402 1987 3455 passa
2025 3387 2212 3441 luisset
2244 3399 2351 3441 tota

794 3488 963 3550 natio,
992 3500 1045 3541 et
1075 3501 1174 3538 nos
1192 3497 1381 3537 omnes
1408 3497 1503 3551 per
1526 3470 1867 3548 prudentiam
1900 3477 2028 3531 boni
2072 3478 2349 3550 Ephesini,

790 3581 892 3633 nisi
923 3594 1023 3647 ego
1053 3574 1295 3631 sentiens
1316 3573 1738 3641 impedivissem.
1775 3569 1887 3625 Una
1928 3570 2075 3623 enim
2105 3585 2227 3622 cum
2258 3571 2348 3624 de-

790 3668 953 3724 cretis
982 3669 1203 3722 Patrum
1232 3666 1364 3719 illud
1414 3678 1629 3732 quoque
1648 3660 1887 3729 Apostoli
1914 3660 1985 3714 ad
2021 3659 2235 3715 Galatas
2273 3662 2350 3714 al-

792 3761 966 3829 legare
989 3761 1224 3820 volebat,
1256 3754 1521 3809 dicentis:
1552 3757 1607 3808 Si
1643 3756 1753 3823 quis
1803 3752 1942 3805 vobis
1978 3753 2124 3806 aliud
2160 3740 2353 3821 printer

792 3866 949 3919 quam
1000 3849 1195 3902 tradidi
1250 3849 1388 3900 vobis
1443 3846 1824 3913 crangelizatus
1860 3843 2037 3911 fuerit,
2069 3846 2350 3897 anathema

790 3946 883 3994 sit.
910 3943 1039 3994 item
1053 3940 1222 3994 sancti
1249 3938 1483 4005 Dionysii
1509 3936 1843 4003 Are0pagita:
1861 3935 1928 3987 de
1955 3934 2154 3987 divinis
2182 3934 2353 3987 nomi-

796 4036 959 4087 nibus
1015 4030 1391 4084 auctoritatem
1447 4026 1677 4079 dicentis
1699 4062 1714 4087 ,
1738 4024 1973 4077 Omnino
2000 4024 2179 4090 itaque
2219 4024 2352 4076 nihil

797 4132 885 4175 est
911 4120 1237 4181 audendum,
1269 4120 1347 4169 vei
1384 4116 1589 4177 dicere,
1646 4115 1728 4167 vel
1768 4114 2003 4181 cogitare
2040 4124 2232 4181 praeter
2265 4114 2351 4165 illa

797 4227 918 4280 quae
948 4210 1224 4264 divinitus.
1256 4222 1286 4261 e
1326 4208 1496 4259 sacris
1524 4204 1761 4258 oraculis
1791 4204 1948 4256 nobis
1988 4204 2178 4257 tradita
2203 4212 2350 4256 sunt.

802 4302 1027 4358 Volebat
1060 4302 1237 4368 itaque
1269 4314 1363 4367 per
1398 4298 1495 4349 ista
1529 4297 1690 4349 etiam
1748 4294 1977 4365 probare
2033 4310 2138 4347 non
2185 4294 2351 4347 licere

2451 3113 2637 3181 itaque
2658 3113 2785 3167 licet
2810 3114 2955 3168 illius
2989 3115 3263 3178 hominis,
3281 3127 3339 3170 et
3365 3118 3561 3186 ingenii
3592 3122 3711 3188 ejus
3732 3119 3991 3173 subtilita-

2454 3202 2848 3271 temjudicare,
2881 3207 3115 3273 etquaie
3143 3205 3190 3259 ei
3212 3205 3476 3275 judicium
3510 3210 3561 3260 in
3593 3208 3992 3261 sublimioribus

2453 3294 2544 3356 sit,
2569 3296 2614 3347 si
2648 3296 2759 3347 haec
2788 3308 2874 3347 res
2900 3310 3023 3349 eum
3050 3308 3155 3348 tam
3193 3297 3474 3350 manifesta
3510 3297 3880 3352 iatebat.‘llzec
3904 3313 3992 3350 au-

2452 3395 2557 3438 tem
2580 3386 2703 3441 dico
2732 3400 2839 3439 non
2868 3388 2987 3454 ejus
3018 3387 3443 3456 reprehendendi
3462 3402 3644 3455 causa,
3667 3389 3823 3457 longe
3854 3389 3989 3440 enim

2451 3481 2519 3535 ab
2545 3482 2645 3535 hoc
2665 3483 2875 3541 absum,
2893 3480 2985 3534 sed
3006 3490 3067 3533 ut
3095 3482 3369 3534 auditores
3392 3470 3708 3533 admoneam
3731 3490 3788 3533 ut
3807 3477 3903 3551 sibi
3925 3482 3987 3534 ab

2452 3568 2573 3631 eius
2601 3567 2945 3622 sermonibus
2971 3578 3219 3623 caveant.
3275 3569 3639 3624 Discutientes
3668 3572 3832 3640 igitur
3863 3576 3991 3625 hanc

2452 3663 2828 3730 quaestionem,
2861 3671 2915 3717 et
2949 3661 3017 3716 de
3050 3679 3113 3717 ea
3163 3661 3375 3731 publice
3414 3677 3536 3716 cum
3570 3663 3779 3718 Latinis
3814 3664 3991 3734 dispu-

2455 3762 2651 3815 tantes,
2684 3753 2809 3806 dum
2844 3754 2897 3806 in
2927 3754 3208 3822 principiis
3242 3762 3298 3809 et
3364 3755 3509 3809 circa
3556 3757 3817 3825 prommia
3851 3772 3991 3810 esse-

2455 3859 2595 3902 mus.
2618 3858 2717 3896 nos
2738 3843 3061 3897 videbamur
3095 3845 3669 3911 superaret'nondum
3721 3847 3863 3899 enim
3899 3846 3991 3898 ali-

2452 3934 2581 4001 quid
2612 3934 2837 3995 dignum
2864 3933 3007 3999 quod
3038 3934 3104 3985 ad
3162 3935 3487 4000 propositam
3524 3936 3635 3988 rem
3670 3936 3887 3998 faceret,
3908 3937 3992 3989 di—

2454 4035 2600 4077 ctum
2633 4038 2661 4073 a
2697 4022 2903 4075 Latinis
2928 4021 3050 4075 fuit.
3081 4022 3305 4085 Quando
3339 4024 3461 4092 (etsi
3516 4026 3722 4095 absque
3748 4044 3994 4098 arrogan-

2456 4115 2527 4168 tia
2561 4112 2787 4180 dictum)
2816 4112 3057 4179 potiores
3100 4112 3166 4163 ad
3203 4112 3341 4164 hanc
3373 4129 3481 4166 rem
3515 4122 3762 4184 exparte
3815 4129 3994 4172 nostra

2454 4199 2735 4268 producta:
2783 4198 3020 4252 rationes
3054 4199 3081 4251 ὁ
3121 4214 3207 4251 me
3239 4210 3292 4253 et
3340 4201 3593 4265 inventa»,
3621 4214 3676 4256 et
3704 4207 3859 4259 dicte
3884 4206 3995 4259 l‘ne-

2455 4301 2602 4351 runt,
2629 4299 2794 4344 testes
2820 4298 2947 4343 sunt
2976 4290 3067 4358 qui
3102 4290 3409 4343 adfuerunt.
3434 4290 3565 4345 Cum
3590 4305 3768 4348 autem
3792 4310 3995 4350 succes-

803 4408 903 4447 nec
932 4394 1098 4461 ipsam
1148 4390 1310 4443 etiam
1346 4388 1625 4441 veritatem
1685 4382 1884 4438 addere
1915 4383 2188 4453 Symbolo.
2242 4384 2350 4436 iioc
2385 4385 2426 4438 D
2454 4385 2591 4436 cerit
2620 4382 2671 4435 in
2711 4396 2961 4435 sermone
3000 4383 3238 4448 optimus
3268 4382 3355 4433 ille
3403 4383 3486 4433 vir
3515 4381 3761 4437 Julianus
3820 4384 3873 4438 S.
3929 4383 3989 4436 Β.

799 4493 978 4537 autem
1009 4492 1261 4551 quantam
1315 4480 1469 4532 nobis
1509 4478 1834 4531 derisionem
1855 4476 2089 4538 iecisset,
2118 4484 2171 4527 et
2200 4475 2347 4543 quod

803 4576 855 4627 in
892 4576 1009 4641 ipso
1044 4578 1285 4639 ingressu
1327 4572 1595 4623 convincti
1652 4580 1705 4620 et
1744 4568 2007 4637 proﬂigati
2034 4567 2346 4630 fuissemus,

802 4666 930 4719 hinc
986 4665 1204 4717 senties.
1240 4661 1369 4713 Tota
1424 4662 1561 4711 ratio
1599 4670 1807 4719 nostra,
1835 4674 1937 4726 qua
1989 4659 2349 4712 credebamus

804 4760 943 4812 hanc
970 4773 1079 4809 rem
1112 4769 1265 4823 posse
1299 4754 1533 4821 probari,
1570 4751 1623 4802 in
1658 4749 1819 4802 dictis
1848 4750 1990 4801 tertii
2024 4753 2347 4803 meumenici

800 4847 1016 4901 concilii
1045 4845 1297 4912 Ephesini
1332 4842 1688 4903 censistebat;
1740 4854 1861 4891 cum
1917 4852 2351 4890 asseveraremus

805 4942 948 4990 illam
1013 4939 1237 5005 primam
1270 4937 1319 4986 in
1376 4918 1478 4986 Ine
1532 4934 1615 4985 sui
1646 4931 1853 4987 decreti
1888 4929 2029 4983 hanc
2060 4929 2348 4982 inhibitio-

805 5043 929 5080 nem
988 5029 1053 5079 de
1102 5041 1423 5093 quacunque
1474 5024 1723 5076 videlicet
1754 5021 2038 5074 additione
2081 5020 2346 5074 edidisse.

806 5118 937 5171 Nam
987 5119 1087 5169 etsi
1126 5131 1229 5167 non
1271 5116 1340 5166 sit
1370 5125 1566 5166 verum
1590 5114 1747 5166 talem
1806 5112 2185 5165 inhibitionem
2222 5112 2350 5164 illud

805 5208 1093 5263 concilium
1133 5208 1346 5267 iecisse,
1382 5206 1474 5272 qui
1528 5186 1707 5256 tamen
1762 5204 2090 5257 contendere
2136 5204 2346 5266 volunt,

808 5310 1033 5367 possunt
1078 5297 1282 5365 aliquid
1331 5295 1625 5361 adjumenti
1688 5295 1815 5347 hinc
1882 5295 2081 5347 habere
2135 5305 2352 5362 prepter

806 5391 1284 5456 :equivocationetn
1312 5396 1365 5438 et
1391 5384 1795 5453 ambiguitatem
1831 5387 2145 5437 verborum.
2182 5382 2350 5436 Causa

812 5492 1063 5529 vernacur
1105 5478 1317 5529 tertium
1355 5476 1641 5526 concilium
1696 5475 1929 5542 primum
1969 5476 2106 5525 hanc
2149 5472 2353 5525 inhibi-

811 5566 1008 5615 tionem
1046 5567 1231 5618 iecisse
1257 5566 1505 5628 dicimus,
1535 5575 1616 5617 est
1647 5562 1997 5634 prim0,quod
2029 5562 2161 5613 Acta
2196 5560 2351 5626 primi

819 5654 1031 5707 concilii
1063 5670 1325 5722 nusquam
1360 5656 1732 5724 reperiuntur;
1766 5652 2006 5707 secundo
2037 5667 2156 5704 cum
2189 5652 2353 5705 scire-

2461 4476 2519 4529 E.
2560 4474 2853 4539 cardinalis
2877 4472 3049 4526 sancti
3096 4472 3281 4539 Angeli
3313 4471 3686 4539 dignissimus,
3741 4477 3895 4525 multa
3942 4490 3995 4526 et

2458 4568 2678 4636 quidem
2718 4565 2998 4639 potissima
3023 4562 3075 4616 in
3113 4564 3349 4615 medium
3377 4562 3627 4624 adduxit,
3655 4565 3849 4631 quibus
3875 4579 3993 4631 pro-

2460 4656 2686 4723 positam
2717 4653 3070 4723 quazstio‘nem
3094 4655 3165 4705 ita
3210 4654 3352 4705 clare
3383 4661 3437 4706 et
3459 4652 3788 4706 suiiicienter
3810 4654 3993 4721 proba-

2458 4748 2553 4809 vit,
2582 4745 3005 4799 demonstrando
3045 4745 3208 4799 licere
3238 4743 3519 4796 veritatem
3552 4760 3767 4813 semper
3794 4745 3988 4797 addere

2459 4835 2586 4888 ﬁdei
2620 4836 2873 4905 Symbolo
2901 4871 2915 4898 ,
2943 4836 3243 4903 praesertim
3266 4849 3388 4887 cum
3416 4836 3707 4887 necessitas
3741 4845 3904 4903 cogat,
3942 4845 3996 4885 et

2459 4928 2760 4979 auctoritas
2790 4942 2987 4978 summi
3037 4924 3307 4993 pontiﬁcis
3342 4924 3584 4991 accedat,
3635 4938 3693 4979 ut
3719 4928 3843 4979 nihil
3872 4941 3993 4985 nos.

2459 5034 2763 5086 quanquam
2792 5018 2883 5069 diu
2919 5018 3253 5083 multumque
3288 5012 3727 5084 cogitaverimus.
3764 5028 3979 5072 contra-

2461 5111 2641 5162 dicere
2708 5109 3063 5175 potuerimus.
3114 5107 3243 5170 Qua:
3297 5121 3417 5159 cum
3456 5110 3622 5162 multa
3665 5111 3871 5169 iuerint.
3906 5109 3993 5161 illa

2462 5212 2798 5267 tamen,qu:e
2814 5200 3067 5270 memoria
3102 5209 3280 5261 teneo,
3310 5199 3398 5253 hic
3429 5215 3717 5269 exponam,
3754 5213 3804 5254 ut
3835 5203 3990 5253 etiam

2462 5293 2621 5360 hujus
2656 5296 2730 5346 rei
2765 5294 3044 5343 veritatem
3079 5291 3369 5357 intelligas.
3404 5291 3507 5345 Sed
3544 5304 3672 5347 ante
3714 5296 3817 5346 hac
3845 5308 3993 5343 sum-

2464 5398 2603 5433 mam
2648 5394 2946 5435 nostratutn
3001 5382 3293 5445 talionum,
3340 5392 3395 5435 et
3438 5384 3777 5450 potissimam
3827 5386 3994 5439 aedi:

2466 5474 2515 5525 in
2579 5476 2681 5526 line
2740 5475 3081 5525 decretorum
3141 5473 3431 5542 cujuslibet
3484 5477 3623 5530 sacri
3680 5475 3990 5531 (Bcumenici

2463 5564 2676 5613 concilii
2718 5578 2745 5613 a
2784 5572 2939 5613 tertio
2996 5564 3298 5613 inchoando
3356 5564 3421 5616 de
3486 5570 3652 5617 verbo
3682 5570 3747 5618 ad
3775 5562 3990 5615 verbum

2465 5654 2549 5704 sio
2572 5654 2797 5705 habetur
2822 5669 2833 5699 :
2863 5652 2952 5703 liis
2986 5649 3136 5704 lectis
3160 5656 3483 5707 determinat
3524 5666 3708 5708 sumta
3748 5651 3991 5711 synodus,
