4122 6326
144 248 246 315 ιη

1069 243 1163 301 DE
1195 237 1709 300 PROCESSIUNE
1743 209 2103 294 srtnirus
2146 228 2445 291 SANCTI.

3236 166 3364 281 ‘ns

145 363 276 417 nulli
304 360 469 414 licere
497 356 654 411 aliam
709 354 742 408 ti
765 352 865 407 lem
902 352 1163 418 proierre,
1216 362 1306 401 aut
1346 360 1695 415 componere,
1731 358 1769 407 Α
1802 344 1985 396 omnia
2022 342 2279 411 Symbolo
2317 339 2519 394 Nicwui
2568 336 2823 399 concilii,
2870 333 3174 402 eademque
3228 336 3355 386 (ἰὼ--

143 459 237 504 aut
268 463 482 517 sapere,
508 454 603 499 aut
625 443 823 497 docere
851 441 1030 493 aliter.
1057 438 1318 502 Qui-vero
1348 434 1452 487 hoc
1468 432 1705 485 audeant

144 541 347 603 facere,
384 537 573 593 clerici
602 536 913 602 priventur,
972 531 1093 582 laici
1146 524 1700 581 anathematizentur.

148 628 321 697 liuius
354 626 646 681 Sententia:
673 634 728 677 et
784 623 980 675 borum
1044 619 1153 672 fere
1194 618 1481 670 verterunt
1514 625 1706 665 Otttlles

146 720 267 772 alia:
298 718 665 771 inhibitiones
690 706 840 767 sunt.
862 710 958 764 liis
1008 726 1109 765 nos
1139 705 1557 762 auctoritatibus
1592 713 1707 755 tan-

148 822 315 877 quam
399 802 869 870 irrei'ragabiiibus
904 800 1261 861 nitebamur,
1316 796 1561 847 dicentes
1608 806 1706 844 nec

150 898 327 965 ipsam
360 897 643 950 veritatem
674 894 836 950 licere
866 890 1092 955 addere,
1137 902 1258 941 cum
1313 900 1379 939 ex
1400 882 1561 938 dictis
1587 897 1705 933 san-

149 1002 366 1044 ctorum
403 988 694 1041 inhibitum
720 985 811 1047 sit,
857 997 958 1037 nec
1003 981 1180 1033 liceat.
1225 976 1425 1032 Contra
1473 985 1710 1027 nostram

151 1081 481 1150 positionem
512 1078 655 1131 inter
692 1074 904 1129 'tnuitas
938 1074 1175 1125 rationes
1205 1083 1269 1127 ex
1296 1078 1445 1135 parte
1493 1064 1714 1117 Latino-

151 1190 281 1229 rum
322 1170 658 1241 introductus
684 1168 797 1221 haec
822 1180 1035 1236 quoque
1066 1164 1305 1215 fuerunt.

266 1326 514 1381 Rationes
557 1325 867 1379 Latinorum
893 1320 1138 1390 (quibus
1175 1315 1607 1390 probaturquod

435 1398 568 1448 licet
614 1396 886 1448 ceritatem
939 1385 1130 1443 addere
1167 1385 1436 1455 Symbolo.

232 1534 538 1603 Quodlibet
575 1531 868 1586 concilium
913 1542 1016 1579 non
1058 1525 1233 1577 solum
1277 1520 1523 1590 proferre
1554 1517 1715 1570 aliam

162 1629 330 1682 (idem
385 1624 633 1685 inhibet,
677 1621 771 1675 sed
827 1630 882 1671 et
929 1627 1276 1682 componere.
1318 1610 1375 1664 Si
1413 1609 1581 1677 igitur
1622 1621 1719 1675 per

1808 440 1860 489 iu
1895 445 2127 501 utroque
2156 433 2492 494 continetur,
2526 428 2631 483 nisi
2664 426 2955 482 manifeste
2984 436 3210 495 apparet
3240 440 3361 476 ver--

1810 528 1891 580 bis
1937 543 2042 579 non
2084 539 2204 578 esse
2248 525 2414 578 idem.
2448 522 2542 576 llis
2570 522 2713 573 enim
2749 519 2983 571 maxime
3017 518 3207 572 dill‘ert
3240 518 3366 584 plu-

1809 635 1898 672 res
1927 619 2236 670 additioncs
2257 657 2270 677 ,
2303 616 2490 685 plures
2517 613 2683 666 etiam
2711 610 3110 664 diminutiones
3134 609 3361 661 habens.

1813 710 1908 761 Est
1940 709 2106 775 igitur
2136 706 2278 760 idem
2311 705 2604 758 sententiis
2624 700 2641 765 ,
2668 715 2774 769 qua
2802 702 2871 752 de
2898 714 3063 753 causa
3091 707 3147 750 et
3203 697 3363 766 primi

1812 809 1866 851 ct
1896 797 2123 850 secundi
2157 794 2376 848 concilii
2411 791 2724 861 Symbolum
2766 800 3022 857 tanquam
3056 802 3227 840 unum
3267 801 3367 852 pu—

1817 898 2002 941 tarnnt
2052 889 2194 940 tertii
2241 884 2459 939 concilii
2514 885 2736 936 l‘atrcs:
2788 893 2958 947 quare
2994 890 3157 930 omne
3201 876 3363 929 etiam

1817 980 2133 1049 Symbolum
2159 979 2577 1045 quibuscunquc
2611 972 2979 1039 compositum
3013 968 3192 1021 verbis
3221 980 3363 1017 catu~

1817 1074 1940 1124 dem
1979 1069 2308 1123 sententiam
2336 1108 2351 1129 ,
2397 1081 2558 1133 quam
2612 1073 2665 1115 et
2716 1062 2998 1114 Nica‘nutn
3045 1059 3365 1122 continens.

1820 1164 1960 1216 idem
1999 1172 2079 1213 est
2116 1161 2233 1214 illi:
2270 1158 2520 1224 nihilque
2554 1164 2747 1207 contra
2787 1151 2892 1204 hoc
2922 1146 3089 1208 iacit,
3125 1164 3245 1202 cum
3282 1150 3364 1199 di-

1819 1256 1967 1307 citur
1995 1267 2103 1306 non
2139 1250 2337 1304 audere
2370 1246 2589 1301 tradere
2622 1243 2768 1297 aliud
2818 1240 3135 1311 Symbolum
3167 1254 3182 1292 :
3220 1238 3367 1291 aliud

1818 1345 1962 1399 enim
2010 1339 2422 1409 intelligendum
2452 1345 2589 1400 est,
2640 1334 2785 1403 quod
2836 1331 3166 1385 contrariam
3218 1331 3364 1383 veri—

1822 1433 1947 1485 tatis
1984 1424 2309 1484 sententiam
2348 1427 2621 1481 continet.
2657 1420 2945 1491 Siquidem
2977 1418 3204 1474 secundi
3238 1434 3371 1473 con-

1823 1525 1932 1579 cilii
1970 1522 2286 1593 Symbolum
2323 1530 2533 1575 tantum
2573 1533 2602 1571 a
2644 1519 2863 1593 Nicmno
2895 1515 3159 1572 diﬂerens
3187 1516 3367 1585 quoad

1826 1617 2022 1680 verba,
2053 1615 2193 1668 idem
2211 1625 2405 1668 .tatneu
2435 1628 2558 1665 cum
2602 1610 2778 1680 primo
2811 1625 2919 1662 non
2951 1607 3099 1661 aliud
3140 1608 3366 1679 judica-

163 1723 277 1775 ltoc
314 1718 461 1788 quod
497 1715 666 1779 dicit,
706 1713 867 1766 aliam
912 1709 1072 1760 [idem
1098 1746 1111 1770 ,
1144 1702 1401 1770 intelligit
1442 1700 1563 1753 aliis
1600 1712 1719 1750 ver-
1752 1702 1793 1755 Β
1824 1719 1937 1762 mm
1981 1720 2065 1761 εει
2094 1723 2124 1761 a
2162 1706 2435 1762 patribus.

160 1815 276 1877 bis,
336 1813 512 1865 cidem
566 1820 746 1861 tamen
799 1805 1089 1858 sentcntiae
1138 1796 1498 1866 compositam
1557 1790 1719 1843 iidem

162 1922 264 1959 seu
303 1902 637 1977 Symbolum,
674 1897 880 1951 accidet
916 1896 1271 1964 quoiomncs
1310 1887 1527 1958 quidem
1564 1883 1718 1951 Sym~

164 1997 357 2049 bolum
400 1994 633 2046 diversis
673 1990 894 2058 quidem
953 1986 1169 2049 verbis,
1222 1976 1491 2037 sententia
1543 1986 1723 2027 tamen

164 2084 400 2143 eadem,
441 2088 905 2147 composuerunt,
948 2075 1091 2145 quod
1132 2074 1261 2141 quia
1302 2083 1493 2126 omnes
1534 2065 1720 2116 docto-

168 2190 267 2226 res
307 2171 516 2229 snncti,
560 2168 852 2237 qui-ﬁdem
898 2166 1224 2230 catholicam
1268 2159 1608 2228 proﬁtentur,
1652 2151 1725 2202 fe-

165 2273 404 2324 ccrunt,
433 2262 535 2314 sub
566 2261 911 2312 anathemate
948 2263 1134 2309 erunt.
1165 2256 1232 2304 At
1265 2255 1367 2303 hoc
1400 2263 1508 2301 non
1545 2245 1721 2297 solum

165 2356 415 2415 falsum,
456 2350 549 2404 sed
589 2351 753 2402 etiam
784 2344 1129 2413 blasphemia
1172 2351 1253 2394 est
1291 2339 1493 2392 dicere.
1557 2333 1724 2401 igitur

166 2460 286 2499 non
321 2443 641 2513 prohibetur
668 2439 788 2491 aliis
818 2436 999 2489 verbis
1034 2431 1294 2485 consonis
1324 2426 1540 2480 veritati
1571 2436 1724 2475 eam-

168 2544 301 2593 dem
334 2547 611 2604 exponere
645 2530 803 2583 tidem
827 2566 840 2589 ,
871 2524 965 2579 sed
997 2520 1332 2577 contrariam
1366 2527 1423 2570 et
1448 2515 1723 2604 diversam,

168 2637 549 2693 componere,
593 2620 698 2672 hoc
743 2616 1086 2686 prohibitum
1131 2608 1424 2665 est."ltctn
1466 2586 1721 2674 qulartum

165 2714 473 2775 concilium
514 2713 690 2779 ipsum
730 2708 893 2762 etiam
938 2718 1167 2772 sapere,
1202 2710 1257 2755 et
1298 2700 1495 2751 docere
1536 2696 1719 2756 aliter,

167 2804 511 2864 anathemati
550 2799 790 2869 subjicit.
833 2798 888 2851 Si
930 2797 1091 2865 igitur
1125 2806 1317 2860 sapere
1342 2829 1356 2854 ,
1411 2789 1492 2841 vel
1528 2788 1723 2839 docere

169 2895 463 2953 vocabulis
495 2893 715 2962 quidem
750 2888 983 2942 diversis
1007 2926 1021 2951 ,
1059 2882 1318 2939 consonis
1360 2890 1543 2933 tamen
1582 2877 1727 2930 veri-

173 2990 278 3043 tati
322 2984 616 3056 prohibet,
654 2982 755 3035 sub
797 2979 1149 3033 anathemate
1188 2982 1317 3028 sunt
1356 2985 1585 3037 omnes,
1636 2968 1729 3037 qui

172 3081 345 3136 ﬁdem
403 3073 801 3136 orthodoxam,
852 3070 1055 3139 quibus
1115 3066 1294 3136 potuit
1353 3061 1729 3131 unusquisque

169 3171 364 3225 verbis
419 3172 745 3221 docuerunt.
798 3160 1195 3229 Unusquisque
1232 3156 1728 3211 enim—sanctorum

170 3260 420 3317 diversis
466 3255 746 3312 vocabulis
790 3250 1039 3305 eamdem
1079 3247 1241 3301 ﬁdem
1284 3242 1623 3315 praedicavit.
1665 3244 1736 3294 At

171 3368 311 3410 cum
350 3351 454 3403 hoc
497 3343 892 3400 inconveniens
926 3340 997 3394 sit
1031 3338 1255 3402 dicere,
1294 3349 1402 3388 non
1439 3331 1734 3386 diversita«

171 3454 294 3496 tem
336 3437 724 3492 vocabulorum
755 3471 770 3495 ,
812 3430 905 3483 sed
944 3412 1338 3484 sententiarum
1377 3420 1735 3475 contrarieta-

173 3541 292 3586 tem
334 3527 635 3597 prohibet:
689 3519 995 3591 prmsertim
1034 3530 1157 3568 cum
1199 3514 1376 3581 ipsum
1428 3523 1617 3579 sapere
1666 3507 1732 3559 ad

170 3619 486 3678 sententias
509 3655 522 3676 ,
564 3628 667 3666 non
707 3612 772 3663 ad
809 3605 1083 3661 vocabula
1116 3602 1406 3655 referatur.

250 3712 529 3764 Prii-terea
560 3709 775 3755 sextum
809 3692 1104 3749 concilium
1136 3690 1324 3741 eadem
1358 3687 1503 3754 ipsa,
1533 3697 1651 3750 quae
1681 3690 1737 3735 ct

175 3808 483 3872 quartum,
515 3792 686 3852 dicit,
721 3796 776 3842 et
815 3788 1041 3852 insuper
1082 3780 1292 3833 inhibet
1330 3792 1399 3830 ne
1436 3789 1598 3845 quam
1638 3788 1738 3828 vo-

174 3866 308 3946 cem
343 3889 561 3941 inanem
606 3888 703 3932 aut
735 3891 938 3931 vanam
969 3873 1201 3941 alicujus
1228 3868 1491 3923 dictionis
1542 3866 1737 3920 inven-

174 3986 394 4039 tionem
425 3974 550 4042 quis
578 3970 889 4025 introducat
919 3966 984 4019 ad
1017 3960 1437 4033 perverteudum
1470 3973 1590 4028 qua:
1618 3973 1649 4010 a
1679 3971 1736 4009 sc

175 4068 556 4127 determinata
596 4069 745 4115 sunt.
787 4058 864 4111 Ex
915 4055 1115 4125 quibus
1168 4051 1457 4110 maniieste
1515 4058 1740 4117 apparet

176 4162 275 4216 illa
316 4153 582 4210 vocabula
618 4149 852 4204 inhibita
885 4161 1039 4211 esse,
1074 4160 1193 4213 quae
1220 4143 1287 4197 ad
1314 4138 1739 4211 pervertendum

177 4254 447 4320 dogmata
480 4246 701 4298 Patrum
737 4238 1187 4299 introducuutnr,
1224 4249 1332 4286 non
1369 4246 1490 4299 quae
1518 4229 1585 4282 ad
1620 4244 1740 4281 cor-

174 4319 585 4399 roborandum.
620 4333 868 4401 Amplius
910 4330 1127 4384 tertium
1179 4323 1469 4378 concilium
1514 4319 1735 4381 statuit,
1772 4347 1814 4400 ι)

176 4448 290 4488 nec
324 4432 494 4484 licere
529 4425 691 4480 aliam
723 4424 881 4476 ﬁdem
938 4420 1186 4492 proferre
1238 4423 1435 4485 praeter
1470 4424 1588 4465 eam
1620 4422 1738 4476 qua:

176 4529 243 4581 in
285 4503 508 4579 Niceno
542 4517 777 4573 concilio
807 4515 953 4569 edita
990 4512 1095 4583 fuit,
1118 4550 1131 4573 ,
1164 4517 1219 4561 et
1251 4521 1346 4560 eos
1380 4503 1611 4583 quihoc
1645 4508 1741 4561 an:

179 4617 392 4671 derent
413 4651 429 4674 ,
460 4606 793 4664 anathemati
824 4603 1077 4674 subjecit.
1104 4601 1177 4653 De
1207 4582 1620 4665 Symbolifvero
1648 4604 1742 4657 per

176 4704 494 4763 secundum
526 4700 821 4755 concilium
854 4697 1035 4758 edito,
1068 4707 1175 4763 quo
1210 4698 1320 4743 tota
1353 4684 1598 4765 Ecclesia
1630 4682 1741 4732 uti-

180 4810 307 4863 tur,
345 4794 553 4848 nullam
585 4793 714 4845 facit
756 4795 1113 4843 mentionem.
1148 4785 1203 4842 Si
1250 4784 1413 4851 igitur
1460 4780 1584 4831 ideo
1629 4789 1738 4829 non

180 4890 442 4943 iecerant
476 4884 541 4935 de
571 4896 638 4933 eo
694 4881 1026 4934 mentionem
1050 4915 1065 4938 ,
1105 4876 1231 4943 quia
1265 4871 1415 4924 aliud
1463 4878 1517 4922 et
1553 4868 1737 4920 diver-

178 4995 313 5038 sum
347 4994 378 5031 a
413 4975 519 5029 [ide
550 4971 754 5031 Nicacui
785 4970 1004 5023 concilii
1042 4968 1172 5019 illud
1206 4968 1476 5035 putarunt
1504 4976 1520 5013 ι
1551 4973 1743 5027 pecea-

177 5085 316 5128 mus
356 5081 495 5129 nos,
537 5073 593 5117 et
634 5061 855 5129 quidem
887 5056 1212 5116 mortaliter,
1241 5055 1331 5122 qui
1367 5052 1567 5129 omisso
1605 5056 1742 5101 tota-

180 5162 321 5215 liter
353 5155 616 5229 Symbolo
648 5128 899 5211 Niceno,
937 5158 1135 5215 praeter
1165 5143 1313 5214 quod
1346 5128 1549 5196 nullam
1582 5140 1741 5191 aliam

186 5250 359 5304 “dum
391 5225 646 5313 proferre
678 5248 990 5294 statuerunt
1018 5236 1240 5295 Patres,
1268 5230 1493 5285 secundi
1522 5225 1743 5281 concilii

184 5336 407 5389 utimur
441 5328 734 5397 Symbolo,
770 5324 902 5377 illud
933 5325 1177 5387 legentes
1200 5361 1214 5384 ,
1261 5318 1397 5371 illud
1444 5320 1702 5369 docentes
1728 5353 1744 5377 ,

180 5424 326 5480 illud
370 5429 434 5472 et
473 5416 729 5491 privatim
775 5423 827 5465 et
862 5412 1077 5480 publice
1106 5411 1448 5477 proferentes
1475 5444 1491 5468 ,
1556 5416 1605 5457 et
1643 5407 1746 5459 hac

184 5512 412 5567 ratione
460 5507 565 5561 sub
608 5504 951 5555 anathemate
997 5516 1207 5553 sumus.
1256 5498 1412 5563 Quod
1444 5496 1489 5551 si
1522 5496 1646 5548 ideo
1672 5496 1745 5547 si-

181 5604 367 5667 lentio
400 5597 534 5655 illud
566 5585 977 5663 praterierunt,
1027 5591 1285 5658 quoniam
1337 5588 1479 5643 idem
1521 5595 1605 5641 est
1647 5601 1746 5659 per

521 5692 795 5753 Ρλτιιοι..
825 5688 939 5747 Gn.
960 5680 1145 5747 CLXI

1898 1819 2031 1871 item
2074 1814 2504 1885 unumquodque
2558 1814 2857 1870 concilium
2912 1823 3034 1881 post
3080 1812 3373 1867 lectionem

1829 1912 2000 1963 totius
2032 1909 2114 1961 sui
2140 1908 2345 1961 decreti
2370 1922 2478 1960 non
2528 1907 2770 1974 Symboli
2815 1906 3015 1969 solius,
3061 1906 3155 1960 sed
3208 1906 3375 1958 totius

1828 2003 2032 2077 drcrcti
2059 2043 2071 2065 ,
2110 2005 2203 2064 ait,
2239 2003 2331 2053 llis
2366 2002 2520 2052 let-tis
2545 2000 3096 2051 determinavitsacra
3133 2001 3375 2065 synodus

1829 2097 1965 2149 nulli
2012 2096 2180 2147 licere
2220 2093 2381 2144 aliam
2434 2092 2591 2143 iidem
2632 2089 2920 2158 proferre;
2965 2099 3111 2155 patet
3152 2099 3329 2139 autem
3358 2128 3371 2145 ,

1829 2186 1974 2253 quod
2005 2199 2127 2236 cum
2160 2183 2336 2242 dicat,
2368 2182 2451 2234 his
2480 2181 2634 2233 lectis
2655 2218 2669 2242 ,
2702 2188 2870 2232 totum
2902 2178 3178 2231 decretum
3214 2180 3376 2229 intcl.

1828 2277 1964 2343 ligit.
2003 2275 2166 2342 Igitur
2198 2281 2253 2325 et
2286 2270 2432 2339 quod
2469 2272 2740 2338 sequitur,
2778 2271 2935 2322 aliam
2969 2269 3127 2321 ﬁdem
3165 2284 3271 2321 non
3306 2270 3374 2319 ii-v

1830 2380 1954 2418 cere
1997 2362 2243 2430 proferte
2284 2361 2349 2414 ad
2398 2369 2570 2414 totum
2614 2356 2895 2413 decretum
2942 2359 3119 2426 ipsum
3155 2344 3373 2426 quoque

1834 2454 2097 2517 refertur,
2122 2454 2382 2507 videlicet
2417 2468 2524 2506 non
2557 2453 2722 2505 licere
2751 2450 2996 2519 proferre
3021 2451 3183 2504 aliam
3215 2452 3371 2505 [idem

1830 2557 2028 2618 prseter
2074 2561 2191 2599 eam
2240 2559 2377 2612 quae.
2405 2545 2461 2596 in
2514 2553 2624 2596 toto
2671 2543 2913 2605 decreto,
2946 2557 3052 2594 non
3105 2542 3278 2595 solum
3318 2543 3371 2595 in

1774 2668 1785 2681 κ
1833 2639 2088 2711 Symbolo
2141 2640 2478 2690 continetur.
2531 2633 2599 2687 At
2657 2633 2835 2701 quoad
2891 2633 3058 2687 verba
3108 2642 3365 2701 quartum

1831 2731 2119 2787 concilium
2145 2729 2289 2782 aliud
2316 2740 2478 2795 quam
2506 2726 2743 2788 tertium,
2770 2726 3015 2793 quintum
3047 2725 3193 2779 aliud
3210 2741 3373 2793 quant

1832 2832 2079 2893 quartum
2104 2862 2118 2886 ,
2146 2831 2198 2874 et
2228 2819 2297 2872 ita
2326 2828 2517 2871 caetera
2549 2818 3004 2886 conscripserunt.
3034 2816 3108 2869 De
3140 2826 3247 2872 tota
3280 2816 3378 2885 igi-

1838 2928 1927 2970 tur
1957 2912 2058 2967 iide
2090 2923 2145 2967 et
2171 2905 2474 2977 sententiis,
2526 2924 2635 2963 non
2663 2908 2845 2962 verbis
2873 2908 2962 2961 hic
2993 2898 3131 2962 ratio
3159 2917 3267 2961 est.

1907 3007 2041 3060 item
2075 3004 2363 3072 septimum
2397 3002 2686 3055 concilium
2720 3015 2828 3053 non
2860 3002 3085 3054 omnino
3120 2999 3251 3054 facit
3274 3002 3374 3054 ali-

1832 3112 1995 3167 quam
2024 3094 2265 3167 Symboii
2294 3094 2376 3147 vel
2409 3092 2570 3161 primi
2614 3092 2700 3146 vel
2746 3092 2967 3146 secundi
3000 3093 3332 3147 mentionem
3354 3132 3370 3155 ,

1834 3188 1929 3242 sed
1975 3188 2298 3256 simpliciter
2333 3184 2555 3240 decreto
2586 3185 2706 3255 ejus
2738 3185 2887 3237 edito
2930 3184 2985 3236 in
3031 3185 3137 3239 line
3180 3168 3367 3239 addit:

1834 3276 1928 3330 llis
1958 3277 2094 3357 nihil
2124 3286 2207 3331 est
2239 3276 2549 3330 addendum
2574 3313 2590 3339 ,
2621 3274 2759 3328 nihil
2785 3274 2854 3327 ab
2884 3276 2965 3329 eis
2996 3271 3375 3339 auferendum,

1836 3366 1981 3434 quod
2034 3366 2079 3419 si
2128 3367 2252 3434 quis
2281 3366 2364 3419 vel
2396 3365 2593 3424 addat,
2632 3363 2713 3415 vel
2749 3361 2962 3416 auferat
3008 3362 3272 3430 quidquid
3310 3368 3379 3417 ab

1836 3461 1937 3509 hac
1963 3456 2088 3517 ilde,
2111 3457 2399 3508 anathema
2431 3455 2519 3507 sit.
2551 3453 3075 3520 Manifestumigitur
3098 3463 3202 3517 est,
3232 3455 3377 3522 quod

1836 3546 1903 3598 de
1934 3548 2035 3598 title
2066 3547 2339 3599 contraria
2374 3554 2429 3595 et
2460 3544 2593 3596 falsa
2624 3542 2866 3604 inhibet;
2934 3556 3043 3595 non
3073 3544 3219 3596 enim
3254 3557 3380 3610 pro-

1838 3638 1991 3690 hibet
2012 3676 2027 3698 ,
2056 3652 2122 3690 ne
2150 3634 2390 3689 Ecclesia
2421 3634 2642 3686 decreta
2672 3670 2685 3693 ,
2722 3645 2848 3683 cum
2879 3645 2966 3684 res
2988 3631 3186 3701 exigit,
3215 3634 3378 3690 edere

1837 3729 2023 3797 possit.
3001 3717 3007 3722 ’

1909 3841 2180 3896 Praeterea
2211 3852 2330 3906 qua:
2361 3836 2525 3890 corde
2556 3836 2830 3889 credimus
2867 3835 2919 3888 in
2951 3835 3218 3904 justitiam
3242 3875 3255 3897 .
3287 3850 3379 3890 ea—

1840 3936 1962 3987 dem
2011 3946 2106 3986 ore
2153 3922 2371 3998 quoque
2416 3928 2668 3981 contiteri
2712 3927 2777 3979 ad
2814 3927 3046 3980 salutem
3080 3926 3378 3991 debemus,

1842 4024 1998 4080 aliter
2046 4020 2359 4089 imperfecta
2413 4019 2575 4072 nobis
2621 4017 2759 4071 ﬁdes
2804 4026 2971 4071 esset.
3020 4018 3345 4073 Conﬁtenda

1841 4116 1985 4169 enim
2021 4123 2105 4167 est
2136 4126 2318 4166 coram
2354 4110 2669 4164 hominibus
2702 4109 2870 4173 lides,
2914 4111 2959 4163 si
2997 4109 3377 4168 desideramus

1843 4206 2109 4275 promissa
2139 4203 2381 4272 praemia.
2432 4205 2499 4253 At
2524 4216 2712 4254 verum
2757 4215 2983 4254 necesse
3025 4209 3108 4254 est
3155 4215 3377 4271 sapere,

1847 4298 2014 4368 igitur
2038 4304 2094 4349 et
2124 4294 2376 4348 conﬁteri
2406 4294 2546 4345 idem
2574 4308 2798 4351 necesse
2826 4304 2930 4347 est.

1910 4408 2153 4477 Amplius
2198 4407 2252 4459 in
2297 4408 2432 4462 actis
2475 4408 2657 4476 quarti
2702 4406 2924 4460 concilii
2973 4406 3029 4462 in
3062 4408 3236 4476 prima
3272 4422 3385 4463 ses-

1842 4503 2029 4564 sione,
2084 4500 2262 4567 primo
2318 4498 2539 4568 quidem
2592 4498 2725 4566 legit
2775 4497 3051 4565 Eutyches
3105 4498 3381 4553 Nicaeuum

1841 4591 2197 4658 Symbolum,
2238 4589 2433 4642 deinde
2476 4587 2620 4641 idem
2666 4588 2956 4641 haereticus
3001 4588 3203 4649 infert,
3233 4572 3376 4655 tholi

1844 4682 1910 4733 de
1944 4683 2045 4733 hac
2096 4679 2200 4732 iide
2252 4680 2469 4737 NiCa'na
2517 4677 2771 4731 videlicet
2816 4666 3064 4734 decrevit
3112 4679 3381 4745 Ephesina

1842 4771 2083 4841 synodus
2123 4786 2248 4828 eum
2292 4772 2386 4837 qui
2432 4778 2626 4836 praeter
2668 4769 2810 4821 hanc
2853 4769 3150 4837 quidquam
3182 4769 3383 4829 addat,

1843 4860 2046 4927 cegitet
2105 4866 2199 4913 aut
2238 4858 2459 4918 doceat,
2508 4871 2660 4908 reum
2706 4869 2826 4907 esse
2859 4856 3080 4921 poenis,
3133 4869 3253 4919 quae
3304 4856 3377 4907 ibi

1843 4950 1968 5003 dem
2017 4950 2384 5003 continentur.
2437 4950 2506 5000 At
2553 4943 2857 5004 Eusebius,
2892 4943 3187 5013 episcOpus
3217 4942 3382 5015 Dory-

1844 5041 2012 5095 lensis
2032 5078 2045 5101 ,
2077 5038 2169 5111 qui
2196 5053 2255 5090 se
2284 5037 2400 5088 zelo
2431 5035 2555 5089 ﬁdei
2592 5041 2965 5088 accusatorem
3000 5031 3171 5099 hujus
3208 5034 3382 5085 haere-

1844 5132 1941 5185 tici
1993 5128 2374 5188 constituerat,
2411 5138 2533 5175 cum
2592 5123 2709 5176 hate
2748 5121 3023 5186 audisset,
3062 5123 3386 5180 exclamavit

1846 5223 2036 5277 dicens
2056 5258 2072 5282 ,
2102 5216 2217 5273 Non
2248 5229 2330 5269 cst
2358 5214 2462 5270 tale
2492 5213 2794 5276 decretum,
2830 5224 2937 5261 non
2970 5218 3054 5263 est
3084 5226 3263 5264 canon
3289 5214 3381 5278 qui

1846 5313 1951 5365 hoc
1975 5310 2185 5381 iubeat,
2214 5306 2476 5363 mentitus
2502 5310 2603 5355 est.
2641 5300 2825 5352 Patres
2848 5314 2977 5352 vero
3008 5300 3227 5352 concilii
3260 5315 3385 5355 sex.

1845 5400 1992 5455 conti
2040 5409 2095 5452 et
2143 5397 2360 5465 triginta
2416 5406 2646 5453 numero
2692 5390 3052 5450 hisauditis,
3098 5390 3380 5455 Eutychen

1845 5490 2309 5548 condemnarunt,
2369 5485 2642 5538 nolentem
2708 5496 2897 5549 sapere
2947 5489 3109 5547 atquc
3155 5482 3383 5537 credet-.3

1848 5582 2032 5653 aliqua
2074 5580 2361 5651 alia,-quae
2400 5576 2452 5627 in
2483 5574 2703 5631 Niceno
2764 5572 3022 5641 Symbolo
3070 5586 3175 5623 non
3204 5569 3410 5629 conti?

2921 5663 2990 5725 i’t
