4122 6326
763 250 903 369 is

1756 296 2273 356 BESSARIONIS
2313 295 2369 355 S.
2402 295 2473 354 li.
2504 294 2567 357 Ε.
2593 290 3055 357 CARDINALIS

3888 293 3982 357 £20

795 428 1032 475 neautur
1074 416 1347 485 explicito.
1384 414 1521 469 'Aiia
1580 427 1710 469 vero
1755 410 1879 467 dico
1926 427 2162 473 numero
2188 452 2200 473 .
2235 426 2343 463 non
2367 422 2416 486 Α
2450 425 2545 466 nes
2583 426 2612 466 a
2652 392 2925 481 praedictis
2961 412 3165 465 sanctis
3206 410 3460 465 Patribus
3490 413 3600 478 jam
3642 410 3847 475 editos,
3872 424 3931 466 et
3956 431 3982 469 a

799 518 861 563 ut
914 506 1339 561 contradictoris
1379 504 1462 558 vel
1495 502 1769 558 contraria
1792 543 1805 565 ,
1832 516 1945 571 quo
2005 501 2061 554 fit
2084 540 2098 564 ,
2133 509 2191 553 ut
2223 500 2342 552 illas

796 601 1099 656 additiones
1150 597 1461 666 putaverint
1502 594 1829 649 inhibendas
1858 608 1979 647 esse
2002 633 2017 657 ,
2048 606 2177 659 qua:-
2205 605 2335 644 con-

770 693 978 745 trariae
1024 698 1079 744 et
1131 688 1396 758 opposita:
1442 685 1661 741 veritati
1710 692 1876 747 sunt,
1906 698 2030 736 non
2074 683 2193 734 illas
2224 694 2344 747 quas

797 792 925 837 sunt
952 774 1353 835 consentaneae.
1381 777 1533 842 Quod
1561 776 1707 829 enim
1734 773 1984 828 Christus
2011 772 2064 824 in
2133 770 2344 823 duabus

795 886 854 930 et
881 890 944 928 ex
981 872 1197 927 duabus
1232 870 1447 923 naturis
1481 868 1691 933 absque
1723 863 2049 918 confusione
2085 876 2344 929 perman-

797 966 932 1021 serit
973 973 1093 1034 post
1142 959 1324 1015 carnis
1374 956 1843 1024 assumptionem,
1876 952 2021 1021 quod
2068 952 2340 1020 Eutychos

798 1057 1056 1122 negabat,
1106 1052 1419 1117 quanquam
1469 1044 1617 1100 aliud
1665 1057 1810 1098 esset
1852 1058 1881 1096 a
1924 1043 2145 1097 Nicaano
2181 1042 2341 1108 Sym-

798 1146 923 1199 beio
945 1186 957 1204 ,
988 1141 1135 1195 aliud
1163 1154 1291 1192 vero
1316 1153 1424 1191 non
1460 1136 1728 1190 sententia
1754 1172 1767 1196 ,
1798 1132 1891 1187 sed
1922 1130 2100 1186 verbis
2121 1171 2133 1194 ,
2166 1139 2342 1183 tamen

796 1235 1064 1304 cogebant
1092 1229 1380 1299 Eutychen
1403 1265 1418 1291 ,
1451 1235 1511 1281 ut
1544 1226 1648 1280 hoc
1674 1224 1943 1277 crederet.
1983 1220 2347 1288 lgitur'mani-

798 1328 932 1380 feste
978 1333 1204 1391 apparet
1244 1336 1351 1373 non
1396 1316 1720 1384 simpliciter
1752 1315 1899 1369 aliud
1926 1353 1940 1373 ,
1988 1312 2081 1366 sed
2121 1319 2342 1364 contra-

796 1418 938 1469 rium
992 1411 1304 1467 iuhibuisse
1357 1417 1573 1470 sanctos
1623 1407 1899 1459 doctores.
1960 1401 2343 1472 Animadverte

794 1516 1024 1569 namque
1058 1499 1201 1567 quod
1250 1498 1481 1566 ipsumet
1530 1494 1692 1547 verba
1741 1490 1887 1544 tertii
1933 1490 2192 1552 concilii,
2226 1502 2346 1556 qua:

806 1610 905 1648 nos
938 1591 1305 1661 proferimus,
1343 1587 1476 1640 nulli
1503 1584 1755 1637 videlicet
1786 1582 1953 1635 licere
1985 1581 2145 1633 aliam
2180 1577 2344 1632 fidem

800 1685 1073 1754 proferre.
1133 1682 1249 1734 inec
1274 1677 1465 1731 eadem
1514 1676 1785 1741 Eutychos
1835 1687 1935 1741 pro
1983 1686 2040 1725 se
2084 1669 2349 1737 produce-

2441 497 2755 552 Christiano
2794 499 3073 552 consortio
3116 507 3373 565 tanquam
3414 496 3626 550 alienus
3665 498 3909 566 pellatur
3931 508 3985 554 et

2446 579 2784 655 prejiciatur.
2818 587 3101 642 Nos'enim
3156 601 3258 640 nec
3304 586 3507 641 addere
3569 577 3751 653 neque
3782 588 3985 643 auferre

2444 678 2740 746 quidquam
2769 679 3016 731 νοτηιιίηο
3066 677 3145 730 vel
3200 680 3536 744 cogitamus,
3582 677 3667 729 vel
3702 691 3985 745 possumus

2444 783 2689 827 canones
2730 768 3025 835 praedictos
3070 776 3385 835 sequentes.
3437 766 3534 819 Hic
3582 781 3759 820 canon
3812 768 3984 819 mani-

2445 859 2582 911 feste
2611 855 3023 910 declaratlertii
3052 854 3270 909 concilii
3302 854 3581 908 decretum
3609 892 3623 916 ,
3656 865 3710 908 et
3734 855 3981 916 aliorum,

2443 961 2564 1014 quae
2597 946 2879 1009 inhibent,
2910 961 2978 999 ne
3011 944 3135 1012 quis
3164 944 3322 996 al'am
3360 942 3614 1013 praeferat
3650 942 3835 1005 ﬁdem,
3868 959 3984 996 cum

2444 1036 2628 1101 dicat,
2658 1036 2806 1105 quod
2841 1036 2887 1089 si
2920 1036 3043 1103 quis
3079 1035 3360 1088 contraire
3395 1034 3613 1088 Patrum
3649 1031 3985 1101 dogmatibus

2445 1137 2698 1191 conetur,
2736 1128 3025 1181 anathema
3067 1127 3137 1180 sit
3172 1124 3475 1180 secundum
3509 1140 3749 1178 canones
3778 1127 3888 1191 jam
3922 1125 3984 1175 ab

2443 1217 2525 1270 eis
2557 1218 2751 1282 editos,
2783 1216 2885 1270 hos
2909 1216 3183 1279 videlicet,
3212 1216 3304 1284 qui
3340 1214 3589 1268 inhibent
3619 1214 3778 1265 alium
3809 1212 3984 1265 iidem.

2445 1307 2567 1361 llaec
2614 1308 2781 1375 igitur
2818 1306 3038 1360 decreta
3080 1305 3413 1362 contrariam
3456 1289 3616 1357 fidem
3662 1303 3986 1371 prohibent,

2445 1410 2499 1455 et
2524 1400 2667 1468 quod
2700 1399 2943 1454 inferunt
2966 1440 2980 1463 ,
3017 1414 3115 1452 nos
3142 1398 3287 1453 enim
3317 1413 3417 1465 nec
3441 1397 3693 1451 addimus
3713 1436 3728 1459 ,
3764 1410 3864 1448 nec
3898 1410 3987 1447 au-

2445 1490 2669 1545 ferimus
2702 1491 2903 1559 aliquid
2928 1530 2941 1553 ,
2977 1490 3031 1543 in
3067 1484 3170 1542 fide
3201 1489 3454 1542 videlicet
3485 1487 3834 1554 intelligunt,
3889 1499 3989 1536 non

2446 1580 2501 1633 in
2544 1568 2799 1650 Symboio
2833 1598 2848 1647 ;
2890 1580 3213 1644 Symbolum
3257 1581 3401 1633 enim
3449 1579 3565 1632 haec
3607 1579 3848 1648 synodus
3888 1592 3988 1628 non

2447 1672 2680 1741 inseruit
2718 1674 2773 1735 in
2813 1686 2914 1725 suo
2946 1672 3209 1735 decreto,
3253 1671 3344 1723 sed
3388 1669 3548 1722 fidem
3588 1681 3871 1735 exponens
3895 1709 3907 1725 .
3942 1676 3991 1718 et

796 1780 913 1831 bat.
954 1760 1262 1840 Episcopus
1300 1782 1430 1822 vero
1474 1765 1783 1835 Dorylensis
1804 1801 1818 1824 ,
1852 1774 1905 1815 et
1949 1770 2122 1815 totum
2170 1758 2348 1812 conci—
2380 1799 2418 1851 Β
2448 1765 2697 1831 dogmata
2730 1770 3040 1815 sanctorum
3076 1762 3295 1815 Patrum
3324 1799 3339 1823 ,
3372 1769 3427 1814 et
3454 1760 3699 1813 omnium
3732 1757 3989 1811 concilio-

799 1870 931 1921 iium
962 1905 975 1925 ,
1007 1863 1121 1916 Non
1150 1870 1232 1914 est
1260 1857 1385 1911 talis
1432 1870 1632 1917 canon,
1659 1854 2066 1914 exclaniarunt,
2106 1850 2198 1915 qui
2243 1847 2350 1900 hoc

798 1961 1019 2027 juhsat.
1054 1962 1106 2005 et
1134 1952 1285 2004 ilium
1314 1946 1749 2001 condemnarunt
1774 1952 2028 2008 tanquam
2057 1954 2163 1992 non
2198 1946 2347 1992 recte

802 2047 1187 2109 iutcliigcntem
1218 2042 1363 2094 hunc
1391 2050 1678 2092 Canonem.
1704 2032 2016 2100 Exponehat
2041 2031 2187 2083 enim
2220 2044 2345 2081 eum

800 2134 1259 2210 quemadmodum
1298 2140 1353 2185 et
1399 2128 1569 2182 nostri
1622 2141 1783 2179 omne
1828 2122 1976 2176 aliud
2004 2121 2347 2191 simpliciter,

799 2232 963 2287 etiam
993 2227 1037 2283 si
1068 2233 1211 2280 esset
1238 2220 1549 2286 diii'erentia
1580 2216 1821 2271 verbalis
1844 2254 1858 2278 ,
1886 2223 2089 2285 putans
2133 2210 2339 2265 inhibi—

804 2332 919 2374 tum
964 2331 1106 2372 esse.
1153 2316 1325 2379 Quam
1369 2309 1769 2380 expositionem
1818 2303 2057 2376 synodus
2106 2301 2349 2363 refellit,

801 2425 914 2464 non
942 2420 1147 2476 negans
1178 2405 1292 2458 haec
1319 2401 1484 2455 verba
1524 2399 1578 2451 in
1612 2412 1827 2450 canone
1860 2393 2149 2462 Ephesino‘
2170 2389 2347 2444 conti-

804 2501 961 2556 neri:
1004 2498 1167 2551 aliam
1215 2504 1391 2547 tamen
1420 2489 1580 2544 fidem
1626 2497 1862 2557 putans,
1908 2498 2028 2553 quae
2076 2482 2349 2537 contraria

796 2590 1068 2651 veritati,
1126 2600 1234 2641 non
1287 2596 1410 2652 qua:
1459 2578 1641 2634 verbis
1696 2575 2000 2641 diﬁ‘erens,
2057 2570 2346 2626 sententiis

804 2693 1031 2736 concors
1060 2683 1115 2730 et
1142 2681 1505 2728 consentanea
1534 2670 1626 2724 sit.

877 2768 1012 2821 Item
1054 2766 1109 2818 in
1148 2764 1291 2819 libro
1317 2774 1589 2816 canonum
1623 2754 1981 2812 conciliorum
2008 2791 2023 2815 ,
2052 2762 2191 2819 quos
2247 2759 2356 2799 no-

794 2854 925 2911 ster
956 2856 1199 2908 Zonaras
1245 2850 1502 2920 exponit,
1557 2847 1611 2899 in
1656 2859 1724 2900 eo
1746 2884 1761 2909 ,
1806 2843 2025 2909 inquam
2048 2878 2062 2903 ,
2097 2836 2240 2890 libro
2275 2841 2361 2887 est

809 2950 928 3003 haec
975 2945 1227 2999 inhibitio
1276 2942 1423 2996 tertii
1469 2936 1736 2998 concilii,
1770 2934 1855 2986 his
1899 2930 2151 2984 videlicet
2201 2923 2361 2979 lectis

808 3032 1195 3091 determinavit
1222 3036 1406 3083 sancta
1439 3025 1699 3095 synodus,
1733 3030 1787 3073 et
1814 3028 1898 3073 est
1926 3019 2070 3070 inter
2101 3012 2353 3084 ejusdem

823 3125 1039 3181 concilii
1074 3134 1313 3177 canones
1345 3117 1614 3185 septimus
1648 3124 1914 3174 numero;
1947 3116 2069 3161 ante
2101 3104 2247 3159 hunc
2280 3110 2363 3158 est

814 3218 954 3271 alius
986 3214 1229 3284 ejusdem
1264 3207 1484 3263 concilii
1522 3220 1695 3259 canon
1732 3216 1966 3256 numero
1999 3205 2221 3259 sextus,
2257 3193 2356 3263 qui

814 3304 1201 3362 communione
1241 3301 1551 3371 privatecos
1590 3296 1682 3363 qui
1724 3294 1988 3346 auderent
2025 3285 2233 3356 aliquid
2264 3300 2363 3340 eo-

817 3415 939 3453 rum
970 3404 1279 3466 permutare
1304 3432 1318 3454 ,
1354 3403 1473 3458 quae
1506 3404 1534 3441 a
1570 3386 1777 3454 synodo
1814 3393 1932 3437 acta
1968 3392 2115 3434 sunt.
2152 3380 2209 3431 ιη
2242 3392 2361 3445 sep-

818 3464 1176 3540 timo—autem
1209 3493 1413 3533 canone
1448 3474 1699 3530 videlicet
1754 3467 2097 3524 inhibitionis
2140 3464 2365 3519 anathe-

816 3578 1148 3631 matizantur
1170 3573 1265 3640 qui
1287 3566 1759 3637 transgrediuntur
1790 3574 2051 3615 canonetu
2078 3598 2092 3622 ,
2121 3568 2176 3612 et
2205 3557 2365 3610 aliam

816 3667 1114 3739 pnedieent
1140 3664 1321 3716 fidem.
1350 3658 1553 3724 Qumrit
1584 3658 1750 3727 igitur
1774 3654 2018 3709 Zonaras
2044 3664 2209 3720 quare
2243 3664 2370 3702 san-

821 3763 893 3816 cti
926 3760 1115 3813 Patres
1150 3758 1204 3810 in
1236 3762 1388 3809 sexto
1427 3764 1635 3806 canone
1674 3745 2061 3801 communione
2101 3743 2367 3796 duntaxat

818 3853 1032 3923 privarit
1061 3856 1510 3915 transgressores,
1536 3841 1590 3894 in
1616 3838 1848 3907 septimo
1876 3849 2008 3888 vero
2035 3828 2368 3889 anathemati

819 3920 915 3995 eos
944 3940 1275 4009 subjiciunt;
1316 3936 1455 3987 hanc
1491 3944 1623 3984 vero
1663 3924 2023 4007 quaestionem
2063 3923 2151 3976 his
2185 3920 2372 3975 verbis

817 4032 980 4085 solvit
1012 4047 1025 4083 :
1064 4028 1292 4082 Multum
1334 4024 1603 4081 interest,
1642 4018 1859 4083 inquit,
1895 4016 2042 4066 inter
2092 4008 2374 4065 contradi—

823 4136 973 4186 cere,
1012 4129 1067 4174 et
1098 4118 1355 4172 dubitare
1388 4112 1455 4165 de
1495 4109 1674 4174 aliqua
1707 4120 1765 4158 re
1792 4120 1810 4169 ς
1876 4102 2003 4157 ideo
2028 4100 2120 4170 qui
2152 4099 2374 4153 dubitat

823 4212 892 4265 de
937 4210 1023 4262 his
1052 4222 1171 4275 quae
1197 4206 1306 4275 iam
1339 4210 1487 4255 recte
1517 4214 1548 4252 a
1577 4195 1832 4251 Patribus
1869 4199 2069 4247 statuta
2095 4196 2247 4254 sunt,
2283 4199 2377 4241 ex-

826 4274 1326 4354 communicatione
1375 4289 1691 4350 innodatur,
1737 4293 1792 4340 et
1830 4280 2213 4338 communione
2258 4274 2374 4347 pri-

826 4384 1134 4453 vaturzqui
1180 4396 1310 4437 vero
1337 4381 1417 4434 eis
1446 4376 1777 4432 contradicit
1800 4384 2056 4443 tanquam
2100 4365 2375 4425 contraria

828 4479 1075 4546 sapiens,
1124 4468 1639 4525 anatliematizatur.
1669 4464 1851 4532 Quare
1891 4466 1995 4518 iste
2026 4462 2192 4517 etiam
2222 4472 2377 4514 com-

831 4576 1104 4623 mentator
1134 4565 1292 4618 aliam
1342 4560 1499 4614 ﬁdem
1523 4560 1613 4613 hic
1641 4555 2116 4612 contradictoriam
2157 4558 2377 4608 contra-

830 4660 1077 4725 riamque
1124 4649 1467 4722 apertissime
1520 4658 1578 4701 et
1625 4645 1910 4713 manifeste
1973 4644 2238 4699 nominat.

902 4751 1036 4804 lteiu
1088 4743 1382 4799 concilium
1429 4742 1485 4793 in
1529 4738 1715 4794 Truiio
1745 4736 2075 4791 celebratum
2106 4735 2160 4790 in
2206 4735 2382 4804 primo

830 4858 931 4899 suo
958 4853 1166 4895 canone
1192 4837 1360 4891 dicit:
1391 4833 1693 4889 Statuimus
1720 4827 2113 4883 immutabilem
2134 4865 2151 4891 ,
2180 4828 2382 4896 absque

832 4936 1014 5003 aliqua
1059 4931 1298 4985 novitate
1325 4968 1339 4991 ,
1384 4939 1609 4981 servare
1650 4920 1909 5064 traditus
1951 4918 2111 4973 nobis
2142 4918 2212 4972 ab
2248 4920 2381 4987 ipsis

833 5024 1098 5064 ministris
1128 5020 1285 5064 νεηνιιί
1332 5018 1424 5064 nui
1457 5015 1588 5064 illud
1617 5013 1790 5064 oculis
1816 5011 1865 5064 vi
1906 5019 2090 5064 erunt.
2124 5007 2381 5064 anostolis

828 5024 1098 5077 ministris
1128 5020 1288 5075 Verbi
1332 5018 1425 5088 qui
1457 5015 1588 5071 illud
1617 5013 1790 5068 oculis
1816 5007 2090 5074 viderunt,
2124 5007 2384 5088 apostolis

833 5114 1087 5166 videlicet
1116 5112 1319 5165 sanctis
1337 5084 1367 5173 ξ
1388 5118 1451 5164 et
1472 5124 1503 5162 a
1530 5107 1635 5161 518
1671 5106 1875 5160 sanctis
1902 5100 2161 5155 Patribus
2195 5099 2250 5151 in
2283 5084 2375 5152 Pii-

835 5217 946 5257 csa
979 5202 1351 5270 congregatis;
1388 5209 1443 5252 et
1507 5207 1905 5273 consequenter
1953 5198 2241 5246 enumerat
2274 5204 2388 5243 om-

833 5294 925 5348 nia
955 5291 1185 5347 concilia
1208 5328 1222 5354 ,
1255 5299 1311 5343 et
1349 5290 1509 5354 jubet
1554 5289 1713 5342 fidem
1744 5287 1813 5341 ab
1841 5283 2099 5339 omnibus
2130 5282 2381 5337 iilis'tra-

840 5384 1012 5440 ditem
1052 5380 1452 5436 immutabilem
1494 5378 1722 5433 servari.
1763 5376 1966 5432 Deinde
2006 5374 2213 5438 infert,
2242 5373 2385 5441 quod

836 5474 884 5527 si
916 5474 1040 5541 quis
1078 5470 1337 5541 pradicta
1376 5469 1597 5538 pietatis
1632 5467 1884 5537 dogmata
1927 5478 2035 5517 non
2074 5471 2295 5527 teneat,
2331 5472 2387 5516 et

834 5564 920 5616 eis
949 5564 1295 5631 acquiescat,
1329 5570 1386 5615 et
1416 5561 1490 5613 ita
1519 5561 1730 5630 sapiat,
1762 5569 1817 5613 et
1845 5559 2103 5629 praedicet
2131 5592 2145 5619 ,
2182 5554 2276 5609 sed
2309 5553 2389 5608 eis

839 5654 1119 5707 contraire
1150 5662 1415 5723 conetur,
1457 5650 1746 5707 anathema
1785 5647 1858 5705 sit
1882 5643 2183 5702 secundum
2222 5656 2387 5700 cano-

2447 1870 2568 1908 rum
2611 1855 2808 1915 infert,
2853 1840 2963 1907 Nec
3001 1853 3237 1917 addere,
3284 1865 3385 1915 nec
3441 1851 3658 1903 auferre
3706 1850 3992 1916 quidquam

2448 1946 2794 2013 cogitamus:
2830 1954 2885 1997 et
2928 1945 3064 1996 ratio
3087 1984 3100 2006 ,
3148 1941 3275 2011 quia
3317 1956 3557 1995 canones
3588 1939 3881 2006 praedictos
3910 1952 3992 1989 se-

2450 2036 2712 2104 quimur;
2741 2034 2900 2103 itagut
2930 2035 3075 2088 clare
3101 2043 3320 2100 pateat,
3352 2046 3474 2085 cum
3504 2032 3652 2084 dicat
3680 2031 3875 2092 Patres
3902 2043 3996 2081 nec

2452 2126 2655 2182 addere
2686 2139 2784 2178 nec
2813 2125 3032 2177 auferre
3077 2124 3247 2177 licere
3272 2164 3286 2187 ,
3335 2138 3445 2177 non
3480 2124 3732 2176 verbaies
3764 2121 3991 2173 additio-

2456 2230 2551 2269 nes
2578 2227 2632 2269 et
2656 2216 2975 2276 ablationes,
3034 2213 3127 2267 sed
3173 2214 3566 2267 contrariarum
3603 2214 3992 2265 sententiarum

2444 2312 2506 2359 et
2552 2304 2669 2358 falsi
2717 2320 2912 2359 sensus
2958 2304 3230 2358 inhibere.
3279 2301 3385 2358 Per
3425 2304 3571 2357 hunc
3620 2302 3784 2368 igitur
3831 2316 3992 2354 unum

2452 2383 2725 2449 canonem‘
2762 2394 2937 2448 solum
2959 2433 2976 2457 ,
3010 2406 3173 2461 quem
3216 2404 3326 2445 non
3358 2391 3501 2446 ratio
3530 2404 3714 2448 nostra
3750 2392 3994 2458 inducit,

2448 2474 2562 2539 non
2594 2484 2793 2551 aliquis
2836 2483 3078 2552 privatus
3112 2484 3280 2536 homo
3311 2491 3713 2537 commentatur
3741 2480 3999 2549 simplici-

2455 2582 2561 2638 ter,
2590 2574 2681 2628 sed
2715 2589 2877 2643 quem
2910 2561 3015 2629 una
3043 2574 3306 2644 synodus,
3338 2580 3418 2627 tot
3447 2572 3669 2627 Patrum
3700 2582 3998 2627 conventus

2467 2666 2813 2734 composuit,
2859 2680 2971 2735 quo
3019 2668 3183 2720 etiam
3225 2675 3281 2719 et
3314 2666 3546 2721 aliorum
3593 2667 3855 2722 similium
3902 2663 3999 2716 Pa-

2462 2768 2607 2821 trum
2652 2770 2888 2815 mentem
2934 2769 3256 2830 exponunt;
3332 2761 3677 2829 apertissime
3739 2770 3794 2815 et
3835 2759 3999 2811 mani-

2464 2848 2760 2903 festissime
2792 2848 3022 2901 solvitur
3053 2851 3285 2915 quaestio
3313 2865 3422 2903 non
3454 2852 3787 2903 contendere
3822 2853 4003 2904 volen-

2464 2937 2633 2991 tibus.
2668 2936 2973 2992 Voluissem
3005 2939 3198 2992 liceret
3232 2938 3449 3004 longius
3472 2940 3690 3007 evagari
3718 2958 3735 3004 ,-
3768 2942 4002 2993 vidisses

2469 3028 2719 3097 profecto
2749 3029 2949 3085 multas
2978 3029 3184 3083 similes
3222 3030 3482 3091 rationes,
3540 3040 3595 3081 et
3642 3031 3863 3096 quidem
3913 3047 4008 3095 pn-

2469 3120 2728 3174 tissimas.
2769 3120 2904 3174 Cum
2944 3134 3071 3174 vero
3104 3131 3159 3173 et
3198 3135 3319 3188 qua:
3370 3121 3515 3173 dicta
3562 3130 3690 3172 sunt
3742 3122 3812 3173 ita
3866 3122 4007 3173 clare

2476 3214 2617 3269 hanc
2644 3214 2999 3281 qua‘stionem
3043 3211 3347 3278 decidant,
3399 3221 3460 3265 ut
3515 3211 3588 3263 illi
3630 3210 3849 3278 quidem
3874 3252 3888 3273 ,
3922 3210 4008 3277 qui

2476 3305 2761 3359 veritatem
2822 3303 3056 3373 diligat,
3118 3311 3171 3356 et
3222 3303 3427 3371 absque
3480 3303 3833 3356 contentione
3900 3316 4013 3369 qute

2468 3395 2614 3450 dicta
2676 3402 2804 3451 sunt
2849 3394 3070 3460 audiat,
3104 3395 3235 3447 satis
3283 3408 3555 3463 superque
3608 3394 3741 3458 sint,
3792 3404 4012 3447 conten-

2467 3487 2597 3542 dere
2637 3502 2767 3541 vero
2798 3486 2997 3541 volenti
3031 3498 3132 3538 nec
3184 3483 3358 3538 multo
3410 3485 3595 3553 plures
3643 3483 4005 3537 satisfaciant:

2469 3578 2886 3635 uno'duntaxat
2934 3586 3255 3649 argumento
3299 3575 3613 3631 Latinorum
3673 3576 3857 3630 adhuc
3914 3576 4008 3629 ad-

2468 3669 2608 3734 dito,
2637 3668 2864 3723 cessabo
2912 3666 2979 3721 de
3032 3667 3131 3721 hac
3178 3681 3237 3720 re
3267 3666 3422 3735 plura
3448 3666 3651 3720 dicere.
3700 3666 3793 3721 Est
3835 3676 4013 3720 autem

2469 3760 2576 3814 hoc
2604 3758 2949 3828 potissimum
2975 3798 2990 3822 ,
3022 3768 3077 3813 et
3099 3757 3244 3827 quod
3276 3758 3451 3812 solum
3481 3757 3707 3811 su’illciat
3740 3757 3807 3835 ad
3836 3758 4018 3813 redar-

2470 3850 2745 3919 guendum
2813 3846 3071 3903 errorem
3114 3858 3455 3905 nostrorum.
3516 3848 3628 3903 Nos
3685 3850 4016 3911 asserimus,

2472 3941 2616 4009 quod
2662 3941 2897 4006 primum
2937 3940 3163 3994 tertium
3210 3940 3505 4009 concilium
3544 3939 3694 3994 hanc
3742 3941 4022 3995 inhibitio-

2473 4046 2597 4084 nem
2631 4029 2909 4092 decrevit,
2941 4039 3003 4082 ut
3031 4030 3192 4097 paulo
3224 4040 3349 4091 ante
3380 4031 3494 4084 dixi
3523 4048 3537 4097 ;
3583 4032 3804 4100 quando
3856 4036 4018 4086 etiam

2475 4132 2717 4179 causam,
2747 4133 2916 4187 quare
2945 4118 3049 4172 hoc
3076 4119 3685 4175 dicimus-manifestavi
3708 4163 3723 4187 ,
3751 4138 3875 4191 qua:
3904 4134 4019 4176 est:

2477 4208 2623 4277 quod
2655 4222 2779 4262 cum
2814 4207 3048 4278 secunda
3078 4209 3321 4277 synodus
3348 4209 3502 4277 plura
3543 4210 3819 4277 addiderit
3842 4251 3856 4275 ,
3906 4214 4019 4281 piu-

2480 4313 2649 4367 raque
2689 4296 2975 4351 abstulerit
3021 4311 3050 4349 a
3098 4297 3352 4366 Symbolo
3382 4299 3604 4353 Niceno
3626 4340 3644 4366 ,
3676 4302 3720 4354 si
3757 4316 4025 4357 asserere.

2404 4410 2456 4470 Ι)
2485 4404 2605 4443 mus
2634 4398 2760 4442 ante
2790 4386 3091 4445 secundum
3120 4387 3412 4441 concilium
3458 4390 3599 4441 hanc
3642 4389 4022 4446 inhibitionein

2485 4479 2654 4533 fuisse
2681 4517 2697 4542 .
2729 4493 2794 4533 ex
2827 4477 3041 4532 duobus
3088 4492 3257 4530 unum
3301 4486 3645 4546 sequeretur,
3681 4494 3911 4537 necesse
3953 4498 4029 4535 es-

2485 4580 2589 4633 set,
2627 4579 2722 4623 aut
2774 4569 3225 4638 transgressionis
3256 4584 3526 4624 canonum
3556 4580 3779 4625 sanctos
3806 4574 4025 4627 secundi

2487 4661 2713 4717 concilii
2737 4662 2926 4716 Patres
2951 4674 3231 4722 accusare,
3257 4668 3313 4715 et
3342 4660 3445 4715 sub
3472 4661 3820 4717 anathemate
3839 4663 4025 4724 fuisse.

2482 4761 2578 4806 aut
2602 4766 2725 4806 cum
2757 4752 2862 4807 hoc
2884 4766 2993 4806 non
3016 4751 3190 4805 solum
3214 4751 3512 4806 absurdum
3532 4792 3549 4817 ,
3573 4752 3669 4807 sed
3696 4755 3863 4808 etiam
3898 4756 4029 4809 blas-

2484 4844 2705 4913 phemia
2744 4843 2823 4898 sit
2850 4842 3063 4908 dicere,
3099 4858 3460 4898 nonemnem
3495 4842 3771 4899 verbalem
3804 4846 4033 4899 additio-

2484 4945 2645 4994 nem,
2710 4931 2807 4985 sed
2844 4931 3147 4987 sententias
3189 4928 3354 4984 falsas
3396 4936 3561 5001 atqire
3600 4934 3943 4997 contrarias,
3974 4948 4034 4985 ne

2485 5017 2755 5072 addantur
2796 5018 3121 5072 lnhibuisse.
3160 5017 3341 5083 Quare
3386 5021 3634 5086 cogimur
3685 5020 3869 5074 dicere
3920 5030 4035 5089 post

2487 5108 2799 5163 secundam
2856 5109 3117 5179 synodum
3178 5109 3320 5163 hanc
3377 5108 3761 5163 inhibitionem
3839 5110 4033 5165 factam

2488 5197 2689 5262 fuisse,
2722 5210 2833 5250 non
2862 5204 3041 5251 antea.
3070 5195 3243 5264 Igitur
3267 5198 3313 5250 si
3340 5198 3463 5265 quis
3492 5212 3523 5251 e
3554 5212 3824 5255 converso
3859 5211 4035 5254 osten-

2490 5291 2583 5340 dat
2628 5286 2772 5355 quod
2804 5294 2939 5341 ante
2980 5284 3272 5341 secundam
3315 5287 3586 5358 synodum
3630 5290 3747 5345 haec
3783 5292 4037 5345 inhibitio

2487 5375 2657 5431 fuerit
2686 5417 2701 5443 ,
2729 5385 2784 5431 et
2812 5375 3003 5430 iisdem
3034 5373 3149 5429 fere
3174 5376 3391 5445 verbis,
3424 5379 3625 5448 quibus
3656 5382 3881 5435 tertium
3914 5397 4037 5436 con-

2490 5467 2675 5521 cilium
2731 5482 2889 5521 usum
2938 5476 3059 5530 est,
3100 5466 3389 5536 colligetur
3432 5470 3670 5525 duorum
3700 5472 4040 5541 supradicto-

2489 5571 2610 5609 rum
2635 5557 2867 5611 alterum
2891 5596 2906 5621 ,
2932 5565 2986 5611 et
3012 5571 3132 5610 cum
3158 5559 3386 5614 secundi
3414 5559 3631 5614 concilii
3656 5560 3846 5615 Patres
3877 5568 4042 5613 trans-

2492 5660 2771 5717 gressores
2796 5661 3070 5704 canonum
3097 5646 3301 5716 dicere,
3332 5647 3680 5720 blasphemia
3708 5650 3823 5717 sit,
3855 5655 4039 5711 restat,
