  <div class='ocr_page' id='page_1' title='image "/cluster/home/n/w/nwhite01/storage/ocr_20150623/161/pst.000005714834/314.png"; bbox 0 0 4122 6326; ppageno 0'>
   <div class='ocr_carea' id='block_1_1' title="bbox 148 299 241 367">
    <p class='ocr_par' dir='ltr' id='par_1_1' title="bbox 148 299 241 367">
     <span class='ocr_line' id='line_1_1' title="bbox 148 299 241 367; baseline 0 -3"><span class='ocrx_word' id='word_1_1' title='bbox 148 299 241 367; x_wconf 64' lang='grc' dir='ltr'><strong>εει</strong></span> 
     </span>
    </p>
   </div>
   <div class='ocr_carea' id='block_1_2' title="bbox 1075 274 2475 351">
    <p class='ocr_par' dir='ltr' id='par_1_2' title="bbox 1075 274 2475 351">
     <span class='ocr_line' id='line_1_2' title="bbox 1075 274 2475 351; baseline -0.012 -3"><span class='ocrx_word' id='word_1_2' title='bbox 1075 288 1175 348; x_wconf 85' lang='lat' dir='ltr'><strong>DE</strong></span> <span class='ocrx_word' id='word_1_3' title='bbox 1212 278 1726 348; x_wconf 75' lang='lat' dir='ltr'><strong>PROCESSIONE</strong></span> <span class='ocrx_word' id='word_1_4' title='bbox 1760 274 2425 351; x_wconf 76' lang='lat' dir='ltr'><strong>SPlRlTUS-SANCTI</strong></span> <span class='ocrx_word' id='word_1_5' title='bbox 2472 305 2475 309; x_wconf 59' lang='grc' dir='ltr'><strong><em>ν</em></strong></span> 
     </span>
    </p>
   </div>
   <div class='ocr_carea' id='block_1_3' title="bbox 3242 269 3344 335">
    <p class='ocr_par' dir='ltr' id='par_1_3' title="bbox 3242 269 3344 335">
     <span class='ocr_line' id='line_1_3' title="bbox 3242 269 3344 335; baseline 0.029 -3"><span class='ocrx_word' id='word_1_6' title='bbox 3242 269 3344 335; x_wconf 67' lang='grc'><strong>422</strong></span> 
     </span>
    </p>
   </div>
   <div class='ocr_carea' id='block_1_4' title="bbox 151 384 3347 477">
    <p class='ocr_par' dir='ltr' id='par_1_4' title="bbox 151 384 3347 477">
     <span class='ocr_line' id='line_1_4' title="bbox 151 384 3347 477; baseline -0.011 -3"><span class='ocrx_word' id='word_1_7' title='bbox 151 430 211 477; x_wconf 81' lang='grc' dir='ltr'>ιιι</span> <span class='ocrx_word' id='word_1_8' title='bbox 246 414 547 474; x_wconf 82' lang='lat' dir='ltr'><strong>secundum</strong></span> <span class='ocrx_word' id='word_1_9' title='bbox 587 410 913 473; x_wconf 84' lang='lat' dir='ltr'><strong>sitverum,</strong></span> <span class='ocrx_word' id='word_1_10' title='bbox 945 403 1199 460; x_wconf 86' lang='lat' dir='ltr'><strong>videlicet</strong></span> <span class='ocrx_word' id='word_1_11' title='bbox 1254 414 1358 455; x_wconf 91' lang='lat' dir='ltr'><strong>non</strong></span> <span class='ocrx_word' id='word_1_12' title='bbox 1395 398 1448 452; x_wconf 92' lang='lat' dir='ltr'><strong>id</strong></span> <span class='ocrx_word' id='word_1_13' title='bbox 1484 392 1759 473; x_wconf 12' lang='lat' dir='ltr'><strong>intelli-‘A</strong></span> <span class='ocrx_word' id='word_1_14' title='bbox 1794 391 2061 459; x_wconf 70' lang='lat' dir='ltr'><strong>intelligit,</strong></span> <span class='ocrx_word' id='word_1_15' title='bbox 2091 405 2212 443; x_wconf 73' lang='lat' dir='ltr'><strong>rum</strong></span> <span class='ocrx_word' id='word_1_16' title='bbox 2239 390 2375 442; x_wconf 85' lang='lat' dir='ltr'><strong>hanc</strong></span> <span class='ocrx_word' id='word_1_17' title='bbox 2401 386 2778 441; x_wconf 81' lang='lat' dir='ltr'><strong>inhibitioncm</strong></span> <span class='ocrx_word' id='word_1_18' title='bbox 2809 384 3077 448; x_wconf 89' lang='lat' dir='ltr'><strong>decernit,</strong></span> <span class='ocrx_word' id='word_1_19' title='bbox 3111 386 3201 440; x_wconf 88' lang='lat' dir='ltr'><strong>sed</strong></span> <span class='ocrx_word' id='word_1_20' title='bbox 3237 402 3347 441; x_wconf 85' lang='lat' dir='ltr'><strong>rna-</strong></span> 
     </span>
    </p>
   </div>
   <div class='ocr_carea' id='block_1_5' title="bbox 152 483 1686 577">
    <p class='ocr_par' dir='ltr' id='par_1_5' title="bbox 152 483 1686 577">
     <span class='ocr_line' id='line_1_5' title="bbox 152 483 1686 577; baseline -0.019 -13"><span class='ocrx_word' id='word_1_21' title='bbox 152 525 276 577; x_wconf 85' lang='lat' dir='ltr'><strong>gere</strong></span> <span class='ocrx_word' id='word_1_22' title='bbox 311 508 459 561; x_wconf 83' lang='lat' dir='ltr'><strong>illam</strong></span> <span class='ocrx_word' id='word_1_23' title='bbox 492 500 878 558; x_wconf 87' lang='lat' dir='ltr'><strong>inhibitionem</strong></span> <span class='ocrx_word' id='word_1_24' title='bbox 902 534 919 561; x_wconf 93' lang='lat'><strong>,</strong></span> <span class='ocrx_word' id='word_1_25' title='bbox 950 494 1097 565; x_wconf 80' lang='lat' dir='ltr'><strong>quod</strong></span> <span class='ocrx_word' id='word_1_26' title='bbox 1129 490 1298 547; x_wconf 90' lang='lat' dir='ltr'><strong>nostri</strong></span> <span class='ocrx_word' id='word_1_27' title='bbox 1337 494 1558 577; x_wconf 82' lang='lat' dir='ltr'><strong>putant,</strong></span> <span class='ocrx_word' id='word_1_28' title='bbox 1588 483 1686 538; x_wconf 79' lang='lat' dir='ltr'><strong>sed</strong></span> 
     </span>
    </p>
   </div>
   <div class='ocr_carea' id='block_1_6' title="bbox 148 575 1689 653">
    <p class='ocr_par' dir='ltr' id='par_1_6' title="bbox 148 575 1689 653">
     <span class='ocr_line' id='line_1_6' title="bbox 148 575 1689 653; baseline -0.018 0"><span class='ocrx_word' id='word_1_29' title='bbox 148 575 471 653; x_wconf 75' lang='lat' dir='ltr'><strong>contrariam</strong></span> <span class='ocrx_word' id='word_1_30' title='bbox 509 592 670 646; x_wconf 89' lang='lat' dir='ltr'><strong>fidem</strong></span> <span class='ocrx_word' id='word_1_31' title='bbox 717 587 985 643; x_wconf 85' lang='lat' dir='ltr'><strong>inhibere.</strong></span> <span class='ocrx_word' id='word_1_32' title='bbox 1041 582 1156 636; x_wconf 86' lang='lat' dir='ltr'><strong>Hoc</strong></span> <span class='ocrx_word' id='word_1_33' title='bbox 1188 581 1352 649; x_wconf 78' lang='lat' dir='ltr'><strong>igitur</strong></span> <span class='ocrx_word' id='word_1_34' title='bbox 1397 575 1554 631; x_wconf 86' lang='lat' dir='ltr'><strong>nobis</strong></span> <span class='ocrx_word' id='word_1_35' title='bbox 1601 588 1689 627; x_wconf 88' lang='lat' dir='ltr'><strong>os-</strong></span> 
     </span>
    </p>
   </div>
   <div class='ocr_carea' id='block_1_7' title="bbox 150 662 1690 739">
    <p class='ocr_par' dir='ltr' id='par_1_7' title="bbox 150 662 1690 739">
     <span class='ocr_line' id='line_1_7' title="bbox 150 662 1690 739; baseline -0.016 0"><span class='ocrx_word' id='word_1_36' title='bbox 150 685 441 739; x_wconf 86' lang='lat' dir='ltr'><strong>tenderunt</strong></span> <span class='ocrx_word' id='word_1_37' title='bbox 502 678 700 733; x_wconf 87' lang='lat' dir='ltr'><strong>Latini.</strong></span> <span class='ocrx_word' id='word_1_38' title='bbox 761 675 1058 732; x_wconf 88' lang='lat' dir='ltr'><strong>Probatum</strong></span> <span class='ocrx_word' id='word_1_39' title='bbox 1108 680 1191 725; x_wconf 85' lang='lat' dir='ltr'><strong>est</strong></span> <span class='ocrx_word' id='word_1_40' title='bbox 1235 666 1436 724; x_wconf 88' lang='lat' dir='ltr'><strong>etenim</strong></span> <span class='ocrx_word' id='word_1_41' title='bbox 1486 663 1559 718; x_wconf 85' lang='lat' dir='ltr'><strong>ab</strong></span> <span class='ocrx_word' id='word_1_42' title='bbox 1608 662 1690 715; x_wconf 89' lang='lat' dir='ltr'><strong>eis</strong></span> 
     </span>
    </p>
   </div>
   <div class='ocr_carea' id='block_1_8' title="bbox 150 756 1688 842">
    <p class='ocr_par' dir='ltr' id='par_1_8' title="bbox 150 756 1688 842">
     <span class='ocr_line' id='line_1_8' title="bbox 150 756 1688 842; baseline -0.014 -15"><span class='ocrx_word' id='word_1_43' title='bbox 150 775 376 842; x_wconf 82' lang='lat' dir='ltr'><strong>primam</strong></span> <span class='ocrx_word' id='word_1_44' title='bbox 440 771 711 826; x_wconf 65' lang='lat' dir='ltr'><strong>Nicmnam</strong></span> <span class='ocrx_word' id='word_1_45' title='bbox 769 764 1039 837; x_wconf 83' lang='lat' dir='ltr'><strong>synodum</strong></span> <span class='ocrx_word' id='word_1_46' title='bbox 1107 756 1248 815; x_wconf 84' lang='lat' dir='ltr'><strong>hanc</strong></span> <span class='ocrx_word' id='word_1_47' title='bbox 1306 756 1688 813; x_wconf 86' lang='lat' dir='ltr'><strong>inhihitionetn</strong></span> 
     </span>
    </p>
   </div>
   <div class='ocr_carea' id='block_1_9' title="bbox 147 846 1689 928">
    <p class='ocr_par' dir='ltr' id='par_1_9' title="bbox 147 846 1689 928">
     <span class='ocr_line' id='line_1_9' title="bbox 147 846 1689 928; baseline -0.016 -9"><span class='ocrx_word' id='word_1_48' title='bbox 147 864 336 919; x_wconf 84' lang='lat' dir='ltr'><strong>fecisse</strong></span> <span class='ocrx_word' id='word_1_49' title='bbox 361 901 377 920; x_wconf 90' lang='lat'><strong>.</strong></span> <span class='ocrx_word' id='word_1_50' title='bbox 415 862 605 915; x_wconf 86' lang='lat' dir='ltr'><strong>iisdem</strong></span> <span class='ocrx_word' id='word_1_51' title='bbox 646 858 781 928; x_wconf 87' lang='lat' dir='ltr'><strong>ipsis</strong></span> <span class='ocrx_word' id='word_1_52' title='bbox 825 854 1044 915; x_wconf 86' lang='lat' dir='ltr'><strong>verbis,</strong></span> <span class='ocrx_word' id='word_1_53' title='bbox 1084 851 1285 920; x_wconf 84' lang='lat' dir='ltr'><strong>quibus</strong></span> <span class='ocrx_word' id='word_1_54' title='bbox 1323 859 1379 902; x_wconf 91' lang='lat' dir='ltr'><strong>et</strong></span> <span class='ocrx_word' id='word_1_55' title='bbox 1419 846 1689 904; x_wconf 85' lang='lat' dir='ltr'><strong>tertium,</strong></span> 
     </span>
    </p>
   </div>
   <div class='ocr_carea' id='block_1_10' title="bbox 147 931 1692 1016">
    <p class='ocr_par' dir='ltr' id='par_1_10' title="bbox 147 931 1692 1016">
     <span class='ocr_line' id='line_1_10' title="bbox 147 931 1692 1016; baseline -0.014 -11"><span class='ocrx_word' id='word_1_56' title='bbox 147 963 204 1007; x_wconf 79' lang='lat' dir='ltr'><strong>ct</strong></span> <span class='ocrx_word' id='word_1_57' title='bbox 235 952 337 1006; x_wconf 87' lang='lat' dir='ltr'><strong>alia</strong></span> <span class='ocrx_word' id='word_1_58' title='bbox 370 948 600 1004; x_wconf 88' lang='lat' dir='ltr'><strong>concilia</strong></span> <span class='ocrx_word' id='word_1_59' title='bbox 628 940 993 1016; x_wconf 82' lang='lat' dir='ltr'><strong>scripserunt.</strong></span> <span class='ocrx_word' id='word_1_60' title='bbox 1016 938 1323 996; x_wconf 76' lang='lat' dir='ltr'><strong>Probat-unt</strong></span> <span class='ocrx_word' id='word_1_61' title='bbox 1362 946 1543 989; x_wconf 81' lang='lat' dir='ltr'><strong>autem</strong></span> <span class='ocrx_word' id='word_1_62' title='bbox 1587 931 1692 985; x_wconf 88' lang='lat' dir='ltr'><strong>hoc</strong></span> 
     </span>
    </p>
   </div>
   <div class='ocr_carea' id='block_1_11' title="bbox 156 1021 1689 1101">
    <p class='ocr_par' dir='ltr' id='par_1_11' title="bbox 156 1021 1689 1101">
     <span class='ocr_line' id='line_1_11' title="bbox 156 1021 1689 1101; baseline -0.015 -5"><span class='ocrx_word' id='word_1_63' title='bbox 156 1043 316 1096; x_wconf 78' lang='lat' dir='ltr'><strong>modo</strong></span> <span class='ocrx_word' id='word_1_64' title='bbox 354 1057 366 1093; x_wconf 91' lang='lat'><strong>:</strong></span> <span class='ocrx_word' id='word_1_65' title='bbox 403 1039 478 1094; x_wconf 85' lang='lat' dir='ltr'><strong>lla</strong></span> <span class='ocrx_word' id='word_1_66' title='bbox 511 1034 743 1091; x_wconf 90' lang='lat' dir='ltr'><strong>studiosi</strong></span> <span class='ocrx_word' id='word_1_67' title='bbox 765 1044 825 1089; x_wconf 84' lang='lat' dir='ltr'><strong>et</strong></span> <span class='ocrx_word' id='word_1_68' title='bbox 843 1034 1135 1101; x_wconf 86' lang='lat' dir='ltr'><strong>diligentes</strong></span> <span class='ocrx_word' id='word_1_69' title='bbox 1166 1029 1219 1082; x_wconf 93' lang='lat' dir='ltr'><strong>in</strong></span> <span class='ocrx_word' id='word_1_70' title='bbox 1256 1026 1513 1081; x_wconf 83' lang='lat' dir='ltr'><strong>omnibus</strong></span> <span class='ocrx_word' id='word_1_71' title='bbox 1552 1021 1689 1077; x_wconf 88' lang='lat' dir='ltr'><strong>acti-</strong></span> 
     </span>
    </p>
   </div>
   <div class='ocr_carea' id='block_1_12' title="bbox 149 1113 1741 1193">
    <p class='ocr_par' dir='ltr' id='par_1_12' title="bbox 149 1113 1741 1193">
     <span class='ocr_line' id='line_1_12' title="bbox 149 1113 1741 1193; baseline -0.014 -6"><span class='ocrx_word' id='word_1_72' title='bbox 149 1134 255 1187; x_wconf 89' lang='lat' dir='ltr'><strong>bus</strong></span> <span class='ocrx_word' id='word_1_73' title='bbox 283 1134 397 1185; x_wconf 85' lang='lat' dir='ltr'><strong>suis</strong></span> <span class='ocrx_word' id='word_1_74' title='bbox 429 1138 559 1185; x_wconf 84' lang='lat' dir='ltr'><strong>sunt</strong></span> <span class='ocrx_word' id='word_1_75' title='bbox 611 1127 829 1189; x_wconf 84' lang='lat' dir='ltr'><strong>Latini,</strong></span> <span class='ocrx_word' id='word_1_76' title='bbox 866 1130 1043 1193; x_wconf 89' lang='lat' dir='ltr'><strong>prout</strong></span> <span class='ocrx_word' id='word_1_77' title='bbox 1083 1131 1139 1174; x_wconf 90' lang='lat' dir='ltr'><strong>et</strong></span> <span class='ocrx_word' id='word_1_78' title='bbox 1187 1131 1274 1173; x_wconf 88' lang='lat' dir='ltr'><strong>tua</strong></span> <span class='ocrx_word' id='word_1_79' title='bbox 1318 1117 1572 1171; x_wconf 83' lang='lat' dir='ltr'><strong>nobilitas</strong></span> <span class='ocrx_word' id='word_1_80' title='bbox 1622 1113 1697 1166; x_wconf 79' lang='lat' dir='ltr'><strong>sit</strong></span> <span class='ocrx_word' id='word_1_81' title='bbox 1740 1180 1741 1183; x_wconf 17' lang='grc' dir='ltr'><strong>η</strong></span> 
     </span>
    </p>
   </div>
   <div class='ocr_carea' id='block_1_13' title="bbox 148 1204 1693 1291">
    <p class='ocr_par' dir='ltr' id='par_1_13' title="bbox 148 1204 1693 1291">
     <span class='ocr_line' id='line_1_13' title="bbox 148 1204 1693 1291; baseline -0.015 -14"><span class='ocrx_word' id='word_1_82' title='bbox 148 1232 375 1291; x_wconf 77' lang='lat' dir='ltr'><strong>experta</strong></span> <span class='ocrx_word' id='word_1_83' title='bbox 411 1220 466 1274; x_wconf 90' lang='lat' dir='ltr'><strong>in</strong></span> <span class='ocrx_word' id='word_1_84' title='bbox 502 1219 690 1273; x_wconf 89' lang='lat' dir='ltr'><strong>multis</strong></span> <span class='ocrx_word' id='word_1_85' title='bbox 722 1230 914 1271; x_wconf 90' lang='lat' dir='ltr'><strong>eorum</strong></span> <span class='ocrx_word' id='word_1_86' title='bbox 944 1210 1254 1284; x_wconf 65' lang='lat' dir='ltr'><strong>sapientia),</strong></span> <span class='ocrx_word' id='word_1_87' title='bbox 1288 1216 1348 1262; x_wconf 88' lang='lat' dir='ltr'><strong>ut</strong></span> <span class='ocrx_word' id='word_1_88' title='bbox 1378 1221 1485 1260; x_wconf 90' lang='lat' dir='ltr'><strong>non</strong></span> <span class='ocrx_word' id='word_1_89' title='bbox 1516 1204 1693 1259; x_wconf 87' lang='lat' dir='ltr'><strong>solum</strong></span> 
     </span>
    </p>
   </div>
   <div class='ocr_carea' id='block_1_14' title="bbox 150 1295 1697 1373">
    <p class='ocr_par' dir='ltr' id='par_1_14' title="bbox 150 1295 1697 1373">
     <span class='ocr_line' id='line_1_14' title="bbox 150 1295 1697 1373; baseline -0.01 -9"><span class='ocrx_word' id='word_1_90' title='bbox 150 1314 207 1365; x_wconf 91' lang='lat' dir='ltr'><strong>in</strong></span> <span class='ocrx_word' id='word_1_91' title='bbox 240 1311 458 1373; x_wconf 82' lang='lat' dir='ltr'><strong>divinis,</strong></span> <span class='ocrx_word' id='word_1_92' title='bbox 489 1324 677 1361; x_wconf 86' lang='lat' dir='ltr'><strong>verum</strong></span> <span class='ocrx_word' id='word_1_93' title='bbox 725 1308 887 1363; x_wconf 84' lang='lat' dir='ltr'><strong>etiam</strong></span> <span class='ocrx_word' id='word_1_94' title='bbox 960 1305 1013 1358; x_wconf 90' lang='lat' dir='ltr'><strong>in</strong></span> <span class='ocrx_word' id='word_1_95' title='bbox 1047 1300 1300 1357; x_wconf 87' lang='lat' dir='ltr'><strong>humanis</strong></span> <span class='ocrx_word' id='word_1_96' title='bbox 1357 1307 1410 1352; x_wconf 87' lang='lat' dir='ltr'><strong>et</strong></span> <span class='ocrx_word' id='word_1_97' title='bbox 1447 1295 1697 1351; x_wconf 71' lang='lat' dir='ltr'><strong>civilibus</strong></span> 
     </span>
    </p>
   </div>
   <div class='ocr_carea' id='block_1_15' title="bbox 151 1385 1698 1465">
    <p class='ocr_par' dir='ltr' id='par_1_15' title="bbox 151 1385 1698 1465">
     <span class='ocr_line' id='line_1_15' title="bbox 151 1385 1698 1465; baseline -0.013 -8"><span class='ocrx_word' id='word_1_98' title='bbox 151 1404 322 1457; x_wconf 80' lang='lat' dir='ltr'><strong>rebus</strong></span> <span class='ocrx_word' id='word_1_99' title='bbox 364 1400 498 1454; x_wconf 85' lang='lat' dir='ltr'><strong>nihil</strong></span> <span class='ocrx_word' id='word_1_100' title='bbox 542 1414 638 1453; x_wconf 92' lang='lat' dir='ltr'><strong>eos</strong></span> <span class='ocrx_word' id='word_1_101' title='bbox 680 1398 747 1452; x_wconf 88' lang='lat' dir='ltr'><strong>de</strong></span> <span class='ocrx_word' id='word_1_102' title='bbox 798 1394 995 1465; x_wconf 75' lang='lat' dir='ltr'><strong>priscis</strong></span> <span class='ocrx_word' id='word_1_103' title='bbox 1047 1392 1215 1462; x_wconf 88' lang='lat' dir='ltr'><strong>gestis</strong></span> <span class='ocrx_word' id='word_1_104' title='bbox 1252 1391 1336 1445; x_wconf 87' lang='lat' dir='ltr'><strong>vel</strong></span> <span class='ocrx_word' id='word_1_105' title='bbox 1366 1387 1589 1457; x_wconf 82' lang='lat' dir='ltr'><strong>scriptis</strong></span> <span class='ocrx_word' id='word_1_106' title='bbox 1617 1385 1698 1438; x_wconf 86' lang='lat' dir='ltr'><strong>la-</strong></span> 
     </span>
    </p>
   </div>
   <div class='ocr_carea' id='block_1_16' title="bbox 152 1477 1698 1560">
    <p class='ocr_par' dir='ltr' id='par_1_16' title="bbox 152 1477 1698 1560">
     <span class='ocr_line' id='line_1_16' title="bbox 152 1477 1698 1560; baseline -0.013 -12"><span class='ocrx_word' id='word_1_107' title='bbox 152 1504 297 1557; x_wconf 86' lang='lat' dir='ltr'><strong>teat;</strong></span> <span class='ocrx_word' id='word_1_108' title='bbox 330 1506 497 1560; x_wconf 88' lang='lat' dir='ltr'><strong>quare</strong></span> <span class='ocrx_word' id='word_1_109' title='bbox 522 1494 574 1544; x_wconf 91' lang='lat' dir='ltr'><strong>in</strong></span> <span class='ocrx_word' id='word_1_110' title='bbox 604 1503 930 1558; x_wconf 86' lang='lat' dir='ltr'><strong>unaquaque</strong></span> <span class='ocrx_word' id='word_1_111' title='bbox 969 1487 1128 1539; x_wconf 89' lang='lat' dir='ltr'><strong>etiam</strong></span> <span class='ocrx_word' id='word_1_112' title='bbox 1159 1484 1373 1537; x_wconf 85' lang='lat' dir='ltr'><strong>civitate</strong></span> <span class='ocrx_word' id='word_1_113' title='bbox 1392 1477 1698 1548; x_wconf 86' lang='lat' dir='ltr'><strong>repericsin</strong></span> 
     </span>
    </p>
   </div>
   <div class='ocr_carea' id='block_1_17' title="bbox 154 1570 1697 1644">
    <p class='ocr_par' dir='ltr' id='par_1_17' title="bbox 154 1570 1697 1644">
     <span class='ocr_line' id='line_1_17' title="bbox 154 1570 1697 1644; baseline -0.012 -6"><span class='ocrx_word' id='word_1_114' title='bbox 154 1597 351 1638; x_wconf 89' lang='lat' dir='ltr'><strong>eorum</strong></span> <span class='ocrx_word' id='word_1_115' title='bbox 377 1581 637 1633; x_wconf 87' lang='lat' dir='ltr'><strong>arehiviis</strong></span> <span class='ocrx_word' id='word_1_116' title='bbox 672 1578 837 1631; x_wconf 84' lang='lat' dir='ltr'><strong>multa</strong></span> <span class='ocrx_word' id='word_1_117' title='bbox 863 1572 1258 1644; x_wconf 76' lang='lat' dir='ltr'><strong>antiquissimis</strong></span> <span class='ocrx_word' id='word_1_118' title='bbox 1301 1570 1469 1641; x_wconf 86' lang='lat' dir='ltr'><strong>gestis</strong></span> <span class='ocrx_word' id='word_1_119' title='bbox 1508 1581 1697 1622; x_wconf 88' lang='lat' dir='ltr'><strong>eorum</strong></span> 
     </span>
    </p>
   </div>
   <div class='ocr_carea' id='block_1_18' title="bbox 153 1659 1700 1739">
    <p class='ocr_par' dir='ltr' id='par_1_18' title="bbox 153 1659 1700 1739">
     <span class='ocr_line' id='line_1_18' title="bbox 153 1659 1700 1739; baseline -0.01 -14"><span class='ocrx_word' id='word_1_120' title='bbox 153 1673 484 1739; x_wconf 84' lang='lat' dir='ltr'><strong>conscripta.</strong></span> <span class='ocrx_word' id='word_1_121' title='bbox 506 1668 616 1722; x_wconf 80' lang='lat' dir='ltr'><strong>Iloc</strong></span> <span class='ocrx_word' id='word_1_122' title='bbox 636 1668 802 1722; x_wconf 82' lang='lat' dir='ltr'><strong>etiam</strong></span> <span class='ocrx_word' id='word_1_123' title='bbox 826 1669 879 1719; x_wconf 90' lang='lat' dir='ltr'><strong>in</strong></span> <span class='ocrx_word' id='word_1_124' title='bbox 898 1665 1161 1720; x_wconf 87' lang='lat' dir='ltr'><strong>catholica</strong></span> <span class='ocrx_word' id='word_1_125' title='bbox 1189 1660 1432 1716; x_wconf 81' lang='lat' dir='ltr'><strong>Ecclesia</strong></span> <span class='ocrx_word' id='word_1_126' title='bbox 1470 1659 1700 1727; x_wconf 83' lang='lat' dir='ltr'><strong>aliisque</strong></span> 
     </span>
    </p>
   </div>
   <div class='ocr_carea' id='block_1_19' title="bbox 1792 476 2800 537">
    <p class='ocr_par' dir='ltr' id='par_1_19' title="bbox 1792 476 2800 537">
     <span class='ocr_line' id='line_1_19' title="bbox 1792 476 2800 537; baseline -0.005 -1"><span class='ocrx_word' id='word_1_127' title='bbox 1792 483 1985 536; x_wconf 84' lang='lat' dir='ltr'><strong>nifeste</strong></span> <span class='ocrx_word' id='word_1_128' title='bbox 2021 480 2345 537; x_wconf 77' lang='lat' dir='ltr'><strong>contrariam</strong></span> <span class='ocrx_word' id='word_1_129' title='bbox 2383 478 2542 532; x_wconf 87' lang='lat' dir='ltr'><strong>fidem</strong></span> <span class='ocrx_word' id='word_1_130' title='bbox 2578 476 2800 531; x_wconf 82' lang='lat' dir='ltr'><strong>inhibet.</strong></span> 
     </span>
    </p>
   </div>
   <div class='ocr_carea' id='block_1_20' title="bbox 1792 608 3348 681">
    <p class='ocr_par' dir='ltr' id='par_1_20' title="bbox 1792 608 3348 681">
     <span class='ocr_line' id='line_1_20' title="bbox 1792 608 3348 681; baseline -0.004 -12"><span class='ocrx_word' id='word_1_131' title='bbox 1792 614 2067 670; x_wconf 80' lang='lat' dir='ltr'><strong>Conclusio</strong></span> <span class='ocrx_word' id='word_1_132' title='bbox 2128 612 2267 681; x_wconf 81' lang='lat' dir='ltr'><strong>quod</strong></span> <span class='ocrx_word' id='word_1_133' title='bbox 2327 618 2545 675; x_wconf 81' lang='lat' dir='ltr'><strong>urgente</strong></span> <span class='ocrx_word' id='word_1_134' title='bbox 2608 611 2962 681; x_wconf 66' lang='lat' dir='ltr'><strong>necessitate,</strong></span> <span class='ocrx_word' id='word_1_135' title='bbox 3035 618 3084 681; x_wconf 79' lang='lat' dir='ltr'><strong>et</strong></span> <span class='ocrx_word' id='word_1_136' title='bbox 3141 608 3348 678; x_wconf 62' lang='lat' dir='ltr'><strong>judicio</strong></span> 
     </span>
    </p>
   </div>
   <div class='ocr_carea' id='block_1_21' title="bbox 1865 680 3347 746">
    <p class='ocr_par' dir='ltr' id='par_1_21' title="bbox 1865 680 3347 746">
     <span class='ocr_line' id='line_1_21' title="bbox 1865 680 3347 746; baseline -0.003 -10"><span class='ocrx_word' id='word_1_137' title='bbox 1865 683 2129 741; x_wconf 75' lang='lat' dir='ltr'><strong>Ecclesia&#39;,</strong></span> <span class='ocrx_word' id='word_1_138' title='bbox 2176 692 2222 733; x_wconf 80' lang='lat' dir='ltr'><strong>et</strong></span> <span class='ocrx_word' id='word_1_139' title='bbox 2270 685 2582 733; x_wconf 65' lang='lat' dir='ltr'><strong>auctoritate</strong></span> <span class='ocrx_word' id='word_1_140' title='bbox 2637 680 2831 736; x_wconf 74' lang='lat' dir='ltr'><strong>summi</strong></span> <span class='ocrx_word' id='word_1_141' title='bbox 2882 680 3145 746; x_wconf 66' lang='lat' dir='ltr'><strong>pontiﬁcis</strong></span> <span class='ocrx_word' id='word_1_142' title='bbox 3198 696 3347 731; x_wconf 79' lang='lat' dir='ltr'><strong>arce-</strong></span> 
     </span>
    </p>
   </div>
   <div class='ocr_carea' id='block_1_22' title="bbox 1861 748 3345 811">
    <p class='ocr_par' dir='ltr' id='par_1_22' title="bbox 1861 748 3345 811">
     <span class='ocr_line' id='line_1_22' title="bbox 1861 748 3345 811; baseline -0.003 -7"><span class='ocrx_word' id='word_1_143' title='bbox 1861 754 2034 811; x_wconf 76' lang='lat' dir='ltr'><strong>dente,</strong></span> <span class='ocrx_word' id='word_1_144' title='bbox 2074 752 2205 802; x_wconf 75' lang='lat' dir='ltr'><strong>licet</strong></span> <span class='ocrx_word' id='word_1_145' title='bbox 2255 758 2303 801; x_wconf 85' lang='lat' dir='ltr'><strong>cl</strong></span> <span class='ocrx_word' id='word_1_146' title='bbox 2358 748 2708 801; x_wconf 70' lang='lat' dir='ltr'><strong>necessarium</strong></span> <span class='ocrx_word' id='word_1_147' title='bbox 2757 758 2830 799; x_wconf 76' lang='lat' dir='ltr'><strong>cst</strong></span> <span class='ocrx_word' id='word_1_148' title='bbox 2889 748 3079 800; x_wconf 76' lang='lat' dir='ltr'><strong>addere</strong></span> <span class='ocrx_word' id='word_1_149' title='bbox 3133 748 3345 800; x_wconf 81' lang='lat' dir='ltr'><strong>verbum</strong></span> 
     </span>
    </p>
   </div>
   <div class='ocr_carea' id='block_1_23' title="bbox 1864 818 2125 889">
    <p class='ocr_par' dir='ltr' id='par_1_23' title="bbox 1864 818 2125 889">
     <span class='ocr_line' id='line_1_23' title="bbox 1864 818 2125 889; baseline -0.019 -15"><span class='ocrx_word' id='word_1_150' title='bbox 1864 818 2125 889; x_wconf 81' lang='lat' dir='ltr'><strong>Symbolo.</strong></span> 
     </span>
    </p>
   </div>
   <div class='ocr_carea' id='block_1_24' title="bbox 1866 931 3337 1003">
    <p class='ocr_par' dir='ltr' id='par_1_24' title="bbox 1866 931 3337 1003">
     <span class='ocr_line' id='line_1_24' title="bbox 1866 931 3337 1003; baseline -0.005 -14"><span class='ocrx_word' id='word_1_151' title='bbox 1866 935 1968 989; x_wconf 75' lang='lat' dir='ltr'><strong>Per</strong></span> <span class='ocrx_word' id='word_1_152' title='bbox 1998 934 2327 1003; x_wconf 71' lang='lat' dir='ltr'><strong>haecitaque</strong></span> <span class='ocrx_word' id='word_1_153' title='bbox 2366 934 2547 987; x_wconf 82' lang='lat' dir='ltr'><strong>omnia</strong></span> <span class='ocrx_word' id='word_1_154' title='bbox 2592 932 3016 985; x_wconf 80' lang='lat' dir='ltr'><strong>clementissime</strong></span> <span class='ocrx_word' id='word_1_155' title='bbox 3063 931 3185 985; x_wconf 87' lang='lat' dir='ltr'><strong>luce</strong></span> <span class='ocrx_word' id='word_1_156' title='bbox 3229 932 3337 983; x_wconf 86' lang='lat' dir='ltr'><strong>cla-</strong></span> 
     </span>
    </p>
   </div>
   <div class='ocr_carea' id='block_1_25' title="bbox 1797 1024 3345 1103">
    <p class='ocr_par' dir='ltr' id='par_1_25' title="bbox 1797 1024 3345 1103">
     <span class='ocr_line' id='line_1_25' title="bbox 1797 1024 3345 1103; baseline -0.006 -21"><span class='ocrx_word' id='word_1_157' title='bbox 1797 1027 1913 1083; x_wconf 84' lang='lat' dir='ltr'><strong>rius</strong></span> <span class='ocrx_word' id='word_1_158' title='bbox 1946 1029 2232 1103; x_wconf 83' lang='lat' dir='ltr'><strong>prohatnm</strong></span> <span class='ocrx_word' id='word_1_159' title='bbox 2264 1036 2347 1079; x_wconf 88' lang='lat' dir='ltr'><strong>est</strong></span> <span class='ocrx_word' id='word_1_160' title='bbox 2378 1041 2482 1087; x_wconf 82' lang='lat' dir='ltr'><strong>non</strong></span> <span class='ocrx_word' id='word_1_161' title='bbox 2518 1040 2639 1078; x_wconf 86' lang='lat' dir='ltr'><strong>esse</strong></span> <span class='ocrx_word' id='word_1_162' title='bbox 2671 1025 3010 1096; x_wconf 81' lang='lat' dir='ltr'><strong>prohibitum</strong></span> <span class='ocrx_word' id='word_1_163' title='bbox 3058 1024 3345 1077; x_wconf 80' lang='lat' dir='ltr'><strong>veritatem</strong></span> 
     </span>
    </p>
   </div>
   <div class='ocr_carea' id='block_1_26' title="bbox 1797 1104 3346 1187">
    <p class='ocr_par' dir='ltr' id='par_1_26' title="bbox 1797 1104 3346 1187">
     <span class='ocr_line' id='line_1_26' title="bbox 1797 1104 3346 1187; baseline -0.005 -14"><span class='ocrx_word' id='word_1_164' title='bbox 1797 1119 2001 1173; x_wconf 85' lang='lat' dir='ltr'><strong>addere</strong></span> <span class='ocrx_word' id='word_1_165' title='bbox 2039 1117 2160 1172; x_wconf 84' lang='lat' dir='ltr'><strong>lidei</strong></span> <span class='ocrx_word' id='word_1_166' title='bbox 2196 1104 2473 1187; x_wconf 81' lang='lat' dir='ltr'><strong>Syinbolo,</strong></span> <span class='ocrx_word' id='word_1_167' title='bbox 2501 1115 2610 1169; x_wconf 90' lang='lat' dir='ltr'><strong>imo</strong></span> <span class='ocrx_word' id='word_1_168' title='bbox 2645 1130 2774 1168; x_wconf 85' lang='lat' dir='ltr'><strong>vero</strong></span> <span class='ocrx_word' id='word_1_169' title='bbox 2800 1114 3098 1168; x_wconf 78' lang='lat' dir='ltr'><strong>declarare.</strong></span> <span class='ocrx_word' id='word_1_170' title='bbox 3129 1113 3346 1167; x_wconf 83' lang='lat' dir='ltr'><strong>Nullum</strong></span> 
     </span>
    </p>
   </div>
   <div class='ocr_carea' id='block_1_27' title="bbox 1798 1205 3345 1277">
    <p class='ocr_par' dir='ltr' id='par_1_27' title="bbox 1798 1205 3345 1277">
     <span class='ocr_line' id='line_1_27' title="bbox 1798 1205 3345 1277; baseline -0.006 -13"><span class='ocrx_word' id='word_1_171' title='bbox 1798 1209 1945 1264; x_wconf 88' lang='lat' dir='ltr'><strong>enim</strong></span> <span class='ocrx_word' id='word_1_172' title='bbox 1979 1208 2227 1263; x_wconf 88' lang='lat' dir='ltr'><strong>veritatis</strong></span> <span class='ocrx_word' id='word_1_173' title='bbox 2281 1206 2477 1277; x_wconf 88' lang='lat' dir='ltr'><strong>dogma</strong></span> <span class='ocrx_word' id='word_1_174' title='bbox 2521 1213 2627 1269; x_wconf 89' lang='lat' dir='ltr'><strong>est,</strong></span> <span class='ocrx_word' id='word_1_175' title='bbox 2658 1206 2802 1275; x_wconf 88' lang='lat' dir='ltr'><strong>quod</strong></span> <span class='ocrx_word' id='word_1_176' title='bbox 2838 1206 2921 1259; x_wconf 87' lang='lat' dir='ltr'><strong>vel</strong></span> <span class='ocrx_word' id='word_1_177' title='bbox 2955 1205 3205 1272; x_wconf 74' lang='lat' dir='ltr'><strong>explicita</strong></span> <span class='ocrx_word' id='word_1_178' title='bbox 3240 1218 3345 1256; x_wconf 91' lang='lat' dir='ltr'><strong>non</strong></span> 
     </span>
    </p>
   </div>
   <div class='ocr_carea' id='block_1_28' title="bbox 1800 1293 3351 1364">
    <p class='ocr_par' dir='ltr' id='par_1_28' title="bbox 1800 1293 3351 1364">
     <span class='ocr_line' id='line_1_28' title="bbox 1800 1293 3351 1364; baseline -0.005 -13"><span class='ocrx_word' id='word_1_179' title='bbox 1800 1298 2147 1351; x_wconf 80' lang='lat' dir='ltr'><strong>contineatur</strong></span> <span class='ocrx_word' id='word_1_180' title='bbox 2172 1294 2455 1364; x_wconf 78' lang='lat' dir='ltr'><strong>Synibolo,</strong></span> <span class='ocrx_word' id='word_1_181' title='bbox 2493 1302 2548 1347; x_wconf 88' lang='lat' dir='ltr'><strong>et</strong></span> <span class='ocrx_word' id='word_1_182' title='bbox 2573 1295 2805 1362; x_wconf 84' lang='lat' dir='ltr'><strong>simplici</strong></span> <span class='ocrx_word' id='word_1_183' title='bbox 2838 1293 3207 1360; x_wconf 81' lang='lat' dir='ltr'><strong>apostolorum</strong></span> <span class='ocrx_word' id='word_1_184' title='bbox 3243 1302 3351 1344; x_wconf 84' lang='lat' dir='ltr'><strong>tra~</strong></span> 
     </span>
    </p>
   </div>
   <div class='ocr_carea' id='block_1_29' title="bbox 1803 1381 3352 1452">
    <p class='ocr_par' dir='ltr' id='par_1_29' title="bbox 1803 1381 3352 1452">
     <span class='ocr_line' id='line_1_29' title="bbox 1803 1381 3352 1452; baseline -0.006 -10"><span class='ocrx_word' id='word_1_185' title='bbox 1803 1386 1999 1442; x_wconf 88' lang='lat' dir='ltr'><strong>ditioni</strong></span> <span class='ocrx_word' id='word_1_186' title='bbox 2048 1386 2377 1440; x_wconf 78' lang='lat' dir='ltr'><strong>:declarare</strong></span> <span class='ocrx_word' id='word_1_187' title='bbox 2426 1391 2634 1444; x_wconf 86' lang='lat' dir='ltr'><strong>autem,</strong></span> <span class='ocrx_word' id='word_1_188' title='bbox 2677 1393 2734 1439; x_wconf 88' lang='lat' dir='ltr'><strong>et</strong></span> <span class='ocrx_word' id='word_1_189' title='bbox 2762 1383 3043 1452; x_wconf 70' lang='lat' dir='ltr'><strong>replicare,</strong></span> <span class='ocrx_word' id='word_1_190' title='bbox 3087 1397 3150 1437; x_wconf 91' lang='lat' dir='ltr'><strong>ac</strong></span> <span class='ocrx_word' id='word_1_191' title='bbox 3201 1381 3352 1447; x_wconf 73' lang='lat' dir='ltr'><strong>Sym-</strong></span> 
     </span>
    </p>
   </div>
   <div class='ocr_carea' id='block_1_30' title="bbox 1803 1476 3353 1548">
    <p class='ocr_par' dir='ltr' id='par_1_30' title="bbox 1803 1476 3353 1548">
     <span class='ocr_line' id='line_1_30' title="bbox 1803 1476 3353 1548; baseline -0.005 -16"><span class='ocrx_word' id='word_1_192' title='bbox 1803 1477 1932 1533; x_wconf 91' lang='lat' dir='ltr'><strong>bolo</strong></span> <span class='ocrx_word' id='word_1_193' title='bbox 1960 1478 2161 1532; x_wconf 83' lang='lat' dir='ltr'><strong>addere</strong></span> <span class='ocrx_word' id='word_1_194' title='bbox 2186 1491 2294 1531; x_wconf 89' lang='lat' dir='ltr'><strong>non</strong></span> <span class='ocrx_word' id='word_1_195' title='bbox 2324 1490 2541 1548; x_wconf 74' lang='lat' dir='ltr'><strong>semper</strong></span> <span class='ocrx_word' id='word_1_196' title='bbox 2576 1476 2853 1540; x_wconf 70' lang='lat' dir='ltr'><strong>videlicet,</strong></span> <span class='ocrx_word' id='word_1_197' title='bbox 2881 1490 2979 1528; x_wconf 88' lang='lat' dir='ltr'><strong>nec</strong></span> <span class='ocrx_word' id='word_1_198' title='bbox 3014 1489 3229 1527; x_wconf 78' lang='lat' dir='ltr'><strong>ninncm</strong></span> <span class='ocrx_word' id='word_1_199' title='bbox 3261 1488 3353 1526; x_wconf 87' lang='lat' dir='ltr'><strong>vo-</strong></span> 
     </span>
    </p>
   </div>
   <div class='ocr_carea' id='block_1_31' title="bbox 1803 1566 3350 1637">
    <p class='ocr_par' dir='ltr' id='par_1_31' title="bbox 1803 1566 3350 1637">
     <span class='ocr_line' id='line_1_31' title="bbox 1803 1566 3350 1637; baseline -0.004 -14"><span class='ocrx_word' id='word_1_200' title='bbox 1803 1568 2027 1629; x_wconf 84' lang='lat' dir='ltr'><strong>lentem,</strong></span> <span class='ocrx_word' id='word_1_201' title='bbox 2073 1566 2168 1622; x_wconf 81' lang='lat' dir='ltr'><strong>sed</strong></span> <span class='ocrx_word' id='word_1_202' title='bbox 2220 1572 2416 1637; x_wconf 83' lang='lat' dir='ltr'><strong>magna</strong></span> <span class='ocrx_word' id='word_1_203' title='bbox 2460 1566 2787 1622; x_wconf 89' lang='lat' dir='ltr'><strong>necessitate</strong></span> <span class='ocrx_word' id='word_1_204' title='bbox 2835 1574 3102 1635; x_wconf 62' lang='lat' dir='ltr'><strong>cogente,</strong></span> <span class='ocrx_word' id='word_1_205' title='bbox 3129 1572 3184 1619; x_wconf 89' lang='lat' dir='ltr'><strong>ct</strong></span> <span class='ocrx_word' id='word_1_206' title='bbox 3229 1579 3350 1617; x_wconf 85' lang='lat' dir='ltr'><strong>cunt</strong></span> 
     </span>
    </p>
   </div>
   <div class='ocr_carea' id='block_1_32' title="bbox 1804 1656 3352 1731">
    <p class='ocr_par' dir='ltr' id='par_1_32' title="bbox 1804 1656 3352 1731">
     <span class='ocr_line' id='line_1_32' title="bbox 1804 1656 3352 1731; baseline -0.005 -17"><span class='ocrx_word' id='word_1_207' title='bbox 1804 1658 2067 1715; x_wconf 74' lang='lat' dir='ltr'><strong>Ecclesia:</strong></span> <span class='ocrx_word' id='word_1_208' title='bbox 2097 1659 2385 1731; x_wconf 78' lang='lat' dir='ltr'><strong>judicium,</strong></span> <span class='ocrx_word' id='word_1_209' title='bbox 2415 1668 2471 1715; x_wconf 88' lang='lat' dir='ltr'><strong>et</strong></span> <span class='ocrx_word' id='word_1_210' title='bbox 2520 1658 2821 1713; x_wconf 76' lang='lat' dir='ltr'><strong>auctoritas</strong></span> <span class='ocrx_word' id='word_1_211' title='bbox 2854 1657 3047 1711; x_wconf 80' lang='lat' dir='ltr'><strong>summi</strong></span> <span class='ocrx_word' id='word_1_212' title='bbox 3081 1656 3352 1728; x_wconf 67' lang='lat' dir='ltr'><strong>pﬂﬂlilit&#39;is</strong></span> 
     </span>
    </p>
   </div>
   <div class='ocr_carea' id='block_1_33' title="bbox 62 1733 3351 1833">
    <p class='ocr_par' dir='ltr' id='par_1_33' title="bbox 62 1733 3351 1833">
     <span class='ocr_line' id='line_1_33' title="bbox 62 1733 3351 1833; baseline -0.005 -18"><span class='ocrx_word' id='word_1_213' title='bbox 62 1745 67 1748; x_wconf 28' lang='grc'><em>⁴</em></span> <span class='ocrx_word' id='word_1_214' title='bbox 153 1765 265 1833; x_wconf 83' lang='lat' dir='ltr'><strong>piis</strong></span> <span class='ocrx_word' id='word_1_215' title='bbox 297 1757 886 1815; x_wconf 78' lang='lat' dir='ltr'><strong>locisservatur.Multa</strong></span> <span class='ocrx_word' id='word_1_216' title='bbox 901 1756 1047 1808; x_wconf 88' lang='lat' dir='ltr'><strong>enim</strong></span> <span class='ocrx_word' id='word_1_217' title='bbox 1068 1760 1182 1807; x_wconf 86' lang='lat' dir='ltr'><strong>acta</strong></span> <span class='ocrx_word' id='word_1_218' title='bbox 1199 1752 1537 1821; x_wconf 78' lang='lat' dir='ltr'><strong>pontificum,</strong></span> <span class='ocrx_word' id='word_1_219' title='bbox 1568 1747 1703 1800; x_wconf 86' lang='lat' dir='ltr'><strong>mul-</strong></span> <span class='ocrx_word' id='word_1_220' title='bbox 1736 1733 1778 1792; x_wconf 79' lang='grc' dir='ltr'><strong>Β</strong></span> <span class='ocrx_word' id='word_1_221' title='bbox 1806 1750 2121 1818; x_wconf 87' lang='lat' dir='ltr'><strong>accesserit,</strong></span> <span class='ocrx_word' id='word_1_222' title='bbox 2158 1764 2265 1805; x_wconf 91' lang='lat' dir='ltr'><strong>non</strong></span> <span class='ocrx_word' id='word_1_223' title='bbox 2318 1749 2482 1805; x_wconf 87' lang='lat' dir='ltr'><strong>modo</strong></span> <span class='ocrx_word' id='word_1_224' title='bbox 2536 1764 2643 1804; x_wconf 86' lang='lat' dir='ltr'><strong>non</strong></span> <span class='ocrx_word' id='word_1_225' title='bbox 2688 1763 2808 1803; x_wconf 87' lang='lat' dir='ltr'><strong>esse</strong></span> <span class='ocrx_word' id='word_1_226' title='bbox 2834 1748 3223 1818; x_wconf 76' lang='lat' dir='ltr'><strong>prohibitum,</strong></span> <span class='ocrx_word' id='word_1_227' title='bbox 3259 1748 3351 1801; x_wconf 80' lang='lat' dir='ltr'><strong>sed</strong></span> 
     </span>
    </p>
   </div>
   <div class='ocr_carea' id='block_1_34' title="bbox 158 1844 1701 1921">
    <p class='ocr_par' dir='ltr' id='par_1_34' title="bbox 158 1844 1701 1921">
     <span class='ocr_line' id='line_1_34' title="bbox 158 1844 1701 1921; baseline -0.012 -14"><span class='ocrx_word' id='word_1_228' title='bbox 158 1867 339 1921; x_wconf 66' lang='lat' dir='ltr'><strong>tat-que</strong></span> <span class='ocrx_word' id='word_1_229' title='bbox 398 1850 756 1904; x_wconf 90' lang='lat' dir='ltr'><strong>conciliorum</strong></span> <span class='ocrx_word' id='word_1_230' title='bbox 792 1848 1035 1916; x_wconf 66' lang='lat' dir='ltr'><strong>epistolae</strong></span> <span class='ocrx_word' id='word_1_231' title='bbox 1088 1852 1144 1898; x_wconf 88' lang='lat' dir='ltr'><strong>et</strong></span> <span class='ocrx_word' id='word_1_232' title='bbox 1187 1855 1427 1896; x_wconf 86' lang='lat' dir='ltr'><strong>canones</strong></span> <span class='ocrx_word' id='word_1_233' title='bbox 1467 1844 1701 1894; x_wconf 74' lang='lat' dir='ltr'><strong>exstant.</strong></span> 
     </span>
    </p>
   </div>
   <div class='ocr_carea' id='block_1_35' title="bbox 156 1928 1703 2008">
    <p class='ocr_par' dir='ltr' id='par_1_35' title="bbox 156 1928 1703 2008">
     <span class='ocr_line' id='line_1_35' title="bbox 156 1928 1703 2008; baseline -0.013 -8"><span class='ocrx_word' id='word_1_234' title='bbox 156 1944 553 2000; x_wconf 80' lang='lat' dir='ltr'><strong>Produxerunt</strong></span> <span class='ocrx_word' id='word_1_235' title='bbox 602 1941 767 2008; x_wconf 82' lang='lat' dir='ltr'><strong>igitur</strong></span> <span class='ocrx_word' id='word_1_236' title='bbox 806 1937 965 1990; x_wconf 88' lang='lat' dir='ltr'><strong>nobis</strong></span> <span class='ocrx_word' id='word_1_237' title='bbox 1014 1935 1075 1989; x_wconf 69' lang='lat' dir='ltr'><strong>in.</strong></span> <span class='ocrx_word' id='word_1_238' title='bbox 1118 1930 1502 2000; x_wconf 87' lang='lat' dir='ltr'><strong>antiquissimo</strong></span> <span class='ocrx_word' id='word_1_239' title='bbox 1559 1928 1703 1981; x_wconf 85' lang='lat' dir='ltr'><strong>libro</strong></span> 
     </span>
    </p>
   </div>
   <div class='ocr_carea' id='block_1_36' title="bbox 158 2018 1705 2100">
    <p class='ocr_par' dir='ltr' id='par_1_36' title="bbox 158 2018 1705 2100">
     <span class='ocr_line' id='line_1_36' title="bbox 158 2018 1705 2100; baseline -0.011 -10"><span class='ocrx_word' id='word_1_240' title='bbox 158 2035 521 2090; x_wconf 79' lang='lat' dir='ltr'><strong>menihraneo</strong></span> <span class='ocrx_word' id='word_1_241' title='bbox 546 2030 831 2100; x_wconf 84' lang='lat' dir='ltr'><strong>epistolam</strong></span> <span class='ocrx_word' id='word_1_242' title='bbox 858 2020 1079 2082; x_wconf 84' lang='lat' dir='ltr'><strong>Liberii.</strong></span> <span class='ocrx_word' id='word_1_243' title='bbox 1100 2038 1251 2094; x_wconf 66' lang='lat' dir='ltr'><strong>papa</strong></span> <span class='ocrx_word' id='word_1_244' title='bbox 1276 2022 1341 2077; x_wconf 88' lang='lat' dir='ltr'><strong>ad</strong></span> <span class='ocrx_word' id='word_1_245' title='bbox 1381 2022 1441 2076; x_wconf 81' lang='grc' dir='ltr'><strong>Β.</strong></span> <span class='ocrx_word' id='word_1_246' title='bbox 1464 2018 1705 2074; x_wconf 77' lang='lat' dir='ltr'><strong>Athana-</strong></span> 
     </span>
    </p>
   </div>
   <div class='ocr_carea' id='block_1_37' title="bbox 154 2109 1692 2186">
    <p class='ocr_par' dir='ltr' id='par_1_37' title="bbox 154 2109 1692 2186">
     <span class='ocr_line' id='line_1_37' title="bbox 154 2109 1692 2186; baseline -0.011 -8"><span class='ocrx_word' id='word_1_247' title='bbox 154 2130 301 2179; x_wconf 80' lang='lat' dir='ltr'><strong>sium</strong></span> <span class='ocrx_word' id='word_1_248' title='bbox 353 2120 777 2177; x_wconf 78' lang='lat' dir='ltr'><strong>Alexandrinum</strong></span> <span class='ocrx_word' id='word_1_249' title='bbox 812 2116 1224 2186; x_wconf 83' lang='lat' dir='ltr'><strong>patriarcham,</strong></span> <span class='ocrx_word' id='word_1_250' title='bbox 1280 2127 1400 2182; x_wconf 77' lang='lat' dir='ltr'><strong>qua:</strong></span> <span class='ocrx_word' id='word_1_251' title='bbox 1452 2109 1692 2178; x_wconf 87' lang='lat' dir='ltr'><strong>incipit:</strong></span> 
     </span>
    </p>
   </div>
   <div class='ocr_carea' id='block_1_38' title="bbox 152 2200 1705 2281">
    <p class='ocr_par' dir='ltr' id='par_1_38' title="bbox 152 2200 1705 2281">
     <span class='ocr_line' id='line_1_38' title="bbox 152 2200 1705 2281; baseline -0.013 -11"><span class='ocrx_word' id='word_1_252' title='bbox 152 2216 281 2270; x_wconf 83' lang='lat' dir='ltr'><strong>Jam</strong></span> <span class='ocrx_word' id='word_1_253' title='bbox 331 2229 361 2267; x_wconf 89' lang='lat' dir='ltr'><strong>a</strong></span> <span class='ocrx_word' id='word_1_254' title='bbox 418 2208 685 2281; x_wconf 87' lang='lat' dir='ltr'><strong>principio</strong></span> <span class='ocrx_word' id='word_1_255' title='bbox 726 2217 931 2263; x_wconf 83' lang='lat' dir='ltr'><strong>tantam</strong></span> <span class='ocrx_word' id='word_1_256' title='bbox 972 2206 1282 2273; x_wconf 86' lang='lat' dir='ltr'><strong>accepimus</strong></span> <span class='ocrx_word' id='word_1_257' title='bbox 1321 2218 1350 2257; x_wconf 91' lang='lat' dir='ltr'><strong>a</strong></span> <span class='ocrx_word' id='word_1_258' title='bbox 1386 2200 1705 2256; x_wconf 82' lang='lat' dir='ltr'><strong>beatissimo</strong></span> 
     </span>
    </p>
   </div>
   <div class='ocr_carea' id='block_1_39' title="bbox 155 2294 1707 2371">
    <p class='ocr_par' dir='ltr' id='par_1_39' title="bbox 155 2294 1707 2371">
     <span class='ocr_line' id='line_1_39' title="bbox 155 2294 1707 2371; baseline -0.014 -10"><span class='ocrx_word' id='word_1_259' title='bbox 155 2309 328 2363; x_wconf 84' lang='lat' dir='ltr'><strong>Petro</strong></span> <span class='ocrx_word' id='word_1_260' title='bbox 376 2302 619 2371; x_wconf 84' lang='lat' dir='ltr'><strong>principe</strong></span> <span class='ocrx_word' id='word_1_261' title='bbox 670 2298 1073 2369; x_wconf 83' lang='lat' dir='ltr'><strong>apostolorum.</strong></span> <span class='ocrx_word' id='word_1_262' title='bbox 1124 2294 1183 2349; x_wconf 78' lang='lat' dir='ltr'><strong>In</strong></span> <span class='ocrx_word' id='word_1_263' title='bbox 1230 2308 1337 2361; x_wconf 91' lang='lat' dir='ltr'><strong>qua</strong></span> <span class='ocrx_word' id='word_1_264' title='bbox 1371 2299 1492 2361; x_wconf 87' lang='lat' dir='ltr'><strong>post</strong></span> <span class='ocrx_word' id='word_1_265' title='bbox 1536 2301 1707 2356; x_wconf 82' lang='lat' dir='ltr'><strong>pauca</strong></span> 
     </span>
    </p>
   </div>
   <div class='ocr_carea' id='block_1_40' title="bbox 153 2377 1709 2460">
    <p class='ocr_par' dir='ltr' id='par_1_40' title="bbox 153 2377 1709 2460">
     <span class='ocr_line' id='line_1_40' title="bbox 153 2377 1709 2460; baseline -0.015 -9"><span class='ocrx_word' id='word_1_266' title='bbox 153 2397 331 2457; x_wconf 82' lang='lat' dir='ltr'><strong>dicit,</strong></span> <span class='ocrx_word' id='word_1_267' title='bbox 382 2394 657 2460; x_wconf 81' lang='lat' dir='ltr'><strong>accepisse</strong></span> <span class='ocrx_word' id='word_1_268' title='bbox 719 2386 1001 2456; x_wconf 87' lang='lat' dir='ltr'><strong>epistolam</strong></span> <span class='ocrx_word' id='word_1_269' title='bbox 1054 2383 1227 2437; x_wconf 86' lang='lat' dir='ltr'><strong>sancti</strong></span> <span class='ocrx_word' id='word_1_270' title='bbox 1281 2377 1597 2441; x_wconf 81' lang='lat' dir='ltr'><strong>Athanasii,</strong></span> <span class='ocrx_word' id='word_1_271' title='bbox 1654 2383 1709 2429; x_wconf 84' lang='lat' dir='ltr'><strong>et</strong></span> 
     </span>
    </p>
   </div>
   <div class='ocr_carea' id='block_1_41' title="bbox 154 2470 1708 2553">
    <p class='ocr_par' dir='ltr' id='par_1_41' title="bbox 154 2470 1708 2553">
     <span class='ocr_line' id='line_1_41' title="bbox 154 2470 1708 2553; baseline -0.012 -10"><span class='ocrx_word' id='word_1_272' title='bbox 154 2504 284 2543; x_wconf 86' lang='lat' dir='ltr'><strong>eam</strong></span> <span class='ocrx_word' id='word_1_273' title='bbox 324 2485 546 2553; x_wconf 81' lang='lat' dir='ltr'><strong>legisse.</strong></span> <span class='ocrx_word' id='word_1_274' title='bbox 579 2481 783 2538; x_wconf 87' lang='lat' dir='ltr'><strong>Deinde</strong></span> <span class='ocrx_word' id='word_1_275' title='bbox 826 2478 1011 2533; x_wconf 83' lang='lat' dir='ltr'><strong>addit:</strong></span> <span class='ocrx_word' id='word_1_276' title='bbox 1041 2476 1175 2532; x_wconf 88' lang='lat' dir='ltr'><strong>Cum</strong></span> <span class='ocrx_word' id='word_1_277' title='bbox 1213 2482 1393 2529; x_wconf 85' lang='lat' dir='ltr'><strong>autem</strong></span> <span class='ocrx_word' id='word_1_278' title='bbox 1423 2472 1581 2527; x_wconf 82' lang='lat' dir='ltr'><strong>fidem</strong></span> <span class='ocrx_word' id='word_1_279' title='bbox 1612 2470 1708 2526; x_wconf 82' lang='lat' dir='ltr'><strong>Ni-</strong></span> 
     </span>
    </p>
   </div>
   <div class='ocr_carea' id='block_1_42' title="bbox 156 2565 1703 2632">
    <p class='ocr_par' dir='ltr' id='par_1_42' title="bbox 156 2565 1703 2632">
     <span class='ocr_line' id='line_1_42' title="bbox 156 2565 1703 2632; baseline -0.012 0"><span class='ocrx_word' id='word_1_280' title='bbox 156 2575 299 2632; x_wconf 66' lang='lat' dir='ltr'><strong>czni</strong></span> <span class='ocrx_word' id='word_1_281' title='bbox 339 2573 552 2628; x_wconf 71' lang='lat' dir='ltr'><strong>concilii</strong></span> <span class='ocrx_word' id='word_1_282' title='bbox 594 2574 646 2625; x_wconf 88' lang='lat' dir='ltr'><strong>in</strong></span> <span class='ocrx_word' id='word_1_283' title='bbox 686 2586 744 2625; x_wconf 90' lang='lat' dir='ltr'><strong>ea</strong></span> <span class='ocrx_word' id='word_1_284' title='bbox 784 2576 982 2624; x_wconf 82' lang='lat' dir='ltr'><strong>rectam</strong></span> <span class='ocrx_word' id='word_1_285' title='bbox 1017 2565 1445 2631; x_wconf 84' lang='lat' dir='ltr'><strong>reperissemus,</strong></span> <span class='ocrx_word' id='word_1_286' title='bbox 1481 2572 1703 2628; x_wconf 85' lang='lat' dir='ltr'><strong>magnas</strong></span> 
     </span>
    </p>
   </div>
   <div class='ocr_carea' id='block_1_43' title="bbox 153 2654 1708 2739">
    <p class='ocr_par' dir='ltr' id='par_1_43' title="bbox 153 2654 1708 2739">
     <span class='ocr_line' id='line_1_43' title="bbox 153 2654 1708 2739; baseline -0.012 -19"><span class='ocrx_word' id='word_1_287' title='bbox 153 2668 368 2739; x_wconf 78' lang='lat' dir='ltr'><strong>gratias</strong></span> <span class='ocrx_word' id='word_1_288' title='bbox 400 2665 554 2719; x_wconf 87' lang='lat' dir='ltr'><strong>vobis</strong></span> <span class='ocrx_word' id='word_1_289' title='bbox 590 2662 878 2716; x_wconf 87' lang='lat' dir='ltr'><strong>retulimus</strong></span> <span class='ocrx_word' id='word_1_290' title='bbox 900 2700 915 2725; x_wconf 94' lang='lat'><strong>,</strong></span> <span class='ocrx_word' id='word_1_291' title='bbox 949 2674 1048 2730; x_wconf 90' lang='lat' dir='ltr'><strong>pro</strong></span> <span class='ocrx_word' id='word_1_292' title='bbox 1077 2670 1319 2727; x_wconf 71' lang='lat' dir='ltr'><strong>quianon</strong></span> <span class='ocrx_word' id='word_1_293' title='bbox 1354 2654 1529 2709; x_wconf 89' lang='lat' dir='ltr'><strong>solum</strong></span> <span class='ocrx_word' id='word_1_294' title='bbox 1556 2664 1708 2705; x_wconf 84' lang='lat' dir='ltr'><strong>com-</strong></span> 
     </span>
    </p>
   </div>
   <div class='ocr_carea' id='block_1_44' title="bbox 158 2740 1712 2829">
    <p class='ocr_par' dir='ltr' id='par_1_44' title="bbox 158 2740 1712 2829">
     <span class='ocr_line' id='line_1_44' title="bbox 158 2740 1712 2829; baseline -0.013 -17"><span class='ocrx_word' id='word_1_295' title='bbox 158 2759 275 2829; x_wconf 86' lang='lat' dir='ltr'><strong>pati</strong></span> <span class='ocrx_word' id='word_1_296' title='bbox 312 2756 631 2818; x_wconf 75' lang='lat' dir='ltr'><strong>vobiscum,</strong></span> <span class='ocrx_word' id='word_1_297' title='bbox 674 2762 735 2806; x_wconf 90' lang='lat' dir='ltr'><strong>et</strong></span> <span class='ocrx_word' id='word_1_298' title='bbox 777 2751 1211 2821; x_wconf 87' lang='lat' dir='ltr'><strong>persecutionem</strong></span> <span class='ocrx_word' id='word_1_299' title='bbox 1254 2745 1366 2814; x_wconf 86' lang='lat' dir='ltr'><strong>pati</strong></span> <span class='ocrx_word' id='word_1_300' title='bbox 1409 2740 1581 2813; x_wconf 80' lang='lat' dir='ltr'><strong>parati</strong></span> <span class='ocrx_word' id='word_1_301' title='bbox 1622 2755 1712 2793; x_wconf 82' lang='lat' dir='ltr'><strong>su-</strong></span> 
     </span>
    </p>
   </div>
   <div class='ocr_carea' id='block_1_45' title="bbox 157 2831 1712 2909">
    <p class='ocr_par' dir='ltr' id='par_1_45' title="bbox 157 2831 1712 2909">
     <span class='ocr_line' id='line_1_45' title="bbox 157 2831 1712 2909; baseline -0.011 -6"><span class='ocrx_word' id='word_1_302' title='bbox 157 2862 327 2909; x_wconf 84' lang='lat' dir='ltr'><strong>mus,</strong></span> <span class='ocrx_word' id='word_1_303' title='bbox 361 2847 454 2901; x_wconf 85' lang='lat' dir='ltr'><strong>sed</strong></span> <span class='ocrx_word' id='word_1_304' title='bbox 497 2861 616 2899; x_wconf 76' lang='lat' dir='ltr'><strong>cuin</strong></span> <span class='ocrx_word' id='word_1_305' title='bbox 654 2845 953 2898; x_wconf 71' lang='lat' dir='ltr'><strong>necessitas</strong></span> <span class='ocrx_word' id='word_1_306' title='bbox 983 2841 1197 2909; x_wconf 75' lang='lat' dir='ltr'><strong>exigat,</strong></span> <span class='ocrx_word' id='word_1_307' title='bbox 1233 2837 1397 2889; x_wconf 86' lang='lat' dir='ltr'><strong>etiam</strong></span> <span class='ocrx_word' id='word_1_308' title='bbox 1434 2831 1571 2887; x_wconf 89' lang='lat' dir='ltr'><strong>mori</strong></span> <span class='ocrx_word' id='word_1_309' title='bbox 1608 2846 1712 2901; x_wconf 89' lang='lat' dir='ltr'><strong>pro</strong></span> 
     </span>
    </p>
   </div>
   <div class='ocr_carea' id='block_1_46' title="bbox 157 2935 1713 3002">
    <p class='ocr_par' dir='ltr' id='par_1_46' title="bbox 157 2935 1713 3002">
     <span class='ocr_line' id='line_1_46' title="bbox 157 2935 1713 3002; baseline -0.014 -6"><span class='ocrx_word' id='word_1_310' title='bbox 157 2940 386 2996; x_wconf 86' lang='lat' dir='ltr'><strong>nomine</strong></span> <span class='ocrx_word' id='word_1_311' title='bbox 408 2937 603 2993; x_wconf 82' lang='lat' dir='ltr'><strong>Christi</strong></span> <span class='ocrx_word' id='word_1_312' title='bbox 643 2950 750 2990; x_wconf 90' lang='lat' dir='ltr'><strong>non</strong></span> <span class='ocrx_word' id='word_1_313' title='bbox 788 2944 1199 3002; x_wconf 82' lang='lat' dir='ltr'><strong>postponeiuus,</strong></span> <span class='ocrx_word' id='word_1_314' title='bbox 1232 2935 1713 2996; x_wconf 86' lang='lat' dir='ltr'><strong>quantumcunque</strong></span> 
     </span>
    </p>
   </div>
   <div class='ocr_carea' id='block_1_47' title="bbox 157 3018 1715 3090">
    <p class='ocr_par' dir='ltr' id='par_1_47' title="bbox 157 3018 1715 3090">
     <span class='ocr_line' id='line_1_47' title="bbox 157 3018 1715 3090; baseline -0.012 -3"><span class='ocrx_word' id='word_1_315' title='bbox 157 3045 365 3087; x_wconf 84' lang='lat' dir='ltr'><strong>sumus</strong></span> <span class='ocrx_word' id='word_1_316' title='bbox 419 3028 737 3082; x_wconf 81' lang='lat' dir='ltr'><strong>imbecilles.</strong></span> <span class='ocrx_word' id='word_1_317' title='bbox 786 3024 1047 3079; x_wconf 61' lang='lat' dir='ltr'><strong>Praedicta</strong></span> <span class='ocrx_word' id='word_1_318' title='bbox 1096 3035 1331 3090; x_wconf 84' lang='lat' dir='ltr'><strong>namque</strong></span> <span class='ocrx_word' id='word_1_319' title='bbox 1376 3028 1435 3074; x_wconf 92' lang='lat' dir='ltr'><strong>ut</strong></span> <span class='ocrx_word' id='word_1_320' title='bbox 1483 3018 1715 3087; x_wconf 86' lang='lat' dir='ltr'><strong>legimus</strong></span> 
     </span>
    </p>
   </div>
   <div class='ocr_carea' id='block_1_48' title="bbox 157 3105 1712 3184">
    <p class='ocr_par' dir='ltr' id='par_1_48' title="bbox 157 3105 1712 3184">
     <span class='ocr_line' id='line_1_48' title="bbox 157 3105 1712 3184; baseline -0.012 -5"><span class='ocrx_word' id='word_1_321' title='bbox 157 3133 359 3179; x_wconf 82' lang='lat' dir='ltr'><strong>sancta</strong></span> <span class='ocrx_word' id='word_1_322' title='bbox 421 3118 668 3174; x_wconf 85' lang='lat' dir='ltr'><strong>decrevit</strong></span> <span class='ocrx_word' id='word_1_323' title='bbox 727 3116 941 3171; x_wconf 78' lang='lat' dir='ltr'><strong>Nicaena</strong></span> <span class='ocrx_word' id='word_1_324' title='bbox 1000 3112 1275 3184; x_wconf 82' lang='lat' dir='ltr'><strong>synodus,</strong></span> <span class='ocrx_word' id='word_1_325' title='bbox 1329 3111 1489 3164; x_wconf 86' lang='lat' dir='ltr'><strong>aliam</strong></span> <span class='ocrx_word' id='word_1_326' title='bbox 1550 3105 1712 3161; x_wconf 89' lang='lat' dir='ltr'><strong>fidem</strong></span> 
     </span>
    </p>
   </div>
   <div class='ocr_carea' id='block_1_49' title="bbox 156 3203 1719 3277">
    <p class='ocr_par' dir='ltr' id='par_1_49' title="bbox 156 3203 1719 3277">
     <span class='ocr_line' id='line_1_49' title="bbox 156 3203 1719 3277; baseline -0.011 -9"><span class='ocrx_word' id='word_1_327' title='bbox 156 3214 305 3268; x_wconf 84' lang='lat' dir='ltr'><strong>nulli</strong></span> <span class='ocrx_word' id='word_1_328' title='bbox 346 3212 513 3265; x_wconf 89' lang='lat' dir='ltr'><strong>licere</strong></span> <span class='ocrx_word' id='word_1_329' title='bbox 554 3207 797 3277; x_wconf 89' lang='lat' dir='ltr'><strong>proferre</strong></span> <span class='ocrx_word' id='word_1_330' title='bbox 828 3246 842 3271; x_wconf 95' lang='lat'><strong>,</strong></span> <span class='ocrx_word' id='word_1_331' title='bbox 880 3214 977 3258; x_wconf 90' lang='lat' dir='ltr'><strong>aut</strong></span> <span class='ocrx_word' id='word_1_332' title='bbox 1011 3203 1395 3277; x_wconf 66' lang='lat' dir='ltr'><strong>conscribere,</strong></span> <span class='ocrx_word' id='word_1_333' title='bbox 1434 3208 1530 3254; x_wconf 90' lang='lat' dir='ltr'><strong>aut</strong></span> <span class='ocrx_word' id='word_1_334' title='bbox 1566 3214 1719 3254; x_wconf 85' lang='lat' dir='ltr'><strong>com-</strong></span> 
     </span>
    </p>
   </div>
   <div class='ocr_carea' id='block_1_50' title="bbox 158 3273 1710 3369">
    <p class='ocr_par' dir='ltr' id='par_1_50' title="bbox 158 3273 1710 3369">
     <span class='ocr_line' id='line_1_50' title="bbox 158 3273 1710 3369; baseline -0.008 -15"><span class='ocrx_word' id='word_1_335' title='bbox 158 3313 377 3369; x_wconf 86' lang='lat' dir='ltr'><strong>ponere</strong></span> <span class='ocrx_word' id='word_1_336' title='bbox 402 3337 416 3358; x_wconf 87' lang='lat'><strong>.</strong></span> <span class='ocrx_word' id='word_1_337' title='bbox 444 3306 539 3351; x_wconf 89' lang='lat' dir='ltr'><strong>aut</strong></span> <span class='ocrx_word' id='word_1_338' title='bbox 582 3310 810 3364; x_wconf 84' lang='lat' dir='ltr'><strong>sapere,</strong></span> <span class='ocrx_word' id='word_1_339' title='bbox 858 3303 950 3347; x_wconf 90' lang='lat' dir='ltr'><strong>aut</strong></span> <span class='ocrx_word' id='word_1_340' title='bbox 989 3294 1150 3346; x_wconf 87' lang='lat' dir='ltr'><strong>aliter</strong></span> <span class='ocrx_word' id='word_1_341' title='bbox 1191 3273 1430 3356; x_wconf 75' lang='lat' dir='ltr'><strong>docere,</strong></span> <span class='ocrx_word' id='word_1_342' title='bbox 1465 3303 1566 3343; x_wconf 88' lang='lat' dir='ltr'><strong>nec</strong></span> <span class='ocrx_word' id='word_1_343' title='bbox 1606 3289 1710 3342; x_wconf 88' lang='lat' dir='ltr'><strong>ali-</strong></span> 
     </span>
    </p>
   </div>
   <div class='ocr_carea' id='block_1_51' title="bbox 152 3379 1716 3461">
    <p class='ocr_par' dir='ltr' id='par_1_51' title="bbox 152 3379 1716 3461">
     <span class='ocr_line' id='line_1_51' title="bbox 152 3379 1716 3461; baseline -0.008 -17"><span class='ocrx_word' id='word_1_344' title='bbox 152 3392 296 3461; x_wconf 86' lang='lat' dir='ltr'><strong>quid</strong></span> <span class='ocrx_word' id='word_1_345' title='bbox 321 3391 373 3443; x_wconf 90' lang='lat' dir='ltr'><strong>in</strong></span> <span class='ocrx_word' id='word_1_346' title='bbox 408 3389 510 3442; x_wconf 85' lang='lat' dir='ltr'><strong>fide</strong></span> <span class='ocrx_word' id='word_1_347' title='bbox 530 3388 611 3441; x_wconf 88' lang='lat' dir='ltr'><strong>vel</strong></span> <span class='ocrx_word' id='word_1_348' title='bbox 640 3386 959 3454; x_wconf 87' lang='lat' dir='ltr'><strong>intelligere,</strong></span> <span class='ocrx_word' id='word_1_349' title='bbox 987 3385 1067 3437; x_wconf 90' lang='lat' dir='ltr'><strong>vel</strong></span> <span class='ocrx_word' id='word_1_350' title='bbox 1095 3383 1333 3451; x_wconf 86' lang='lat' dir='ltr'><strong>proferre</strong></span> <span class='ocrx_word' id='word_1_351' title='bbox 1355 3380 1497 3449; x_wconf 90' lang='lat' dir='ltr'><strong>quod</strong></span> <span class='ocrx_word' id='word_1_352' title='bbox 1522 3379 1716 3432; x_wconf 84' lang='lat' dir='ltr'><strong>borum</strong></span> 
     </span>
    </p>
   </div>
   <div class='ocr_carea' id='block_1_52' title="bbox 152 3468 1715 3542">
    <p class='ocr_par' dir='ltr' id='par_1_52' title="bbox 152 3468 1715 3542">
     <span class='ocr_line' id='line_1_52' title="bbox 152 3468 1715 3542; baseline -0.012 -7"><span class='ocrx_word' id='word_1_353' title='bbox 152 3475 392 3542; x_wconf 73' lang='lat' dir='ltr'><strong>Patrum</strong></span> <span class='ocrx_word' id='word_1_354' title='bbox 436 3478 668 3531; x_wconf 80' lang='lat' dir='ltr'><strong>decretis</strong></span> <span class='ocrx_word' id='word_1_355' title='bbox 706 3475 1037 3528; x_wconf 83' lang='lat' dir='ltr'><strong>contrarium</strong></span> <span class='ocrx_word' id='word_1_356' title='bbox 1085 3472 1175 3523; x_wconf 88' lang='lat' dir='ltr'><strong>sit.</strong></span> <span class='ocrx_word' id='word_1_357' title='bbox 1211 3470 1312 3534; x_wconf 85' lang='lat' dir='ltr'><strong>Qui</strong></span> <span class='ocrx_word' id='word_1_358' title='bbox 1358 3484 1487 3521; x_wconf 86' lang='lat' dir='ltr'><strong>vero</strong></span> <span class='ocrx_word' id='word_1_359' title='bbox 1516 3468 1715 3520; x_wconf 88' lang='lat' dir='ltr'><strong>audeat</strong></span> 
     </span>
    </p>
   </div>
   <div class='ocr_carea' id='block_1_53' title="bbox 151 3558 1717 3637">
    <p class='ocr_par' dir='ltr' id='par_1_53' title="bbox 151 3558 1717 3637">
     <span class='ocr_line' id='line_1_53' title="bbox 151 3558 1717 3637; baseline -0.013 -9"><span class='ocrx_word' id='word_1_360' title='bbox 151 3576 333 3628; x_wconf 83' lang='lat' dir='ltr'><strong>aliam</strong></span> <span class='ocrx_word' id='word_1_361' title='bbox 370 3572 529 3624; x_wconf 78' lang='lat' dir='ltr'><strong>fidem</strong></span> <span class='ocrx_word' id='word_1_362' title='bbox 560 3567 832 3637; x_wconf 85' lang='lat' dir='ltr'><strong>proferre,</strong></span> <span class='ocrx_word' id='word_1_363' title='bbox 864 3572 956 3618; x_wconf 89' lang='lat' dir='ltr'><strong>aut</strong></span> <span class='ocrx_word' id='word_1_364' title='bbox 979 3564 1212 3623; x_wconf 86' lang='lat' dir='ltr'><strong>docere,</strong></span> <span class='ocrx_word' id='word_1_365' title='bbox 1245 3568 1345 3612; x_wconf 66' lang='lat' dir='ltr'><strong>aut,</strong></span> <span class='ocrx_word' id='word_1_366' title='bbox 1386 3559 1529 3610; x_wconf 80' lang='lat' dir='ltr'><strong>aliud</strong></span> <span class='ocrx_word' id='word_1_367' title='bbox 1561 3558 1717 3625; x_wconf 83' lang='lat' dir='ltr'><strong>Sym-</strong></span> 
     </span>
    </p>
   </div>
   <div class='ocr_carea' id='block_1_54' title="bbox 152 3650 1709 3722">
    <p class='ocr_par' dir='ltr' id='par_1_54' title="bbox 152 3650 1709 3722">
     <span class='ocr_line' id='line_1_54' title="bbox 152 3650 1709 3722; baseline -0.012 -5"><span class='ocrx_word' id='word_1_368' title='bbox 152 3668 356 3718; x_wconf 78' lang='lat' dir='ltr'><strong>bolum</strong></span> <span class='ocrx_word' id='word_1_369' title='bbox 393 3660 604 3714; x_wconf 87' lang='lat' dir='ltr'><strong>tradere</strong></span> <span class='ocrx_word' id='word_1_370' title='bbox 637 3657 745 3713; x_wconf 79' lang='lat' dir='ltr'><strong>illis</strong></span> <span class='ocrx_word' id='word_1_371' title='bbox 780 3658 870 3722; x_wconf 86' lang='lat' dir='ltr'><strong>qui</strong></span> <span class='ocrx_word' id='word_1_372' title='bbox 910 3654 975 3707; x_wconf 91' lang='lat' dir='ltr'><strong>ad</strong></span> <span class='ocrx_word' id='word_1_373' title='bbox 1014 3654 1151 3703; x_wconf 86' lang='lat' dir='ltr'><strong>viam</strong></span> <span class='ocrx_word' id='word_1_374' title='bbox 1190 3650 1438 3702; x_wconf 75' lang='lat' dir='ltr'><strong>veritatis</strong></span> <span class='ocrx_word' id='word_1_375' title='bbox 1473 3663 1539 3700; x_wconf 72' lang='lat' dir='ltr'><strong>ex</strong></span> <span class='ocrx_word' id='word_1_376' title='bbox 1571 3662 1709 3715; x_wconf 86' lang='lat' dir='ltr'><strong>qua-</strong></span> 
     </span>
    </p>
   </div>
   <div class='ocr_carea' id='block_1_55' title="bbox 150 3737 1718 3822">
    <p class='ocr_par' dir='ltr' id='par_1_55' title="bbox 150 3737 1718 3822">
     <span class='ocr_line' id='line_1_55' title="bbox 150 3737 1718 3822; baseline -0.011 -12"><span class='ocrx_word' id='word_1_377' title='bbox 150 3768 394 3822; x_wconf 84' lang='lat' dir='ltr'><strong>cunque</strong></span> <span class='ocrx_word' id='word_1_378' title='bbox 455 3750 643 3804; x_wconf 64' lang='lat' dir='ltr'><strong>hu-rcsi</strong></span> <span class='ocrx_word' id='word_1_379' title='bbox 683 3737 993 3800; x_wconf 85' lang='lat' dir='ltr'><strong>desiderant</strong></span> <span class='ocrx_word' id='word_1_380' title='bbox 1038 3743 1303 3807; x_wconf 78' lang='lat' dir='ltr'><strong>converti,</strong></span> <span class='ocrx_word' id='word_1_381' title='bbox 1362 3753 1456 3795; x_wconf 88' lang='lat' dir='ltr'><strong>aut</strong></span> <span class='ocrx_word' id='word_1_382' title='bbox 1497 3757 1561 3795; x_wconf 81' lang='lat' dir='ltr'><strong>ex</strong></span> <span class='ocrx_word' id='word_1_383' title='bbox 1620 3739 1718 3793; x_wconf 80' lang='lat' dir='ltr'><strong>Ju-</strong></span> 
     </span>
    </p>
   </div>
   <div class='ocr_carea' id='block_1_56' title="bbox 154 3831 1718 3905">
    <p class='ocr_par' dir='ltr' id='par_1_56' title="bbox 154 3831 1718 3905">
     <span class='ocr_line' id='line_1_56' title="bbox 154 3831 1718 3905; baseline -0.008 -8"><span class='ocrx_word' id='word_1_384' title='bbox 154 3842 411 3904; x_wconf 83' lang='lat' dir='ltr'><strong>daismo,</strong></span> <span class='ocrx_word' id='word_1_385' title='bbox 442 3848 538 3892; x_wconf 88' lang='lat' dir='ltr'><strong>aut</strong></span> <span class='ocrx_word' id='word_1_386' title='bbox 569 3853 634 3892; x_wconf 81' lang='lat' dir='ltr'><strong>ex</strong></span> <span class='ocrx_word' id='word_1_387' title='bbox 668 3836 985 3905; x_wconf 83' lang='lat' dir='ltr'><strong>gentilitate,</strong></span> <span class='ocrx_word' id='word_1_388' title='bbox 1020 3835 1063 3887; x_wconf 90' lang='lat' dir='ltr'><strong>si</strong></span> <span class='ocrx_word' id='word_1_389' title='bbox 1104 3834 1392 3903; x_wconf 78' lang='lat' dir='ltr'><strong>episcopus</strong></span> <span class='ocrx_word' id='word_1_390' title='bbox 1426 3834 1507 3886; x_wconf 87' lang='lat' dir='ltr'><strong>vel</strong></span> <span class='ocrx_word' id='word_1_391' title='bbox 1557 3831 1718 3886; x_wconf 84' lang='lat' dir='ltr'><strong>cieri-</strong></span> 
     </span>
    </p>
   </div>
   <div class='ocr_carea' id='block_1_57' title="bbox 150 3926 1717 3999">
    <p class='ocr_par' dir='ltr' id='par_1_57' title="bbox 150 3926 1717 3999">
     <span class='ocr_line' id='line_1_57' title="bbox 150 3926 1717 3999; baseline -0.006 -10"><span class='ocrx_word' id='word_1_392' title='bbox 150 3948 263 3989; x_wconf 87' lang='lat' dir='ltr'><strong>cus</strong></span> <span class='ocrx_word' id='word_1_393' title='bbox 316 3932 426 3994; x_wconf 86' lang='lat' dir='ltr'><strong>sit,</strong></span> <span class='ocrx_word' id='word_1_394' title='bbox 470 3930 713 3997; x_wconf 82' lang='lat' dir='ltr'><strong>privetur</strong></span> <span class='ocrx_word' id='word_1_395' title='bbox 744 3927 1037 3997; x_wconf 89' lang='lat' dir='ltr'><strong>episcopus</strong></span> <span class='ocrx_word' id='word_1_396' title='bbox 1072 3927 1370 3996; x_wconf 86' lang='lat' dir='ltr'><strong>episcopali</strong></span> <span class='ocrx_word' id='word_1_397' title='bbox 1416 3926 1717 3999; x_wconf 82' lang='lat' dir='ltr'><strong>dignitate,</strong></span> 
     </span>
    </p>
   </div>
   <div class='ocr_carea' id='block_1_58' title="bbox 149 4017 1721 4080">
    <p class='ocr_par' dir='ltr' id='par_1_58' title="bbox 149 4017 1721 4080">
     <span class='ocr_line' id='line_1_58' title="bbox 149 4017 1721 4080; baseline -0.005 -1"><span class='ocrx_word' id='word_1_398' title='bbox 149 4032 216 4079; x_wconf 87' lang='lat' dir='ltr'><strong>et</strong></span> <span class='ocrx_word' id='word_1_399' title='bbox 255 4021 500 4075; x_wconf 85' lang='lat' dir='ltr'><strong>clericus</strong></span> <span class='ocrx_word' id='word_1_400' title='bbox 533 4019 682 4073; x_wconf 90' lang='lat' dir='ltr'><strong>clero</strong></span> <span class='ocrx_word' id='word_1_401' title='bbox 730 4036 744 4071; x_wconf 88' lang='lat'><strong>:</strong></span> <span class='ocrx_word' id='word_1_402' title='bbox 779 4017 822 4071; x_wconf 88' lang='lat' dir='ltr'><strong>si</strong></span> <span class='ocrx_word' id='word_1_403' title='bbox 870 4030 999 4070; x_wconf 88' lang='lat' dir='ltr'><strong>vero</strong></span> <span class='ocrx_word' id='word_1_404' title='bbox 1040 4019 1372 4080; x_wconf 87' lang='lat' dir='ltr'><strong>monachus,</strong></span> <span class='ocrx_word' id='word_1_405' title='bbox 1413 4026 1505 4070; x_wconf 91' lang='lat' dir='ltr'><strong>aut</strong></span> <span class='ocrx_word' id='word_1_406' title='bbox 1548 4018 1721 4071; x_wconf 82' lang='lat' dir='ltr'><strong>laicus</strong></span> 
     </span>
    </p>
   </div>
   <div class='ocr_carea' id='block_1_59' title="bbox 148 4105 1717 4175">
    <p class='ocr_par' dir='ltr' id='par_1_59' title="bbox 148 4105 1717 4175">
     <span class='ocr_line' id='line_1_59' title="bbox 148 4105 1717 4175; baseline -0.005 -8"><span class='ocrx_word' id='word_1_407' title='bbox 148 4109 687 4167; x_wconf 84' lang='lat' dir='ltr'><strong>anathematizetur.</strong></span> <span class='ocrx_word' id='word_1_408' title='bbox 739 4105 864 4162; x_wconf 71' lang='lat' dir='ltr'><strong>Haec</strong></span> <span class='ocrx_word' id='word_1_409' title='bbox 910 4122 1057 4162; x_wconf 90' lang='lat' dir='ltr'><strong>nunc</strong></span> <span class='ocrx_word' id='word_1_410' title='bbox 1104 4108 1330 4175; x_wconf 87' lang='lat' dir='ltr'><strong>quidem</strong></span> <span class='ocrx_word' id='word_1_411' title='bbox 1375 4106 1511 4160; x_wconf 84' lang='lat' dir='ltr'><strong>actis</strong></span> <span class='ocrx_word' id='word_1_412' title='bbox 1558 4105 1717 4175; x_wconf 88' lang='lat' dir='ltr'><strong>primi</strong></span> 
     </span>
    </p>
   </div>
   <div class='ocr_carea' id='block_1_60' title="bbox 149 4196 1720 4268">
    <p class='ocr_par' dir='ltr' id='par_1_60' title="bbox 149 4196 1720 4268">
     <span class='ocr_line' id='line_1_60' title="bbox 149 4196 1720 4268; baseline -0.004 -12"><span class='ocrx_word' id='word_1_413' title='bbox 149 4200 394 4256; x_wconf 66' lang='lat' dir='ltr'><strong>colicilii</strong></span> <span class='ocrx_word' id='word_1_414' title='bbox 426 4197 725 4267; x_wconf 83' lang='lat' dir='ltr'><strong>deperditis</strong></span> <span class='ocrx_word' id='word_1_415' title='bbox 768 4197 953 4268; x_wconf 84' lang='lat' dir='ltr'><strong>ignota</strong></span> <span class='ocrx_word' id='word_1_416' title='bbox 999 4196 1161 4250; x_wconf 84' lang='lat' dir='ltr'><strong>nobis</strong></span> <span class='ocrx_word' id='word_1_417' title='bbox 1203 4205 1373 4250; x_wconf 88' lang='lat' dir='ltr'><strong>sunt:</strong></span> <span class='ocrx_word' id='word_1_418' title='bbox 1418 4203 1549 4249; x_wconf 89' lang='lat' dir='ltr'><strong>tunc</strong></span> <span class='ocrx_word' id='word_1_419' title='bbox 1591 4207 1720 4249; x_wconf 89' lang='lat' dir='ltr'><strong>vero</strong></span> 
     </span>
    </p>
   </div>
   <div class='ocr_carea' id='block_1_61' title="bbox 150 4285 1719 4356">
    <p class='ocr_par' dir='ltr' id='par_1_61' title="bbox 150 4285 1719 4356">
     <span class='ocr_line' id='line_1_61' title="bbox 150 4285 1719 4356; baseline -0.004 -9"><span class='ocrx_word' id='word_1_420' title='bbox 150 4308 304 4347; x_wconf 87' lang='lat' dir='ltr'><strong>cum</strong></span> <span class='ocrx_word' id='word_1_421' title='bbox 342 4290 524 4344; x_wconf 88' lang='lat' dir='ltr'><strong>adhuc</strong></span> <span class='ocrx_word' id='word_1_422' title='bbox 556 4296 868 4353; x_wconf 82' lang='lat' dir='ltr'><strong>exstarent,</strong></span> <span class='ocrx_word' id='word_1_423' title='bbox 897 4287 1143 4343; x_wconf 88' lang='lat' dir='ltr'><strong>sciebant</strong></span> <span class='ocrx_word' id='word_1_424' title='bbox 1170 4295 1230 4340; x_wconf 89' lang='lat' dir='ltr'><strong>et</strong></span> <span class='ocrx_word' id='word_1_425' title='bbox 1258 4301 1392 4356; x_wconf 90' lang='lat' dir='ltr'><strong>papa</strong></span> <span class='ocrx_word' id='word_1_426' title='bbox 1431 4285 1719 4348; x_wconf 86' lang='lat' dir='ltr'><strong>Liberius,</strong></span> 
     </span>
    </p>
   </div>
   <div class='ocr_carea' id='block_1_62' title="bbox 1805 1845 2543 1901">
    <p class='ocr_par' dir='ltr' id='par_1_62' title="bbox 1805 1845 2543 1901">
     <span class='ocr_line' id='line_1_62' title="bbox 1805 1845 2543 1901; baseline -0.004 0"><span class='ocrx_word' id='word_1_427' title='bbox 1805 1845 1969 1901; x_wconf 85' lang='lat' dir='ltr'><strong>etiam</strong></span> <span class='ocrx_word' id='word_1_428' title='bbox 2004 1846 2374 1900; x_wconf 86' lang='lat' dir='ltr'><strong>necessarium</strong></span> <span class='ocrx_word' id='word_1_429' title='bbox 2402 1860 2543 1901; x_wconf 86' lang='lat' dir='ltr'><strong>esse.</strong></span> 
     </span>
    </p>
   </div>
   <div class='ocr_carea' id='block_1_63' title="bbox 1802 1952 3279 2024">
    <p class='ocr_par' dir='ltr' id='par_1_63' title="bbox 1802 1952 3279 2024">
     <span class='ocr_line' id='line_1_63' title="bbox 1802 1952 3279 2024; baseline -0.002 -13"><span class='ocrx_word' id='word_1_430' title='bbox 1802 1976 1809 1986; x_wconf 67' lang='grc' dir='ltr'><em>ι</em></span> <span class='ocrx_word' id='word_1_431' title='bbox 1876 1952 2207 2011; x_wconf 82' lang='lat' dir='ltr'><strong>Continuatio</strong></span> <span class='ocrx_word' id='word_1_432' title='bbox 2232 1955 2556 2010; x_wconf 71' lang='lat' dir='ltr'><strong>narrationis</strong></span> <span class='ocrx_word' id='word_1_433' title='bbox 2591 1972 2788 2019; x_wconf 79' lang='lat' dir='ltr'><strong>eorum,</strong></span> <span class='ocrx_word' id='word_1_434' title='bbox 2818 1970 2933 2024; x_wconf 77' lang='lat' dir='ltr'><strong>qua:</strong></span> <span class='ocrx_word' id='word_1_435' title='bbox 2959 1956 3013 2007; x_wconf 86' lang='lat' dir='ltr'><strong>in</strong></span> <span class='ocrx_word' id='word_1_436' title='bbox 3053 1954 3279 2008; x_wconf 84' lang='lat' dir='ltr'><strong>concilio</strong></span> 
     </span>
    </p>
   </div>
   <div class='ocr_carea' id='block_1_64' title="bbox 2382 2025 2783 2092">
    <p class='ocr_par' dir='ltr' id='par_1_64' title="bbox 2382 2025 2783 2092">
     <span class='ocr_line' id='line_1_64' title="bbox 2382 2025 2783 2092; baseline -0.002 -13"><span class='ocrx_word' id='word_1_437' title='bbox 2382 2025 2521 2092; x_wconf 77' lang='lat' dir='ltr'><strong>facta</strong></span> <span class='ocrx_word' id='word_1_438' title='bbox 2555 2026 2783 2092; x_wconf 81' lang='lat' dir='ltr'><strong>fuerunt.</strong></span> 
     </span>
    </p>
   </div>
   <div class='ocr_carea' id='block_1_65' title="bbox 1818 2114 3350 2185">
    <p class='ocr_par' dir='ltr' id='par_1_65' title="bbox 1818 2114 3350 2185">
     <span class='ocr_line' id='line_1_65' title="bbox 1818 2114 3350 2185; baseline -0.001 -16"><span class='ocrx_word' id='word_1_439' title='bbox 1818 2152 1819 2155; x_wconf 60' lang='grc' dir='ltr'><strong>η</strong></span> <span class='ocrx_word' id='word_1_440' title='bbox 1879 2114 1974 2169; x_wconf 76' lang='lat' dir='ltr'><strong>llis</strong></span> <span class='ocrx_word' id='word_1_441' title='bbox 2005 2114 2170 2184; x_wconf 78' lang='lat' dir='ltr'><strong>igitur</strong></span> <span class='ocrx_word' id='word_1_442' title='bbox 2234 2116 2464 2185; x_wconf 86' lang='lat' dir='ltr'><strong>aliisque</strong></span> <span class='ocrx_word' id='word_1_443' title='bbox 2498 2114 2771 2170; x_wconf 84' lang='lat' dir='ltr'><strong>similibus</strong></span> <span class='ocrx_word' id='word_1_444' title='bbox 2799 2130 2892 2183; x_wconf 86' lang='lat' dir='ltr'><strong>per</strong></span> <span class='ocrx_word' id='word_1_445' title='bbox 2921 2115 3141 2171; x_wconf 87' lang='lat' dir='ltr'><strong>Latinos</strong></span> <span class='ocrx_word' id='word_1_446' title='bbox 3173 2114 3350 2179; x_wconf 89' lang='lat' dir='ltr'><strong>dictis,</strong></span> 
     </span>
    </p>
   </div>
   <div class='ocr_carea' id='block_1_66' title="bbox 1806 2192 3351 2278">
    <p class='ocr_par' dir='ltr' id='par_1_66' title="bbox 1806 2192 3351 2278">
     <span class='ocr_line' id='line_1_66' title="bbox 1806 2192 3351 2278; baseline 0 -15"><span class='ocrx_word' id='word_1_447' title='bbox 1806 2208 2226 2263; x_wconf 89' lang='lat' dir='ltr'><strong>clementissime</strong></span> <span class='ocrx_word' id='word_1_448' title='bbox 2261 2209 2363 2272; x_wconf 86' lang='lat' dir='ltr'><strong>vir,</strong></span> <span class='ocrx_word' id='word_1_449' title='bbox 2398 2224 2498 2265; x_wconf 89' lang='lat' dir='ltr'><strong>nos</strong></span> <span class='ocrx_word' id='word_1_450' title='bbox 2544 2192 2831 2265; x_wconf 7' lang='lat' dir='ltr'><strong>cuminihil</strong></span> <span class='ocrx_word' id='word_1_451' title='bbox 2866 2209 2930 2264; x_wconf 86' lang='lat' dir='ltr'><strong>ad</strong></span> <span class='ocrx_word' id='word_1_452' title='bbox 2976 2208 3096 2265; x_wconf 57' lang='lat' dir='ltr'><strong>haec</strong></span> <span class='ocrx_word' id='word_1_453' title='bbox 3126 2225 3351 2278; x_wconf 79' lang='lat' dir='ltr'><strong>reSpon-</strong></span> 
     </span>
    </p>
   </div>
   <div class='ocr_carea' id='block_1_67' title="bbox 1805 2290 3353 2373">
    <p class='ocr_par' dir='ltr' id='par_1_67' title="bbox 1805 2290 3353 2373">
     <span class='ocr_line' id='line_1_67' title="bbox 1805 2290 3353 2373; baseline 0.003 -20"><span class='ocrx_word' id='word_1_454' title='bbox 1805 2299 1936 2355; x_wconf 89' lang='lat' dir='ltr'><strong>dere</strong></span> <span class='ocrx_word' id='word_1_455' title='bbox 1987 2300 2350 2363; x_wconf 81' lang='lat' dir='ltr'><strong>haberemus,</strong></span> <span class='ocrx_word' id='word_1_456' title='bbox 2399 2290 2549 2372; x_wconf 51' lang='lat' dir='ltr'><strong>&quot;quid</strong></span> <span class='ocrx_word' id='word_1_457' title='bbox 2609 2315 2844 2371; x_wconf 87' lang='lat' dir='ltr'><strong>namque</strong></span> <span class='ocrx_word' id='word_1_458' title='bbox 2894 2311 3108 2373; x_wconf 88' lang='lat' dir='ltr'><strong>poterat</strong></span> <span class='ocrx_word' id='word_1_459' title='bbox 3155 2302 3353 2372; x_wconf 83' lang='lat' dir='ltr'><strong>aliquis</strong></span> 
     </span>
    </p>
   </div>
   <div class='ocr_carea' id='block_1_68' title="bbox 1806 2391 3355 2461">
    <p class='ocr_par' dir='ltr' id='par_1_68' title="bbox 1806 2391 3355 2461">
     <span class='ocr_line' id='line_1_68' title="bbox 1806 2391 3355 2461; baseline 0.001 -16"><span class='ocrx_word' id='word_1_460' title='bbox 1806 2398 1995 2445; x_wconf 89' lang='lat' dir='ltr'><strong>contra</strong></span> <span class='ocrx_word' id='word_1_461' title='bbox 2020 2391 2179 2447; x_wconf 85' lang='lat' dir='ltr'><strong>talem</strong></span> <span class='ocrx_word' id='word_1_462' title='bbox 2204 2392 2486 2448; x_wconf 84' lang='lat' dir='ltr'><strong>veritatem</strong></span> <span class='ocrx_word' id='word_1_463' title='bbox 2524 2392 3113 2461; x_wconf 83' lang='lat' dir='ltr'><strong>impudenterdicere?</strong></span> <span class='ocrx_word' id='word_1_464' title='bbox 3142 2394 3355 2447; x_wconf 80' lang='lat' dir='ltr'><strong>taceba-</strong></span> 
     </span>
    </p>
   </div>
   <div class='ocr_carea' id='block_1_69' title="bbox 1808 2471 3350 2554">
    <p class='ocr_par' dir='ltr' id='par_1_69' title="bbox 1808 2471 3350 2554">
     <span class='ocr_line' id='line_1_69' title="bbox 1808 2471 3350 2554; baseline 0.004 -21"><span class='ocrx_word' id='word_1_465' title='bbox 1808 2478 2171 2535; x_wconf 82' lang='lat' dir='ltr'><strong>mus..Latini</strong></span> <span class='ocrx_word' id='word_1_466' title='bbox 2205 2496 2338 2536; x_wconf 87' lang='lat' dir='ltr'><strong>vero</strong></span> <span class='ocrx_word' id='word_1_467' title='bbox 2368 2483 2597 2553; x_wconf 83' lang='lat' dir='ltr'><strong>probato</strong></span> <span class='ocrx_word' id='word_1_468' title='bbox 2627 2481 2771 2552; x_wconf 89' lang='lat' dir='ltr'><strong>quod</strong></span> <span class='ocrx_word' id='word_1_469' title='bbox 2804 2482 2932 2537; x_wconf 85' lang='lat' dir='ltr'><strong>licet</strong></span> <span class='ocrx_word' id='word_1_470' title='bbox 2959 2482 3163 2539; x_wconf 87' lang='lat' dir='ltr'><strong>addere</strong></span> <span class='ocrx_word' id='word_1_471' title='bbox 3185 2471 3350 2554; x_wconf 84' lang='lat' dir='ltr'><strong>Sym-</strong></span> 
     </span>
    </p>
   </div>
   <div class='ocr_carea' id='block_1_70' title="bbox 1806 2560 3351 2642">
    <p class='ocr_par' dir='ltr' id='par_1_70' title="bbox 1806 2560 3351 2642">
     <span class='ocr_line' id='line_1_70' title="bbox 1806 2560 3351 2642; baseline 0.003 -17"><span class='ocrx_word' id='word_1_472' title='bbox 1806 2570 1932 2625; x_wconf 87' lang='lat' dir='ltr'><strong>bolo</strong></span> <span class='ocrx_word' id='word_1_473' title='bbox 1995 2570 2317 2635; x_wconf 86' lang='lat' dir='ltr'><strong>veritatem,</strong></span> <span class='ocrx_word' id='word_1_474' title='bbox 2368 2582 2771 2641; x_wconf 73' lang='lat' dir='ltr'><strong>consequenter</strong></span> <span class='ocrx_word' id='word_1_475' title='bbox 2832 2560 3232 2642; x_wconf 85' lang='lat' dir='ltr'><strong>pollicebantur</strong></span> <span class='ocrx_word' id='word_1_476' title='bbox 3292 2589 3351 2629; x_wconf 88' lang='lat' dir='ltr'><strong>se</strong></span> 
     </span>
    </p>
   </div>
   <div class='ocr_carea' id='block_1_71' title="bbox 1808 2661 3354 2735">
    <p class='ocr_par' dir='ltr' id='par_1_71' title="bbox 1808 2661 3354 2735">
     <span class='ocr_line' id='line_1_71' title="bbox 1808 2661 3354 2735; baseline 0.003 -21"><span class='ocrx_word' id='word_1_477' title='bbox 1808 2661 2137 2730; x_wconf 85' lang='lat' dir='ltr'><strong>probaturos</strong></span> <span class='ocrx_word' id='word_1_478' title='bbox 2191 2662 2355 2717; x_wconf 85' lang='lat' dir='ltr'><strong>etiam</strong></span> <span class='ocrx_word' id='word_1_479' title='bbox 2385 2662 2593 2732; x_wconf 87' lang='lat' dir='ltr'><strong>.dogma</strong></span> <span class='ocrx_word' id='word_1_480' title='bbox 2643 2661 2901 2735; x_wconf 84' lang='lat' dir='ltr'><strong>Symbolo</strong></span> <span class='ocrx_word' id='word_1_481' title='bbox 2953 2665 3219 2732; x_wconf 82' lang='lat' dir='ltr'><strong>additum,</strong></span> <span class='ocrx_word' id='word_1_482' title='bbox 3258 2680 3354 2719; x_wconf 82' lang='lat' dir='ltr'><strong>ve-</strong></span> 
     </span>
    </p>
   </div>
   <div class='ocr_carea' id='block_1_72' title="bbox 1809 2755 3358 2827">
    <p class='ocr_par' dir='ltr' id='par_1_72' title="bbox 1809 2755 3358 2827">
     <span class='ocr_line' id='line_1_72' title="bbox 1809 2755 3358 2827; baseline 0.003 -18"><span class='ocrx_word' id='word_1_483' title='bbox 1809 2771 1930 2811; x_wconf 90' lang='lat' dir='ltr'><strong>rum</strong></span> <span class='ocrx_word' id='word_1_484' title='bbox 1986 2772 2133 2821; x_wconf 85' lang='lat' dir='ltr'><strong>esse,</strong></span> <span class='ocrx_word' id='word_1_485' title='bbox 2187 2757 2475 2819; x_wconf 65' lang='lat' dir='ltr'><strong>videlicet,</strong></span> <span class='ocrx_word' id='word_1_486' title='bbox 2524 2759 2668 2827; x_wconf 87' lang='lat' dir='ltr'><strong>quod</strong></span> <span class='ocrx_word' id='word_1_487' title='bbox 2722 2755 2962 2826; x_wconf 85' lang='lat' dir='ltr'><strong>Spiritus</strong></span> <span class='ocrx_word' id='word_1_488' title='bbox 3013 2769 3233 2814; x_wconf 87' lang='lat' dir='ltr'><strong>sanctus</strong></span> <span class='ocrx_word' id='word_1_489' title='bbox 3290 2773 3358 2813; x_wconf 80' lang='lat' dir='ltr'><strong>ex</strong></span> 
     </span>
    </p>
   </div>
   <div class='ocr_carea' id='block_1_73' title="bbox 1811 2847 3358 2919">
    <p class='ocr_par' dir='ltr' id='par_1_73' title="bbox 1811 2847 3358 2919">
     <span class='ocr_line' id='line_1_73' title="bbox 1811 2847 3358 2919; baseline 0.001 -14"><span class='ocrx_word' id='word_1_490' title='bbox 1811 2847 1976 2905; x_wconf 86' lang='lat' dir='ltr'><strong>Patre</strong></span> <span class='ocrx_word' id='word_1_491' title='bbox 2017 2847 2286 2918; x_wconf 86' lang='lat' dir='ltr'><strong>.Filioquc</strong></span> <span class='ocrx_word' id='word_1_492' title='bbox 2328 2850 2591 2918; x_wconf 87' lang='lat' dir='ltr'><strong>procedit.</strong></span> <span class='ocrx_word' id='word_1_493' title='bbox 2630 2849 2897 2905; x_wconf 60' lang='lat' dir='ltr'><strong>At’nostri</strong></span> <span class='ocrx_word' id='word_1_494' title='bbox 2930 2849 2982 2903; x_wconf 91' lang='lat' dir='ltr'><strong>in</strong></span> <span class='ocrx_word' id='word_1_495' title='bbox 3016 2851 3191 2919; x_wconf 89' lang='lat' dir='ltr'><strong>primo</strong></span> <span class='ocrx_word' id='word_1_496' title='bbox 3224 2866 3358 2906; x_wconf 80' lang='lat' dir='ltr'><strong>con-</strong></span> 
     </span>
    </p>
   </div>
   <div class='ocr_carea' id='block_1_74' title="bbox 1814 2939 3359 3007">
    <p class='ocr_par' dir='ltr' id='par_1_74' title="bbox 1814 2939 3359 3007">
     <span class='ocr_line' id='line_1_74' title="bbox 1814 2939 3359 3007; baseline 0.004 -15"><span class='ocrx_word' id='word_1_497' title='bbox 1814 2939 1975 3005; x_wconf 87' lang='lat' dir='ltr'><strong>victi,</strong></span> <span class='ocrx_word' id='word_1_498' title='bbox 2036 2939 2406 2998; x_wconf 79' lang='lat' dir='ltr'><strong>formidabant</strong></span> <span class='ocrx_word' id='word_1_499' title='bbox 2457 2943 2757 2998; x_wconf 89' lang='lat' dir='ltr'><strong>secundum</strong></span> <span class='ocrx_word' id='word_1_500' title='bbox 2819 2951 3094 2998; x_wconf 87' lang='lat' dir='ltr'><strong>certamen</strong></span> <span class='ocrx_word' id='word_1_501' title='bbox 3151 2943 3359 3007; x_wconf 89' lang='lat' dir='ltr'><strong>subire,</strong></span> 
     </span>
    </p>
   </div>
   <div class='ocr_carea' id='block_1_75' title="bbox 1740 3027 3363 3121">
    <p class='ocr_par' dir='ltr' id='par_1_75' title="bbox 1740 3027 3363 3121">
     <span class='ocr_line' id='line_1_75' title="bbox 1740 3027 3363 3121; baseline 0.002 -38"><span class='ocrx_word' id='word_1_502' title='bbox 1740 3053 1785 3112; x_wconf 73' lang='lat' dir='ltr'>c</span> <span class='ocrx_word' id='word_1_503' title='bbox 1815 3027 2057 3121; x_wconf 75' lang='lat' dir='ltr'><strong>illudque</strong></span> <span class='ocrx_word' id='word_1_504' title='bbox 2090 3031 2171 3121; x_wconf 90' lang='lat' dir='ltr'><strong>eis</strong></span> <span class='ocrx_word' id='word_1_505' title='bbox 2199 3030 2407 3097; x_wconf 79' lang='lat' dir='ltr'><strong>evenit,</strong></span> <span class='ocrx_word' id='word_1_506' title='bbox 2427 3033 2584 3121; x_wconf 39' lang='lat' dir='ltr'><strong>&#39;quod</strong></span> <span class='ocrx_word' id='word_1_507' title='bbox 2613 3046 2714 3102; x_wconf 89' lang='lat' dir='ltr'><strong>ego</strong></span> <span class='ocrx_word' id='word_1_508' title='bbox 2736 3034 2845 3100; x_wconf 86' lang='lat' dir='ltr'><strong>jam</strong></span> <span class='ocrx_word' id='word_1_509' title='bbox 2879 3049 2907 3087; x_wconf 88' lang='lat' dir='ltr'><strong>a</strong></span> <span class='ocrx_word' id='word_1_510' title='bbox 2939 3034 3205 3103; x_wconf 87' lang='lat' dir='ltr'><strong>principio</strong></span> <span class='ocrx_word' id='word_1_511' title='bbox 3228 3048 3363 3102; x_wconf 78' lang='lat' dir='ltr'><strong>prtu-</strong></span> 
     </span>
    </p>
   </div>
   <div class='ocr_carea' id='block_1_76' title="bbox 1817 3118 3354 3190">
    <p class='ocr_par' dir='ltr' id='par_1_76' title="bbox 1817 3118 3354 3190">
     <span class='ocr_line' id='line_1_76' title="bbox 1817 3118 3354 3190; baseline 0.005 -20"><span class='ocrx_word' id='word_1_512' title='bbox 1817 3118 2067 3174; x_wconf 84' lang='lat' dir='ltr'><strong>videham</strong></span> <span class='ocrx_word' id='word_1_513' title='bbox 2106 3120 2372 3187; x_wconf 87' lang='lat' dir='ltr'><strong>futurum,</strong></span> <span class='ocrx_word' id='word_1_514' title='bbox 2424 3118 2550 3177; x_wconf 88' lang='lat' dir='ltr'><strong>cum</strong></span> <span class='ocrx_word' id='word_1_515' title='bbox 2598 3123 2984 3190; x_wconf 88' lang='lat' dir='ltr'><strong>impediebam,</strong></span> <span class='ocrx_word' id='word_1_516' title='bbox 3018 3138 3086 3178; x_wconf 89' lang='lat' dir='ltr'><strong>ne</strong></span> <span class='ocrx_word' id='word_1_517' title='bbox 3135 3124 3202 3178; x_wconf 90' lang='lat' dir='ltr'><strong>ab</strong></span> <span class='ocrx_word' id='word_1_518' title='bbox 3253 3125 3354 3178; x_wconf 80' lang='lat' dir='ltr'><strong>hac</strong></span> 
     </span>
    </p>
   </div>
   <div class='ocr_carea' id='block_1_77' title="bbox 1816 3210 3357 3283">
    <p class='ocr_par' dir='ltr' id='par_1_77' title="bbox 1816 3210 3357 3283">
     <span class='ocr_line' id='line_1_77' title="bbox 1816 3210 3357 3283; baseline 0.002 -23"><span class='ocrx_word' id='word_1_519' title='bbox 1816 3212 2115 3275; x_wconf 71' lang='lat' dir='ltr'><strong>qumstione</strong></span> <span class='ocrx_word' id='word_1_520' title='bbox 2154 3210 2544 3280; x_wconf 89' lang='lat' dir='ltr'><strong>inciperemus.</strong></span> <span class='ocrx_word' id='word_1_521' title='bbox 2581 3211 2871 3266; x_wconf 87' lang='lat' dir='ltr'><strong>Timebant</strong></span> <span class='ocrx_word' id='word_1_522' title='bbox 2904 3211 3090 3283; x_wconf 75' lang='lat' dir='ltr'><strong>igitur,</strong></span> <span class='ocrx_word' id='word_1_523' title='bbox 3118 3221 3174 3266; x_wconf 91' lang='lat' dir='ltr'><strong>ct</strong></span> <span class='ocrx_word' id='word_1_524' title='bbox 3205 3213 3357 3265; x_wconf 85' lang='lat' dir='ltr'><strong>nullo</strong></span> 
     </span>
    </p>
   </div>
   <div class='ocr_carea' id='block_1_78' title="bbox 1819 3296 3358 3369">
    <p class='ocr_par' dir='ltr' id='par_1_78' title="bbox 1819 3296 3358 3369">
     <span class='ocr_line' id='line_1_78' title="bbox 1819 3296 3358 3369; baseline 0.003 -20"><span class='ocrx_word' id='word_1_525' title='bbox 1819 3296 1981 3349; x_wconf 84' lang='lat' dir='ltr'><strong>modo</strong></span> <span class='ocrx_word' id='word_1_526' title='bbox 2026 3296 2283 3351; x_wconf 89' lang='lat' dir='ltr'><strong>volebant</strong></span> <span class='ocrx_word' id='word_1_527' title='bbox 2314 3297 2547 3367; x_wconf 76' lang='lat' dir='ltr'><strong>amplius</strong></span> <span class='ocrx_word' id='word_1_528' title='bbox 2593 3312 2961 3366; x_wconf 81' lang='lat' dir='ltr'><strong>permanere:</strong></span> <span class='ocrx_word' id='word_1_529' title='bbox 2994 3299 3087 3354; x_wconf 81' lang='lat' dir='ltr'><strong>sed</strong></span> <span class='ocrx_word' id='word_1_530' title='bbox 3125 3301 3358 3369; x_wconf 83' lang='lat' dir='ltr'><strong>quisque</strong></span> 
     </span>
    </p>
   </div>
   <div class='ocr_carea' id='block_1_79' title="bbox 1818 3386 3360 3464">
    <p class='ocr_par' dir='ltr' id='par_1_79' title="bbox 1818 3386 3360 3464">
     <span class='ocr_line' id='line_1_79' title="bbox 1818 3386 3360 3464; baseline 0.005 -20"><span class='ocrx_word' id='word_1_531' title='bbox 1818 3392 2162 3445; x_wconf 80' lang='lat' dir='ltr'><strong>desiderabat</strong></span> <span class='ocrx_word' id='word_1_532' title='bbox 2192 3386 2580 3457; x_wconf 50' lang='lat' dir='ltr'><strong>discedere,“</strong></span> <span class='ocrx_word' id='word_1_533' title='bbox 2616 3395 2815 3448; x_wconf 84' lang='lat' dir='ltr'><strong>reverti</strong></span> <span class='ocrx_word' id='word_1_534' title='bbox 2843 3395 2906 3448; x_wconf 89' lang='lat' dir='ltr'><strong>ad</strong></span> <span class='ocrx_word' id='word_1_535' title='bbox 2933 3396 3171 3464; x_wconf 89' lang='lat' dir='ltr'><strong>propria,</strong></span> <span class='ocrx_word' id='word_1_536' title='bbox 3198 3398 3360 3451; x_wconf 81' lang='lat' dir='ltr'><strong>nihil-</strong></span> 
     </span>
    </p>
   </div>
   <div class='ocr_carea' id='block_1_80' title="bbox 1818 3480 3355 3551">
    <p class='ocr_par' dir='ltr' id='par_1_80' title="bbox 1818 3480 3355 3551">
     <span class='ocr_line' id='line_1_80' title="bbox 1818 3480 3355 3551; baseline 0.006 -19"><span class='ocrx_word' id='word_1_537' title='bbox 1818 3496 1923 3548; x_wconf 87' lang='lat' dir='ltr'><strong>que</strong></span> <span class='ocrx_word' id='word_1_538' title='bbox 1949 3481 2118 3543; x_wconf 88' lang='lat' dir='ltr'><strong>aliud,</strong></span> <span class='ocrx_word' id='word_1_539' title='bbox 2148 3481 2251 3534; x_wconf 88' lang='lat' dir='ltr'><strong>nisi</strong></span> <span class='ocrx_word' id='word_1_540' title='bbox 2285 3480 2619 3535; x_wconf 90' lang='lat' dir='ltr'><strong>redeundum</strong></span> <span class='ocrx_word' id='word_1_541' title='bbox 2647 3481 2711 3534; x_wconf 91' lang='lat' dir='ltr'><strong>ad</strong></span> <span class='ocrx_word' id='word_1_542' title='bbox 2749 3484 2979 3551; x_wconf 84' lang='lat' dir='ltr'><strong>patriam</strong></span> <span class='ocrx_word' id='word_1_543' title='bbox 3009 3486 3309 3540; x_wconf 85' lang='lat' dir='ltr'><strong>clamabant</strong></span> <span class='ocrx_word' id='word_1_544' title='bbox 3341 3506 3355 3542; x_wconf 89' lang='lat'><strong>:</strong></span> 
     </span>
    </p>
   </div>
   <div class='ocr_carea' id='block_1_81' title="bbox 1815 3570 3361 3640">
    <p class='ocr_par' dir='ltr' id='par_1_81' title="bbox 1815 3570 3361 3640">
     <span class='ocr_line' id='line_1_81' title="bbox 1815 3570 3361 3640; baseline 0.003 -17"><span class='ocrx_word' id='word_1_545' title='bbox 1815 3579 2020 3623; x_wconf 86' lang='lat' dir='ltr'><strong>etcum</strong></span> <span class='ocrx_word' id='word_1_546' title='bbox 2050 3584 2267 3621; x_wconf 88' lang='lat' dir='ltr'><strong>causam</strong></span> <span class='ocrx_word' id='word_1_547' title='bbox 2334 3571 2561 3622; x_wconf 82' lang='lat' dir='ltr'><strong>curnam</strong></span> <span class='ocrx_word' id='word_1_548' title='bbox 2596 3570 2668 3623; x_wconf 86' lang='lat' dir='ltr'><strong>ita</strong></span> <span class='ocrx_word' id='word_1_549' title='bbox 2715 3572 2916 3624; x_wconf 83' lang='lat' dir='ltr'><strong>vellent</strong></span> <span class='ocrx_word' id='word_1_550' title='bbox 2956 3573 3361 3640; x_wconf 63' lang='lat' dir='ltr'><strong>interrogarem</strong></span> 
     </span>
    </p>
   </div>
   <div class='ocr_carea' id='block_1_82' title="bbox 1820 3657 3362 3730">
    <p class='ocr_par' dir='ltr' id='par_1_82' title="bbox 1820 3657 3362 3730">
     <span class='ocr_line' id='line_1_82' title="bbox 1820 3657 3362 3730; baseline 0.005 -19"><span class='ocrx_word' id='word_1_551' title='bbox 1820 3669 1929 3725; x_wconf 88' lang='lat' dir='ltr'><strong>tur,</strong></span> <span class='ocrx_word' id='word_1_552' title='bbox 1982 3658 2210 3711; x_wconf 85' lang='lat' dir='ltr'><strong>reddere</strong></span> <span class='ocrx_word' id='word_1_553' title='bbox 2256 3672 2363 3710; x_wconf 90' lang='lat' dir='ltr'><strong>non</strong></span> <span class='ocrx_word' id='word_1_554' title='bbox 2402 3657 2673 3711; x_wconf 81' lang='lat' dir='ltr'><strong>volebant.</strong></span> <span class='ocrx_word' id='word_1_555' title='bbox 2729 3660 2866 3725; x_wconf 85' lang='lat' dir='ltr'><strong>Quid</strong></span> <span class='ocrx_word' id='word_1_556' title='bbox 2916 3661 3078 3730; x_wconf 82' lang='lat' dir='ltr'><strong>igitur</strong></span> <span class='ocrx_word' id='word_1_557' title='bbox 3115 3664 3362 3718; x_wconf 87' lang='lat' dir='ltr'><strong>dicemus</strong></span> 
     </span>
    </p>
   </div>
   <div class='ocr_carea' id='block_1_83' title="bbox 1820 3747 3364 3816">
    <p class='ocr_par' dir='ltr' id='par_1_83' title="bbox 1820 3747 3364 3816">
     <span class='ocr_line' id='line_1_83' title="bbox 1820 3747 3364 3816; baseline 0.005 -17"><span class='ocrx_word' id='word_1_558' title='bbox 1820 3747 2029 3800; x_wconf 83' lang='lat' dir='ltr'><strong>Latinis</strong></span> <span class='ocrx_word' id='word_1_559' title='bbox 2067 3747 2405 3816; x_wconf 85' lang='lat' dir='ltr'><strong>interrogati,</strong></span> <span class='ocrx_word' id='word_1_560' title='bbox 2439 3762 2544 3816; x_wconf 89' lang='lat' dir='ltr'><strong>qua</strong></span> <span class='ocrx_word' id='word_1_561' title='bbox 2573 3748 2780 3801; x_wconf 87' lang='lat' dir='ltr'><strong>ratione</strong></span> <span class='ocrx_word' id='word_1_562' title='bbox 2816 3749 3079 3804; x_wconf 87' lang='lat' dir='ltr'><strong>inmedio</strong></span> <span class='ocrx_word' id='word_1_563' title='bbox 3110 3758 3364 3807; x_wconf 77' lang='lat' dir='ltr'><strong>certami-</strong></span> 
     </span>
    </p>
   </div>
   <div class='ocr_carea' id='block_1_84' title="bbox 1819 3837 3361 3909">
    <p class='ocr_par' dir='ltr' id='par_1_84' title="bbox 1819 3837 3361 3909">
     <span class='ocr_line' id='line_1_84' title="bbox 1819 3837 3361 3909; baseline 0.005 -19"><span class='ocrx_word' id='word_1_564' title='bbox 1819 3853 1909 3898; x_wconf 87' lang='lat' dir='ltr'><strong>ne,</strong></span> <span class='ocrx_word' id='word_1_565' title='bbox 1940 3838 2049 3891; x_wconf 90' lang='lat' dir='ltr'><strong>imo</strong></span> <span class='ocrx_word' id='word_1_566' title='bbox 2082 3852 2212 3892; x_wconf 87' lang='lat' dir='ltr'><strong>vero</strong></span> <span class='ocrx_word' id='word_1_567' title='bbox 2246 3838 2426 3891; x_wconf 87' lang='lat' dir='ltr'><strong>adhuc</strong></span> <span class='ocrx_word' id='word_1_568' title='bbox 2455 3837 2508 3891; x_wconf 88' lang='lat' dir='ltr'><strong>in</strong></span> <span class='ocrx_word' id='word_1_569' title='bbox 2552 3837 2847 3907; x_wconf 88' lang='lat' dir='ltr'><strong>principio,</strong></span> <span class='ocrx_word' id='word_1_570' title='bbox 2888 3855 3009 3909; x_wconf 72' lang='lat' dir='ltr'><strong>qua:</strong></span> <span class='ocrx_word' id='word_1_571' title='bbox 3042 3843 3186 3903; x_wconf 89' lang='lat' dir='ltr'><strong>enim</strong></span> <span class='ocrx_word' id='word_1_572' title='bbox 3220 3843 3361 3898; x_wconf 86' lang='lat' dir='ltr'><strong>huc-</strong></span> 
     </span>
    </p>
   </div>
   <div class='ocr_carea' id='block_1_85' title="bbox 1820 3928 3356 3996">
    <p class='ocr_par' dir='ltr' id='par_1_85' title="bbox 1820 3928 3356 3996">
     <span class='ocr_line' id='line_1_85' title="bbox 1820 3928 3356 3996; baseline 0.003 -14"><span class='ocrx_word' id='word_1_573' title='bbox 1820 3942 1991 3989; x_wconf 71' lang='lat' dir='ltr'><strong>usque</strong></span> <span class='ocrx_word' id='word_1_574' title='bbox 2036 3928 2103 3983; x_wconf 89' lang='lat' dir='ltr'><strong>de</strong></span> <span class='ocrx_word' id='word_1_575' title='bbox 2131 3942 2237 3982; x_wconf 90' lang='lat' dir='ltr'><strong>non</strong></span> <span class='ocrx_word' id='word_1_576' title='bbox 2275 3928 2438 3982; x_wconf 89' lang='lat' dir='ltr'><strong>licere</strong></span> <span class='ocrx_word' id='word_1_577' title='bbox 2484 3928 2684 3982; x_wconf 87' lang='lat' dir='ltr'><strong>addere</strong></span> <span class='ocrx_word' id='word_1_578' title='bbox 2732 3928 2878 3983; x_wconf 89' lang='lat' dir='ltr'><strong>dicta</strong></span> <span class='ocrx_word' id='word_1_579' title='bbox 2935 3940 3086 3996; x_wconf 88' lang='lat' dir='ltr'><strong>sunt,</strong></span> <span class='ocrx_word' id='word_1_580' title='bbox 3122 3932 3257 3986; x_wconf 91' lang='lat' dir='ltr'><strong>nihil</strong></span> <span class='ocrx_word' id='word_1_581' title='bbox 3293 3934 3356 3986; x_wconf 92' lang='lat' dir='ltr'><strong>ad</strong></span> 
     </span>
    </p>
   </div>
   <div class='ocr_carea' id='block_1_86' title="bbox 1822 4018 3359 4088">
    <p class='ocr_par' dir='ltr' id='par_1_86' title="bbox 1822 4018 3359 4088">
     <span class='ocr_line' id='line_1_86' title="bbox 1822 4018 3359 4088; baseline 0.004 -15"><span class='ocrx_word' id='word_1_582' title='bbox 1822 4033 1934 4074; x_wconf 91' lang='lat' dir='ltr'><strong>rem</strong></span> <span class='ocrx_word' id='word_1_583' title='bbox 1960 4026 2114 4073; x_wconf 88' lang='lat' dir='ltr'><strong>sunt.</strong></span> <span class='ocrx_word' id='word_1_584' title='bbox 2141 4018 2255 4085; x_wconf 84' lang='lat' dir='ltr'><strong>Qua</strong></span> <span class='ocrx_word' id='word_1_585' title='bbox 2288 4019 2452 4088; x_wconf 87' lang='lat' dir='ltr'><strong>igitur</strong></span> <span class='ocrx_word' id='word_1_586' title='bbox 2482 4019 2695 4073; x_wconf 88' lang='lat' dir='ltr'><strong>ratione</strong></span> <span class='ocrx_word' id='word_1_587' title='bbox 2740 4020 2983 4075; x_wconf 90' lang='lat' dir='ltr'><strong>nondum</strong></span> <span class='ocrx_word' id='word_1_588' title='bbox 3029 4022 3172 4076; x_wconf 84' lang='lat' dir='ltr'><strong>facto</strong></span> <span class='ocrx_word' id='word_1_589' title='bbox 3203 4024 3359 4079; x_wconf 88' lang='lat' dir='ltr'><strong>initio</strong></span> 
     </span>
    </p>
   </div>
   <div class='ocr_carea' id='block_1_87' title="bbox 1822 4109 3360 4177">
    <p class='ocr_par' dir='ltr' id='par_1_87' title="bbox 1822 4109 3360 4177">
     <span class='ocr_line' id='line_1_87' title="bbox 1822 4109 3360 4177; baseline 0.002 -13"><span class='ocrx_word' id='word_1_590' title='bbox 1822 4109 2161 4165; x_wconf 86' lang='lat' dir='ltr'><strong>redeundum</strong></span> <span class='ocrx_word' id='word_1_591' title='bbox 2212 4118 2379 4175; x_wconf 89' lang='lat' dir='ltr'><strong>esset,</strong></span> <span class='ocrx_word' id='word_1_592' title='bbox 2425 4110 2610 4165; x_wconf 88' lang='lat' dir='ltr'><strong>dicere</strong></span> <span class='ocrx_word' id='word_1_593' title='bbox 2665 4126 2771 4165; x_wconf 90' lang='lat' dir='ltr'><strong>non</strong></span> <span class='ocrx_word' id='word_1_594' title='bbox 2820 4111 3133 4177; x_wconf 87' lang='lat' dir='ltr'><strong>habebant;</strong></span> <span class='ocrx_word' id='word_1_595' title='bbox 3173 4129 3360 4167; x_wconf 88' lang='lat' dir='ltr'><strong>verum</strong></span> 
     </span>
    </p>
   </div>
   <div class='ocr_carea' id='block_1_88' title="bbox 1820 4200 3362 4271">
    <p class='ocr_par' dir='ltr' id='par_1_88' title="bbox 1820 4200 3362 4271">
     <span class='ocr_line' id='line_1_88' title="bbox 1820 4200 3362 4271; baseline 0.001 -15"><span class='ocrx_word' id='word_1_596' title='bbox 1820 4201 2042 4270; x_wconf 83' lang='lat' dir='ltr'><strong>absque.</strong></span> <span class='ocrx_word' id='word_1_597' title='bbox 2076 4201 2181 4255; x_wconf 90' lang='lat' dir='ltr'><strong>ulla</strong></span> <span class='ocrx_word' id='word_1_598' title='bbox 2240 4202 2449 4255; x_wconf 90' lang='lat' dir='ltr'><strong>ratione</strong></span> <span class='ocrx_word' id='word_1_599' title='bbox 2504 4200 2974 4271; x_wconf 73' lang='lat' dir='ltr'><strong>vociferabantur,</strong></span> <span class='ocrx_word' id='word_1_600' title='bbox 3039 4201 3362 4269; x_wconf 82' lang='lat' dir='ltr'><strong>Redeamus,</strong></span> 
     </span>
    </p>
   </div>
   <div class='ocr_carea' id='block_1_89' title="bbox 1822 4288 3364 4361">
    <p class='ocr_par' dir='ltr' id='par_1_89' title="bbox 1822 4288 3364 4361">
     <span class='ocr_line' id='line_1_89' title="bbox 1822 4288 3364 4361; baseline 0.004 -19"><span class='ocrx_word' id='word_1_601' title='bbox 1822 4290 2130 4343; x_wconf 86' lang='lat' dir='ltr'><strong>redeamus.</strong></span> <span class='ocrx_word' id='word_1_602' title='bbox 2161 4288 2423 4345; x_wconf 89' lang='lat' dir='ltr'><strong>Dicebant</strong></span> <span class='ocrx_word' id='word_1_603' title='bbox 2456 4301 2637 4347; x_wconf 88' lang='lat' dir='ltr'><strong>autem</strong></span> <span class='ocrx_word' id='word_1_604' title='bbox 2666 4293 2835 4346; x_wconf 89' lang='lat' dir='ltr'><strong>etiam</strong></span> <span class='ocrx_word' id='word_1_605' title='bbox 2862 4293 3004 4348; x_wconf 88' lang='lat' dir='ltr'><strong>inter</strong></span> <span class='ocrx_word' id='word_1_606' title='bbox 3045 4308 3101 4348; x_wconf 86' lang='lat' dir='ltr'><strong>se</strong></span> <span class='ocrx_word' id='word_1_607' title='bbox 3128 4294 3270 4361; x_wconf 88' lang='lat' dir='ltr'><strong>quod</strong></span> <span class='ocrx_word' id='word_1_608' title='bbox 3300 4296 3364 4348; x_wconf 88' lang='lat' dir='ltr'><strong>ad</strong></span> 
     </span>
    </p>
   </div>
   <div class='ocr_carea' id='block_1_90' title="bbox 145 4361 3367 4451">
    <p class='ocr_par' dir='ltr' id='par_1_90' title="bbox 145 4361 3367 4451">
     <span class='ocr_line' id='line_1_90' title="bbox 145 4361 3367 4451; baseline -0.001 -12"><span class='ocrx_word' id='word_1_609' title='bbox 145 4397 209 4440; x_wconf 86' lang='lat' dir='ltr'><strong>et</strong></span> <span class='ocrx_word' id='word_1_610' title='bbox 263 4393 501 4437; x_wconf 86' lang='lat' dir='ltr'><strong>sanctus</strong></span> <span class='ocrx_word' id='word_1_611' title='bbox 540 4380 886 4435; x_wconf 80' lang='lat' dir='ltr'><strong>Athanasius.</strong></span> <span class='ocrx_word' id='word_1_612' title='bbox 934 4379 1059 4433; x_wconf 58' lang='lat' dir='ltr'><strong>Hice</strong></span> <span class='ocrx_word' id='word_1_613' title='bbox 1108 4392 1289 4431; x_wconf 87' lang='lat' dir='ltr'><strong>autem</strong></span> <span class='ocrx_word' id='word_1_614' title='bbox 1342 4377 1541 4432; x_wconf 89' lang='lat' dir='ltr'><strong>similia</strong></span> <span class='ocrx_word' id='word_1_615' title='bbox 1595 4384 1724 4431; x_wconf 88' lang='lat' dir='ltr'><strong>sunt</strong></span> <span class='ocrx_word' id='word_1_616' title='bbox 1756 4361 1798 4415; x_wconf 74' lang='grc' dir='ltr'>υ</span> <span class='ocrx_word' id='word_1_617' title='bbox 1826 4393 2013 4431; x_wconf 88' lang='lat' dir='ltr'><strong>eorum</strong></span> <span class='ocrx_word' id='word_1_618' title='bbox 2039 4392 2202 4431; x_wconf 85' lang='lat' dir='ltr'><strong>aures</strong></span> <span class='ocrx_word' id='word_1_619' title='bbox 2228 4380 2589 4447; x_wconf 84' lang='lat' dir='ltr'><strong>pervenisset,</strong></span> <span class='ocrx_word' id='word_1_620' title='bbox 2622 4382 2841 4437; x_wconf 89' lang='lat' dir='ltr'><strong>Latinos</strong></span> <span class='ocrx_word' id='word_1_621' title='bbox 2865 4398 3021 4451; x_wconf 90' lang='lat' dir='ltr'><strong>posse</strong></span> <span class='ocrx_word' id='word_1_622' title='bbox 3048 4385 3101 4439; x_wconf 89' lang='lat' dir='ltr'><strong>in</strong></span> <span class='ocrx_word' id='word_1_623' title='bbox 3134 4386 3367 4439; x_wconf 84' lang='lat' dir='ltr'><strong>medium</strong></span> 
     </span>
    </p>
   </div>
   <div class='ocr_carea' id='block_1_91' title="bbox 148 4465 1724 4537">
    <p class='ocr_par' dir='ltr' id='par_1_91' title="bbox 148 4465 1724 4537">
     <span class='ocr_line' id='line_1_91' title="bbox 148 4465 1724 4537; baseline -0.007 -4"><span class='ocrx_word' id='word_1_624' title='bbox 148 4475 406 4533; x_wconf 88' lang='lat' dir='ltr'><strong>omnino</strong></span> <span class='ocrx_word' id='word_1_625' title='bbox 450 4473 593 4525; x_wconf 89' lang='lat' dir='ltr'><strong>tertii</strong></span> <span class='ocrx_word' id='word_1_626' title='bbox 640 4468 862 4525; x_wconf 89' lang='lat' dir='ltr'><strong>concilii</strong></span> <span class='ocrx_word' id='word_1_627' title='bbox 896 4471 1096 4524; x_wconf 86' lang='lat' dir='ltr'><strong>verbis.</strong></span> <span class='ocrx_word' id='word_1_628' title='bbox 1130 4467 1268 4533; x_wconf 83' lang='lat' dir='ltr'><strong>Quid</strong></span> <span class='ocrx_word' id='word_1_629' title='bbox 1315 4468 1485 4537; x_wconf 88' lang='lat' dir='ltr'><strong>igitur</strong></span> <span class='ocrx_word' id='word_1_630' title='bbox 1520 4465 1588 4519; x_wconf 87' lang='lat' dir='ltr'><strong>de</strong></span> <span class='ocrx_word' id='word_1_631' title='bbox 1637 4480 1724 4523; x_wconf 85' lang='lat' dir='ltr'><strong>se-</strong></span> 
     </span>
    </p>
   </div>
   <div class='ocr_carea' id='block_1_92' title="bbox 148 4554 1722 4634">
    <p class='ocr_par' dir='ltr' id='par_1_92' title="bbox 148 4554 1722 4634">
     <span class='ocr_line' id='line_1_92' title="bbox 148 4554 1722 4634; baseline -0.01 -11"><span class='ocrx_word' id='word_1_632' title='bbox 148 4567 363 4625; x_wconf 80' lang='lat' dir='ltr'><strong>cunda</strong></span> <span class='ocrx_word' id='word_1_633' title='bbox 413 4563 620 4634; x_wconf 83' lang='lat' dir='ltr'><strong>synodo</strong></span> <span class='ocrx_word' id='word_1_634' title='bbox 671 4571 728 4616; x_wconf 90' lang='lat' dir='ltr'><strong>et</strong></span> <span class='ocrx_word' id='word_1_635' title='bbox 762 4560 819 4613; x_wconf 91' lang='grc' dir='ltr'><strong>Β.</strong></span> <span class='ocrx_word' id='word_1_636' title='bbox 857 4558 1119 4627; x_wconf 87' lang='lat' dir='ltr'><strong>Gregorio</strong></span> <span class='ocrx_word' id='word_1_637' title='bbox 1170 4557 1512 4610; x_wconf 81' lang='lat' dir='ltr'><strong>Nazianzeno</strong></span> <span class='ocrx_word' id='word_1_638' title='bbox 1563 4554 1722 4608; x_wconf 87' lang='lat' dir='ltr'><strong>dice-</strong></span> 
     </span>
    </p>
   </div>
   <div class='ocr_carea' id='block_1_93' title="bbox 146 4647 1721 4722">
    <p class='ocr_par' dir='ltr' id='par_1_93' title="bbox 146 4647 1721 4722">
     <span class='ocr_line' id='line_1_93' title="bbox 146 4647 1721 4722; baseline -0.011 -9"><span class='ocrx_word' id='word_1_639' title='bbox 146 4672 292 4713; x_wconf 87' lang='lat' dir='ltr'><strong>mus</strong></span> <span class='ocrx_word' id='word_1_640' title='bbox 315 4695 333 4714; x_wconf 82' lang='lat'><strong>,</strong></span> <span class='ocrx_word' id='word_1_641' title='bbox 367 4656 494 4722; x_wconf 91' lang='lat' dir='ltr'><strong>qui,</strong></span> <span class='ocrx_word' id='word_1_642' title='bbox 527 4666 651 4705; x_wconf 89' lang='lat' dir='ltr'><strong>cum</strong></span> <span class='ocrx_word' id='word_1_643' title='bbox 683 4649 812 4703; x_wconf 89' lang='lat' dir='ltr'><strong>huic</strong></span> <span class='ocrx_word' id='word_1_644' title='bbox 844 4648 1078 4702; x_wconf 85' lang='lat' dir='ltr'><strong>concilio</strong></span> <span class='ocrx_word' id='word_1_645' title='bbox 1114 4647 1431 4715; x_wconf 61' lang='lat' dir='ltr'><strong>pra-sideret</strong></span> <span class='ocrx_word' id='word_1_646' title='bbox 1463 4657 1721 4713; x_wconf 89' lang='lat' dir='ltr'><strong>tanquam</strong></span> 
     </span>
    </p>
   </div>
   <div class='ocr_carea' id='block_1_94' title="bbox 147 4725 1725 4806">
    <p class='ocr_par' dir='ltr' id='par_1_94' title="bbox 147 4725 1725 4806">
     <span class='ocr_line' id='line_1_94' title="bbox 147 4725 1725 4806; baseline -0.01 -4"><span class='ocrx_word' id='word_1_647' title='bbox 147 4752 310 4802; x_wconf 79' lang='lat' dir='ltr'><strong>alios</strong></span> <span class='ocrx_word' id='word_1_648' title='bbox 374 4725 643 4806; x_wconf 88' lang='lat' dir='ltr'><strong>sapientia</strong></span> <span class='ocrx_word' id='word_1_649' title='bbox 693 4740 999 4801; x_wconf 77' lang='lat' dir='ltr'><strong>excellens,</strong></span> <span class='ocrx_word' id='word_1_650' title='bbox 1046 4738 1150 4789; x_wconf 91' lang='lat' dir='ltr'><strong>hoc</strong></span> <span class='ocrx_word' id='word_1_651' title='bbox 1202 4736 1560 4805; x_wconf 86' lang='lat' dir='ltr'><strong>Symbolum,</strong></span> <span class='ocrx_word' id='word_1_652' title='bbox 1614 4749 1725 4801; x_wconf 87' lang='lat' dir='ltr'><strong>quo</strong></span> 
     </span>
    </p>
   </div>
   <div class='ocr_carea' id='block_1_95' title="bbox 148 4825 1723 4894">
    <p class='ocr_par' dir='ltr' id='par_1_95' title="bbox 148 4825 1723 4894">
     <span class='ocr_line' id='line_1_95' title="bbox 148 4825 1723 4894; baseline -0.01 -2"><span class='ocrx_word' id='word_1_653' title='bbox 148 4850 323 4892; x_wconf 84' lang='lat' dir='ltr'><strong>nunc</strong></span> <span class='ocrx_word' id='word_1_654' title='bbox 379 4841 489 4886; x_wconf 83' lang='lat' dir='ltr'><strong>tota</strong></span> <span class='ocrx_word' id='word_1_655' title='bbox 535 4830 778 4885; x_wconf 76' lang='lat' dir='ltr'><strong>Ecclesia</strong></span> <span class='ocrx_word' id='word_1_656' title='bbox 828 4828 1023 4890; x_wconf 89' lang='lat' dir='ltr'><strong>utitur,</strong></span> <span class='ocrx_word' id='word_1_657' title='bbox 1076 4826 1468 4894; x_wconf 84' lang='lat' dir='ltr'><strong>conscripsisse</strong></span> <span class='ocrx_word' id='word_1_658' title='bbox 1499 4825 1723 4888; x_wconf 86' lang='lat' dir='ltr'><strong>dicitur,</strong></span> 
     </span>
    </p>
   </div>
   <div class='ocr_carea' id='block_1_96' title="bbox 1831 4466 3371 4535">
    <p class='ocr_par' dir='ltr' id='par_1_96' title="bbox 1831 4466 3371 4535">
     <span class='ocr_line' id='line_1_96' title="bbox 1831 4466 3371 4535; baseline 0.005 -15"><span class='ocrx_word' id='word_1_659' title='bbox 1831 4466 2024 4521; x_wconf 73' lang='lat' dir='ltr'><strong>afferre</strong></span> <span class='ocrx_word' id='word_1_660' title='bbox 2058 4469 2319 4535; x_wconf 87' lang='lat' dir='ltr'><strong>plurimas</strong></span> <span class='ocrx_word' id='word_1_661' title='bbox 2352 4471 2649 4525; x_wconf 87' lang='lat' dir='ltr'><strong>multorum</strong></span> <span class='ocrx_word' id='word_1_662' title='bbox 2702 4482 3012 4527; x_wconf 88' lang='lat' dir='ltr'><strong>sanctorum</strong></span> <span class='ocrx_word' id='word_1_663' title='bbox 3064 4476 3371 4529; x_wconf 84' lang='lat' dir='ltr'><strong>occidenta-</strong></span> 
     </span>
    </p>
   </div>
   <div class='ocr_carea' id='block_1_97' title="bbox 1832 4557 3375 4631">
    <p class='ocr_par' dir='ltr' id='par_1_97' title="bbox 1832 4557 3375 4631">
     <span class='ocr_line' id='line_1_97' title="bbox 1832 4557 3375 4631; baseline 0.004 -21"><span class='ocrx_word' id='word_1_664' title='bbox 1832 4557 1964 4610; x_wconf 89' lang='lat' dir='ltr'><strong>lium</strong></span> <span class='ocrx_word' id='word_1_665' title='bbox 2014 4558 2391 4618; x_wconf 88' lang='lat' dir='ltr'><strong>auctoritates.</strong></span> <span class='ocrx_word' id='word_1_666' title='bbox 2424 4560 2626 4627; x_wconf 87' lang='lat' dir='ltr'><strong>quibus</strong></span> <span class='ocrx_word' id='word_1_667' title='bbox 2678 4562 2854 4631; x_wconf 87' lang='lat' dir='ltr'><strong>palam</strong></span> <span class='ocrx_word' id='word_1_668' title='bbox 2893 4564 3154 4631; x_wconf 84' lang='lat' dir='ltr'><strong>probatur</strong></span> <span class='ocrx_word' id='word_1_669' title='bbox 3204 4564 3375 4631; x_wconf 37' lang='lat' dir='ltr'><strong>Spiri.‘</strong></span> 
     </span>
    </p>
   </div>
   <div class='ocr_carea' id='block_1_98' title="bbox 1834 4648 3369 4718">
    <p class='ocr_par' dir='ltr' id='par_1_98' title="bbox 1834 4648 3369 4718">
     <span class='ocr_line' id='line_1_98' title="bbox 1834 4648 3369 4718; baseline 0.004 -22"><span class='ocrx_word' id='word_1_670' title='bbox 1834 4653 1946 4697; x_wconf 90' lang='lat' dir='ltr'><strong>tum</strong></span> <span class='ocrx_word' id='word_1_671' title='bbox 1976 4656 2222 4700; x_wconf 87' lang='lat' dir='ltr'><strong>sanctum</strong></span> <span class='ocrx_word' id='word_1_672' title='bbox 2273 4663 2337 4701; x_wconf 82' lang='lat' dir='ltr'><strong>ex</strong></span> <span class='ocrx_word' id='word_1_673' title='bbox 2384 4648 2547 4703; x_wconf 87' lang='lat' dir='ltr'><strong>Patre</strong></span> <span class='ocrx_word' id='word_1_674' title='bbox 2581 4650 2826 4717; x_wconf 84' lang='lat' dir='ltr'><strong>Filioque</strong></span> <span class='ocrx_word' id='word_1_675' title='bbox 2876 4651 3199 4718; x_wconf 89' lang='lat' dir='ltr'><strong>procedere.</strong></span> <span class='ocrx_word' id='word_1_676' title='bbox 3231 4653 3369 4715; x_wconf 78' lang='lat' dir='ltr'><strong>Quid</strong></span> 
     </span>
    </p>
   </div>
   <div class='ocr_carea' id='block_1_99' title="bbox 1834 4737 3373 4808">
    <p class='ocr_par' dir='ltr' id='par_1_99' title="bbox 1834 4737 3373 4808">
     <span class='ocr_line' id='line_1_99' title="bbox 1834 4737 3373 4808; baseline 0.004 -20"><span class='ocrx_word' id='word_1_677' title='bbox 1834 4737 2002 4802; x_wconf 84' lang='lat' dir='ltr'><strong>igitur</strong></span> <span class='ocrx_word' id='word_1_678' title='bbox 2035 4739 2104 4791; x_wconf 88' lang='lat' dir='ltr'><strong>ad</strong></span> <span class='ocrx_word' id='word_1_679' title='bbox 2140 4739 2234 4793; x_wconf 85' lang='lat' dir='ltr'><strong>bas</strong></span> <span class='ocrx_word' id='word_1_680' title='bbox 2265 4741 2757 4808; x_wconf 77' lang='lat' dir='ltr'><strong>respondebimus?</strong></span> <span class='ocrx_word' id='word_1_681' title='bbox 2786 4742 3153 4803; x_wconf 89' lang='lat' dir='ltr'><strong>discedamus,</strong></span> <span class='ocrx_word' id='word_1_682' title='bbox 3188 4745 3373 4796; x_wconf 76' lang='lat' dir='ltr'><strong>redea-</strong></span> 
     </span>
    </p>
   </div>
   <div class='ocr_carea' id='block_1_100' title="bbox 1836 4829 3369 4893">
    <p class='ocr_par' dir='ltr' id='par_1_100' title="bbox 1836 4829 3369 4893">
     <span class='ocr_line' id='line_1_100' title="bbox 1836 4829 3369 4893; baseline 0.003 -14"><span class='ocrx_word' id='word_1_683' title='bbox 1836 4842 1977 4893; x_wconf 89' lang='lat' dir='ltr'><strong>mus,</strong></span> <span class='ocrx_word' id='word_1_684' title='bbox 2054 4829 2332 4883; x_wconf 88' lang='lat' dir='ltr'><strong>abeamus.</strong></span> <span class='ocrx_word' id='word_1_685' title='bbox 2397 4830 2639 4883; x_wconf 82' lang='lat' dir='ltr'><strong>Audisne</strong></span> <span class='ocrx_word' id='word_1_686' title='bbox 2696 4829 2921 4882; x_wconf 87' lang='lat' dir='ltr'><strong>Patrum</strong></span> <span class='ocrx_word' id='word_1_687' title='bbox 2969 4839 3024 4882; x_wconf 91' lang='lat' dir='ltr'><strong>et</strong></span> <span class='ocrx_word' id='word_1_688' title='bbox 3081 4831 3369 4884; x_wconf 86' lang='lat' dir='ltr'><strong>doctorum</strong></span> 
     </span>
    </p>
   </div>
   <div class='ocr_carea' id='block_1_101' title="bbox 148 4912 1726 4995">
    <p class='ocr_par' dir='ltr' id='par_1_101' title="bbox 148 4912 1726 4995">
     <span class='ocr_line' id='line_1_101' title="bbox 148 4912 1726 4995; baseline -0.008 -14"><span class='ocrx_word' id='word_1_689' title='bbox 148 4933 211 4984; x_wconf 85' lang='lat' dir='ltr'><strong>in</strong></span> <span class='ocrx_word' id='word_1_690' title='bbox 268 4922 537 4995; x_wconf 84' lang='lat' dir='ltr'><strong>plurimis</strong></span> <span class='ocrx_word' id='word_1_691' title='bbox 580 4920 857 4973; x_wconf 68' lang='lat' dir='ltr'><strong>Nicaznum</strong></span> <span class='ocrx_word' id='word_1_692' title='bbox 908 4926 1159 4979; x_wconf 87' lang='lat' dir='ltr'><strong>mutans,</strong></span> <span class='ocrx_word' id='word_1_693' title='bbox 1207 4916 1253 4968; x_wconf 88' lang='lat' dir='ltr'><strong>si</strong></span> <span class='ocrx_word' id='word_1_694' title='bbox 1302 4916 1417 4970; x_wconf 66' lang='lat' dir='ltr'><strong>hate</strong></span> <span class='ocrx_word' id='word_1_695' title='bbox 1466 4912 1726 4968; x_wconf 89' lang='lat' dir='ltr'><strong>inhibitio</strong></span> 
     </span>
    </p>
   </div>
   <div class='ocr_carea' id='block_1_102' title="bbox 147 5003 1728 5077">
    <p class='ocr_par' dir='ltr' id='par_1_102' title="bbox 147 5003 1728 5077">
     <span class='ocr_line' id='line_1_102' title="bbox 147 5003 1728 5077; baseline -0.009 -5"><span class='ocrx_word' id='word_1_696' title='bbox 147 5019 323 5072; x_wconf 74' lang='lat' dir='ltr'><strong>illam</strong></span> <span class='ocrx_word' id='word_1_697' title='bbox 388 5018 660 5069; x_wconf 84' lang='lat' dir='ltr'><strong>utentem,</strong></span> <span class='ocrx_word' id='word_1_698' title='bbox 715 5021 879 5077; x_wconf 87' lang='lat' dir='ltr'><strong>quam</strong></span> <span class='ocrx_word' id='word_1_699' title='bbox 934 5006 1109 5059; x_wconf 89' lang='lat' dir='ltr'><strong>nostri</strong></span> <span class='ocrx_word' id='word_1_700' title='bbox 1141 5005 1351 5067; x_wconf 91' lang='lat' dir='ltr'><strong>dicunt,</strong></span> <span class='ocrx_word' id='word_1_701' title='bbox 1382 5003 1566 5057; x_wconf 87' lang='lat' dir='ltr'><strong>habet.</strong></span> <span class='ocrx_word' id='word_1_702' title='bbox 1619 5003 1728 5059; x_wconf 89' lang='lat' dir='ltr'><strong>Pro</strong></span> 
     </span>
    </p>
   </div>
   <div class='ocr_carea' id='block_1_103' title="bbox 146 5097 1727 5167">
    <p class='ocr_par' dir='ltr' id='par_1_103' title="bbox 146 5097 1727 5167">
     <span class='ocr_line' id='line_1_103' title="bbox 146 5097 1727 5167; baseline -0.007 -3"><span class='ocrx_word' id='word_1_703' title='bbox 146 5107 391 5167; x_wconf 75' lang='lat' dir='ltr'><strong>sanctis</strong></span> <span class='ocrx_word' id='word_1_704' title='bbox 449 5102 702 5156; x_wconf 87' lang='lat' dir='ltr'><strong>Patribus</strong></span> <span class='ocrx_word' id='word_1_705' title='bbox 746 5112 803 5156; x_wconf 91' lang='lat' dir='ltr'><strong>et</strong></span> <span class='ocrx_word' id='word_1_706' title='bbox 827 5099 1144 5156; x_wconf 90' lang='lat' dir='ltr'><strong>doctoribus</strong></span> <span class='ocrx_word' id='word_1_707' title='bbox 1170 5098 1359 5162; x_wconf 76' lang='lat' dir='ltr'><strong>,lieu!</strong></span> <span class='ocrx_word' id='word_1_708' title='bbox 1406 5097 1727 5153; x_wconf 86' lang='lat' dir='ltr'><strong>seductores</strong></span> 
     </span>
    </p>
   </div>
   <div class='ocr_carea' id='block_1_104' title="bbox 147 5188 1727 5262">
    <p class='ocr_par' dir='ltr' id='par_1_104' title="bbox 147 5188 1727 5262">
     <span class='ocr_line' id='line_1_104' title="bbox 147 5188 1727 5262; baseline -0.009 -5"><span class='ocrx_word' id='word_1_709' title='bbox 147 5211 213 5257; x_wconf 86' lang='lat' dir='ltr'><strong>et</strong></span> <span class='ocrx_word' id='word_1_710' title='bbox 269 5200 612 5262; x_wconf 84' lang='lat' dir='ltr'><strong>deceptores</strong></span> <span class='ocrx_word' id='word_1_711' title='bbox 641 5191 767 5247; x_wconf 86' lang='lat' dir='ltr'><strong>facti</strong></span> <span class='ocrx_word' id='word_1_712' title='bbox 798 5201 959 5257; x_wconf 91' lang='lat' dir='ltr'><strong>sunt,</strong></span> <span class='ocrx_word' id='word_1_713' title='bbox 993 5198 1049 5244; x_wconf 91' lang='lat' dir='ltr'><strong>et</strong></span> <span class='ocrx_word' id='word_1_714' title='bbox 1078 5189 1303 5244; x_wconf 85' lang='lat' dir='ltr'><strong>secundi</strong></span> <span class='ocrx_word' id='word_1_715' title='bbox 1351 5188 1570 5244; x_wconf 90' lang='lat' dir='ltr'><strong>concilii</strong></span> <span class='ocrx_word' id='word_1_716' title='bbox 1619 5190 1727 5244; x_wconf 84' lang='lat' dir='ltr'><strong>Pa-</strong></span> 
     </span>
    </p>
   </div>
   <div class='ocr_carea' id='block_1_105' title="bbox 148 5280 1731 5352">
    <p class='ocr_par' dir='ltr' id='par_1_105' title="bbox 148 5280 1731 5352">
     <span class='ocr_line' id='line_1_105' title="bbox 148 5280 1731 5352; baseline -0.006 -9"><span class='ocrx_word' id='word_1_717' title='bbox 148 5305 281 5347; x_wconf 73' lang='lat' dir='ltr'><strong>tres</strong></span> <span class='ocrx_word' id='word_1_718' title='bbox 309 5326 329 5349; x_wconf 88' lang='lat'><strong>,</strong></span> <span class='ocrx_word' id='word_1_719' title='bbox 368 5296 426 5341; x_wconf 88' lang='lat' dir='ltr'><strong>et</strong></span> <span class='ocrx_word' id='word_1_720' title='bbox 457 5285 518 5338; x_wconf 82' lang='grc' dir='ltr'><strong>Β.</strong></span> <span class='ocrx_word' id='word_1_721' title='bbox 555 5283 847 5352; x_wconf 69' lang='lat' dir='ltr'><strong>Gcegorius</strong></span> <span class='ocrx_word' id='word_1_722' title='bbox 890 5282 1268 5338; x_wconf 80' lang='lat' dir='ltr'><strong>Nazianzenus</strong></span> <span class='ocrx_word' id='word_1_723' title='bbox 1292 5318 1307 5343; x_wconf 95' lang='lat'><strong>,</strong></span> <span class='ocrx_word' id='word_1_724' title='bbox 1355 5280 1440 5333; x_wconf 91' lang='lat' dir='ltr'><strong>cui</strong></span> <span class='ocrx_word' id='word_1_725' title='bbox 1492 5294 1585 5347; x_wconf 86' lang='lat' dir='ltr'><strong>per</strong></span> <span class='ocrx_word' id='word_1_726' title='bbox 1634 5295 1731 5334; x_wconf 81' lang='lat' dir='ltr'><strong>ex-</strong></span> 
     </span>
    </p>
   </div>
   <div class='ocr_carea' id='block_1_106' title="bbox 148 5371 1731 5446">
    <p class='ocr_par' dir='ltr' id='par_1_106' title="bbox 148 5371 1731 5446">
     <span class='ocr_line' id='line_1_106' title="bbox 148 5371 1731 5446; baseline -0.006 -10"><span class='ocrx_word' id='word_1_727' title='bbox 148 5382 496 5439; x_wconf 84' lang='lat' dir='ltr'><strong>cellentiam</strong></span> <span class='ocrx_word' id='word_1_728' title='bbox 549 5376 854 5446; x_wconf 84' lang='lat' dir='ltr'><strong>Theologus</strong></span> <span class='ocrx_word' id='word_1_729' title='bbox 920 5390 1219 5445; x_wconf 88' lang='lat' dir='ltr'><strong>cognomen</strong></span> <span class='ocrx_word' id='word_1_730' title='bbox 1272 5372 1398 5427; x_wconf 84' lang='lat' dir='ltr'><strong>fuit.</strong></span> <span class='ocrx_word' id='word_1_731' title='bbox 1435 5371 1541 5425; x_wconf 85' lang='lat' dir='ltr'><strong>Sed</strong></span> <span class='ocrx_word' id='word_1_732' title='bbox 1589 5372 1731 5427; x_wconf 88' lang='lat' dir='ltr'><strong>absit</strong></span> 
     </span>
    </p>
   </div>
   <div class='ocr_carea' id='block_1_107' title="bbox 150 5462 1731 5535">
    <p class='ocr_par' dir='ltr' id='par_1_107' title="bbox 150 5462 1731 5535">
     <span class='ocr_line' id='line_1_107' title="bbox 150 5462 1731 5535; baseline -0.008 -8"><span class='ocrx_word' id='word_1_733' title='bbox 150 5475 317 5527; x_wconf 82' lang='lat' dir='ltr'><strong>hanc</strong></span> <span class='ocrx_word' id='word_1_734' title='bbox 359 5466 755 5535; x_wconf 78' lang='lat' dir='ltr'><strong>blasphemiam</strong></span> <span class='ocrx_word' id='word_1_735' title='bbox 787 5469 951 5521; x_wconf 84' lang='lat' dir='ltr'><strong>etiam</strong></span> <span class='ocrx_word' id='word_1_736' title='bbox 982 5466 1247 5534; x_wconf 83' lang='lat' dir='ltr'><strong>cogitare.</strong></span> <span class='ocrx_word' id='word_1_737' title='bbox 1278 5462 1396 5517; x_wconf 82' lang='lat' dir='ltr'><strong>Non</strong></span> <span class='ocrx_word' id='word_1_738' title='bbox 1430 5462 1596 5531; x_wconf 88' lang='lat' dir='ltr'><strong>igitur</strong></span> <span class='ocrx_word' id='word_1_739' title='bbox 1629 5476 1731 5516; x_wconf 89' lang='lat' dir='ltr'><strong>nec</strong></span> 
     </span>
    </p>
   </div>
   <div class='ocr_carea' id='block_1_108' title="bbox 148 5551 1730 5636">
    <p class='ocr_par' dir='ltr' id='par_1_108' title="bbox 148 5551 1730 5636">
     <span class='ocr_line' id='line_1_108' title="bbox 148 5551 1730 5636; baseline -0.005 -21"><span class='ocrx_word' id='word_1_740' title='bbox 148 5563 360 5636; x_wconf 82' lang='lat' dir='ltr'><strong>prima</strong></span> <span class='ocrx_word' id='word_1_741' title='bbox 385 5595 399 5623; x_wconf 91' lang='lat'><strong>,</strong></span> <span class='ocrx_word' id='word_1_742' title='bbox 430 5570 533 5609; x_wconf 90' lang='lat' dir='ltr'><strong>nec</strong></span> <span class='ocrx_word' id='word_1_743' title='bbox 560 5555 719 5609; x_wconf 88' lang='lat' dir='ltr'><strong>tertia</strong></span> <span class='ocrx_word' id='word_1_744' title='bbox 742 5596 757 5621; x_wconf 91' lang='lat'><strong>,</strong></span> <span class='ocrx_word' id='word_1_745' title='bbox 805 5571 907 5613; x_wconf 87' lang='lat' dir='ltr'><strong>nec</strong></span> <span class='ocrx_word' id='word_1_746' title='bbox 958 5558 1139 5627; x_wconf 83' lang='lat' dir='ltr'><strong>aliqua</strong></span> <span class='ocrx_word' id='word_1_747' title='bbox 1171 5554 1274 5610; x_wconf 89' lang='lat' dir='ltr'><strong>alia</strong></span> <span class='ocrx_word' id='word_1_748' title='bbox 1333 5551 1571 5622; x_wconf 78' lang='lat' dir='ltr'><strong>synodus</strong></span> <span class='ocrx_word' id='word_1_749' title='bbox 1627 5553 1730 5608; x_wconf 88' lang='lat' dir='ltr'><strong>hoc</strong></span> 
     </span>
    </p>
   </div>
   <div class='ocr_carea' id='block_1_109' title="bbox 1835 4916 3373 4983">
    <p class='ocr_par' dir='ltr' id='par_1_109' title="bbox 1835 4916 3373 4983">
     <span class='ocr_line' id='line_1_109' title="bbox 1835 4916 3373 4983; baseline 0.001 -14"><span class='ocrx_word' id='word_1_750' title='bbox 1835 4918 2201 4971; x_wconf 83' lang='lat' dir='ltr'><strong>sententiam?</strong></span> <span class='ocrx_word' id='word_1_751' title='bbox 2232 4917 2518 4982; x_wconf 84' lang='lat' dir='ltr'><strong>Quoaiam,</strong></span> <span class='ocrx_word' id='word_1_752' title='bbox 2568 4916 2843 4983; x_wconf 90' lang='lat' dir='ltr'><strong>inquiunt,</strong></span> <span class='ocrx_word' id='word_1_753' title='bbox 2886 4917 3086 4971; x_wconf 88' lang='lat' dir='ltr'><strong>multas</strong></span> <span class='ocrx_word' id='word_1_754' title='bbox 3136 4922 3373 4971; x_wconf 88' lang='lat' dir='ltr'><strong>auctori-</strong></span> 
     </span>
    </p>
   </div>
   <div class='ocr_carea' id='block_1_110' title="bbox 1838 5005 3371 5079">
    <p class='ocr_par' dir='ltr' id='par_1_110' title="bbox 1838 5005 3371 5079">
     <span class='ocr_line' id='line_1_110' title="bbox 1838 5005 3371 5079; baseline 0.004 -21"><span class='ocrx_word' id='word_1_755' title='bbox 1838 5014 1976 5060; x_wconf 88' lang='lat' dir='ltr'><strong>tates</strong></span> <span class='ocrx_word' id='word_1_756' title='bbox 2022 5015 2332 5060; x_wconf 89' lang='lat' dir='ltr'><strong>sanctorum</strong></span> <span class='ocrx_word' id='word_1_757' title='bbox 2374 5006 2558 5077; x_wconf 87' lang='lat' dir='ltr'><strong>Latini</strong></span> <span class='ocrx_word' id='word_1_758' title='bbox 2604 5005 2801 5059; x_wconf 77' lang='lat' dir='ltr'><strong>aﬂ‘erre</strong></span> <span class='ocrx_word' id='word_1_759' title='bbox 2846 5007 3069 5074; x_wconf 87' lang='lat' dir='ltr'><strong>habent,</strong></span> <span class='ocrx_word' id='word_1_760' title='bbox 3128 5010 3192 5062; x_wconf 90' lang='lat' dir='ltr'><strong>ad</strong></span> <span class='ocrx_word' id='word_1_761' title='bbox 3241 5026 3371 5079; x_wconf 87' lang='lat' dir='ltr'><strong>quas</strong></span> 
     </span>
    </p>
   </div>
   <div class='ocr_carea' id='block_1_111' title="bbox 1838 5097 3370 5165">
    <p class='ocr_par' dir='ltr' id='par_1_111' title="bbox 1838 5097 3370 5165">
     <span class='ocr_line' id='line_1_111' title="bbox 1838 5097 3370 5165; baseline 0.004 -17"><span class='ocrx_word' id='word_1_762' title='bbox 1838 5112 1936 5150; x_wconf 86' lang='lat' dir='ltr'><strong>nos</strong></span> <span class='ocrx_word' id='word_1_763' title='bbox 1978 5097 2309 5165; x_wconf 88' lang='lat' dir='ltr'><strong>respondere</strong></span> <span class='ocrx_word' id='word_1_764' title='bbox 2338 5111 2446 5150; x_wconf 89' lang='lat' dir='ltr'><strong>non</strong></span> <span class='ocrx_word' id='word_1_765' title='bbox 2479 5097 2762 5160; x_wconf 80' lang='lat' dir='ltr'><strong>habemus,</strong></span> <span class='ocrx_word' id='word_1_766' title='bbox 2793 5098 3134 5153; x_wconf 88' lang='lat' dir='ltr'><strong>discedamus</strong></span> <span class='ocrx_word' id='word_1_767' title='bbox 3169 5101 3235 5153; x_wconf 90' lang='lat' dir='ltr'><strong>ab</strong></span> <span class='ocrx_word' id='word_1_768' title='bbox 3269 5103 3370 5155; x_wconf 90' lang='lat' dir='ltr'><strong>eis.</strong></span> 
     </span>
    </p>
   </div>
   <div class='ocr_carea' id='block_1_112' title="bbox 1838 5186 3411 5255">
    <p class='ocr_par' dir='ltr' id='par_1_112' title="bbox 1838 5186 3411 5255">
     <span class='ocr_line' id='line_1_112' title="bbox 1838 5186 3411 5255; baseline 0.003 -15"><span class='ocrx_word' id='word_1_769' title='bbox 1838 5188 1933 5240; x_wconf 78' lang='lat' dir='ltr'><strong>Vix</strong></span> <span class='ocrx_word' id='word_1_770' title='bbox 1965 5194 2142 5241; x_wconf 87' lang='lat' dir='ltr'><strong>tamen</strong></span> <span class='ocrx_word' id='word_1_771' title='bbox 2176 5186 2473 5241; x_wconf 89' lang='lat' dir='ltr'><strong>sentientes</strong></span> <span class='ocrx_word' id='word_1_772' title='bbox 2504 5186 2897 5245; x_wconf 82' lang='lat' dir='ltr'><strong>absurditatem</strong></span> <span class='ocrx_word' id='word_1_773' title='bbox 2930 5192 3214 5244; x_wconf 79' lang='lat' dir='ltr'><strong>sententiae</strong></span> <span class='ocrx_word' id='word_1_774' title='bbox 3240 5208 3370 5255; x_wconf 74' lang='lat' dir='ltr'><strong>sure,</strong></span> <span class='ocrx_word' id='word_1_775' title='bbox 3408 5220 3411 5223; x_wconf 57' lang='grc' dir='ltr'><strong>π</strong></span> 
     </span>
    </p>
   </div>
   <div class='ocr_carea' id='block_1_113' title="bbox 1838 5278 3372 5348">
    <p class='ocr_par' dir='ltr' id='par_1_113' title="bbox 1838 5278 3372 5348">
     <span class='ocr_line' id='line_1_113' title="bbox 1838 5278 3372 5348; baseline 0.002 -15"><span class='ocrx_word' id='word_1_776' title='bbox 1838 5291 1892 5333; x_wconf 90' lang='lat' dir='ltr'><strong>et</strong></span> <span class='ocrx_word' id='word_1_777' title='bbox 1930 5294 1960 5330; x_wconf 87' lang='lat' dir='ltr'><strong>a</strong></span> <span class='ocrx_word' id='word_1_778' title='bbox 2005 5278 2352 5333; x_wconf 83' lang='lat' dir='ltr'><strong>serenissima</strong></span> <span class='ocrx_word' id='word_1_779' title='bbox 2394 5278 2731 5348; x_wconf 83' lang='lat' dir='ltr'><strong>imperatore</strong></span> <span class='ocrx_word' id='word_1_780' title='bbox 2772 5280 3019 5348; x_wconf 81' lang='lat' dir='ltr'><strong>persuasi</strong></span> <span class='ocrx_word' id='word_1_781' title='bbox 3070 5293 3372 5346; x_wconf 86' lang='lat' dir='ltr'><strong>cesserunt,</strong></span> 
     </span>
    </p>
   </div>
   <div class='ocr_carea' id='block_1_114' title="bbox 1839 5370 3373 5440">
    <p class='ocr_par' dir='ltr' id='par_1_114' title="bbox 1839 5370 3373 5440">
     <span class='ocr_line' id='line_1_114' title="bbox 1839 5370 3373 5440; baseline -0.001 -14"><span class='ocrx_word' id='word_1_782' title='bbox 1839 5379 2147 5426; x_wconf 60' lang='lat' dir='ltr'><strong>etmanere</strong></span> <span class='ocrx_word' id='word_1_783' title='bbox 2169 5370 2549 5425; x_wconf 88' lang='lat' dir='ltr'><strong>decreverunt.</strong></span> <span class='ocrx_word' id='word_1_784' title='bbox 2582 5370 2803 5424; x_wconf 77' lang='lat' dir='ltr'><strong>Interim</strong></span> <span class='ocrx_word' id='word_1_785' title='bbox 2846 5386 2934 5425; x_wconf 91' lang='lat' dir='ltr'><strong>res</strong></span> <span class='ocrx_word' id='word_1_786' title='bbox 2980 5370 3107 5440; x_wconf 74' lang='lat' dir='ltr'><strong>ipsa:</strong></span> <span class='ocrx_word' id='word_1_787' title='bbox 3142 5371 3207 5424; x_wconf 90' lang='lat' dir='ltr'><strong>de</strong></span> <span class='ocrx_word' id='word_1_788' title='bbox 3244 5372 3373 5425; x_wconf 68' lang='lat' dir='ltr'><strong>Fer~</strong></span> 
     </span>
    </p>
   </div>
   <div class='ocr_carea' id='block_1_115' title="bbox 1839 5459 3374 5527">
    <p class='ocr_par' dir='ltr' id='par_1_115' title="bbox 1839 5459 3374 5527">
     <span class='ocr_line' id='line_1_115' title="bbox 1839 5459 3374 5527; baseline 0 -12"><span class='ocrx_word' id='word_1_789' title='bbox 1839 5465 1979 5517; x_wconf 86' lang='lat' dir='ltr'><strong>raria</strong></span> <span class='ocrx_word' id='word_1_790' title='bbox 2027 5463 2083 5516; x_wconf 90' lang='lat' dir='ltr'><strong>in</strong></span> <span class='ocrx_word' id='word_1_791' title='bbox 2133 5459 2458 5514; x_wconf 83' lang='lat' dir='ltr'><strong>Florentiam</strong></span> <span class='ocrx_word' id='word_1_792' title='bbox 2515 5473 2794 5513; x_wconf 88' lang='lat' dir='ltr'><strong>accessum</strong></span> <span class='ocrx_word' id='word_1_793' title='bbox 2848 5460 3045 5513; x_wconf 87' lang='lat' dir='ltr'><strong>summi</strong></span> <span class='ocrx_word' id='word_1_794' title='bbox 3096 5460 3374 5527; x_wconf 78' lang='lat' dir='ltr'><strong>pontificis</strong></span> 
     </span>
    </p>
   </div>
   <div class='ocr_carea' id='block_1_116' title="bbox 1841 5547 3369 5624">
    <p class='ocr_par' dir='ltr' id='par_1_116' title="bbox 1841 5547 3369 5624">
     <span class='ocr_line' id='line_1_116' title="bbox 1841 5547 3369 5624; baseline 0.001 -18"><span class='ocrx_word' id='word_1_795' title='bbox 1841 5559 2154 5624; x_wconf 78' lang='lat' dir='ltr'><strong>coegerunt,</strong></span> <span class='ocrx_word' id='word_1_796' title='bbox 2205 5558 2261 5604; x_wconf 90' lang='lat' dir='ltr'><strong>et</strong></span> <span class='ocrx_word' id='word_1_797' title='bbox 2306 5550 2431 5604; x_wconf 90' lang='lat' dir='ltr'><strong>inde</strong></span> <span class='ocrx_word' id='word_1_798' title='bbox 2481 5547 2611 5603; x_wconf 88' lang='lat' dir='ltr'><strong>illuc</strong></span> <span class='ocrx_word' id='word_1_799' title='bbox 2666 5548 3075 5603; x_wconf 85' lang='lat' dir='ltr'><strong>translationem</strong></span> <span class='ocrx_word' id='word_1_800' title='bbox 3128 5552 3369 5607; x_wconf 86' lang='lat' dir='ltr'><strong>concilii.</strong></span> 
     </span>
    </p>
   </div>
  </div>
