4122 6326
821 289 923 356 4’33

1777 293 2277 358 BESSARIONIS
2317 296 2379 357 S.
2412 295 2489 359 Β..
2514 293 2586 356 Ε.
2628 294 3111 356 CABDiNALIS'

3910 298 3996 362 et

823 407 1091 459 Abi‘crunt
1137 406 1313 476 igitur
1344 404 1567 473 Latini,
1589 409 1916 465 recessimus
1960 415 2127 464 etiam
2156 426 2283 471 nos,
2311 418 2366 464 et
2397 419 2436 472 Α
2467 416 2709 475 apparet.
2739 396 3049 463 Attuli-runt
3074 408 3202 457 iero
3224 418 3332 458 non
3379 406 3551 460 solum
3575 405 3993 473 occidentalium,

824 510 949 547 cum
978 509 1166 552 omnes
1188 497 1298 563 iam
1335 499 1728 568 sppulissr‘mus
1752 498 2106 564 Florentium,
2152 501 2366 554 deert-ta

828 584 928 637 fuit
974 584 1113 647 dies,
1157 585 1219 639 in
1258 601 1363 654 qua
1413 586 1782 654 incipiendum
1843 584 2009 655 atque
2041 590 2367 640 continuan-

826 676 953 727 dum
999 684 1117 729 erat
1153 676 1460 736 concilium,
1490 682 1552 730 et
1598 677 1833 730 termino
1881 675 2213 729 adveniente
2249 690 2367 726 rur-

826 780 918 819 sus
951 781 1049 819 nos
1079 778 1339 820 accusare
1369 766 1599 822 Latinos
1638 767 1966 836 ineepimus.
2001 766 2369 831 Quemadmo-

825 856 951 907 dum
1006 857 1150 909 enim
1204 856 1257 909 in
1313 856 1408 912 illa
1465 856 1790 925 quastione,
1823 873 1889 910 an
1954 858 2117 911 liceat
2165 856 2368 909 addere

822 946 1133 1015 quidquam,
1163 960 1265 1000 nos
1312 955 1716 1009 accusatorum,
1754 947 1931 1000 Latini
1972 962 2104 1002 vero
2139 961 2367 1016 respon-

822 1037 1062 1089 dentium
1093 1045 1389 1089 tenuerunt
1414 1036 1619 1100 iocum,
1654 1048 1707 1090 et
1746 1036 1817 1091 ita
1853 1038 2278 1106 responderunt,
2304 1046 2366 1091 ut

822 1127 895 1178 nil
926 1142 1020 1179 nos
1050 1127 1116 1181 ad
1163 1128 1263 1181 illa
1291 1129 1558 1197 replicare
1592 1129 1966 1199 potuerimus,
1996 1130 2073 1183 ita
2100 1130 2270 1200 etiam
2309 1129 2363 1181 in

822 1215 936 1281 ipso
987 1216 1237 1286 dogmate
1284 1234 1384 1273 nos
1434 1221 1655 1289 quidem
1724 1227 1983 1289 tanquam
2044 1230 2365 1275 accusantes

820 1311 1242 1372 proposuimus;
1275 1309 1353 1362 illi
1383 1324 1514 1363 vero
1546 1310 1971 1378 respondebant.
2012 1309 2073 1363 In
2092 1310 2365 1362 omnibus

819 1396 963 1448 c-uim
993 1397 1059 1449 ad
1090 1398 1304 1450 libitum
1340 1407 1696 1461 nostrutn,.et
1723 1407 1884 1466 prout
1916 1398 2261 1459 volebamus,
2289 1398 2365 1450 ita

820 1484 999 1538 facere
1030 1486 1187 1539 nobis
1210 1487 1449 1551 licebat;
1500 1498 1556 1541 et
1606 1496 1788 1540 tamen
1813 1500 1923 1540 non
1947 1487 2120 1555 pudet
2151 1486 2366 1555 aliquos

820 1577 1145 1633 diceresim
1190 1578 1353 1631 nobis
1394 1578 1598 1631 illatam
1638 1576 1814 1631 'fuisse
1844 1594 1856 1628 :
1891 1575 2036 1645 quod
2084 1589 2362 1645 nunquam

818 1666 918 1719 fu't
955 1676 1090 1721 teste
1132 1668 1359 1720 veritate
1400 1670 1491 1734 qui
1522 1668 1665 1720 Deus
1700 1676 1803 1719 est.
1826 1664 2238 1732 'Proposuimus
2268 1666 2365 1734 igi-

2472 512 2660 550 vet-um
2722 497 2887 549 etiam
2967 495 3320 550 orientalium
3377 496 3597 550 Patrum
3668 500 3994 565 testimonia,

2468 584 2933 653 quorumaliqua,
2971 600 3096 654 qua:
3140 585 3271 639 mihi
3309 587 3422 639 visa
3457 585 3680 641 fuerunt
3731 591 3901 658 magis
3942 592 3993 643 ad

2467 682 2715 727 nostrum
2747 677 3086 743 propositum
3124 676 3327 741 facere,
3363 676 3461 729 tibi
3483 692 3605 729 cum
3646 678 3733 732 his
3762 679 3829 732 ad
3875 695 3992 747 pra-

2468 778 2593 818 sens
2624 765 2897 828 mitto,‘ut
2924 766 3200 833 intelligas
3228 766 3359 834 quid
3390 766 3457 819 de
3478 766 3580 819 hac
3616 783 3675 820 re
3728 768 3830 835 ipsi
3848 771 3993 822 etiam

2469 853 2837 908 occidentales
2884 855 3135 909 doctores
3166 857 3406 931 sapiunt.
3450 856 3531 909 Ad
3578 872 3699 925 qua,
3731 873 3830 912 nos
3875 861 3993 914 nihil

2469 945 2799 1013 respondere
2835 945 3193 1010 habebamus,
3245 946 3348 1000 nisi
3384 947 3529 1015 quod
3578 958 3836 1016 corrupta
3881 951 3992 1011 sint,

2465 1044 2522 1087 et
2569 1050 2598 1087 a
2640 1035 2847 1089 Latinis
2877 1045 3136 1103 corrupta
3191 1035 3436 1090 fuerunt.
3492 1039 3878 1093 Produxe-runt
3919 1056 3997 1093 oo-

2467 1130 2641 1175 strum
2693 1124 3057 1192 Epipltanium
3108 1126 3298 1179 multis
3345 1125 3401 1177 in
3460 1126 3598 1181 locis
3644 1142 3713 1179 ex
3758 1127 3913 1181 Patre
3951 1139 3996 1181 et

2467 1212 2606 1267 Filio
2640 1214 2785 1267 clare
2831 1214 3099 1285 dicentem
3128 1230 3249 1269 esse
3282 1210 3547 1283 Spiritum
3590 1228 3856 1281 sanctum,
3894 1233 3995 1272 eoo

2469 1312 2686 1371 ruptum
2719 1304 2891 1358 fuisse
2921 1305 3285 1374 dicebamus.
3311 1306 3628 1373 Allcgarttnt
3660 1308 3845 1375 Cyriﬂi
3878 1323 3998 1360 non-

2469 1394 2639 1455 nulla,
2679 1405 2735 1448 et
2788 1396 3045 1475 aliorttm,
3102 1397 3245 1448 idem
3308 1398 3605 1451 aiebamus.
3662 1398 3997 1451 Adduxeruut

2472 1483 2890 1538 occidentalium
2914 1468 3232 1539 fdoctorum
3280 1487 3658 1551 auctoritates,
3694 1488 3869 1539 omnis
3920 1504 4000 1539 no-

2469 1581 2578 1625 stra
2623 1576 2905 1644 responsio
2955 1575 3147 1629 eadem
3207 1585 3261 1629 et
3306 1576 3449 1628 nulla
3502 1577 3603 1628 alia
3655 1586 3800 1629 erat.
3875 1575 3992 1630 Cum

2470 1661 2635 1729 igitur
2670 1664 2854 1717 multis
2894 1666 3087 1719 diebus
3134 1666 3277 1719 inter
3314 1682 3413 1719 nos
3442 1666 3591 1734 ipsos
3636 1665 3999 1719 considerare-

819 1767 907 1808 tor
932 1757 997 1809 ab
1024 1757 1157 1824 ipsis
1178 1757 1439 1824 apostolis
1465 1765 1519 1809 et
1566 1757 1737 1810 sacris
1767 1757 1989 1826 synodis
2012 1756 2359 1824 incipientes,
2397 1756 2435 1810 Β
2466 1767 2587 1805 mus
2613 1754 2873 1822 quidnam
2904 1756 2967 1808 ad
3001 1755 3582 1825 haec'respondendum
3611 1749 3777 1820 esset,
3811 1757 3998 1809 nullam
4080 1794 4081 1819 ς

819 1859 1119 1913 eorumque
1173 1857 1336 1913 atque
1386 1846 1626 1899 omnium
1673 1846 2022 1900 orientalium
2072 1847 2362 1900 doctorum

820 1930 1244 1989 auctoritatibus
1276 1937 1379 1999 usi,
1407 1938 1606 2003 quibus
1636 1938 1898 2005 probatur
1930 1936 2195 2005 Spiritum
2230 1952 2363 1992 san-

817 2037 963 2077 ctum
1009 2042 1112 2079 non
1155 2028 1371 2095 quidem
1411 2043 1517 2080 non
1546 2028 1848 2097 procedere
1877 2043 1941 2082 ex
1980 2028 2139 2094 Filio,
2204 2029 2363 2082 talem

816 2137 1045 2190 namque
1078 2124 1280 2174 nullum
1317 2121 1696 2175 auctoritatem
1746 2122 2045 2184 habemus;
2099 2132 2263 2188 prout
2306 2130 2363 2183 tu

815 2213 976 2265 etiam
1020 2213 1149 2273 scis,
1187 2224 1380 2279 praeter
1425 2212 1569 2265 illam
1610 2212 1837 2266 Joannis
1878 2211 2364 2279 Datnasceni,~qui

816 2303 965 2364 dicit,
1004 2301 1262 2370 Spiritum
1291 2302 1410 2356 Filii
1435 2304 1685 2365 dicimus,
1712 2317 1774 2354 cx
1807 2300 1943 2355 Filio
1975 2317 2113 2356 vero.
2133 2317 2239 2355 non
2275 2303 2364 2355 di-

816 2393 1010 2446 cimus.
1040 2394 1171 2447 Aliae
1203 2408 1327 2447 vero
1362 2394 1713 2447 auctoritates
1736 2408 1927 2446 omnes
1959 2392 2063 2445 hoc
2108 2394 2361 2462 probant,

818 2487 1075 2538 duntaxat
1105 2484 1248 2552 quod
1288 2483 1525 2552 Spiritus
1556 2492 1776 2537 sanctus
1801 2498 1865 2536 ex
1896 2481 2054 2535 Patre
2096 2484 2361 2551 procedit.

818 2573 924 2627 llas
965 2574 1126 2642 igitur
1166 2589 1268 2627 nos
1306 2574 1596 2629 alierentes
1646 2574 1699 2625 in
1751 2573 1989 2625 medium
2040 2573 2363 2639 putabamus

817 2666 1094 2730 probasse,
1128 2665 1322 2717 falsum
1361 2678 1503 2728 esse,
1534 2651 1678 2731 quod
1709 2662 1940 2716 CX‘FINO
1969 2661 2138 2715 etiam
2169 2676 2363 2729 proce-

818 2756 911 2803 dat
954 2751 1190 2820 Spiritus
1221 2762 1477 2809 sanatis:
1513 2750 1689 2825 Latini
1728 2766 1859 2804 vero
1894 2750 1959 2802 ad
2013 2750 2112 2802 has
2143 2749 2362 2817 quidem

758 2900 777 2915 ί
796 2853 1008 2892 κυπιηοδ
1032 2840 1383 2893 auctoritates
1414 2856 1574 2893 unam
1609 2841 1748 2891 hanc
1779 2837 2188 2904 responsionem
2217 2850 2367 2887 com-

819 2943 1037 2982 munem
1066 2929 1358 2991 dederunt,
1388 2928 1531 2996 quod
1557 2941 1748 2979 omnes
1770 2925 2023 2978 videlicet
2042 2938 2195 2976 sera:
2215 2931 2365 2985 sunt,

820 3030 876 3073 et
913 3019 986 3071 ita
1018 3020 1181 3077 etiam
1207 3017 1289 3070 eis
1328 3016 1540 3070 videri:
1574 3014 1669 3069 sed
1704 3015 1869 3067 etiam
1918 3014 2019 3065 hoc
2064 3012 2208 3071 idem
2248 3026 2367 3065 cre-

2466 1842 2625 1895 aiiam
2680 1845 3091 1912 reperiebamus
3142 1847 3585 1919 responsionem,
3640 1856 3837 1915 praeter
3882 1862 3998 1914 prte-

2466 1932 2687 1999 dictam,
2718 1936 2865 1988 illam
2908 1952 3038 1990 vero
3087 1945 3343 2007 tanquam
3377 1938 3573 1997 levem.
3628 1946 3684 1992 et
3730 1952 3759 1991 a
3798 1939 4004 1992 cunctis

2464 2020 2818 2077 deridendam
2869 2025 2923 2078 in
2980 2025 3219 2079 medium
3269 2025 3467 2081 afferre
3528 2042 3641 2081 non
3698 2027 3998 2080 videbatur.
4080 2032 4081 2075 ξ

2465 2111 2670 2176 Primo,
2726 2116 2856 2182 quia
2928 2130 2994 2168 ex
3049 2118 3503 2176 antecedentibus
3551 2127 3607 2171 et
3659 2117 4004 2185 sequentibus
4080 2166 4081 2179 ξ

2466 2200 2588 2276 haec
2624 2202 2812 2268 opinio
2845 2204 3137 2258 videbatur
3182 2205 3249 2260 de
3287 2220 3469 2260 mente
3513 2222 3635 2260 esse
3673 2216 4000 2260 sanctorum.
4080 2214 4081 2265 ξ

2467 2293 2669 2348 Deinde
2716 2296 2965 2363 plurimis
3002 2297 3181 2361 libris,
3208 2305 3263 2350 et
3296 2286 3695 2365 antiquissimis
3738 2296 3883 2351 idem
3912 2297 3999 2349 ha-

2466 2384 2719 2438 bentibus
2758 2400 2865 2439 non
2897 2397 3015 2441 erat
3038 2387 3198 2441 facile
3224 2404 3289 2441 ea
3322 2388 3682 2451 calumniari;
3715 2388 3999 2456 prsertim

2459 2470 2587 2528 'cum
2645 2478 2853 2530 nullum
2904 2492 3003 2531 nos
3055 2478 3257 2535 librum
3308 2478 3476 2532 alium
3533 2474 3864 2533 haberemus
3902 2493 4001 2531 non

2464 2564 2676 2627 Latine,
2713 2582 2821 2620 non
2845 2568 3035 2622 Grznce
3070 2570 3366 2637 scriptum,
3392 2569 3499 2638 qui
3538 2570 3695 2623 aliter
3724 2571 4002 2623 unctoriu-

2466 2662 2546 2707 tcs
2587 2657 2873 2721 praedictas
2918 2659 3149 2725 scriptas
3182 2659 3429 2723 haberet,
3458 2675 3623 2728 quam
3650 2659 3832 2713 Latini
3864 2661 4004 2713 dice-

2465 2744 2615 2798 bant.
2682 2747 2951 2801 Prazterea
3008 2763 3108 2802 nos
3183 2752 3321 2804 alios
3364 2752 3617 2806 doctores
3680 2755 4004 2807 contrarium

2466 2834 2712 2887 dicentes
2745 2838 3044 2902 producere
3073 2853 3181 2891 non
3228 2842 3582 2906 habebamus,
3623 2845 3844 2898 eosdem
3869 2846 4006 2897 occi-

2469 2921 2712 2990 dentales
2740 2924 2899 2978 aliter
2939 2927 3067 2978 alibi
3111 2928 3359 2981 dicentes
3394 2931 3626 2997 probare
3660 2934 3884 2986 minime
3920 2948 4010 3000 poo
4080 2932 4081 3001 ξ

2471 3023 2711 3067 teramus
2756 3032 2769 3067 :
2825 3017 3169 3071 naturalibus
3223 3021 3529 3074 rationibus
3575 3037 3672 3075 eos
3721 3024 4007 3076 ostendere
4080 3008 4081 3015 “

820 3110 950 3163 dere
982 3107 1241 3177 Spiritum
1264 3114 1511 3160 sanctum
1535 3105 1740 3159 scilicet
1763 3118 1827 3155 ex
1852 3101 2012 3155 Patre
2042 3100 2362 3183 procedere:
2395 3062 2439 3122 Ο
2470 3102 2603 3156 falsa
2648 3104 2852 3169 dicere,
2898 3108 3121 3162 minime
3160 3118 3281 3163 erat
3322 3111 3608 3177 possibile.
3659 3111 3792 3167 Cum
3851 3116 4009 3183 igitur
4080 3128 4081 3183 ς

820 3201 924 3255 hoc
958 3210 1132 3254 tamen
1189 3214 1298 3251 non
1353 3205 1411 3251 ut
1448 3195 1805 3257 contrarium,
1848 3208 1949 3247 nec
1995 3179 2059 3249 ut
2092 3191 2370 3246 contradi-

822 3290 1052 3343 ctorium
1080 3286 1408 3357 appositioui
1438 3283 1858 3340 auctoritatibus
1885 3282 2195 3337 dicentibus
2236 3296 2365 3336 eum

821 3382 987 3434 etiam
1025 3394 1089 3434 ex
1118 3376 1261 3449 Filio
1285 3376 1604 3446 procedere.
1640 3372 1703 3428 Si
1736 3372 1881 3427 enim
1922 3373 2098 3427 altero
2141 3374 2363 3427 illorum

822 3471 1102 3525 modorum
1129 3468 1236 3539 illis
1265 3475 1653 3537 apponeretur,
1687 3475 1819 3518 tunc
1850 3478 1969 3519 uno
1999 3464 2197 3533 posito,
2223 3463 2357 3517 alte-

822 3577 941 3615 rum
965 3563 1326 3630 perimeretur
1352 3561 1615 3615 omnino:
1660 3572 1807 3613 nunc
1839 3570 1970 3612 vero
2003 3556 2078 3611 nil
2108 3555 2365 3621 prohibet

821 3665 1111 3723 utrumque
1157 3668 1345 3708 verum
1394 3668 1539 3717 esse,
1573 3651 1828 3705 videlicet
1878 3647 2026 3719 quod
2078 3663 2144 3701 ex
2203 3648 2363 3702 Patre

821 3746 1094 3815 procedat,
1133 3756 1188 3799 et
1220 3745 1363 3815 quod
1407 3758 1476 3798 ex
1506 3744 1661 3798 Filio.
1696 3741 2167 3808 Quemadmodum
2198 3741 2247 3795 si
2279 3740 2363 3794 di-

819 3853 1005 3892 camus
1055 3836 1314 3906 Spiritum
1367 3846 1614 3891 sanetum
1664 3823 1807 3886 mitti
1858 3847 1923 3886 ex
1980 3832 2171 3897 Patre,
2221 3831 2363 3886 alius

815 3942 949 3983 vero
975 3929 1120 3985 dicat
1156 3942 1280 3983 eum
1310 3942 1376 3981 ex
1403 3926 1560 3981 Patre
1586 3934 1641 3978 et
1668 3921 1806 3975 Filio
1837 3922 1999 3974 mitti.
2059 3921 2363 3989 Utrumque

821 4034 1011 4073 verum
1050 4019 1281 4081 dicetur,
1331 4028 1387 4070 et
1437 4016 1669 4068 alterum
1723 4026 1831 4063 non
1869 4019 2138 4076 repugnat
2184 4009 2363 4062 alteri.

822 4110 881 4161 Si
921 4110 1081 4177 igitur
1111 4107 1284 4161 sancti
1314 4104 1505 4158 Patres
1528 4102 1796 4161 dicerent,
1840 4097 1922 4151 vel
1950 4096 2095 4166 quod
2131 4096 2369 4165 Spiritus

822 4208 1045 4254 sanctus
1085 4212 1149 4249 ex
1196 4196 1313 4248 solo
1350 4195 1507 4245 Patre
1540 4188 1805 4258 procedit,
1838 4188 1922 4242 vel
1954 4187 2099 4255 quod
2130 4202 2195 4242 ea
2232 4187 2367 4241 Filio

822 4305 932 4342 non
983 4284 1251 4356 procedit,
1288 4293 1416 4335 tunc
1456 4280 1589 4333 falsa
1642 4289 1827 4333 nostra
1860 4287 2006 4342 esset
2038 4276 2193 4332 ﬁdes.
2226 4276 2365 4331 Cum

2468 3194 2669 3247 nullam
2700 3196 2858 3249 nobis
2892 3198 3331 3269 responsionem,
3368 3216 3489 3268 qua:
3525 3202 3688 3271 digna
3722 3214 3891 3267 esset,
3925 3221 4006 3257 re-

2467 3281 2647 3336 lictam
2679 3285 3013 3350 videremus,
3067 3289 3357 3351 tacuimus,
3388 3303 3487 3359 per
3539 3294 3846 3361 multosque
3901 3295 4010 3348 dies

2469 3388 2575 3427 non
2606 3379 2965 3433 convenimus
2993 3394 3117 3433 cum
3149 3380 3376 3434 Latinis.
3408 3382 3610 3437 Verum
3658 3385 3884 3439 fuerunt
3925 3387 4010 3454 qui

2469 3467 2768 3521 subtilitate
2800 3470 2999 3539 ingenii
3023 3472 3180 3525 aliam
3207 3473 3533 3528 invenerunt
3560 3478 3970 3543 reSponsionem
3997 3495 4010 3531 :

2446 3562 2573 3611 'non
2614 3574 2734 3615 esse
2781 3562 2978 3615 mirum
3006 3564 3238 3628 scilicet,
3280 3567 3324 3619 si
3366 3565 3420 3619 iu
3452 3567 3636 3637 aliquo
3668 3570 3843 3622 sancti
3903 3582 4017 3624 tan-

2467 3666 2629 3719 quam
2683 3652 2932 3707 homines
2980 3664 3257 3709 errassent
3298 3672 3313 3708 :
3349 3665 3407 3709 et
3480 3659 3604 3711 ideo
3651 3659 4013 3714 occidentales

2466 3741 2630 3794 etiam
2676 3743 2935 3798 doctores
2983 3746 3042 3799 in
3094 3746 3201 3801 hoc
3251 3748 3488 3827 articulo
3537 3751 3606 3804 de
3661 3744 4013 3821 processione

2466 3830 2704 3897 Spiritus
2743 3834 2919 3889 sancti
2962 3848 3197 3900 errasse,
3246 3840 3611 3909 mentitasque
3653 3841 3851 3898 fuisse.
3905 3844 4012 3897 Hoc

2466 3932 2651 3976 autem
2689 3924 2836 3991 quod
2881 3934 3047 3978 totam
3101 3927 3258 3981 tidem
3294 3917 3536 3983 nostram
3587 3941 3822 3995 evertat,
3874 3935 4013 3988 clare

2468 4020 2634 4078 patet.
2669 4012 2727 4066 Si
2762 4014 2907 4066 enim
2934 4014 3069 4067 tides
3111 4026 3294 4070 nostra
3320 4034 3349 4071 a
3384 4019 3545 4089 dictis
3576 4002 3851 4076 doctrina:
3899 4037 4015 4076 san-

2469 4107 2681 4153 ctorum
2716 4102 2936 4168 pendet,
2958 4103 2993 4155 ii
3022 4118 3147 4156 vero
3177 4106 3635 4175 circagvert‘tatem
3658 4122 3885 4175 errant,
3909 4120 4013 4165 tota

2469 4187 2657 4241 nostra
2694 4187 2825 4242 ﬁdes
2856 4192 3145 4258 evertitur.
3180 4173 3550 4261 Prop'terbatc
3574 4200 3774 4263 omnia
3827 4173 4015 4255 merito

2468 4282 2651 4327 secuta
2693 4284 2778 4327 est
2818 4276 2973 4337 unio,
3000 4288 3055 4329 et
3088 4292 3279 4332 omnes
3305 4282 3510 4348 absque
3538 4299 3881 4353 quacunque
3908 4290 4013 4339 rio-

823 4390 1005 4434 sutem
1048 4385 1301 4429 neutrum
1338 4371 1548 4424 horum
1607 4369 1849 4422 nondum
1888 4368 2088 4437 aliquis
2141 4379 2365 4422 sanctus

2470 4362 2660 4428 lentia,
2688 4372 2879 4431 sponte
2926 4374 2983 4418 et
3010 4365 3318 4446 voluntarie
3345 4368 3474 4422 huic
3498 4372 3577 4424 rei
3606 4386 4013 4442 concesserunt.

824 4468 1023 4524 dixerit
1044 4465 1212 4529 istud,
1240 4463 1383 4531 quod
1416 4462 1603 4515 dicunt
1621 4475 1688 4515 es
1712 4459 1870 4514 Patre
1897 4473 2021 4513 eum
2044 4460 2363 4529 procedere,

820 4574 933 4613 non
970 4556 1185 4625 perimit
1215 4552 1359 4621 quod
1398 4565 1500 4604 nos
1528 4550 1762 4604 dicimus
1793 4560 1860 4602 ex
1890 4547 2030 4601 Filio
2051 4548 2214 4601 etiam
2238 4564 2364 4602 eum

824 4646 1139 4717 procedere.
1156 4643 1237 4696 ’Et
1259 4642 1373 4693 hanc
1393 4638 1610 4707 quidem
1639 4636 1704 4689 ad
1731 4644 1942 4688 nostras
1967 4634 2367 4703 responderunt

824 4736 1195 4793 auctoritates.
1255 4731 1336 4785 Ad
1382 4729 1531 4783 illam
1585 4740 1713 4781 vero
1763 4724 1992 4779 Joannis
2046 4723 2364 4778 Damasceni

822 4827 1202 4884 auctoritatem
1236 4821 1373 4875 nihil
1405 4818 1823 4888 responderunt,
1845 4828 1973 4869 cum
1992 4826 2100 4867 nec
2122 4826 2223 4867 nos
2246 4827 2367 4867 eam

827 4914 1291 4987 proposuerimus.
1321 4910 1379 4965 lo
1414 4909 1518 4965 ﬁne
1550 4917 1726 4962 tamen
1758 4905 1923 4974 hujus
1968 4904 2176 4973 operis,
2218 4903 2368 4958 illius

823 5018 1041 5075 quoque
1070 5002 1393 5057 solutionem
1417 5008 1506 5053 tua
1520 4998 1699 5068 gratia
1724 4998 1808 5051 bis
1837 5010 2144 5064 apponam;
2166 4993 2370 5049 deinde

826 5098 1002 5149 Latini
1051 5105 1307 5160 tanquam
1339 5105 1371 5144 a
1399 5090 1667 5165 principio
1699 5088 2044 5155 incipientes,
2082 5086 2239 5154 plura
2302 5099 2367 5138 ac

826 5188 975 5241 varia
1009 5183 1262 5251 pluribus
1294 5182 1347 5232 in
1380 5180 1717 5233 sessionibus
1740 5186 2063 5255 argumenta
2110 5178 2369 5231 dixerunt
2411 5244 2414 5249 _

821 5298 847 5327 ιι
876 5285 1054 5334 sancta
1080 5272 1358 5338 Scriptura
1384 5278 1437 5321 et
1465 5268 1719 5322 Ecclesia:
1750 5267 2093 5331 doctoribus,
2125 5266 2368 5319 minores

827 5381 884 5413 υι
910 5366 1197 5428 plurimum
1240 5358 1645 5426 propositiones
1676 5358 1941 5417 habentes
1970 5373 1986 5411 :
2016 5357 2217 5434 quibus
2246 5369 2365 5423 pro-

826 5453 1026 5501 barunt
1072 5451 1331 5515 Spiritum
1367 5454 1616 5499 sanctum
1646 5459 1711 5497 ex
1743 5444 1899 5500 Patre
1954 5446 2203 5512 Filioque
2242 5458 2366 5511 pro-

824 5540 1036 5589 cedere.
1060 5536 1126 5588 Et
1151 5536 1373 5595 tandem
1405 5533 1754 5587 auctoritates
1785 5534 2005 5591 Patrum
2039 5533 2361 5596 attulerunt,

827 5624 1025 5693 qmbUS
1074 5624 1214 5676 clare
1271 5633 1325 5677 ct
1372 5624 1552 5691 palam
1603 5622 1762 5690 hujus
1827 5621 2096 5692 dogmatis
2156 5623 2361 5678 veritas

2469 4451 2573 4517 Qui
2600 4469 2728 4507 vero
2750 4454 3055 4509 concedere
3076 4457 3378 4511 noluerunt
3402 4458 3647 4531 (fuerunt
3674 4470 3864 4517 autem
3893 4465 4013 4522 duo.

2469 4554 2526 4599 et
2574 4559 2685 4606 non
2737 4546 2963 4613 plures),
3001 4561 3123 4599 cum
3166 4548 3314 4600 omni
3355 4547 3627 4615 libertate,
3662 4552 3785 4605 sine
3840 4555 4015 4623 aliqua
4080 4546 4081 4611 Ῑ

2467 4635 2825 4713 oppressione
2851 4638 2922 4690 .in
2952 4652 3074 4705 ~suo
3103 4637 3333 4692 arbitrio
3376 4640 3575 4712 relicti,
3611 4656 3737 4696 cum
3784 4644 4015 4706 honore,

2466 4737 2524 4783 et
2558 4722 2844 4793 cbaritate,
2877 4730 3187 4798 sumptibus
3210 4730 3464 4785 Ecclesiae
3494 4732 3756 4787 Romana
3781 4735 3857 4789 ad
3897 4752 4016 4805 pro-

2456 4821 2944 4903 prias-emearunt.
2984 4821 3039 4877 Si
3071 4825 3368 4897 verojuste
3397 4832 3455 4879 et
3478 4835 3627 4879 recte
3676 4840 3875 4881 secuta
3905 4831 4016 4882 iue-

2472 4911 2735 4977 ritunio,
2767 4927 2902 4969 cum
2951 4912 3156 4980 videris
3193 4922 3249 4967 et
3304 4916 3607 4982 perlegeris
3657 4910 4020 4974 auctoritateS

2448 5008 2807 5078 sanctorum,
2860 5016 2997 5069 quas
3039 5003 3137 5057 tibi
3168 4999 3315 5057 nunc
3346 5006 3525 5067 mitto,
3562 5007 3677 5075 ipse
3720 5008 4016 5077 iudicabis.

2459 5086 2621 5153 Quis
2647 5104 2884 5160 namque
2916 5094 3241 5147 Christiano
3288 5093 3585 5161 insignitus
3627 5098 3862 5152 nomine
3920 5116 4022 5153 nos

2471 5189 2797 5244 sequeretur
2829 5196 2944 5236 eos.
2990 5191 3047 5233 et
3082 5180 3246 5234 dictis
3280 5197 3494 5246 eorum,
3534 5195 3795 5252 tanquam
3832 5204 3865 5239 a
3908 5189 4021 5257 Spi-

2473 5271 2580 5319 ritu
2610 5280 2802 5323 sancto
2836 5271 3024 5334 editis,
3059 5271 3347 5325 crederet?
3375 5273 3498 5325 dico
3530 5282 3656 5353 iam
3702 5279 4025 5333 occidenta-

2471 5354 2629 5421 lium,
2677 5373 2840 5426 quam
2893 5360 3243 5413 orientalium
3300 5353 3542 5418 Patrum,
3589 5376 3731 5428 quos
3780 5378 4020 5421 consona

2470 5444 2690 5509 dicere,
2728 5450 3087 5519 eamdemque
3132 5453 3416 5505 veritatem
3463 5451 3781 5518 exprimere
3838 5458 4022 5510 verbis

2469 5533 2857 5591 diﬂ'erentibus
2882 5538 3112 5591 ﬁrmiter
3143 5540 3434 5595 tenendum
3463 5549 3569 5601 cst,
3605 5553 3775 5607 prout
3800 5544 3860 5597 in
3894 5546 4019 5613 dog-

2466 5626 2663 5681 matico
2697 5627 2828 5681 satis
2865 5629 3113 5699 probavi.
3144 5630 3275 5697 Ipsa:
3303 5630 3467 5698 igitur
3501 5634 3869 5690 auctoritates
3903 5635 4024 5689 sub:
