  <div class='ocr_page' id='page_1' title='image "/cluster/home/n/w/nwhite01/storage/ocr_20150623/161/pst.000005714834/316.png"; bbox 0 0 4122 6326; ppageno 0'>
   <div class='ocr_carea' id='block_1_1' title="bbox 142 229 254 293">
    <p class='ocr_par' dir='ltr' id='par_1_1' title="bbox 142 229 254 293">
     <span class='ocr_line' id='line_1_1' title="bbox 142 229 254 293; baseline 0 0"><span class='ocrx_word' id='word_1_1' title='bbox 142 229 254 293; x_wconf 69' lang='grc' dir='ltr'><strong>ιῖὂ</strong></span> 
     </span>
    </p>
   </div>
   <div class='ocr_carea' id='block_1_2' title="bbox 1056 215 2440 341">
    <p class='ocr_par' dir='ltr' id='par_1_2' title="bbox 1056 215 2440 341">
     <span class='ocr_line' id='line_1_2' title="bbox 1056 215 2440 341; baseline 0.008 -32"><span class='ocrx_word' id='word_1_2' title='bbox 1056 215 1154 309; x_wconf 77' lang='lat' dir='ltr'><strong>ns</strong></span> <span class='ocrx_word' id='word_1_3' title='bbox 1190 251 2112 341; x_wconf 76' lang='lat' dir='ltr'><strong>PROCESSIONE‘SPIRITUS</strong></span> <span class='ocrx_word' id='word_1_4' title='bbox 2152 259 2440 320; x_wconf 56' lang='lat' dir='ltr'><strong>sum.</strong></span> 
     </span>
    </p>
   </div>
   <div class='ocr_carea' id='block_1_3' title="bbox 3248 220 3377 326">
    <p class='ocr_par' dir='ltr' id='par_1_3' title="bbox 3248 220 3377 326">
     <span class='ocr_line' id='line_1_3' title="bbox 3248 220 3377 326; baseline 0.008 -1"><span class='ocrx_word' id='word_1_5' title='bbox 3248 264 3355 326; x_wconf 69' lang='lat' dir='ltr'><strong>tas</strong></span> 
     </span>
    </p>
   </div>
   <div class='ocr_carea' id='block_1_4' title="bbox 143 346 3352 447">
    <p class='ocr_par' dir='ltr' id='par_1_4' title="bbox 143 346 3352 447">
     <span class='ocr_line' id='line_1_4' title="bbox 143 346 3352 447; baseline 0.01 -53"><span class='ocrx_word' id='word_1_6' title='bbox 143 358 247 413; x_wconf 83' lang='lat' dir='ltr'><strong>per</strong></span> <span class='ocrx_word' id='word_1_7' title='bbox 371 346 516 447; x_wconf 70' lang='lat' dir='ltr'><strong>ipsas</strong></span> <span class='ocrx_word' id='word_1_8' title='bbox 545 351 679 406; x_wconf 88' lang='lat' dir='ltr'><strong>satis</strong></span> <span class='ocrx_word' id='word_1_9' title='bbox 716 354 814 409; x_wconf 98' lang='lat' dir='ltr'><strong>tibi</strong></span> <span class='ocrx_word' id='word_1_10' title='bbox 867 362 927 409; x_wconf 84' lang='lat' dir='ltr'><strong>et</strong></span> <span class='ocrx_word' id='word_1_11' title='bbox 958 357 1085 413; x_wconf 88' lang='lat' dir='ltr'><strong>aliis</strong></span> <span class='ocrx_word' id='word_1_12' title='bbox 1114 372 1300 427; x_wconf 88' lang='lat' dir='ltr'><strong>erunt,</strong></span> <span class='ocrx_word' id='word_1_13' title='bbox 1331 367 1699 423; x_wconf 83' lang='lat' dir='ltr'><strong>clementissi-</strong></span> <span class='ocrx_word' id='word_1_14' title='bbox 1729 381 1771 436; x_wconf 70' lang='grc' dir='ltr'><strong>Α</strong></span> <span class='ocrx_word' id='word_1_15' title='bbox 1800 370 2056 447; x_wconf 80' lang='lat' dir='ltr'><strong>sequitur</strong></span> <span class='ocrx_word' id='word_1_16' title='bbox 2073 373 2184 440; x_wconf 83' lang='lat' dir='ltr'><strong>jam</strong></span> <span class='ocrx_word' id='word_1_17' title='bbox 2205 375 2562 431; x_wconf 84' lang='lat' dir='ltr'><strong>constitutam</strong></span> <span class='ocrx_word' id='word_1_18' title='bbox 2593 373 3062 446; x_wconf 82' lang='lat' dir='ltr'><strong>ejus-personam.</strong></span> <span class='ocrx_word' id='word_1_19' title='bbox 3086 372 3352 436; x_wconf 78' lang='lat' dir='ltr'><strong>Secundo,</strong></span> 
     </span>
    </p>
   </div>
   <div class='ocr_carea' id='block_1_5' title="bbox 140 437 1696 525">
    <p class='ocr_par' dir='ltr' id='par_1_5' title="bbox 140 437 1696 525">
     <span class='ocr_line' id='line_1_5' title="bbox 140 437 1696 525; baseline 0.02 -41"><span class='ocrx_word' id='word_1_20' title='bbox 140 446 235 487; x_wconf 84' lang='lat' dir='ltr'><strong>me</strong></span> <span class='ocrx_word' id='word_1_21' title='bbox 277 437 381 500; x_wconf 82' lang='lat' dir='ltr'><strong>vir,</strong></span> <span class='ocrx_word' id='word_1_22' title='bbox 428 438 493 491; x_wconf 89' lang='lat' dir='ltr'><strong>ad</strong></span> <span class='ocrx_word' id='word_1_23' title='bbox 544 455 765 496; x_wconf 88' lang='lat' dir='ltr'><strong>omnem</strong></span> <span class='ocrx_word' id='word_1_24' title='bbox 808 447 1222 515; x_wconf 76' lang='lat' dir='ltr'><strong>ambiguitatem</strong></span> <span class='ocrx_word' id='word_1_25' title='bbox 1268 456 1588 520; x_wconf 76' lang='lat' dir='ltr'><strong>tollendam,</strong></span> <span class='ocrx_word' id='word_1_26' title='bbox 1641 469 1696 525; x_wconf 83' lang='lat' dir='ltr'><strong>et</strong></span> 
     </span>
    </p>
   </div>
   <div class='ocr_carea' id='block_1_6' title="bbox 140 528 1695 615">
    <p class='ocr_par' dir='ltr' id='par_1_6' title="bbox 140 528 1695 615">
     <span class='ocr_line' id='line_1_6' title="bbox 140 528 1695 615; baseline 0.017 -38"><span class='ocrx_word' id='word_1_27' title='bbox 140 538 307 580; x_wconf 86' lang='lat' dir='ltr'><strong>omne</strong></span> <span class='ocrx_word' id='word_1_28' title='bbox 360 528 589 584; x_wconf 89' lang='lat' dir='ltr'><strong>dubium</strong></span> <span class='ocrx_word' id='word_1_29' title='bbox 639 534 1001 592; x_wconf 79' lang='lat' dir='ltr'><strong>auferendum</strong></span> <span class='ocrx_word' id='word_1_30' title='bbox 1051 555 1082 594; x_wconf 89' lang='lat' dir='ltr'><strong>a</strong></span> <span class='ocrx_word' id='word_1_31' title='bbox 1129 558 1459 615; x_wconf 88' lang='lat' dir='ltr'><strong>quacunque</strong></span> <span class='ocrx_word' id='word_1_32' title='bbox 1488 537 1695 615; x_wconf 69' lang='lat' dir='ltr'><strong>anima</strong></span> 
     </span>
    </p>
   </div>
   <div class='ocr_carea' id='block_1_7' title="bbox 140 623 1696 709">
    <p class='ocr_par' dir='ltr' id='par_1_7' title="bbox 140 623 1696 709">
     <span class='ocr_line' id='line_1_7' title="bbox 140 623 1696 709; baseline 0.014 -40"><span class='ocrx_word' id='word_1_33' title='bbox 140 630 255 670; x_wconf 87' lang='lat' dir='ltr'><strong>non</strong></span> <span class='ocrx_word' id='word_1_34' title='bbox 284 623 652 709; x_wconf 81' lang='lat' dir='ltr'><strong>contentiosa.</strong></span> <span class='ocrx_word' id='word_1_35' title='bbox 679 626 895 682; x_wconf 86' lang='lat' dir='ltr'><strong>Etenim</strong></span> <span class='ocrx_word' id='word_1_36' title='bbox 921 646 1007 684; x_wconf 86' lang='lat' dir='ltr'><strong>me</strong></span> <span class='ocrx_word' id='word_1_37' title='bbox 1032 634 1331 697; x_wconf 10' lang='lat' dir='ltr'><strong>etiamrnon</strong></span> <span class='ocrx_word' id='word_1_38' title='bbox 1370 640 1696 709; x_wconf 65' lang='lat' dir='ltr'><strong>syllogismi,</strong></span> 
     </span>
    </p>
   </div>
   <div class='ocr_carea' id='block_1_8' title="bbox 139 708 1699 797">
    <p class='ocr_par' dir='ltr' id='par_1_8' title="bbox 139 708 1699 797">
     <span class='ocr_line' id='line_1_8' title="bbox 139 708 1699 797; baseline 0.019 -40"><span class='ocrx_word' id='word_1_39' title='bbox 139 720 250 760; x_wconf 84' lang='lat' dir='ltr'><strong>nec</strong></span> <span class='ocrx_word' id='word_1_40' title='bbox 279 708 812 771; x_wconf 75' lang='lat' dir='ltr'><strong>deutonstrationnm</strong></span> <span class='ocrx_word' id='word_1_41' title='bbox 852 723 1178 786; x_wconf 81' lang='lat' dir='ltr'><strong>necessitas.</strong></span> <span class='ocrx_word' id='word_1_42' title='bbox 1211 742 1318 780; x_wconf 90' lang='lat' dir='ltr'><strong>non</strong></span> <span class='ocrx_word' id='word_1_43' title='bbox 1349 708 1699 797; x_wconf 77' lang='lat' dir='ltr'><strong>argumenta-</strong></span> 
     </span>
    </p>
   </div>
   <div class='ocr_carea' id='block_1_9' title="bbox 140 795 1697 875">
    <p class='ocr_par' dir='ltr' id='par_1_9' title="bbox 140 795 1697 875">
     <span class='ocr_line' id='line_1_9' title="bbox 140 795 1697 875; baseline 0.019 -28"><span class='ocrx_word' id='word_1_44' title='bbox 140 795 355 851; x_wconf 83' lang='lat' dir='ltr'><strong>tiennm</strong></span> <span class='ocrx_word' id='word_1_45' title='bbox 392 800 497 865; x_wconf 84' lang='lat' dir='ltr'><strong>vis,</strong></span> <span class='ocrx_word' id='word_1_46' title='bbox 529 803 633 858; x_wconf 84' lang='lat' dir='ltr'><strong>sed</strong></span> <span class='ocrx_word' id='word_1_47' title='bbox 656 806 786 873; x_wconf 62' lang='lat' dir='ltr'><strong>ipsa:</strong></span> <span class='ocrx_word' id='word_1_48' title='bbox 817 808 977 864; x_wconf 62' lang='lat' dir='ltr'><strong>nudae</strong></span> <span class='ocrx_word' id='word_1_49' title='bbox 1024 817 1380 871; x_wconf 73' lang='lat' dir='ltr'><strong>auctoritates</strong></span> <span class='ocrx_word' id='word_1_50' title='bbox 1413 795 1697 875; x_wconf 86' lang='lat' dir='ltr'><strong>doctorum</strong></span> 
     </span>
    </p>
   </div>
   <div class='ocr_carea' id='block_1_10' title="bbox 139 884 1717 963">
    <p class='ocr_par' dir='ltr' id='par_1_10' title="bbox 139 884 1717 963">
     <span class='ocr_line' id='line_1_10' title="bbox 139 884 1717 963; baseline 0.016 -25"><span class='ocrx_word' id='word_1_51' title='bbox 139 884 212 939; x_wconf 83' lang='lat' dir='ltr'><strong>ad</strong></span> <span class='ocrx_word' id='word_1_52' title='bbox 255 888 598 949; x_wconf 66' lang='lat' dir='ltr'><strong>credendam,</strong></span> <span class='ocrx_word' id='word_1_53' title='bbox 636 895 778 951; x_wconf 87' lang='lat' dir='ltr'><strong>hanc</strong></span> <span class='ocrx_word' id='word_1_54' title='bbox 826 898 1107 954; x_wconf 70' lang='lat' dir='ltr'><strong>veritatem</strong></span> <span class='ocrx_word' id='word_1_55' title='bbox 1157 904 1513 961; x_wconf 74' lang='lat' dir='ltr'><strong>induxerunt.</strong></span> <span class='ocrx_word' id='word_1_56' title='bbox 1561 908 1717 963; x_wconf 86' lang='lat' dir='ltr'><strong>Cnm‘</strong></span> 
     </span>
    </p>
   </div>
   <div class='ocr_carea' id='block_1_11' title="bbox 137 976 1699 1062">
    <p class='ocr_par' dir='ltr' id='par_1_11' title="bbox 137 976 1699 1062">
     <span class='ocr_line' id='line_1_11' title="bbox 137 976 1699 1062; baseline 0.017 -34"><span class='ocrx_word' id='word_1_57' title='bbox 137 976 288 1028; x_wconf 83' lang='lat' dir='ltr'><strong>enim</strong></span> <span class='ocrx_word' id='word_1_58' title='bbox 336 980 596 1042; x_wconf 76' lang='lat' dir='ltr'><strong>vidissem</strong></span> <span class='ocrx_word' id='word_1_59' title='bbox 642 994 700 1039; x_wconf 92' lang='lat' dir='ltr'><strong>et</strong></span> <span class='ocrx_word' id='word_1_60' title='bbox 750 989 1089 1062; x_wconf 81' lang='lat' dir='ltr'><strong>audivissem</strong></span> <span class='ocrx_word' id='word_1_61' title='bbox 1141 1008 1270 1058; x_wconf 87' lang='lat' dir='ltr'><strong>eas,</strong></span> <span class='ocrx_word' id='word_1_62' title='bbox 1316 996 1499 1050; x_wconf 87' lang='lat' dir='ltr'><strong>subito</strong></span> <span class='ocrx_word' id='word_1_63' title='bbox 1549 1002 1699 1055; x_wconf 87' lang='lat' dir='ltr'><strong>omni</strong></span> 
     </span>
    </p>
   </div>
   <div class='ocr_carea' id='block_1_12' title="bbox 137 1070 1698 1156">
    <p class='ocr_par' dir='ltr' id='par_1_12' title="bbox 137 1070 1698 1156">
     <span class='ocr_line' id='line_1_12' title="bbox 137 1070 1698 1156; baseline 0.017 -39"><span class='ocrx_word' id='word_1_64' title='bbox 137 1070 490 1126; x_wconf 76' lang='lat' dir='ltr'><strong>contentione</strong></span> <span class='ocrx_word' id='word_1_65' title='bbox 522 1083 579 1127; x_wconf 82' lang='lat' dir='ltr'><strong>et</strong></span> <span class='ocrx_word' id='word_1_66' title='bbox 619 1078 1048 1141; x_wconf 81' lang='lat' dir='ltr'><strong>contradictione</strong></span> <span class='ocrx_word' id='word_1_67' title='bbox 1105 1087 1425 1150; x_wconf 79' lang='lat' dir='ltr'><strong>postposita,</strong></span> <span class='ocrx_word' id='word_1_68' title='bbox 1451 1089 1698 1156; x_wconf 84' lang='lat' dir='ltr'><strong>acquievi</strong></span> 
     </span>
    </p>
   </div>
   <div class='ocr_carea' id='block_1_13' title="bbox 137 1161 1702 1245">
    <p class='ocr_par' dir='ltr' id='par_1_13' title="bbox 137 1161 1702 1245">
     <span class='ocr_line' id='line_1_13' title="bbox 137 1161 1702 1245; baseline 0.017 -37"><span class='ocrx_word' id='word_1_69' title='bbox 137 1161 460 1245; x_wconf 68' lang='lat' dir='ltr'><strong>auctoritati</strong></span> <span class='ocrx_word' id='word_1_70' title='bbox 511 1161 842 1218; x_wconf 85' lang='lat' dir='ltr'><strong>dicentium.</strong></span> <span class='ocrx_word' id='word_1_71' title='bbox 891 1169 1140 1245; x_wconf 12' lang='lat' dir='ltr'><strong>Ju‘dicavi</strong></span> <span class='ocrx_word' id='word_1_72' title='bbox 1194 1189 1429 1245; x_wconf 81' lang='lat' dir='ltr'><strong>namque</strong></span> <span class='ocrx_word' id='word_1_73' title='bbox 1481 1190 1702 1234; x_wconf 86' lang='lat' dir='ltr'><strong>sanctos</strong></span> 
     </span>
    </p>
   </div>
   <div class='ocr_carea' id='block_1_14' title="bbox 137 1241 1703 1331">
    <p class='ocr_par' dir='ltr' id='par_1_14' title="bbox 137 1241 1703 1331">
     <span class='ocr_line' id='line_1_14' title="bbox 137 1241 1703 1331; baseline 0.015 -34"><span class='ocrx_word' id='word_1_74' title='bbox 137 1242 335 1301; x_wconf 78' lang='lat' dir='ltr'><strong>Patres</strong></span> <span class='ocrx_word' id='word_1_75' title='bbox 389 1249 604 1318; x_wconf 85' lang='lat' dir='ltr'><strong>Spiritu</strong></span> <span class='ocrx_word' id='word_1_76' title='bbox 649 1266 840 1309; x_wconf 89' lang='lat' dir='ltr'><strong>sancto</strong></span> <span class='ocrx_word' id='word_1_77' title='bbox 880 1242 1195 1324; x_wconf 82' lang='lat' dir='ltr'><strong>loquentes,</strong></span> <span class='ocrx_word' id='word_1_78' title='bbox 1221 1241 1355 1313; x_wconf 42' lang='lat' dir='ltr'><strong>&#39;non</strong></span> <span class='ocrx_word' id='word_1_79' title='bbox 1394 1266 1635 1331; x_wconf 87' lang='lat' dir='ltr'><strong>potuisse</strong></span> <span class='ocrx_word' id='word_1_80' title='bbox 1672 1283 1703 1321; x_wconf 87' lang='lat' dir='ltr'><strong>a</strong></span> 
     </span>
    </p>
   </div>
   <div class='ocr_carea' id='block_1_15' title="bbox 138 1334 1703 1420">
    <p class='ocr_par' dir='ltr' id='par_1_15' title="bbox 138 1334 1703 1420">
     <span class='ocr_line' id='line_1_15' title="bbox 138 1334 1703 1420; baseline 0.015 -36"><span class='ocrx_word' id='word_1_81' title='bbox 138 1334 378 1390; x_wconf 78' lang='lat' dir='ltr'><strong>veritate</strong></span> <span class='ocrx_word' id='word_1_82' title='bbox 426 1339 763 1401; x_wconf 82' lang='lat' dir='ltr'><strong>discessisse.</strong></span> <span class='ocrx_word' id='word_1_83' title='bbox 814 1343 993 1408; x_wconf 84' lang='lat' dir='ltr'><strong>Quare</strong></span> <span class='ocrx_word' id='word_1_84' title='bbox 1066 1362 1176 1401; x_wconf 90' lang='lat' dir='ltr'><strong>non</strong></span> <span class='ocrx_word' id='word_1_85' title='bbox 1230 1350 1405 1402; x_wconf 89' lang='lat' dir='ltr'><strong>solum</strong></span> <span class='ocrx_word' id='word_1_86' title='bbox 1438 1354 1703 1420; x_wconf 73' lang='lat' dir='ltr'><strong>acquievi,</strong></span> 
     </span>
    </p>
   </div>
   <div class='ocr_carea' id='block_1_16' title="bbox 136 1429 1696 1509">
    <p class='ocr_par' dir='ltr' id='par_1_16' title="bbox 136 1429 1696 1509">
     <span class='ocr_line' id='line_1_16' title="bbox 136 1429 1696 1509; baseline 0.014 -33"><span class='ocrx_word' id='word_1_87' title='bbox 136 1436 336 1479; x_wconf 77' lang='lat' dir='ltr'><strong>verum</strong></span> <span class='ocrx_word' id='word_1_88' title='bbox 365 1429 531 1482; x_wconf 90' lang='lat' dir='ltr'><strong>etiam</strong></span> <span class='ocrx_word' id='word_1_89' title='bbox 556 1432 763 1498; x_wconf 75' lang='lat' dir='ltr'><strong>gratias</strong></span> <span class='ocrx_word' id='word_1_90' title='bbox 784 1435 870 1501; x_wconf 71' lang='lat' dir='ltr'><strong>egi</strong></span> <span class='ocrx_word' id='word_1_91' title='bbox 896 1433 1165 1491; x_wconf 78' lang='lat' dir='ltr'><strong>Salvatori</strong></span> <span class='ocrx_word' id='word_1_92' title='bbox 1193 1452 1404 1503; x_wconf 82' lang='lat' dir='ltr'><strong>nostro,</strong></span> <span class='ocrx_word' id='word_1_93' title='bbox 1435 1444 1525 1509; x_wconf 88' lang='lat' dir='ltr'><strong>qui</strong></span> <span class='ocrx_word' id='word_1_94' title='bbox 1564 1444 1696 1499; x_wconf 90' lang='lat' dir='ltr'><strong>mihi</strong></span> 
     </span>
    </p>
   </div>
   <div class='ocr_carea' id='block_1_17' title="bbox 135 1513 1691 1599">
    <p class='ocr_par' dir='ltr' id='par_1_17' title="bbox 135 1513 1691 1599">
     <span class='ocr_line' id='line_1_17' title="bbox 135 1513 1691 1599; baseline 0.012 -32"><span class='ocrx_word' id='word_1_95' title='bbox 135 1513 388 1580; x_wconf 83' lang='lat' dir='ltr'><strong>donavit,</strong></span> <span class='ocrx_word' id='word_1_96' title='bbox 416 1530 471 1573; x_wconf 91' lang='lat' dir='ltr'><strong>et</strong></span> <span class='ocrx_word' id='word_1_97' title='bbox 495 1520 791 1585; x_wconf 82' lang='lat' dir='ltr'><strong>audivisse,</strong></span> <span class='ocrx_word' id='word_1_98' title='bbox 812 1534 868 1577; x_wconf 92' lang='lat' dir='ltr'><strong>et</strong></span> <span class='ocrx_word' id='word_1_99' title='bbox 893 1524 1244 1591; x_wconf 80' lang='lat' dir='ltr'><strong>intellexisse,</strong></span> <span class='ocrx_word' id='word_1_100' title='bbox 1272 1544 1392 1597; x_wconf 76' lang='lat' dir='ltr'><strong>qua:</strong></span> <span class='ocrx_word' id='word_1_101' title='bbox 1414 1546 1691 1599; x_wconf 79' lang='lat' dir='ltr'><strong>nunquam</strong></span> 
     </span>
    </p>
   </div>
   <div class='ocr_carea' id='block_1_18' title="bbox 144 1611 1729 1697">
    <p class='ocr_par' dir='ltr' id='par_1_18' title="bbox 144 1611 1729 1697">
     <span class='ocr_line' id='line_1_18' title="bbox 144 1611 1729 1697; baseline 0.012 -39"><span class='ocrx_word' id='word_1_102' title='bbox 144 1616 283 1661; x_wconf 81' lang='lat' dir='ltr'><strong>ante</strong></span> <span class='ocrx_word' id='word_1_103' title='bbox 320 1611 528 1666; x_wconf 78' lang='lat' dir='ltr'><strong>audivi.</strong></span> <span class='ocrx_word' id='word_1_104' title='bbox 567 1613 761 1669; x_wconf 80' lang='lat' dir='ltr'><strong>Nullus</strong></span> <span class='ocrx_word' id='word_1_105' title='bbox 790 1616 935 1670; x_wconf 90' lang='lat' dir='ltr'><strong>enim</strong></span> <span class='ocrx_word' id='word_1_106' title='bbox 968 1628 1277 1673; x_wconf 87' lang='lat' dir='ltr'><strong>nostrorum</strong></span> <span class='ocrx_word' id='word_1_107' title='bbox 1314 1637 1550 1697; x_wconf 82' lang='lat' dir='ltr'><strong>unquam</strong></span> <span class='ocrx_word' id='word_1_108' title='bbox 1581 1639 1696 1677; x_wconf 83' lang='lat' dir='ltr'><strong>cre-</strong></span> <span class='ocrx_word' id='word_1_109' title='bbox 1724 1642 1729 1643; x_wconf 49' lang='grc' dir='ltr'>ί</span> 
     </span>
    </p>
   </div>
   <div class='ocr_carea' id='block_1_19' title="bbox 1798 454 3351 535">
    <p class='ocr_par' dir='ltr' id='par_1_19' title="bbox 1798 454 3351 535">
     <span class='ocr_line' id='line_1_19' title="bbox 1798 454 3351 535; baseline 0.003 -18"><span class='ocrx_word' id='word_1_110' title='bbox 1798 478 1868 517; x_wconf 81' lang='lat' dir='ltr'><strong>an</strong></span> <span class='ocrx_word' id='word_1_111' title='bbox 1926 464 2001 518; x_wconf 87' lang='lat' dir='ltr'><strong>sit</strong></span> <span class='ocrx_word' id='word_1_112' title='bbox 2055 463 2179 527; x_wconf 87' lang='lat' dir='ltr'><strong>huc,</strong></span> <span class='ocrx_word' id='word_1_113' title='bbox 2216 464 2362 532; x_wconf 91' lang='lat' dir='ltr'><strong>quod</strong></span> <span class='ocrx_word' id='word_1_114' title='bbox 2415 454 2619 517; x_wconf 82' lang='lat' dir='ltr'><strong>dicitur</strong></span> <span class='ocrx_word' id='word_1_115' title='bbox 2652 478 2813 518; x_wconf 87' lang='lat' dir='ltr'><strong>causa</strong></span> <span class='ocrx_word' id='word_1_116' title='bbox 2850 465 2963 519; x_wconf 76' lang='lat' dir='ltr'><strong>sive</strong></span> <span class='ocrx_word' id='word_1_117' title='bbox 3008 468 3351 535; x_wconf 81' lang='lat' dir='ltr'><strong>prineipium.</strong></span> 
     </span>
    </p>
   </div>
   <div class='ocr_carea' id='block_1_20' title="bbox 1797 552 3357 611">
    <p class='ocr_par' dir='ltr' id='par_1_20' title="bbox 1797 552 3357 611">
     <span class='ocr_line' id='line_1_20' title="bbox 1797 552 3357 611; baseline 0.003 -5"><span class='ocrx_word' id='word_1_118' title='bbox 1797 552 1911 607; x_wconf 86' lang='lat' dir='ltr'><strong>Nec</strong></span> <span class='ocrx_word' id='word_1_119' title='bbox 1940 562 2120 607; x_wconf 87' lang='lat' dir='ltr'><strong>tamen</strong></span> <span class='ocrx_word' id='word_1_120' title='bbox 2152 554 2258 608; x_wconf 90' lang='lat' dir='ltr'><strong>hoc</strong></span> <span class='ocrx_word' id='word_1_121' title='bbox 2288 569 2474 607; x_wconf 82' lang='lat' dir='ltr'><strong>verum</strong></span> <span class='ocrx_word' id='word_1_122' title='bbox 2511 560 2617 608; x_wconf 89' lang='lat' dir='ltr'><strong>est.</strong></span> <span class='ocrx_word' id='word_1_123' title='bbox 2654 554 2789 607; x_wconf 80' lang='lat' dir='ltr'><strong>Nam</strong></span> <span class='ocrx_word' id='word_1_124' title='bbox 2819 556 2865 609; x_wconf 90' lang='lat' dir='ltr'><strong>si</strong></span> <span class='ocrx_word' id='word_1_125' title='bbox 2910 556 3024 610; x_wconf 73' lang='lat' dir='ltr'><strong>lucc</strong></span> <span class='ocrx_word' id='word_1_126' title='bbox 3055 570 3201 610; x_wconf 79' lang='lat' dir='ltr'><strong>esset</strong></span> <span class='ocrx_word' id='word_1_127' title='bbox 3227 574 3357 611; x_wconf 89' lang='lat' dir='ltr'><strong>con-</strong></span> 
     </span>
    </p>
   </div>
   <div class='ocr_carea' id='block_1_21' title="bbox 1798 643 3354 721">
    <p class='ocr_par' dir='ltr' id='par_1_21' title="bbox 1798 643 3354 721">
     <span class='ocr_line' id='line_1_21' title="bbox 1798 643 3354 721; baseline 0.004 -24"><span class='ocrx_word' id='word_1_128' title='bbox 1798 643 2039 698; x_wconf 79' lang='lat' dir='ltr'><strong>stitutiva</strong></span> <span class='ocrx_word' id='word_1_129' title='bbox 2080 643 2199 713; x_wconf 80' lang='lat' dir='ltr'><strong>ejus</strong></span> <span class='ocrx_word' id='word_1_130' title='bbox 2231 645 2425 712; x_wconf 78' lang='lat' dir='ltr'><strong>forma,</strong></span> <span class='ocrx_word' id='word_1_131' title='bbox 2453 660 2617 700; x_wconf 88' lang='lat' dir='ltr'><strong>causa</strong></span> <span class='ocrx_word' id='word_1_132' title='bbox 2648 645 2766 700; x_wconf 89' lang='lat' dir='ltr'><strong>sive</strong></span> <span class='ocrx_word' id='word_1_133' title='bbox 2802 648 3125 721; x_wconf 76' lang='lat' dir='ltr'><strong>principium</strong></span> <span class='ocrx_word' id='word_1_134' title='bbox 3154 650 3354 716; x_wconf 85' lang='lat' dir='ltr'><strong>potius.</strong></span> 
     </span>
    </p>
   </div>
   <div class='ocr_carea' id='block_1_22' title="bbox 1796 730 3354 802">
    <p class='ocr_par' dir='ltr' id='par_1_22' title="bbox 1796 730 3354 802">
     <span class='ocr_line' id='line_1_22' title="bbox 1796 730 3354 802; baseline 0.003 -16"><span class='ocrx_word' id='word_1_135' title='bbox 1796 748 1962 802; x_wconf 82' lang='lat' dir='ltr'><strong>quam</strong></span> <span class='ocrx_word' id='word_1_136' title='bbox 1996 734 2157 788; x_wconf 88' lang='lat' dir='ltr'><strong>Pater</strong></span> <span class='ocrx_word' id='word_1_137' title='bbox 2185 730 2484 791; x_wconf 79' lang='lat' dir='ltr'><strong>diceretur.</strong></span> <span class='ocrx_word' id='word_1_138' title='bbox 2536 736 2605 790; x_wconf 81' lang='lat' dir='ltr'><strong>At</strong></span> <span class='ocrx_word' id='word_1_139' title='bbox 2646 735 2716 791; x_wconf 88' lang='lat' dir='ltr'><strong>ab</strong></span> <span class='ocrx_word' id='word_1_140' title='bbox 2750 737 3006 791; x_wconf 85' lang='lat' dir='ltr'><strong>omnibus</strong></span> <span class='ocrx_word' id='word_1_141' title='bbox 3035 736 3354 791; x_wconf 86' lang='lat' dir='ltr'><strong>doctoribus</strong></span> 
     </span>
    </p>
   </div>
   <div class='ocr_carea' id='block_1_23' title="bbox 1798 824 3349 886">
    <p class='ocr_par' dir='ltr' id='par_1_23' title="bbox 1798 824 3349 886">
     <span class='ocr_line' id='line_1_23' title="bbox 1798 824 3349 886; baseline 0.003 -10"><span class='ocrx_word' id='word_1_142' title='bbox 1798 824 2161 877; x_wconf 84' lang='lat' dir='ltr'><strong>communiter</strong></span> <span class='ocrx_word' id='word_1_143' title='bbox 2212 826 2373 881; x_wconf 81' lang='lat' dir='ltr'><strong>Pater</strong></span> <span class='ocrx_word' id='word_1_144' title='bbox 2446 826 2782 880; x_wconf 87' lang='lat' dir='ltr'><strong>nominatur.</strong></span> <span class='ocrx_word' id='word_1_145' title='bbox 2834 826 2967 880; x_wconf 87' lang='lat' dir='ltr'><strong>ltcm</strong></span> <span class='ocrx_word' id='word_1_146' title='bbox 3014 842 3137 878; x_wconf 89' lang='lat' dir='ltr'><strong>cum</strong></span> <span class='ocrx_word' id='word_1_147' title='bbox 3188 841 3349 886; x_wconf 85' lang='lat' dir='ltr'><strong>causa</strong></span> 
     </span>
    </p>
   </div>
   <div class='ocr_carea' id='block_1_24' title="bbox 1798 914 3353 984">
    <p class='ocr_par' dir='ltr' id='par_1_24' title="bbox 1798 914 3353 984">
     <span class='ocr_line' id='line_1_24' title="bbox 1798 914 3353 984; baseline 0.001 -17"><span class='ocrx_word' id='word_1_148' title='bbox 1798 914 1913 968; x_wconf 87' lang='lat' dir='ltr'><strong>sive</strong></span> <span class='ocrx_word' id='word_1_149' title='bbox 1958 914 2292 983; x_wconf 81' lang='lat' dir='ltr'><strong>principium</strong></span> <span class='ocrx_word' id='word_1_150' title='bbox 2332 916 2638 970; x_wconf 73' lang='lat' dir='ltr'><strong>universale</strong></span> <span class='ocrx_word' id='word_1_151' title='bbox 2678 916 2950 984; x_wconf 81' lang='lat' dir='ltr'><strong>quiddam</strong></span> <span class='ocrx_word' id='word_1_152' title='bbox 2991 916 3084 975; x_wconf 88' lang='lat' dir='ltr'><strong>sit,</strong></span> <span class='ocrx_word' id='word_1_153' title='bbox 3128 917 3231 968; x_wconf 85' lang='lat' dir='ltr'><strong>hoc</strong></span> <span class='ocrx_word' id='word_1_154' title='bbox 3266 917 3353 969; x_wconf 48' lang='lat' dir='ltr'><strong>di-</strong></span> 
     </span>
    </p>
   </div>
   <div class='ocr_carea' id='block_1_25' title="bbox 1800 1004 3375 1073">
    <p class='ocr_par' dir='ltr' id='par_1_25' title="bbox 1800 1004 3375 1073">
     <span class='ocr_line' id='line_1_25' title="bbox 1800 1004 3375 1073; baseline 0.003 -19"><span class='ocrx_word' id='word_1_155' title='bbox 1800 1011 1948 1056; x_wconf 91' lang='lat' dir='ltr'><strong>ctum</strong></span> <span class='ocrx_word' id='word_1_156' title='bbox 1983 1015 2074 1061; x_wconf 82' lang='lat' dir='ltr'><strong>est</strong></span> <span class='ocrx_word' id='word_1_157' title='bbox 2121 1006 2423 1058; x_wconf 81' lang='lat' dir='ltr'><strong>secundum</strong></span> <span class='ocrx_word' id='word_1_158' title='bbox 2475 1004 2599 1059; x_wconf 80' lang='lat' dir='ltr'><strong>illus</strong></span> <span class='ocrx_word' id='word_1_159' title='bbox 2631 1006 3003 1073; x_wconf 73' lang='lat' dir='ltr'><strong>philosophos,</strong></span> <span class='ocrx_word' id='word_1_160' title='bbox 3039 1005 3131 1073; x_wconf 86' lang='lat' dir='ltr'><strong>qui</strong></span> <span class='ocrx_word' id='word_1_161' title='bbox 3168 1016 3375 1058; x_wconf 73' lang='lat' dir='ltr'><strong>teneut&#39;</strong></span> 
     </span>
    </p>
   </div>
   <div class='ocr_carea' id='block_1_26' title="bbox 1803 1084 3355 1161">
    <p class='ocr_par' dir='ltr' id='par_1_26' title="bbox 1803 1084 3355 1161">
     <span class='ocr_line' id='line_1_26' title="bbox 1803 1084 3355 1161; baseline 0.002 -18"><span class='ocrx_word' id='word_1_162' title='bbox 1803 1084 2271 1147; x_wconf 82' lang='lat' dir='ltr'><strong>universalitatem</strong></span> <span class='ocrx_word' id='word_1_163' title='bbox 2300 1093 2416 1146; x_wconf 80' lang='lat' dir='ltr'><strong>ﬁeri</strong></span> <span class='ocrx_word' id='word_1_164' title='bbox 2454 1109 2552 1161; x_wconf 91' lang='lat' dir='ltr'><strong>per</strong></span> <span class='ocrx_word' id='word_1_165' title='bbox 2578 1092 2916 1146; x_wconf 81' lang='lat' dir='ltr'><strong>intellectum</strong></span> <span class='ocrx_word' id='word_1_166' title='bbox 2945 1110 2959 1144; x_wconf 90' lang='lat'><strong>:</strong></span> <span class='ocrx_word' id='word_1_167' title='bbox 2985 1094 3028 1145; x_wconf 88' lang='lat' dir='ltr'><strong>si</strong></span> <span class='ocrx_word' id='word_1_168' title='bbox 3061 1102 3241 1146; x_wconf 80' lang='lat' dir='ltr'><strong>tamen</strong></span> <span class='ocrx_word' id='word_1_169' title='bbox 3270 1094 3355 1160; x_wconf 77' lang='lat' dir='ltr'><strong>di—</strong></span> 
     </span>
    </p>
   </div>
   <div class='ocr_carea' id='block_1_27' title="bbox 1803 1181 3355 1245">
    <p class='ocr_par' dir='ltr' id='par_1_27' title="bbox 1803 1181 3355 1245">
     <span class='ocr_line' id='line_1_27' title="bbox 1803 1181 3355 1245; baseline 0 -11"><span class='ocrx_word' id='word_1_170' title='bbox 1803 1192 2023 1236; x_wconf 87' lang='lat' dir='ltr'><strong>ceretur</strong></span> <span class='ocrx_word' id='word_1_171' title='bbox 2066 1183 2416 1245; x_wconf 69' lang='lat' dir='ltr'><strong>universalia,</strong></span> <span class='ocrx_word' id='word_1_172' title='bbox 2462 1184 2610 1236; x_wconf 91' lang='lat' dir='ltr'><strong>nullo</strong></span> <span class='ocrx_word' id='word_1_173' title='bbox 2654 1181 2815 1237; x_wconf 84' lang='lat' dir='ltr'><strong>modo</strong></span> <span class='ocrx_word' id='word_1_174' title='bbox 2849 1182 2918 1235; x_wconf 90' lang='lat' dir='ltr'><strong>ab</strong></span> <span class='ocrx_word' id='word_1_175' title='bbox 2948 1182 3226 1235; x_wconf 86' lang='lat' dir='ltr'><strong>intellectu</strong></span> <span class='ocrx_word' id='word_1_176' title='bbox 3256 1182 3355 1234; x_wconf 84' lang='lat' dir='ltr'><strong>de-</strong></span> 
     </span>
    </p>
   </div>
   <div class='ocr_carea' id='block_1_28' title="bbox 1803 1267 3355 1338">
    <p class='ocr_par' dir='ltr' id='par_1_28' title="bbox 1803 1267 3355 1338">
     <span class='ocr_line' id='line_1_28' title="bbox 1803 1267 3355 1338; baseline -0.002 -16"><span class='ocrx_word' id='word_1_177' title='bbox 1803 1271 2063 1338; x_wconf 85' lang='lat' dir='ltr'><strong>pendere,</strong></span> <span class='ocrx_word' id='word_1_178' title='bbox 2109 1270 2291 1323; x_wconf 90' lang='lat' dir='ltr'><strong>adhuc</strong></span> <span class='ocrx_word' id='word_1_179' title='bbox 2338 1285 2446 1323; x_wconf 89' lang='lat' dir='ltr'><strong>non</strong></span> <span class='ocrx_word' id='word_1_180' title='bbox 2493 1284 2616 1323; x_wconf 89' lang='lat' dir='ltr'><strong>esse</strong></span> <span class='ocrx_word' id='word_1_181' title='bbox 2668 1268 2985 1333; x_wconf 85' lang='lat' dir='ltr'><strong>dicendum,</strong></span> <span class='ocrx_word' id='word_1_182' title='bbox 3024 1267 3166 1335; x_wconf 87' lang='lat' dir='ltr'><strong>quod</strong></span> <span class='ocrx_word' id='word_1_183' title='bbox 3220 1267 3355 1319; x_wconf 90' lang='lat' dir='ltr'><strong>illud</strong></span> 
     </span>
    </p>
   </div>
   <div class='ocr_carea' id='block_1_29' title="bbox 1806 1355 3357 1425">
    <p class='ocr_par' dir='ltr' id='par_1_29' title="bbox 1806 1355 3357 1425">
     <span class='ocr_line' id='line_1_29' title="bbox 1806 1355 3357 1425; baseline -0.003 -15"><span class='ocrx_word' id='word_1_184' title='bbox 1806 1372 2094 1410; x_wconf 87' lang='lat' dir='ltr'><strong>commune</strong></span> <span class='ocrx_word' id='word_1_185' title='bbox 2142 1357 2472 1425; x_wconf 82' lang='lat' dir='ltr'><strong>principium</strong></span> <span class='ocrx_word' id='word_1_186' title='bbox 2508 1366 2657 1411; x_wconf 87' lang='lat' dir='ltr'><strong>esset</strong></span> <span class='ocrx_word' id='word_1_187' title='bbox 2691 1356 2923 1425; x_wconf 73' lang='lat' dir='ltr'><strong>alicujus</strong></span> <span class='ocrx_word' id='word_1_188' title='bbox 2962 1368 3209 1423; x_wconf 63' lang='lat' dir='ltr'><strong>personat</strong></span> <span class='ocrx_word' id='word_1_189' title='bbox 3251 1355 3357 1407; x_wconf 81' lang='lat' dir='ltr'><strong>lor-</strong></span> 
     </span>
    </p>
   </div>
   <div class='ocr_carea' id='block_1_30' title="bbox 1806 1444 3357 1511">
    <p class='ocr_par' dir='ltr' id='par_1_30' title="bbox 1806 1444 3357 1511">
     <span class='ocr_line' id='line_1_30' title="bbox 1806 1444 3357 1511; baseline 0 -14"><span class='ocrx_word' id='word_1_190' title='bbox 1806 1447 2019 1511; x_wconf 86' lang='lat' dir='ltr'><strong>maliter</strong></span> <span class='ocrx_word' id='word_1_191' title='bbox 2070 1448 2515 1509; x_wconf 88' lang='lat' dir='ltr'><strong>constitutivum,</strong></span> <span class='ocrx_word' id='word_1_192' title='bbox 2564 1459 2688 1500; x_wconf 85' lang='lat' dir='ltr'><strong>cum</strong></span> <span class='ocrx_word' id='word_1_193' title='bbox 2735 1444 3188 1499; x_wconf 88' lang='lat' dir='ltr'><strong>communicabile</strong></span> <span class='ocrx_word' id='word_1_194' title='bbox 3223 1446 3357 1497; x_wconf 77' lang='lat' dir='ltr'><strong>milli</strong></span> 
     </span>
    </p>
   </div>
   <div class='ocr_carea' id='block_1_31' title="bbox 1806 1516 3361 1603">
    <p class='ocr_par' dir='ltr' id='par_1_31' title="bbox 1806 1516 3361 1603">
     <span class='ocr_line' id='line_1_31' title="bbox 1806 1516 3361 1603; baseline -0.001 -14"><span class='ocrx_word' id='word_1_195' title='bbox 1806 1516 1899 1590; x_wconf 86' lang='lat' dir='ltr'><strong>det</strong></span> <span class='ocrx_word' id='word_1_196' title='bbox 1948 1534 2253 1589; x_wconf 80' lang='lat' dir='ltr'><strong>formaliter</strong></span> <span class='ocrx_word' id='word_1_197' title='bbox 2298 1551 2420 1590; x_wconf 87' lang='lat' dir='ltr'><strong>esse</strong></span> <span class='ocrx_word' id='word_1_198' title='bbox 2471 1532 3012 1598; x_wconf 79' lang='lat' dir='ltr'><strong>iucommnhicabile,</strong></span> <span class='ocrx_word' id='word_1_199' title='bbox 3044 1535 3183 1603; x_wconf 89' lang='lat' dir='ltr'><strong>quod</strong></span> <span class='ocrx_word' id='word_1_200' title='bbox 3228 1534 3361 1588; x_wconf 62' lang='lat' dir='ltr'><strong>facit</strong></span> 
     </span>
    </p>
   </div>
   <div class='ocr_carea' id='block_1_32' title="bbox 1808 1625 3360 1695">
    <p class='ocr_par' dir='ltr' id='par_1_32' title="bbox 1808 1625 3360 1695">
     <span class='ocr_line' id='line_1_32' title="bbox 1808 1625 3360 1695; baseline -0.001 -17"><span class='ocrx_word' id='word_1_201' title='bbox 1808 1640 1936 1695; x_wconf 75' lang='lat' dir='ltr'><strong>erga</strong></span> <span class='ocrx_word' id='word_1_202' title='bbox 1986 1640 2276 1693; x_wconf 88' lang='lat' dir='ltr'><strong>personam</strong></span> <span class='ocrx_word' id='word_1_203' title='bbox 2326 1625 2554 1680; x_wconf 70' lang='lat' dir='ltr'><strong>turmale</strong></span> <span class='ocrx_word' id='word_1_204' title='bbox 2601 1625 2775 1693; x_wconf 84' lang='lat' dir='ltr'><strong>ipsius</strong></span> <span class='ocrx_word' id='word_1_205' title='bbox 2825 1625 3258 1684; x_wconf 78' lang='lat' dir='ltr'><strong>constitutivum.</strong></span> <span class='ocrx_word' id='word_1_206' title='bbox 3306 1634 3360 1676; x_wconf 89' lang='lat' dir='ltr'><strong>et</strong></span> 
     </span>
    </p>
   </div>
   <div class='ocr_carea' id='block_1_33' title="bbox 136 1697 3359 1784">
    <p class='ocr_par' dir='ltr' id='par_1_33' title="bbox 136 1697 3359 1784">
     <span class='ocr_line' id='line_1_33' title="bbox 136 1697 3359 1784; baseline 0.006 -36"><span class='ocrx_word' id='word_1_207' title='bbox 136 1697 281 1750; x_wconf 86' lang='lat' dir='ltr'><strong>didit</strong></span> <span class='ocrx_word' id='word_1_208' title='bbox 308 1710 387 1753; x_wconf 92' lang='lat' dir='ltr'><strong>tot</strong></span> <span class='ocrx_word' id='word_1_209' title='bbox 413 1705 1140 1769; x_wconf 84' lang='lat' dir='ltr'><strong>auctoritatibusdoctorum</strong></span> <span class='ocrx_word' id='word_1_210' title='bbox 1168 1713 1500 1779; x_wconf 82' lang='lat' dir='ltr'><strong>propositam</strong></span> <span class='ocrx_word' id='word_1_211' title='bbox 1542 1730 1688 1783; x_wconf 67' lang='lat' dir='ltr'><strong>quaa-</strong></span> <span class='ocrx_word' id='word_1_212' title='bbox 1725 1698 1764 1752; x_wconf 75' lang='grc' dir='ltr'><strong>Β</strong></span> <span class='ocrx_word' id='word_1_213' title='bbox 1803 1724 1911 1768; x_wconf 88' lang='lat' dir='ltr'><strong>tam</strong></span> <span class='ocrx_word' id='word_1_214' title='bbox 1934 1716 2008 1769; x_wconf 85' lang='lat' dir='ltr'><strong>de</strong></span> <span class='ocrx_word' id='word_1_215' title='bbox 2034 1716 2214 1781; x_wconf 84' lang='lat' dir='ltr'><strong>Patre,</strong></span> <span class='ocrx_word' id='word_1_216' title='bbox 2247 1731 2409 1784; x_wconf 90' lang='lat' dir='ltr'><strong>quam</strong></span> <span class='ocrx_word' id='word_1_217' title='bbox 2443 1716 2513 1769; x_wconf 89' lang='lat' dir='ltr'><strong>de</strong></span> <span class='ocrx_word' id='word_1_218' title='bbox 2544 1714 2788 1783; x_wconf 83' lang='lat' dir='ltr'><strong>spirante</strong></span> <span class='ocrx_word' id='word_1_219' title='bbox 2817 1716 3159 1783; x_wconf 65' lang='lat' dir='ltr'><strong>praedicetur,</strong></span> <span class='ocrx_word' id='word_1_220' title='bbox 3183 1716 3359 1768; x_wconf 84' lang='lat' dir='ltr'><strong>inten—</strong></span> 
     </span>
    </p>
   </div>
   <div class='ocr_carea' id='block_1_34' title="bbox 135 1787 1685 1870">
    <p class='ocr_par' dir='ltr' id='par_1_34' title="bbox 135 1787 1685 1870">
     <span class='ocr_line' id='line_1_34' title="bbox 135 1787 1685 1870; baseline 0.013 -32"><span class='ocrx_word' id='word_1_221' title='bbox 135 1787 377 1841; x_wconf 79' lang='lat' dir='ltr'><strong>stionem</strong></span> <span class='ocrx_word' id='word_1_222' title='bbox 406 1806 567 1859; x_wconf 89' lang='lat' dir='ltr'><strong>posse</strong></span> <span class='ocrx_word' id='word_1_223' title='bbox 595 1796 840 1862; x_wconf 86' lang='lat' dir='ltr'><strong>probari.</strong></span> <span class='ocrx_word' id='word_1_224' title='bbox 874 1797 944 1851; x_wconf 88' lang='lat' dir='ltr'><strong>Et</strong></span> <span class='ocrx_word' id='word_1_225' title='bbox 977 1799 1071 1851; x_wconf 90' lang='lat' dir='ltr'><strong>tibi</strong></span> <span class='ocrx_word' id='word_1_226' title='bbox 1116 1801 1305 1870; x_wconf 75' lang='lat' dir='ltr'><strong>igitur,</strong></span> <span class='ocrx_word' id='word_1_227' title='bbox 1336 1803 1424 1856; x_wconf 90' lang='lat' dir='ltr'><strong>cui</strong></span> <span class='ocrx_word' id='word_1_228' title='bbox 1454 1818 1547 1867; x_wconf 86' lang='lat' dir='ltr'><strong>cor</strong></span> <span class='ocrx_word' id='word_1_229' title='bbox 1580 1805 1685 1857; x_wconf 82' lang='lat' dir='ltr'><strong>hn-</strong></span> 
     </span>
    </p>
   </div>
   <div class='ocr_carea' id='block_1_35' title="bbox 140 1878 1690 1961">
    <p class='ocr_par' dir='ltr' id='par_1_35' title="bbox 140 1878 1690 1961">
     <span class='ocr_line' id='line_1_35' title="bbox 140 1878 1690 1961; baseline 0.012 -32"><span class='ocrx_word' id='word_1_230' title='bbox 140 1878 299 1941; x_wconf 83' lang='lat' dir='ltr'><strong>mile,</strong></span> <span class='ocrx_word' id='word_1_231' title='bbox 351 1891 408 1933; x_wconf 92' lang='lat' dir='ltr'><strong>et</strong></span> <span class='ocrx_word' id='word_1_232' title='bbox 456 1884 637 1938; x_wconf 83' lang='lat' dir='ltr'><strong>anima.</strong></span> <span class='ocrx_word' id='word_1_233' title='bbox 682 1886 797 1939; x_wconf 77' lang='lat' dir='ltr'><strong>veri</strong></span> <span class='ocrx_word' id='word_1_234' title='bbox 849 1898 1112 1957; x_wconf 82' lang='lat' dir='ltr'><strong>appetens</strong></span> <span class='ocrx_word' id='word_1_235' title='bbox 1149 1902 1253 1952; x_wconf 89' lang='lat' dir='ltr'><strong>est.</strong></span> <span class='ocrx_word' id='word_1_236' title='bbox 1302 1894 1425 1945; x_wconf 87' lang='lat' dir='ltr'><strong>aliis</strong></span> <span class='ocrx_word' id='word_1_237' title='bbox 1472 1909 1690 1961; x_wconf 87' lang='lat' dir='ltr'><strong>quoque</strong></span> 
     </span>
    </p>
   </div>
   <div class='ocr_carea' id='block_1_36' title="bbox 133 1966 1692 2045">
    <p class='ocr_par' dir='ltr' id='par_1_36' title="bbox 133 1966 1692 2045">
     <span class='ocr_line' id='line_1_36' title="bbox 133 1966 1692 2045; baseline 0.008 -23"><span class='ocrx_word' id='word_1_238' title='bbox 133 1966 476 2026; x_wconf 80' lang='lat' dir='ltr'><strong>Christianis</strong></span> <span class='ocrx_word' id='word_1_239' title='bbox 507 1974 606 2027; x_wconf 86' lang='lat' dir='ltr'><strong>tibi</strong></span> <span class='ocrx_word' id='word_1_240' title='bbox 631 1976 927 2043; x_wconf 82' lang='lat' dir='ltr'><strong>similibus,</strong></span> <span class='ocrx_word' id='word_1_241' title='bbox 958 1980 1041 2034; x_wconf 75' lang='lat' dir='ltr'><strong>lue</strong></span> <span class='ocrx_word' id='word_1_242' title='bbox 1071 1982 1200 2035; x_wconf 69' lang='lat' dir='ltr'><strong>solae</strong></span> <span class='ocrx_word' id='word_1_243' title='bbox 1225 1984 1602 2045; x_wconf 87' lang='lat' dir='ltr'><strong>auctoritates,</strong></span> <span class='ocrx_word' id='word_1_244' title='bbox 1632 1992 1692 2035; x_wconf 88' lang='lat' dir='ltr'><strong>ut</strong></span> 
     </span>
    </p>
   </div>
   <div class='ocr_carea' id='block_1_37' title="bbox 137 2061 1698 2129">
    <p class='ocr_par' dir='ltr' id='par_1_37' title="bbox 137 2061 1698 2129">
     <span class='ocr_line' id='line_1_37' title="bbox 137 2061 1698 2129; baseline 0.01 -18"><span class='ocrx_word' id='word_1_245' title='bbox 137 2061 310 2129; x_wconf 87' lang='lat' dir='ltr'><strong>paulo</strong></span> <span class='ocrx_word' id='word_1_246' title='bbox 340 2072 469 2117; x_wconf 83' lang='lat' dir='ltr'><strong>ante</strong></span> <span class='ocrx_word' id='word_1_247' title='bbox 498 2065 634 2129; x_wconf 82' lang='lat' dir='ltr'><strong>dixi,</strong></span> <span class='ocrx_word' id='word_1_248' title='bbox 663 2067 801 2122; x_wconf 86' lang='lat' dir='ltr'><strong>satis</strong></span> <span class='ocrx_word' id='word_1_249' title='bbox 849 2082 1036 2123; x_wconf 90' lang='lat' dir='ltr'><strong>erunt.</strong></span> <span class='ocrx_word' id='word_1_250' title='bbox 1064 2071 1199 2124; x_wconf 88' lang='lat' dir='ltr'><strong>Cum</strong></span> <span class='ocrx_word' id='word_1_251' title='bbox 1232 2088 1367 2125; x_wconf 82' lang='lat' dir='ltr'><strong>vero</strong></span> <span class='ocrx_word' id='word_1_252' title='bbox 1394 2074 1566 2125; x_wconf 86' lang='lat' dir='ltr'><strong>etiam</strong></span> <span class='ocrx_word' id='word_1_253' title='bbox 1597 2073 1698 2127; x_wconf 90' lang='lat' dir='ltr'><strong>ali-</strong></span> 
     </span>
    </p>
   </div>
   <div class='ocr_carea' id='block_1_38' title="bbox 133 2156 1696 2232">
    <p class='ocr_par' dir='ltr' id='par_1_38' title="bbox 133 2156 1696 2232">
     <span class='ocr_line' id='line_1_38' title="bbox 133 2156 1696 2232; baseline 0.01 -27"><span class='ocrx_word' id='word_1_254' title='bbox 133 2168 284 2221; x_wconf 86' lang='lat' dir='ltr'><strong>quas</strong></span> <span class='ocrx_word' id='word_1_255' title='bbox 344 2156 585 2208; x_wconf 84' lang='lat' dir='ltr'><strong>rationes</strong></span> <span class='ocrx_word' id='word_1_256' title='bbox 633 2166 688 2211; x_wconf 89' lang='lat' dir='ltr'><strong>et</strong></span> <span class='ocrx_word' id='word_1_257' title='bbox 737 2160 1093 2227; x_wconf 85' lang='lat' dir='ltr'><strong>probationes</strong></span> <span class='ocrx_word' id='word_1_258' title='bbox 1130 2178 1157 2213; x_wconf 86' lang='lat' dir='ltr'><strong>a</strong></span> <span class='ocrx_word' id='word_1_259' title='bbox 1197 2178 1284 2215; x_wconf 87' lang='lat' dir='ltr'><strong>me</strong></span> <span class='ocrx_word' id='word_1_260' title='bbox 1312 2165 1563 2232; x_wconf 88' lang='lat' dir='ltr'><strong>petieris,</strong></span> <span class='ocrx_word' id='word_1_261' title='bbox 1605 2174 1696 2220; x_wconf 86' lang='lat' dir='ltr'><strong>tua</strong></span> 
     </span>
    </p>
   </div>
   <div class='ocr_carea' id='block_1_39' title="bbox 133 2244 1693 2319">
    <p class='ocr_par' dir='ltr' id='par_1_39' title="bbox 133 2244 1693 2319">
     <span class='ocr_line' id='line_1_39' title="bbox 133 2244 1693 2319; baseline 0.008 -24"><span class='ocrx_word' id='word_1_262' title='bbox 133 2245 316 2310; x_wconf 71' lang='lat' dir='ltr'><strong>gratia</strong></span> <span class='ocrx_word' id='word_1_263' title='bbox 343 2244 461 2299; x_wconf 63' lang='lat' dir='ltr'><strong>haec</strong></span> <span class='ocrx_word' id='word_1_264' title='bbox 482 2262 726 2313; x_wconf 84' lang='lat' dir='ltr'><strong>quoque,</strong></span> <span class='ocrx_word' id='word_1_265' title='bbox 755 2251 934 2315; x_wconf 83' lang='lat' dir='ltr'><strong>quoad</strong></span> <span class='ocrx_word' id='word_1_266' title='bbox 965 2260 1181 2318; x_wconf 86' lang='lat' dir='ltr'><strong>potero,</strong></span> <span class='ocrx_word' id='word_1_267' title='bbox 1206 2252 1450 2308; x_wconf 84' lang='lat' dir='ltr'><strong>breviter</strong></span> <span class='ocrx_word' id='word_1_268' title='bbox 1479 2255 1693 2319; x_wconf 78' lang='lat' dir='ltr'><strong>faciam,</strong></span> 
     </span>
    </p>
   </div>
   <div class='ocr_carea' id='block_1_40' title="bbox 133 2336 1689 2407">
    <p class='ocr_par' dir='ltr' id='par_1_40' title="bbox 133 2336 1689 2407">
     <span class='ocr_line' id='line_1_40' title="bbox 133 2336 1689 2407; baseline 0.009 -19"><span class='ocrx_word' id='word_1_269' title='bbox 133 2348 177 2388; x_wconf 65' lang='grc' dir='ltr'><strong>α</strong></span> <span class='ocrx_word' id='word_1_270' title='bbox 200 2348 357 2390; x_wconf 81' lang='lat' dir='ltr'><strong>sacra</strong></span> <span class='ocrx_word' id='word_1_271' title='bbox 384 2336 665 2407; x_wconf 85' lang='lat' dir='ltr'><strong>Scriptura</strong></span> <span class='ocrx_word' id='word_1_272' title='bbox 725 2349 780 2395; x_wconf 92' lang='lat' dir='ltr'><strong>et</strong></span> <span class='ocrx_word' id='word_1_273' title='bbox 817 2343 1103 2396; x_wconf 89' lang='lat' dir='ltr'><strong>doctorum</strong></span> <span class='ocrx_word' id='word_1_274' title='bbox 1142 2346 1561 2400; x_wconf 88' lang='lat' dir='ltr'><strong>auctoritatibus</strong></span> <span class='ocrx_word' id='word_1_275' title='bbox 1593 2363 1689 2401; x_wconf 86' lang='lat' dir='ltr'><strong>ar-</strong></span> 
     </span>
    </p>
   </div>
   <div class='ocr_carea' id='block_1_41' title="bbox 132 2431 1696 2506">
    <p class='ocr_par' dir='ltr' id='par_1_41' title="bbox 132 2431 1696 2506">
     <span class='ocr_line' id='line_1_41' title="bbox 132 2431 1696 2506; baseline 0.012 -27"><span class='ocrx_word' id='word_1_276' title='bbox 132 2441 338 2495; x_wconf 68' lang='lat' dir='ltr'><strong>guens,</strong></span> <span class='ocrx_word' id='word_1_277' title='bbox 377 2431 521 2497; x_wconf 90' lang='lat' dir='ltr'><strong>quod</strong></span> <span class='ocrx_word' id='word_1_278' title='bbox 566 2438 621 2485; x_wconf 83' lang='lat' dir='ltr'><strong>et</strong></span> <span class='ocrx_word' id='word_1_279' title='bbox 665 2434 713 2488; x_wconf 90' lang='lat' dir='ltr'><strong>si</strong></span> <span class='ocrx_word' id='word_1_280' title='bbox 763 2433 817 2487; x_wconf 91' lang='lat' dir='ltr'><strong>in</strong></span> <span class='ocrx_word' id='word_1_281' title='bbox 853 2450 1135 2498; x_wconf 82' lang='lat' dir='ltr'><strong>sermone,</strong></span> <span class='ocrx_word' id='word_1_282' title='bbox 1167 2453 1329 2506; x_wconf 87' lang='lat' dir='ltr'><strong>quem</strong></span> <span class='ocrx_word' id='word_1_283' title='bbox 1371 2440 1447 2494; x_wconf 92' lang='lat' dir='ltr'><strong>de</strong></span> <span class='ocrx_word' id='word_1_284' title='bbox 1495 2442 1696 2497; x_wconf 89' lang='lat' dir='ltr'><strong>unione</strong></span> 
     </span>
    </p>
   </div>
   <div class='ocr_carea' id='block_1_42' title="bbox 136 2518 1684 2586">
    <p class='ocr_par' dir='ltr' id='par_1_42' title="bbox 136 2518 1684 2586">
     <span class='ocr_line' id='line_1_42' title="bbox 136 2518 1684 2586; baseline 0.011 -17"><span class='ocrx_word' id='word_1_285' title='bbox 136 2518 421 2575; x_wconf 81' lang='lat' dir='ltr'><strong>edidimus</strong></span> <span class='ocrx_word' id='word_1_286' title='bbox 463 2521 669 2577; x_wconf 82' lang='lat' dir='ltr'><strong>factum</strong></span> <span class='ocrx_word' id='word_1_287' title='bbox 710 2524 803 2586; x_wconf 89' lang='lat' dir='ltr'><strong>sit,</strong></span> <span class='ocrx_word' id='word_1_288' title='bbox 846 2527 980 2580; x_wconf 89' lang='lat' dir='ltr'><strong>satis</strong></span> <span class='ocrx_word' id='word_1_289' title='bbox 1015 2536 1197 2582; x_wconf 90' lang='lat' dir='ltr'><strong>tamen</strong></span> <span class='ocrx_word' id='word_1_290' title='bbox 1228 2528 1318 2583; x_wconf 90' lang='lat' dir='ltr'><strong>hic</strong></span> <span class='ocrx_word' id='word_1_291' title='bbox 1346 2531 1509 2584; x_wconf 84' lang='lat' dir='ltr'><strong>etiam</strong></span> <span class='ocrx_word' id='word_1_292' title='bbox 1539 2531 1684 2586; x_wconf 86' lang='lat' dir='ltr'><strong>idem</strong></span> 
     </span>
    </p>
   </div>
   <div class='ocr_carea' id='block_1_43' title="bbox 133 2606 1693 2683">
    <p class='ocr_par' dir='ltr' id='par_1_43' title="bbox 133 2606 1693 2683">
     <span class='ocr_line' id='line_1_43' title="bbox 133 2606 1693 2683; baseline 0.01 -22"><span class='ocrx_word' id='word_1_293' title='bbox 133 2606 361 2671; x_wconf 82' lang='lat' dir='ltr'><strong>faciam,</strong></span> <span class='ocrx_word' id='word_1_294' title='bbox 406 2611 731 2683; x_wconf 84' lang='lat' dir='ltr'><strong>aliquasque</strong></span> <span class='ocrx_word' id='word_1_295' title='bbox 783 2618 1025 2673; x_wconf 86' lang='lat' dir='ltr'><strong>rationes</strong></span> <span class='ocrx_word' id='word_1_296' title='bbox 1072 2620 1127 2673; x_wconf 90' lang='lat' dir='ltr'><strong>in</strong></span> <span class='ocrx_word' id='word_1_297' title='bbox 1166 2620 1693 2677; x_wconf 39' lang='lat' dir='ltr'><strong>mediumraﬁeram.</strong></span> 
     </span>
    </p>
   </div>
   <div class='ocr_carea' id='block_1_44' title="bbox 134 2695 1696 2781">
    <p class='ocr_par' dir='ltr' id='par_1_44' title="bbox 134 2695 1696 2781">
     <span class='ocr_line' id='line_1_44' title="bbox 134 2695 1696 2781; baseline 0.01 -30"><span class='ocrx_word' id='word_1_298' title='bbox 134 2695 246 2759; x_wconf 70' lang='lat' dir='ltr'><strong>Sed</strong></span> <span class='ocrx_word' id='word_1_299' title='bbox 276 2711 569 2770; x_wconf 86' lang='lat' dir='ltr'><strong>antequam</strong></span> <span class='ocrx_word' id='word_1_300' title='bbox 591 2705 657 2759; x_wconf 89' lang='lat' dir='ltr'><strong>ad</strong></span> <span class='ocrx_word' id='word_1_301' title='bbox 680 2721 775 2760; x_wconf 89' lang='lat' dir='ltr'><strong>eas</strong></span> <span class='ocrx_word' id='word_1_302' title='bbox 794 2706 1144 2773; x_wconf 87' lang='lat' dir='ltr'><strong>descendam,</strong></span> <span class='ocrx_word' id='word_1_303' title='bbox 1173 2725 1402 2765; x_wconf 83' lang='lat' dir='ltr'><strong>necesse</strong></span> <span class='ocrx_word' id='word_1_304' title='bbox 1423 2727 1544 2766; x_wconf 87' lang='lat' dir='ltr'><strong>esse</strong></span> <span class='ocrx_word' id='word_1_305' title='bbox 1566 2722 1696 2781; x_wconf 90' lang='lat' dir='ltr'><strong>puto</strong></span> 
     </span>
    </p>
   </div>
   <div class='ocr_carea' id='block_1_45' title="bbox 136 2788 1695 2869">
    <p class='ocr_par' dir='ltr' id='par_1_45' title="bbox 136 2788 1695 2869">
     <span class='ocr_line' id='line_1_45' title="bbox 136 2788 1695 2869; baseline 0.01 -28"><span class='ocrx_word' id='word_1_306' title='bbox 136 2788 326 2857; x_wconf 86' lang='lat' dir='ltr'><strong>aliqua</strong></span> <span class='ocrx_word' id='word_1_307' title='bbox 360 2806 807 2865; x_wconf 76' lang='lat' dir='ltr'><strong>pracsupponere,</strong></span> <span class='ocrx_word' id='word_1_308' title='bbox 839 2805 896 2852; x_wconf 91' lang='lat' dir='ltr'><strong>ut</strong></span> <span class='ocrx_word' id='word_1_309' title='bbox 922 2812 987 2854; x_wconf 88' lang='lat' dir='ltr'><strong>ea</strong></span> <span class='ocrx_word' id='word_1_310' title='bbox 1008 2814 1129 2869; x_wconf 71' lang='lat' dir='ltr'><strong>qua</strong></span> <span class='ocrx_word' id='word_1_311' title='bbox 1151 2810 1473 2869; x_wconf 82' lang='lat' dir='ltr'><strong>sequentur,</strong></span> <span class='ocrx_word' id='word_1_312' title='bbox 1496 2801 1695 2856; x_wconf 87' lang='lat' dir='ltr'><strong>clarius</strong></span> 
     </span>
    </p>
   </div>
   <div class='ocr_carea' id='block_1_46' title="bbox 140 2879 548 2950">
    <p class='ocr_par' dir='ltr' id='par_1_46' title="bbox 140 2879 548 2950">
     <span class='ocr_line' id='line_1_46' title="bbox 140 2879 548 2950; baseline 0.01 -17"><span class='ocrx_word' id='word_1_313' title='bbox 140 2879 548 2950; x_wconf 61' lang='lat' dir='ltr'><strong>intelligantur.</strong></span> 
     </span>
    </p>
   </div>
   <div class='ocr_carea' id='block_1_47' title="bbox 1804 1806 3359 1873">
    <p class='ocr_par' dir='ltr' id='par_1_47' title="bbox 1804 1806 3359 1873">
     <span class='ocr_line' id='line_1_47' title="bbox 1804 1806 3359 1873; baseline 0.002 -16"><span class='ocrx_word' id='word_1_314' title='bbox 1804 1806 1880 1859; x_wconf 91' lang='lat' dir='ltr'><strong>tio</strong></span> <span class='ocrx_word' id='word_1_315' title='bbox 1932 1806 2176 1873; x_wconf 67' lang='lat' dir='ltr'><strong>quaedam</strong></span> <span class='ocrx_word' id='word_1_316' title='bbox 2225 1815 2328 1869; x_wconf 87' lang='lat' dir='ltr'><strong>est,</strong></span> <span class='ocrx_word' id='word_1_317' title='bbox 2375 1822 2484 1859; x_wconf 91' lang='lat' dir='ltr'><strong>non</strong></span> <span class='ocrx_word' id='word_1_318' title='bbox 2538 1820 2665 1859; x_wconf 84' lang='lat' dir='ltr'><strong>res:</strong></span> <span class='ocrx_word' id='word_1_319' title='bbox 2701 1806 2844 1873; x_wconf 87' lang='lat' dir='ltr'><strong>quod</strong></span> <span class='ocrx_word' id='word_1_320' title='bbox 2878 1816 3059 1858; x_wconf 85' lang='lat' dir='ltr'><strong>autem</strong></span> <span class='ocrx_word' id='word_1_321' title='bbox 3097 1816 3199 1868; x_wconf 91' lang='lat' dir='ltr'><strong>est,</strong></span> <span class='ocrx_word' id='word_1_322' title='bbox 3254 1807 3359 1860; x_wconf 82' lang='lat' dir='ltr'><strong>tale</strong></span> 
     </span>
    </p>
   </div>
   <div class='ocr_carea' id='block_1_48' title="bbox 1802 1898 3395 1958">
    <p class='ocr_par' dir='ltr' id='par_1_48' title="bbox 1802 1898 3395 1958">
     <span class='ocr_line' id='line_1_48' title="bbox 1802 1898 3395 1958; baseline 0 -9"><span class='ocrx_word' id='word_1_323' title='bbox 1802 1907 1885 1949; x_wconf 90' lang='lat' dir='ltr'><strong>est</strong></span> <span class='ocrx_word' id='word_1_324' title='bbox 1914 1911 2021 1951; x_wconf 89' lang='lat' dir='ltr'><strong>non</strong></span> <span class='ocrx_word' id='word_1_325' title='bbox 2049 1910 2147 1948; x_wconf 88' lang='lat' dir='ltr'><strong>ens</strong></span> <span class='ocrx_word' id='word_1_326' title='bbox 2168 1911 2317 1958; x_wconf 67' lang='lat' dir='ltr'><strong>;.non</strong></span> <span class='ocrx_word' id='word_1_327' title='bbox 2349 1910 2448 1948; x_wconf 86' lang='lat' dir='ltr'><strong>ens</strong></span> <span class='ocrx_word' id='word_1_328' title='bbox 2471 1904 2653 1949; x_wconf 88' lang='lat' dir='ltr'><strong>autem</strong></span> <span class='ocrx_word' id='word_1_329' title='bbox 2692 1911 2800 1949; x_wconf 89' lang='lat' dir='ltr'><strong>non</strong></span> <span class='ocrx_word' id='word_1_330' title='bbox 2829 1906 2911 1949; x_wconf 91' lang='lat' dir='ltr'><strong>est</strong></span> <span class='ocrx_word' id='word_1_331' title='bbox 2944 1898 3357 1950; x_wconf 84' lang='lat' dir='ltr'><strong>cunstitutivnm</strong></span> <span class='ocrx_word' id='word_1_332' title='bbox 3387 1912 3395 1919; x_wconf 87' lang='grc'>·</span> 
     </span>
    </p>
   </div>
   <div class='ocr_carea' id='block_1_49' title="bbox 1800 1984 3369 2055">
    <p class='ocr_par' dir='ltr' id='par_1_49' title="bbox 1800 1984 3369 2055">
     <span class='ocr_line' id='line_1_49' title="bbox 1800 1984 3369 2055; baseline 0.003 -19"><span class='ocrx_word' id='word_1_333' title='bbox 1800 1984 1939 2051; x_wconf 86' lang='lat' dir='ltr'><strong>ejus,</strong></span> <span class='ocrx_word' id='word_1_334' title='bbox 1966 1984 2058 2055; x_wconf 88' lang='lat' dir='ltr'><strong>qui</strong></span> <span class='ocrx_word' id='word_1_335' title='bbox 2090 1998 2260 2051; x_wconf 88' lang='lat' dir='ltr'><strong>super</strong></span> <span class='ocrx_word' id='word_1_336' title='bbox 2278 1999 2454 2038; x_wconf 90' lang='lat' dir='ltr'><strong>omne</strong></span> <span class='ocrx_word' id='word_1_337' title='bbox 2487 1999 2605 2038; x_wconf 89' lang='lat' dir='ltr'><strong>ens.</strong></span> <span class='ocrx_word' id='word_1_338' title='bbox 2654 1986 2839 2039; x_wconf 61' lang='grc' dir='ltr'><strong>[ἱρεῖαι</strong></span> <span class='ocrx_word' id='word_1_339' title='bbox 2872 1986 3034 2052; x_wconf 63' lang='lat' dir='ltr'><strong>igitur</strong></span> <span class='ocrx_word' id='word_1_340' title='bbox 3064 1998 3156 2040; x_wconf 86' lang='lat' dir='ltr'><strong>aut</strong></span> <span class='ocrx_word' id='word_1_341' title='bbox 3182 1998 3369 2055; x_wconf 39' lang='lat' dir='ltr'><strong>pater:</strong></span> 
     </span>
    </p>
   </div>
   <div class='ocr_carea' id='block_1_50' title="bbox 1802 2054 3377 2141">
    <p class='ocr_par' dir='ltr' id='par_1_50' title="bbox 1802 2054 3377 2141">
     <span class='ocr_line' id='line_1_50' title="bbox 1802 2054 3377 2141; baseline 0.004 -18"><span class='ocrx_word' id='word_1_342' title='bbox 1802 2054 2257 2137; x_wconf 32' lang='lat' dir='ltr'><strong>nitatem&#39;solam,</strong></span> <span class='ocrx_word' id='word_1_343' title='bbox 2289 2082 2384 2127; x_wconf 80' lang='lat' dir='ltr'><strong>aut</strong></span> <span class='ocrx_word' id='word_1_344' title='bbox 2427 2068 2779 2141; x_wconf 84' lang='lat' dir='ltr'><strong>spirationem</strong></span> <span class='ocrx_word' id='word_1_345' title='bbox 2821 2075 3015 2140; x_wconf 78' lang='lat' dir='ltr'><strong>solam,</strong></span> <span class='ocrx_word' id='word_1_346' title='bbox 3047 2084 3141 2129; x_wconf 87' lang='lat' dir='ltr'><strong>aut</strong></span> <span class='ocrx_word' id='word_1_347' title='bbox 3173 2077 3377 2132; x_wconf 75' lang='lat' dir='ltr'><strong>ambas-</strong></span> 
     </span>
    </p>
   </div>
   <div class='ocr_carea' id='block_1_51' title="bbox 1802 2165 3359 2235">
    <p class='ocr_par' dir='ltr' id='par_1_51' title="bbox 1802 2165 3359 2235">
     <span class='ocr_line' id='line_1_51' title="bbox 1802 2165 3359 2235; baseline -0.001 -16"><span class='ocrx_word' id='word_1_348' title='bbox 1802 2165 2187 2219; x_wconf 80' lang='lat' dir='ltr'><strong>eonstitntivas</strong></span> <span class='ocrx_word' id='word_1_349' title='bbox 2218 2181 2339 2219; x_wconf 89' lang='lat' dir='ltr'><strong>esse</strong></span> <span class='ocrx_word' id='word_1_350' title='bbox 2368 2180 2617 2235; x_wconf 75' lang='lat' dir='ltr'><strong>persona:</strong></span> <span class='ocrx_word' id='word_1_351' title='bbox 2644 2175 2905 2235; x_wconf 74' lang='lat' dir='ltr'><strong>paternae.</strong></span> <span class='ocrx_word' id='word_1_352' title='bbox 2936 2167 3000 2218; x_wconf 77' lang='lat' dir='ltr'><strong>At</strong></span> <span class='ocrx_word' id='word_1_353' title='bbox 3048 2166 3232 2219; x_wconf 60' lang='lat' dir='ltr'><strong>an&#39;ibas</strong></span> <span class='ocrx_word' id='word_1_354' title='bbox 3257 2169 3359 2218; x_wconf 80' lang='lat' dir='ltr'><strong>im-</strong></span> 
     </span>
    </p>
   </div>
   <div class='ocr_carea' id='block_1_52' title="bbox 1801 2256 3365 2325">
    <p class='ocr_par' dir='ltr' id='par_1_52' title="bbox 1801 2256 3365 2325">
     <span class='ocr_line' id='line_1_52' title="bbox 1801 2256 3365 2325; baseline 0.003 -16"><span class='ocrx_word' id='word_1_355' title='bbox 1801 2256 2066 2325; x_wconf 88' lang='lat' dir='ltr'><strong>possibile</strong></span> <span class='ocrx_word' id='word_1_356' title='bbox 2108 2266 2194 2312; x_wconf 91' lang='lat' dir='ltr'><strong>est</strong></span> <span class='ocrx_word' id='word_1_357' title='bbox 2242 2272 2363 2313; x_wconf 91' lang='lat' dir='ltr'><strong>esse</strong></span> <span class='ocrx_word' id='word_1_358' title='bbox 2413 2257 2481 2313; x_wconf 85' lang='lat' dir='ltr'><strong>iis</strong></span> <span class='ocrx_word' id='word_1_359' title='bbox 2532 2256 2854 2312; x_wconf 88' lang='lat' dir='ltr'><strong>rationibus.</strong></span> <span class='ocrx_word' id='word_1_360' title='bbox 2905 2256 2960 2311; x_wconf 90' lang='lat' dir='ltr'><strong>Si</strong></span> <span class='ocrx_word' id='word_1_361' title='bbox 3010 2258 3153 2310; x_wconf 88' lang='lat' dir='ltr'><strong>enim</strong></span> <span class='ocrx_word' id='word_1_362' title='bbox 3185 2258 3365 2313; x_wconf 69' lang='lat' dir='ltr'><strong>ambtr</strong></span> 
     </span>
    </p>
   </div>
   <div class='ocr_carea' id='block_1_53' title="bbox 1801 2346 3432 2416">
    <p class='ocr_par' dir='ltr' id='par_1_53' title="bbox 1801 2346 3432 2416">
     <span class='ocr_line' id='line_1_53' title="bbox 1801 2346 3432 2416; baseline -0.001 -18"><span class='ocrx_word' id='word_1_363' title='bbox 1801 2346 2202 2401; x_wconf 78' lang='lat' dir='ltr'><strong>constituerent</strong></span> <span class='ocrx_word' id='word_1_364' title='bbox 2234 2348 2410 2403; x_wconf 89' lang='lat' dir='ltr'><strong>Patris</strong></span> <span class='ocrx_word' id='word_1_365' title='bbox 2431 2364 2743 2416; x_wconf 88' lang='lat' dir='ltr'><strong>personam,</strong></span> <span class='ocrx_word' id='word_1_366' title='bbox 2764 2358 2859 2402; x_wconf 91' lang='lat' dir='ltr'><strong>ant</strong></span> <span class='ocrx_word' id='word_1_367' title='bbox 2880 2348 2953 2401; x_wconf 88' lang='lat' dir='ltr'><strong>ita</strong></span> <span class='ocrx_word' id='word_1_368' title='bbox 2979 2349 3148 2401; x_wconf 70' lang='lat' dir='ltr'><strong>ambae</strong></span> <span class='ocrx_word' id='word_1_369' title='bbox 3171 2348 3358 2413; x_wconf 83' lang='lat' dir='ltr'><strong>simul,</strong></span> <span class='ocrx_word' id='word_1_370' title='bbox 3419 2391 3432 2397; x_wconf 90' lang='lat'><strong>-</strong></span> 
     </span>
    </p>
   </div>
   <div class='ocr_carea' id='block_1_54' title="bbox 1802 2435 3360 2509">
    <p class='ocr_par' dir='ltr' id='par_1_54' title="bbox 1802 2435 3360 2509">
     <span class='ocr_line' id='line_1_54' title="bbox 1802 2435 3360 2509; baseline 0.002 -20"><span class='ocrx_word' id='word_1_371' title='bbox 1802 2444 1866 2489; x_wconf 81' lang='lat' dir='ltr'><strong>et</strong></span> <span class='ocrx_word' id='word_1_372' title='bbox 1917 2435 2194 2505; x_wconf 89' lang='lat' dir='ltr'><strong>siquidem</strong></span> <span class='ocrx_word' id='word_1_373' title='bbox 2249 2447 2480 2507; x_wconf 88' lang='lat' dir='ltr'><strong>utraque</strong></span> <span class='ocrx_word' id='word_1_374' title='bbox 2529 2453 2626 2509; x_wconf 90' lang='lat' dir='ltr'><strong>per</strong></span> <span class='ocrx_word' id='word_1_375' title='bbox 2667 2452 2727 2493; x_wconf 88' lang='lat' dir='ltr'><strong>se</strong></span> <span class='ocrx_word' id='word_1_376' title='bbox 2778 2439 3171 2502; x_wconf 87' lang='lat' dir='ltr'><strong>constitueret,</strong></span> <span class='ocrx_word' id='word_1_377' title='bbox 3225 2441 3360 2492; x_wconf 89' lang='lat' dir='ltr'><strong>duas</strong></span> 
     </span>
    </p>
   </div>
   <div class='ocr_carea' id='block_1_55' title="bbox 1807 2525 3357 2596">
    <p class='ocr_par' dir='ltr' id='par_1_55' title="bbox 1807 2525 3357 2596">
     <span class='ocr_line' id='line_1_55' title="bbox 1807 2525 3357 2596; baseline 0.001 -17"><span class='ocrx_word' id='word_1_378' title='bbox 1807 2525 2011 2580; x_wconf 80' lang='lat' dir='ltr'><strong>formas</strong></span> <span class='ocrx_word' id='word_1_379' title='bbox 2042 2526 2205 2581; x_wconf 89' lang='lat' dir='ltr'><strong>Pater</strong></span> <span class='ocrx_word' id='word_1_380' title='bbox 2257 2527 2505 2591; x_wconf 85' lang='lat' dir='ltr'><strong>haberet,</strong></span> <span class='ocrx_word' id='word_1_381' title='bbox 2540 2538 2596 2581; x_wconf 91' lang='lat' dir='ltr'><strong>et</strong></span> <span class='ocrx_word' id='word_1_382' title='bbox 2646 2540 3044 2596; x_wconf 83' lang='lat' dir='ltr'><strong>consequenter</strong></span> <span class='ocrx_word' id='word_1_383' title='bbox 3073 2528 3191 2580; x_wconf 59' lang='lat' dir='ltr'><strong>dum</strong></span> <span class='ocrx_word' id='word_1_384' title='bbox 3231 2544 3357 2595; x_wconf 86' lang='lat' dir='ltr'><strong>per-</strong></span> 
     </span>
    </p>
   </div>
   <div class='ocr_carea' id='block_1_56' title="bbox 1800 2615 3353 2685">
    <p class='ocr_par' dir='ltr' id='par_1_56' title="bbox 1800 2615 3353 2685">
     <span class='ocr_line' id='line_1_56' title="bbox 1800 2615 3353 2685; baseline 0.001 -15"><span class='ocrx_word' id='word_1_385' title='bbox 1800 2630 1949 2670; x_wconf 66' lang='lat' dir='ltr'><strong>sona:</strong></span> <span class='ocrx_word' id='word_1_386' title='bbox 1994 2624 2196 2671; x_wconf 89' lang='lat' dir='ltr'><strong>essent.</strong></span> <span class='ocrx_word' id='word_1_387' title='bbox 2238 2615 2350 2670; x_wconf 83' lang='lat' dir='ltr'><strong>lluc</strong></span> <span class='ocrx_word' id='word_1_388' title='bbox 2384 2616 2530 2685; x_wconf 90' lang='lat' dir='ltr'><strong>quod</strong></span> <span class='ocrx_word' id='word_1_389' title='bbox 2560 2616 2799 2670; x_wconf 67' lang='lat' dir='ltr'><strong>diximus</strong></span> <span class='ocrx_word' id='word_1_390' title='bbox 2829 2624 3014 2684; x_wconf 85' lang='lat' dir='ltr'><strong>patet;</strong></span> <span class='ocrx_word' id='word_1_391' title='bbox 3044 2632 3166 2670; x_wconf 90' lang='lat' dir='ltr'><strong>cum</strong></span> <span class='ocrx_word' id='word_1_392' title='bbox 3207 2619 3353 2671; x_wconf 89' lang='lat' dir='ltr'><strong>enim</strong></span> 
     </span>
    </p>
   </div>
   <div class='ocr_carea' id='block_1_57' title="bbox 1802 2705 3351 2777">
    <p class='ocr_par' dir='ltr' id='par_1_57' title="bbox 1802 2705 3351 2777">
     <span class='ocr_line' id='line_1_57' title="bbox 1802 2705 3351 2777; baseline 0.003 -18"><span class='ocrx_word' id='word_1_393' title='bbox 1802 2706 1911 2760; x_wconf 74' lang='lat' dir='ltr'><strong>illa:</strong></span> <span class='ocrx_word' id='word_1_394' title='bbox 1966 2705 2077 2759; x_wconf 84' lang='lat' dir='ltr'><strong>sint</strong></span> <span class='ocrx_word' id='word_1_395' title='bbox 2121 2705 2363 2762; x_wconf 87' lang='lat' dir='ltr'><strong>rationes</strong></span> <span class='ocrx_word' id='word_1_396' title='bbox 2404 2706 2705 2773; x_wconf 67' lang='lat' dir='ltr'><strong>distincta),</strong></span> <span class='ocrx_word' id='word_1_397' title='bbox 2762 2708 2809 2762; x_wconf 92' lang='lat' dir='ltr'><strong>si</strong></span> <span class='ocrx_word' id='word_1_398' title='bbox 2865 2709 3121 2777; x_wconf 81' lang='lat' dir='ltr'><strong>qu:elihet</strong></span> <span class='ocrx_word' id='word_1_399' title='bbox 3162 2724 3351 2764; x_wconf 87' lang='lat' dir='ltr'><strong>earum</strong></span> 
     </span>
    </p>
   </div>
   <div class='ocr_carea' id='block_1_58' title="bbox 1800 2796 3352 2861">
    <p class='ocr_par' dir='ltr' id='par_1_58' title="bbox 1800 2796 3352 2861">
     <span class='ocr_line' id='line_1_58' title="bbox 1800 2796 3352 2861; baseline 0.003 -13"><span class='ocrx_word' id='word_1_400' title='bbox 1800 2804 1949 2848; x_wconf 87' lang='lat' dir='ltr'><strong>esset</strong></span> <span class='ocrx_word' id='word_1_401' title='bbox 1979 2810 2225 2861; x_wconf 71' lang='lat' dir='ltr'><strong>persona:</strong></span> <span class='ocrx_word' id='word_1_402' title='bbox 2266 2796 2659 2860; x_wconf 70' lang='lat' dir='ltr'><strong>constitutivae,</strong></span> <span class='ocrx_word' id='word_1_403' title='bbox 2690 2812 2813 2851; x_wconf 89' lang='lat' dir='ltr'><strong>cum</strong></span> <span class='ocrx_word' id='word_1_404' title='bbox 2844 2798 3210 2853; x_wconf 68' lang='lat' dir='ltr'><strong>constitutivae</strong></span> <span class='ocrx_word' id='word_1_405' title='bbox 3242 2800 3352 2853; x_wconf 73' lang='lat' dir='ltr'><strong>lor.-</strong></span> 
     </span>
    </p>
   </div>
   <div class='ocr_carea' id='block_1_59' title="bbox 1802 2885 3362 2957">
    <p class='ocr_par' dir='ltr' id='par_1_59' title="bbox 1802 2885 3362 2957">
     <span class='ocr_line' id='line_1_59' title="bbox 1802 2885 3362 2957; baseline 0.003 -17"><span class='ocrx_word' id='word_1_406' title='bbox 1802 2885 2020 2941; x_wconf 85' lang='lat' dir='ltr'><strong>maliter</strong></span> <span class='ocrx_word' id='word_1_407' title='bbox 2048 2887 2278 2944; x_wconf 66' lang='lat' dir='ltr'><strong>diversa:</strong></span> <span class='ocrx_word' id='word_1_408' title='bbox 2304 2890 2415 2944; x_wconf 88' lang='lat' dir='ltr'><strong>sint</strong></span> <span class='ocrx_word' id='word_1_409' title='bbox 2442 2901 2694 2957; x_wconf 87' lang='lat' dir='ltr'><strong>respectu</strong></span> <span class='ocrx_word' id='word_1_410' title='bbox 2728 2889 3068 2945; x_wconf 81' lang='lat' dir='ltr'><strong>diversorum</strong></span> <span class='ocrx_word' id='word_1_411' title='bbox 3092 2891 3362 2947; x_wconf 87' lang='lat' dir='ltr'><strong>constitu-</strong></span> 
     </span>
    </p>
   </div>
   <div class='ocr_carea' id='block_1_60' title="bbox 126 2978 3374 3085">
    <p class='ocr_par' dir='ltr' id='par_1_60' title="bbox 126 2978 3374 3085">
     <span class='ocr_line' id='line_1_60' title="bbox 126 2978 3374 3085; baseline 0.003 -59"><span class='ocrx_word' id='word_1_412' title='bbox 126 2991 552 3085; x_wconf 43' lang='grc' dir='ltr'><strong>ρτῖεξέξοξηέ,</strong></span> <span class='ocrx_word' id='word_1_413' title='bbox 595 2997 666 3049; x_wconf 66' lang='lat' dir='ltr'><strong><em>ad</em></strong></span> <span class='ocrx_word' id='word_1_414' title='bbox 726 3009 1043 3085; x_wconf 41' lang='lat' dir='ltr'><strong>urigine&quot;,</strong></span> <span class='ocrx_word' id='word_1_415' title='bbox 1102 3001 1379 3085; x_wconf 32' lang='lat'><strong>13,01,093...“</strong></span> <span class='ocrx_word' id='word_1_416' title='bbox 1432 3002 1692 3085; x_wconf 46' lang='lat' dir='ltr'><strong>Spiritu,&quot;-</strong></span> <span class='ocrx_word' id='word_1_417' title='bbox 1726 3028 1770 3085; x_wconf 69' lang='lat' dir='ltr'><strong>c</strong></span> <span class='ocrx_word' id='word_1_418' title='bbox 1802 2978 2401 3085; x_wconf 26' lang='lat' dir='ltr'><strong>terunt—use‘qi‘t&#39;iturid:</strong></span> <span class='ocrx_word' id='word_1_419' title='bbox 2431 2980 2578 3085; x_wconf 43' lang='lat' dir='ltr'><strong>q‘uod</strong></span> <span class='ocrx_word' id='word_1_420' title='bbox 2624 2979 3374 3085; x_wconf 34' lang='lat' dir='ltr'><strong>diximnsztanqnamoduas</strong></span> 
     </span>
    </p>
   </div>
   <div class='ocr_carea' id='block_1_61' title="bbox 208 3066 1697 3142">
    <p class='ocr_par' dir='ltr' id='par_1_61' title="bbox 208 3066 1692 3142">
     <span class='ocr_line' id='line_1_61' title="bbox 208 3066 1692 3142; baseline 0.008 -29"><span class='ocrx_word' id='word_1_421' title='bbox 208 3074 453 3142; x_wconf 57' lang='lat' dir='ltr'><strong>sanctum</strong></span> <span class='ocrx_word' id='word_1_422' title='bbox 483 3067 641 3118; x_wconf 64' lang='lat' dir='ltr'><strong>etiam</strong></span> <span class='ocrx_word' id='word_1_423' title='bbox 666 3083 732 3120; x_wconf 76' lang='lat' dir='ltr'><strong>ea:</strong></span> <span class='ocrx_word' id='word_1_424' title='bbox 757 3067 900 3121; x_wconf 83' lang='lat' dir='ltr'><strong>Filio</strong></span> <span class='ocrx_word' id='word_1_425' title='bbox 938 3066 1233 3142; x_wconf 59' lang='lat' dir='ltr'><strong>procedere.</strong></span> <span class='ocrx_word' id='word_1_426' title='bbox 1268 3072 1335 3124; x_wconf 83' lang='lat' dir='ltr'><strong>Et</strong></span> <span class='ocrx_word' id='word_1_427' title='bbox 1368 3066 1537 3141; x_wconf 77' lang='lat' dir='ltr'><strong>primo</strong></span> <span class='ocrx_word' id='word_1_428' title='bbox 1566 3073 1692 3142; x_wconf 80' lang='lat' dir='ltr'><strong>quid</strong></span> 
     </span>
    </p>
   </div>
   <div class='ocr_carea' id='block_1_62' title="bbox 1800 3066 3357 3142">
    <p class='ocr_par' dir='ltr' id='par_1_62' title="bbox 1802 3067 3357 3139">
     <span class='ocr_line' id='line_1_62' title="bbox 1802 3067 3357 3139; baseline 0.003 -19"><span class='ocrx_word' id='word_1_429' title='bbox 1802 3067 2119 3135; x_wconf 87' lang='lat' dir='ltr'><strong>personales</strong></span> <span class='ocrx_word' id='word_1_430' title='bbox 2154 3068 2359 3123; x_wconf 78' lang='lat' dir='ltr'><strong>formas</strong></span> <span class='ocrx_word' id='word_1_431' title='bbox 2388 3069 2633 3134; x_wconf 86' lang='lat' dir='ltr'><strong>habens;</strong></span> <span class='ocrx_word' id='word_1_432' title='bbox 2664 3070 3123 3139; x_wconf 82' lang='lat' dir='ltr'><strong>quemadmodum</strong></span> <span class='ocrx_word' id='word_1_433' title='bbox 3159 3072 3204 3124; x_wconf 91' lang='lat' dir='ltr'><strong>si</strong></span> <span class='ocrx_word' id='word_1_434' title='bbox 3231 3071 3357 3139; x_wconf 84' lang='lat' dir='ltr'><strong>quis</strong></span> 
     </span>
    </p>
   </div>
   <div class='ocr_carea' id='block_1_63' title="bbox 206 3130 1242 3205">
    <p class='ocr_par' dir='ltr' id='par_1_63' title="bbox 206 3130 1242 3205">
     <span class='ocr_line' id='line_1_63' title="bbox 206 3130 1242 3205; baseline 0.009 -21"><span class='ocrx_word' id='word_1_435' title='bbox 206 3130 273 3184; x_wconf 72' lang='lat' dir='ltr'><strong>sit</strong></span> <span class='ocrx_word' id='word_1_436' title='bbox 304 3140 540 3199; x_wconf 71' lang='lat' dir='ltr'><strong>paterna</strong></span> <span class='ocrx_word' id='word_1_437' title='bbox 566 3150 805 3205; x_wconf 72' lang='lat' dir='ltr'><strong>peracute</strong></span> <span class='ocrx_word' id='word_1_438' title='bbox 829 3130 1242 3193; x_wconf 60' lang='lat' dir='ltr'><strong>constantinum.</strong></span> 
     </span>
    </p>
   </div>
   <div class='ocr_carea' id='block_1_64' title="bbox 202 3239 1694 3318">
    <p class='ocr_par' dir='ltr' id='par_1_64' title="bbox 202 3239 1694 3318">
     <span class='ocr_line' id='line_1_64' title="bbox 202 3239 1694 3318; baseline 0.011 -27"><span class='ocrx_word' id='word_1_439' title='bbox 202 3239 347 3298; x_wconf 78' lang='lat' dir='ltr'><strong>Cum</strong></span> <span class='ocrx_word' id='word_1_440' title='bbox 398 3244 699 3315; x_wconf 84' lang='lat' dir='ltr'><strong>unicuique</strong></span> <span class='ocrx_word' id='word_1_441' title='bbox 727 3249 840 3303; x_wconf 89' lang='lat' dir='ltr'><strong>enti</strong></span> <span class='ocrx_word' id='word_1_442' title='bbox 866 3248 940 3302; x_wconf 87' lang='lat' dir='ltr'><strong>sit</strong></span> <span class='ocrx_word' id='word_1_443' title='bbox 967 3250 1216 3318; x_wconf 67' lang='lat' dir='ltr'><strong>quaedam</strong></span> <span class='ocrx_word' id='word_1_444' title='bbox 1243 3251 1417 3306; x_wconf 77' lang='lat' dir='ltr'><strong>forma</strong></span> <span class='ocrx_word' id='word_1_445' title='bbox 1443 3269 1694 3311; x_wconf 79' lang='lat' dir='ltr'><strong>commu-</strong></span> 
     </span>
    </p>
   </div>
   <div class='ocr_carea' id='block_1_65' title="bbox 132 3333 1698 3407">
    <p class='ocr_par' dir='ltr' id='par_1_65' title="bbox 132 3333 1698 3407">
     <span class='ocr_line' id='line_1_65' title="bbox 132 3333 1698 3407; baseline 0.009 -21"><span class='ocrx_word' id='word_1_446' title='bbox 132 3333 252 3396; x_wconf 71' lang='lat' dir='ltr'><strong>nis,</strong></span> <span class='ocrx_word' id='word_1_447' title='bbox 286 3334 357 3387; x_wconf 87' lang='lat' dir='ltr'><strong>sit</strong></span> <span class='ocrx_word' id='word_1_448' title='bbox 389 3336 522 3387; x_wconf 77' lang='lat' dir='ltr'><strong>item</strong></span> <span class='ocrx_word' id='word_1_449' title='bbox 555 3339 659 3390; x_wconf 86' lang='lat' dir='ltr'><strong>alia</strong></span> <span class='ocrx_word' id='word_1_450' title='bbox 691 3342 934 3406; x_wconf 89' lang='lat' dir='ltr'><strong>propria,</strong></span> <span class='ocrx_word' id='word_1_451' title='bbox 960 3356 1066 3407; x_wconf 89' lang='lat' dir='ltr'><strong>qua</strong></span> <span class='ocrx_word' id='word_1_452' title='bbox 1092 3343 1499 3406; x_wconf 79' lang='lat' dir='ltr'><strong>constituimur,</strong></span> <span class='ocrx_word' id='word_1_453' title='bbox 1532 3356 1589 3399; x_wconf 93' lang='lat' dir='ltr'><strong>et</strong></span> <span class='ocrx_word' id='word_1_454' title='bbox 1613 3354 1698 3399; x_wconf 89' lang='lat' dir='ltr'><strong>est</strong></span> 
     </span>
    </p>
   </div>
   <div class='ocr_carea' id='block_1_66' title="bbox 133 3424 1697 3500">
    <p class='ocr_par' dir='ltr' id='par_1_66' title="bbox 133 3424 1697 3500">
     <span class='ocr_line' id='line_1_66' title="bbox 133 3424 1697 3500; baseline 0.008 -23"><span class='ocrx_word' id='word_1_455' title='bbox 133 3424 246 3479; x_wconf 78' lang='lat' dir='ltr'><strong>hoc</strong></span> <span class='ocrx_word' id='word_1_456' title='bbox 298 3426 530 3494; x_wconf 86' lang='lat' dir='ltr'><strong>aliquid,</strong></span> <span class='ocrx_word' id='word_1_457' title='bbox 583 3431 1044 3496; x_wconf 86' lang='lat' dir='ltr'><strong>quemadmodum</strong></span> <span class='ocrx_word' id='word_1_458' title='bbox 1097 3432 1262 3500; x_wconf 81' lang='lat' dir='ltr'><strong>hujus</strong></span> <span class='ocrx_word' id='word_1_459' title='bbox 1318 3433 1579 3499; x_wconf 81' lang='lat' dir='ltr'><strong>hominis,</strong></span> <span class='ocrx_word' id='word_1_460' title='bbox 1638 3445 1697 3490; x_wconf 92' lang='lat' dir='ltr'><strong>nt</strong></span> 
     </span>
    </p>
   </div>
   <div class='ocr_carea' id='block_1_67' title="bbox 131 3514 1698 3591">
    <p class='ocr_par' dir='ltr' id='par_1_67' title="bbox 131 3514 1698 3591">
     <span class='ocr_line' id='line_1_67' title="bbox 131 3514 1698 3591; baseline 0.004 -22"><span class='ocrx_word' id='word_1_461' title='bbox 131 3526 273 3585; x_wconf 70' lang='lat' dir='ltr'><strong>pcta</strong></span> <span class='ocrx_word' id='word_1_462' title='bbox 304 3514 473 3580; x_wconf 86' lang='lat' dir='ltr'><strong>Petri,</strong></span> <span class='ocrx_word' id='word_1_463' title='bbox 508 3534 612 3571; x_wconf 90' lang='lat' dir='ltr'><strong>una</strong></span> <span class='ocrx_word' id='word_1_464' title='bbox 649 3534 772 3571; x_wconf 83' lang='lat' dir='ltr'><strong>eum</strong></span> <span class='ocrx_word' id='word_1_465' title='bbox 801 3519 975 3571; x_wconf 76' lang='lat' dir='ltr'><strong>forma</strong></span> <span class='ocrx_word' id='word_1_466' title='bbox 1001 3522 1304 3584; x_wconf 89' lang='lat' dir='ltr'><strong>communi,</strong></span> <span class='ocrx_word' id='word_1_467' title='bbox 1329 3538 1454 3591; x_wconf 66' lang='lat' dir='ltr'><strong>qum</strong></span> <span class='ocrx_word' id='word_1_468' title='bbox 1482 3535 1564 3576; x_wconf 86' lang='lat' dir='ltr'><strong>est</strong></span> <span class='ocrx_word' id='word_1_469' title='bbox 1598 3525 1698 3576; x_wconf 91' lang='lat' dir='ltr'><strong>hn-</strong></span> 
     </span>
    </p>
   </div>
   <div class='ocr_carea' id='block_1_68' title="bbox 135 3607 1693 3677">
    <p class='ocr_par' dir='ltr' id='par_1_68' title="bbox 135 3607 1693 3677">
     <span class='ocr_line' id='line_1_68' title="bbox 135 3607 1693 3677; baseline 0.003 -18"><span class='ocrx_word' id='word_1_470' title='bbox 135 3607 401 3668; x_wconf 74' lang='lat' dir='ltr'><strong>naanitas,</strong></span> <span class='ocrx_word' id='word_1_471' title='bbox 431 3610 732 3661; x_wconf 88' lang='lat' dir='ltr'><strong>secundum</strong></span> <span class='ocrx_word' id='word_1_472' title='bbox 768 3624 932 3677; x_wconf 83' lang='lat' dir='ltr'><strong>quam</strong></span> <span class='ocrx_word' id='word_1_473' title='bbox 962 3610 1168 3663; x_wconf 88' lang='lat' dir='ltr'><strong>dicitur</strong></span> <span class='ocrx_word' id='word_1_474' title='bbox 1208 3610 1392 3667; x_wconf 86' lang='lat' dir='ltr'><strong>homo.</strong></span> <span class='ocrx_word' id='word_1_475' title='bbox 1420 3623 1504 3665; x_wconf 90' lang='lat' dir='ltr'><strong>est</strong></span> <span class='ocrx_word' id='word_1_476' title='bbox 1530 3613 1693 3665; x_wconf 72' lang='lat' dir='ltr'><strong>etiam</strong></span> 
     </span>
    </p>
   </div>
   <div class='ocr_carea' id='block_1_69' title="bbox 132 3697 1693 3768">
    <p class='ocr_par' dir='ltr' id='par_1_69' title="bbox 132 3697 1693 3768">
     <span class='ocr_line' id='line_1_69' title="bbox 132 3697 1693 3768; baseline 0.003 -19"><span class='ocrx_word' id='word_1_477' title='bbox 132 3698 245 3750; x_wconf 75' lang='lat' dir='ltr'><strong>alia</strong></span> <span class='ocrx_word' id='word_1_478' title='bbox 272 3698 495 3766; x_wconf 84' lang='lat' dir='ltr'><strong>propria</strong></span> <span class='ocrx_word' id='word_1_479' title='bbox 529 3697 730 3761; x_wconf 76' lang='lat' dir='ltr'><strong>forma,</strong></span> <span class='ocrx_word' id='word_1_480' title='bbox 778 3714 875 3768; x_wconf 87' lang='lat' dir='ltr'><strong>per</strong></span> <span class='ocrx_word' id='word_1_481' title='bbox 918 3716 1080 3767; x_wconf 84' lang='lat' dir='ltr'><strong>quam</strong></span> <span class='ocrx_word' id='word_1_482' title='bbox 1115 3700 1337 3763; x_wconf 89' lang='lat' dir='ltr'><strong>dicitur,</strong></span> <span class='ocrx_word' id='word_1_483' title='bbox 1374 3701 1461 3754; x_wconf 86' lang='lat' dir='ltr'><strong>hic</strong></span> <span class='ocrx_word' id='word_1_484' title='bbox 1509 3703 1693 3765; x_wconf 88' lang='lat' dir='ltr'><strong>homo,</strong></span> 
     </span>
    </p>
   </div>
   <div class='ocr_carea' id='block_1_70' title="bbox 134 3787 1697 3858">
    <p class='ocr_par' dir='ltr' id='par_1_70' title="bbox 134 3787 1697 3858">
     <span class='ocr_line' id='line_1_70' title="bbox 134 3787 1697 3858; baseline 0.002 -16"><span class='ocrx_word' id='word_1_485' title='bbox 134 3790 344 3842; x_wconf 81' lang='lat' dir='ltr'><strong>Petrus</strong></span> <span class='ocrx_word' id='word_1_486' title='bbox 394 3789 670 3849; x_wconf 70' lang='lat' dir='ltr'><strong>videlicet,</strong></span> <span class='ocrx_word' id='word_1_487' title='bbox 704 3790 790 3843; x_wconf 85' lang='lat' dir='ltr'><strong>vel</strong></span> <span class='ocrx_word' id='word_1_488' title='bbox 819 3787 1040 3853; x_wconf 87' lang='lat' dir='ltr'><strong>Paulus,</strong></span> <span class='ocrx_word' id='word_1_489' title='bbox 1072 3790 1218 3858; x_wconf 92' lang='lat' dir='ltr'><strong>quod</strong></span> <span class='ocrx_word' id='word_1_490' title='bbox 1246 3799 1301 3844; x_wconf 92' lang='lat' dir='ltr'><strong>et</strong></span> <span class='ocrx_word' id='word_1_491' title='bbox 1331 3790 1697 3846; x_wconf 87' lang='lat' dir='ltr'><strong>iueommuni-</strong></span> 
     </span>
    </p>
   </div>
   <div class='ocr_carea' id='block_1_71' title="bbox 131 3878 1700 3951">
    <p class='ocr_par' dir='ltr' id='par_1_71' title="bbox 131 3878 1700 3951">
     <span class='ocr_line' id='line_1_71' title="bbox 131 3878 1700 3951; baseline 0.002 -18"><span class='ocrx_word' id='word_1_492' title='bbox 131 3878 321 3933; x_wconf 83' lang='lat' dir='ltr'><strong>cabile</strong></span> <span class='ocrx_word' id='word_1_493' title='bbox 346 3879 501 3932; x_wconf 87' lang='lat' dir='ltr'><strong>alteri</strong></span> <span class='ocrx_word' id='word_1_494' title='bbox 536 3891 622 3933; x_wconf 88' lang='lat' dir='ltr'><strong>est</strong></span> <span class='ocrx_word' id='word_1_495' title='bbox 662 3889 888 3949; x_wconf 88' lang='lat' dir='ltr'><strong>propter</strong></span> <span class='ocrx_word' id='word_1_496' title='bbox 914 3882 1096 3935; x_wconf 85' lang='lat' dir='ltr'><strong>varias</strong></span> <span class='ocrx_word' id='word_1_497' title='bbox 1129 3881 1420 3951; x_wconf 88' lang='lat' dir='ltr'><strong>opiniones</strong></span> <span class='ocrx_word' id='word_1_498' title='bbox 1450 3883 1518 3937; x_wconf 88' lang='lat' dir='ltr'><strong>de</strong></span> <span class='ocrx_word' id='word_1_499' title='bbox 1548 3885 1700 3951; x_wconf 84' lang='lat' dir='ltr'><strong>prin-</strong></span> 
     </span>
    </p>
   </div>
   <div class='ocr_carea' id='block_1_72' title="bbox 131 3968 1698 4043">
    <p class='ocr_par' dir='ltr' id='par_1_72' title="bbox 131 3968 1698 4043">
     <span class='ocr_line' id='line_1_72' title="bbox 131 3968 1698 4043; baseline 0.002 -19"><span class='ocrx_word' id='word_1_500' title='bbox 131 3968 305 4036; x_wconf 80' lang='lat' dir='ltr'><strong>cipiis</strong></span> <span class='ocrx_word' id='word_1_501' title='bbox 336 3968 811 4035; x_wconf 88' lang='lat' dir='ltr'><strong>individuationis,</strong></span> <span class='ocrx_word' id='word_1_502' title='bbox 858 3973 1022 4025; x_wconf 85' lang='lat' dir='ltr'><strong>etiam</strong></span> <span class='ocrx_word' id='word_1_503' title='bbox 1062 3972 1151 4027; x_wconf 90' lang='lat' dir='ltr'><strong>hic</strong></span> <span class='ocrx_word' id='word_1_504' title='bbox 1183 3974 1336 4028; x_wconf 83' lang='lat' dir='ltr'><strong>varia</strong></span> <span class='ocrx_word' id='word_1_505' title='bbox 1374 3984 1698 4043; x_wconf 90' lang='lat' dir='ltr'><strong>ponuntur;</strong></span> 
     </span>
    </p>
   </div>
   <div class='ocr_carea' id='block_1_73' title="bbox 131 4059 1702 4133">
    <p class='ocr_par' dir='ltr' id='par_1_73' title="bbox 131 4059 1702 4133">
     <span class='ocr_line' id='line_1_73' title="bbox 131 4059 1702 4133; baseline 0.003 -19"><span class='ocrx_word' id='word_1_506' title='bbox 131 4070 191 4114; x_wconf 92' lang='lat' dir='ltr'><strong>et</strong></span> <span class='ocrx_word' id='word_1_507' title='bbox 218 4074 347 4115; x_wconf 87' lang='lat' dir='ltr'><strong>cum</strong></span> <span class='ocrx_word' id='word_1_508' title='bbox 394 4059 652 4125; x_wconf 80' lang='lat' dir='ltr'><strong>dicimus,</strong></span> <span class='ocrx_word' id='word_1_509' title='bbox 699 4073 794 4118; x_wconf 87' lang='lat' dir='ltr'><strong>aut</strong></span> <span class='ocrx_word' id='word_1_510' title='bbox 836 4078 1037 4132; x_wconf 81' lang='lat' dir='ltr'><strong>corpus</strong></span> <span class='ocrx_word' id='word_1_511' title='bbox 1066 4079 1190 4117; x_wconf 90' lang='lat' dir='ltr'><strong>esse</strong></span> <span class='ocrx_word' id='word_1_512' title='bbox 1221 4064 1499 4133; x_wconf 81' lang='lat' dir='ltr'><strong>propriam</strong></span> <span class='ocrx_word' id='word_1_513' title='bbox 1531 4064 1702 4119; x_wconf 87' lang='lat' dir='ltr'><strong>alicu-</strong></span> 
     </span>
    </p>
   </div>
   <div class='ocr_carea' id='block_1_74' title="bbox 124 4150 1700 4222">
    <p class='ocr_par' dir='ltr' id='par_1_74' title="bbox 124 4150 1700 4222">
     <span class='ocr_line' id='line_1_74' title="bbox 124 4150 1700 4222; baseline 0.003 -19"><span class='ocrx_word' id='word_1_514' title='bbox 124 4152 228 4220; x_wconf 74' lang='lat' dir='ltr'><strong>jus</strong></span> <span class='ocrx_word' id='word_1_515' title='bbox 263 4153 516 4214; x_wconf 76' lang='lat' dir='ltr'><strong>formam,</strong></span> <span class='ocrx_word' id='word_1_516' title='bbox 560 4150 664 4205; x_wconf 89' lang='lat' dir='ltr'><strong>hoc</strong></span> <span class='ocrx_word' id='word_1_517' title='bbox 686 4166 798 4205; x_wconf 91' lang='lat' dir='ltr'><strong>non</strong></span> <span class='ocrx_word' id='word_1_518' title='bbox 835 4153 1197 4222; x_wconf 76' lang='lat' dir='ltr'><strong>intelligimus</strong></span> <span class='ocrx_word' id='word_1_519' title='bbox 1228 4154 1577 4221; x_wconf 87' lang='lat' dir='ltr'><strong>simpliciter,</strong></span> <span class='ocrx_word' id='word_1_520' title='bbox 1603 4154 1700 4208; x_wconf 86' lang='lat' dir='ltr'><strong>sed</strong></span> 
     </span>
    </p>
   </div>
   <div class='ocr_carea' id='block_1_75' title="bbox 132 4240 1702 4310">
    <p class='ocr_par' dir='ltr' id='par_1_75' title="bbox 132 4240 1702 4310">
     <span class='ocr_line' id='line_1_75' title="bbox 132 4240 1702 4310; baseline 0.003 -17"><span class='ocrx_word' id='word_1_521' title='bbox 132 4241 319 4293; x_wconf 67' lang='lat' dir='ltr'><strong>solum</strong></span> <span class='ocrx_word' id='word_1_522' title='bbox 376 4240 1027 4310; x_wconf 77' lang='lat' dir='ltr'><strong>secundum&#39;quamdam</strong></span> <span class='ocrx_word' id='word_1_523' title='bbox 1079 4243 1515 4296; x_wconf 85' lang='lat' dir='ltr'><strong>similitudinem.</strong></span> <span class='ocrx_word' id='word_1_524' title='bbox 1577 4242 1702 4297; x_wconf 64' lang='lat' dir='ltr'><strong>llaec</strong></span> 
     </span>
    </p>
   </div>
   <div class='ocr_carea' id='block_1_76' title="bbox 1796 3158 3354 3230">
    <p class='ocr_par' dir='ltr' id='par_1_76' title="bbox 1796 3158 3354 3230">
     <span class='ocr_line' id='line_1_76' title="bbox 1796 3158 3354 3230; baseline 0.004 -21"><span class='ocrx_word' id='word_1_525' title='bbox 1796 3158 1963 3212; x_wconf 88' lang='lat' dir='ltr'><strong>homo</strong></span> <span class='ocrx_word' id='word_1_526' title='bbox 1993 3158 2131 3213; x_wconf 88' lang='lat' dir='ltr'><strong>duas</strong></span> <span class='ocrx_word' id='word_1_527' title='bbox 2193 3160 2422 3215; x_wconf 86' lang='lat' dir='ltr'><strong>haberet</strong></span> <span class='ocrx_word' id='word_1_528' title='bbox 2451 3162 2683 3222; x_wconf 80' lang='lat' dir='ltr'><strong>animas,</strong></span> <span class='ocrx_word' id='word_1_529' title='bbox 2725 3160 2869 3230; x_wconf 92' lang='lat' dir='ltr'><strong>quod</strong></span> <span class='ocrx_word' id='word_1_530' title='bbox 2901 3160 3198 3215; x_wconf 87' lang='lat' dir='ltr'><strong>absurdum</strong></span> <span class='ocrx_word' id='word_1_531' title='bbox 3250 3170 3354 3216; x_wconf 71' lang='lat' dir='ltr'><strong>est.</strong></span> 
     </span>
    </p>
   </div>
   <div class='ocr_carea' id='block_1_77' title="bbox 1795 3246 3350 3323">
    <p class='ocr_par' dir='ltr' id='par_1_77' title="bbox 1795 3246 3350 3323">
     <span class='ocr_line' id='line_1_77' title="bbox 1795 3246 3350 3323; baseline 0.003 -22"><span class='ocrx_word' id='word_1_532' title='bbox 1795 3246 1953 3313; x_wconf 87' lang='lat' dir='ltr'><strong>Quod</strong></span> <span class='ocrx_word' id='word_1_533' title='bbox 2007 3249 2052 3304; x_wconf 91' lang='lat' dir='ltr'><strong>si</strong></span> <span class='ocrx_word' id='word_1_534' title='bbox 2097 3265 2209 3305; x_wconf 84' lang='lat' dir='ltr'><strong>non</strong></span> <span class='ocrx_word' id='word_1_535' title='bbox 2243 3263 2474 3320; x_wconf 85' lang='lat' dir='ltr'><strong>utraque</strong></span> <span class='ocrx_word' id='word_1_536' title='bbox 2526 3266 2624 3317; x_wconf 87' lang='lat' dir='ltr'><strong>per</strong></span> <span class='ocrx_word' id='word_1_537' title='bbox 2673 3268 2756 3323; x_wconf 83' lang='lat' dir='ltr'><strong>se,</strong></span> <span class='ocrx_word' id='word_1_538' title='bbox 2806 3252 2899 3307; x_wconf 79' lang='lat' dir='ltr'><strong>sed</strong></span> <span class='ocrx_word' id='word_1_539' title='bbox 2942 3252 3112 3305; x_wconf 64' lang='lat' dir='ltr'><strong>amba:</strong></span> <span class='ocrx_word' id='word_1_540' title='bbox 3162 3251 3350 3313; x_wconf 82' lang='lat' dir='ltr'><strong>simul.</strong></span> 
     </span>
    </p>
   </div>
   <div class='ocr_carea' id='block_1_78' title="bbox 1798 3340 3352 3410">
    <p class='ocr_par' dir='ltr' id='par_1_78' title="bbox 1798 3340 3352 3410">
     <span class='ocr_line' id='line_1_78' title="bbox 1798 3340 3352 3410; baseline 0.004 -21"><span class='ocrx_word' id='word_1_541' title='bbox 1798 3352 1978 3407; x_wconf 89' lang='lat' dir='ltr'><strong>neque</strong></span> <span class='ocrx_word' id='word_1_542' title='bbox 2002 3341 2097 3407; x_wconf 85' lang='lat' dir='ltr'><strong>qui</strong></span> <span class='ocrx_word' id='word_1_543' title='bbox 2131 3342 2341 3395; x_wconf 88' lang='lat' dir='ltr'><strong>diceret</strong></span> <span class='ocrx_word' id='word_1_544' title='bbox 2381 3342 2595 3394; x_wconf 87' lang='lat' dir='ltr'><strong>Patrem</strong></span> <span class='ocrx_word' id='word_1_545' title='bbox 2630 3340 2832 3404; x_wconf 87' lang='lat' dir='ltr'><strong>solum,</strong></span> <span class='ocrx_word' id='word_1_546' title='bbox 2867 3342 3197 3410; x_wconf 78' lang='lat' dir='ltr'><strong>signiﬁcaret</strong></span> <span class='ocrx_word' id='word_1_547' title='bbox 3225 3357 3352 3409; x_wconf 88' lang='lat' dir='ltr'><strong>per-</strong></span> 
     </span>
    </p>
   </div>
   <div class='ocr_carea' id='block_1_79' title="bbox 1798 3426 3352 3497">
    <p class='ocr_par' dir='ltr' id='par_1_79' title="bbox 1798 3426 3352 3497">
     <span class='ocr_line' id='line_1_79' title="bbox 1798 3426 3352 3497; baseline 0.004 -19"><span class='ocrx_word' id='word_1_548' title='bbox 1798 3437 1989 3479; x_wconf 76' lang='lat' dir='ltr'><strong>sonam</strong></span> <span class='ocrx_word' id='word_1_549' title='bbox 2039 3436 2362 3494; x_wconf 89' lang='lat' dir='ltr'><strong>paternam,</strong></span> <span class='ocrx_word' id='word_1_550' title='bbox 2397 3426 2575 3497; x_wconf 85' lang='lat' dir='ltr'><strong>neque</strong></span> <span class='ocrx_word' id='word_1_551' title='bbox 2622 3432 2715 3497; x_wconf 89' lang='lat' dir='ltr'><strong>qui</strong></span> <span class='ocrx_word' id='word_1_552' title='bbox 2771 3431 2981 3483; x_wconf 88' lang='lat' dir='ltr'><strong>diceret</strong></span> <span class='ocrx_word' id='word_1_553' title='bbox 3030 3432 3352 3495; x_wconf 83' lang='lat' dir='ltr'><strong>spirantem,</strong></span> 
     </span>
    </p>
   </div>
   <div class='ocr_carea' id='block_1_80' title="bbox 1798 3512 3351 3583">
    <p class='ocr_par' dir='ltr' id='par_1_80' title="bbox 1798 3512 3351 3583">
     <span class='ocr_line' id='line_1_80' title="bbox 1798 3512 3351 3583; baseline 0.008 -20"><span class='ocrx_word' id='word_1_554' title='bbox 1798 3512 1964 3580; x_wconf 85' lang='lat' dir='ltr'><strong>hujus</strong></span> <span class='ocrx_word' id='word_1_555' title='bbox 1992 3522 2169 3567; x_wconf 78' lang='lat' dir='ltr'><strong>tamen</strong></span> <span class='ocrx_word' id='word_1_556' title='bbox 2204 3524 2377 3569; x_wconf 88' lang='lat' dir='ltr'><strong>totum</strong></span> <span class='ocrx_word' id='word_1_557' title='bbox 2404 3521 2743 3573; x_wconf 86' lang='lat' dir='ltr'><strong>contrarium</strong></span> <span class='ocrx_word' id='word_1_558' title='bbox 2778 3530 2862 3573; x_wconf 86' lang='lat' dir='ltr'><strong>est</strong></span> <span class='ocrx_word' id='word_1_559' title='bbox 2893 3520 2944 3571; x_wconf 90' lang='lat' dir='ltr'><strong>in</strong></span> <span class='ocrx_word' id='word_1_560' title='bbox 2976 3535 3073 3571; x_wconf 90' lang='lat' dir='ltr'><strong>usu</strong></span> <span class='ocrx_word' id='word_1_561' title='bbox 3099 3536 3113 3583; x_wconf 91' lang='lat'><strong>;</strong></span> <span class='ocrx_word' id='word_1_562' title='bbox 3158 3533 3351 3575; x_wconf 84' lang='lat' dir='ltr'><strong>omnes</strong></span> 
     </span>
    </p>
   </div>
   <div class='ocr_carea' id='block_1_81' title="bbox 1796 3597 3357 3673">
    <p class='ocr_par' dir='ltr' id='par_1_81' title="bbox 1796 3597 3357 3673">
     <span class='ocr_line' id='line_1_81' title="bbox 1796 3597 3357 3673; baseline 0.01 -26"><span class='ocrx_word' id='word_1_563' title='bbox 1796 3598 1941 3653; x_wconf 89' lang='lat' dir='ltr'><strong>enim</strong></span> <span class='ocrx_word' id='word_1_564' title='bbox 1991 3597 2265 3663; x_wconf 84' lang='lat' dir='ltr'><strong>doctores,</strong></span> <span class='ocrx_word' id='word_1_565' title='bbox 2315 3612 2373 3656; x_wconf 91' lang='lat' dir='ltr'><strong>et</strong></span> <span class='ocrx_word' id='word_1_566' title='bbox 2437 3605 2617 3657; x_wconf 88' lang='lat' dir='ltr'><strong>omnis</strong></span> <span class='ocrx_word' id='word_1_567' title='bbox 2659 3604 2943 3673; x_wconf 82' lang='lat' dir='ltr'><strong>Scriptura</strong></span> <span class='ocrx_word' id='word_1_568' title='bbox 2993 3622 3114 3659; x_wconf 86' lang='lat' dir='ltr'><strong>eum</strong></span> <span class='ocrx_word' id='word_1_569' title='bbox 3165 3609 3357 3664; x_wconf 77' lang='lat' dir='ltr'><strong>dicunt</strong></span> 
     </span>
    </p>
   </div>
   <div class='ocr_carea' id='block_1_82' title="bbox 1798 3689 3356 3772">
    <p class='ocr_par' dir='ltr' id='par_1_82' title="bbox 1798 3689 3356 3772">
     <span class='ocr_line' id='line_1_82' title="bbox 1798 3689 3356 3772; baseline 0.007 -29"><span class='ocrx_word' id='word_1_570' title='bbox 1798 3689 2038 3772; x_wconf 80' lang='lat' dir='ltr'><strong>Patrem,</strong></span> <span class='ocrx_word' id='word_1_571' title='bbox 2072 3691 2317 3746; x_wconf 84' lang='lat' dir='ltr'><strong>divinam</strong></span> <span class='ocrx_word' id='word_1_572' title='bbox 2347 3695 2466 3762; x_wconf 87' lang='lat' dir='ltr'><strong>ejus</strong></span> <span class='ocrx_word' id='word_1_573' title='bbox 2499 3710 2788 3761; x_wconf 82' lang='lat' dir='ltr'><strong>personam</strong></span> <span class='ocrx_word' id='word_1_574' title='bbox 2816 3696 3155 3764; x_wconf 67' lang='lat' dir='ltr'><strong>significant;</strong></span> <span class='ocrx_word' id='word_1_575' title='bbox 3183 3703 3356 3753; x_wconf 84' lang='lat' dir='ltr'><strong>nostri</strong></span> 
     </span>
    </p>
   </div>
   <div class='ocr_carea' id='block_1_83' title="bbox 1799 3780 3354 3855">
    <p class='ocr_par' dir='ltr' id='par_1_83' title="bbox 1799 3780 3354 3855">
     <span class='ocr_line' id='line_1_83' title="bbox 1799 3780 3354 3855; baseline 0.007 -21"><span class='ocrx_word' id='word_1_576' title='bbox 1799 3780 1987 3841; x_wconf 87' lang='lat' dir='ltr'><strong>etiam,</strong></span> <span class='ocrx_word' id='word_1_577' title='bbox 2020 3798 2146 3836; x_wconf 90' lang='lat' dir='ltr'><strong>cum</strong></span> <span class='ocrx_word' id='word_1_578' title='bbox 2183 3784 2378 3838; x_wconf 88' lang='lat' dir='ltr'><strong>dicunt</strong></span> <span class='ocrx_word' id='word_1_579' title='bbox 2408 3786 2733 3854; x_wconf 80' lang='lat' dir='ltr'><strong>spirantem,</strong></span> <span class='ocrx_word' id='word_1_580' title='bbox 2782 3788 2957 3855; x_wconf 82' lang='lat' dir='ltr'><strong>ipsum</strong></span> <span class='ocrx_word' id='word_1_581' title='bbox 3006 3789 3217 3843; x_wconf 84' lang='lat' dir='ltr'><strong>Patrem</strong></span> <span class='ocrx_word' id='word_1_582' title='bbox 3266 3807 3354 3845; x_wconf 83' lang='lat' dir='ltr'><strong>so-</strong></span> 
     </span>
    </p>
   </div>
   <div class='ocr_carea' id='block_1_84' title="bbox 1800 3872 3352 3946">
    <p class='ocr_par' dir='ltr' id='par_1_84' title="bbox 1800 3872 3352 3946">
     <span class='ocr_line' id='line_1_84' title="bbox 1800 3872 3352 3946; baseline 0.006 -20"><span class='ocrx_word' id='word_1_583' title='bbox 1800 3872 1911 3926; x_wconf 89' lang='lat' dir='ltr'><strong>lum</strong></span> <span class='ocrx_word' id='word_1_584' title='bbox 1947 3881 2143 3942; x_wconf 88' lang='lat' dir='ltr'><strong>putant</strong></span> <span class='ocrx_word' id='word_1_585' title='bbox 2174 3876 2504 3945; x_wconf 76' lang='lat' dir='ltr'><strong>signiﬁcare.</strong></span> <span class='ocrx_word' id='word_1_586' title='bbox 2537 3876 2710 3946; x_wconf 78' lang='lat' dir='ltr'><strong>Igitur</strong></span> <span class='ocrx_word' id='word_1_587' title='bbox 2740 3892 2842 3931; x_wconf 87' lang='lat' dir='ltr'><strong>nec</strong></span> <span class='ocrx_word' id='word_1_588' title='bbox 2884 3882 2958 3931; x_wconf 86' lang='lat' dir='ltr'><strong>ita</strong></span> <span class='ocrx_word' id='word_1_589' title='bbox 2988 3880 3162 3933; x_wconf 68' lang='lat' dir='ltr'><strong>ambae</strong></span> <span class='ocrx_word' id='word_1_590' title='bbox 3191 3882 3352 3935; x_wconf 83' lang='lat' dir='ltr'><strong>simul</strong></span> 
     </span>
    </p>
   </div>
   <div class='ocr_carea' id='block_1_85' title="bbox 1801 3964 3353 4035">
    <p class='ocr_par' dir='ltr' id='par_1_85' title="bbox 1801 3964 3353 4035">
     <span class='ocr_line' id='line_1_85' title="bbox 1801 3964 3353 4035; baseline 0.006 -21"><span class='ocrx_word' id='word_1_591' title='bbox 1801 3970 1932 4017; x_wconf 87' lang='lat' dir='ltr'><strong>sunt</strong></span> <span class='ocrx_word' id='word_1_592' title='bbox 1957 3964 2325 4019; x_wconf 70' lang='lat' dir='ltr'><strong>constitutitne</strong></span> <span class='ocrx_word' id='word_1_593' title='bbox 2344 3964 2608 4034; x_wconf 74' lang='lat' dir='ltr'><strong>personae,</strong></span> <span class='ocrx_word' id='word_1_594' title='bbox 2636 3976 2693 4020; x_wconf 91' lang='lat' dir='ltr'><strong>ut</strong></span> <span class='ocrx_word' id='word_1_595' title='bbox 2718 3978 2952 4035; x_wconf 84' lang='lat' dir='ltr'><strong>utroque</strong></span> <span class='ocrx_word' id='word_1_596' title='bbox 2977 3969 3127 4021; x_wconf 87' lang='lat' dir='ltr'><strong>nullo</strong></span> <span class='ocrx_word' id='word_1_597' title='bbox 3172 3970 3353 4034; x_wconf 88' lang='lat' dir='ltr'><strong>modo,</strong></span> 
     </span>
    </p>
   </div>
   <div class='ocr_carea' id='block_1_86' title="bbox 1800 4051 3357 4127">
    <p class='ocr_par' dir='ltr' id='par_1_86' title="bbox 1800 4051 3357 4127">
     <span class='ocr_line' id='line_1_86' title="bbox 1800 4051 3357 4127; baseline 0.004 -22"><span class='ocrx_word' id='word_1_598' title='bbox 1800 4051 1895 4105; x_wconf 84' lang='lat' dir='ltr'><strong>sed</strong></span> <span class='ocrx_word' id='word_1_599' title='bbox 1914 4051 2083 4107; x_wconf 59' lang='lat' dir='ltr'><strong>amba</strong></span> <span class='ocrx_word' id='word_1_600' title='bbox 2112 4052 2276 4109; x_wconf 89' lang='lat' dir='ltr'><strong>simul</strong></span> <span class='ocrx_word' id='word_1_601' title='bbox 2298 4055 2652 4120; x_wconf 87' lang='lat' dir='ltr'><strong>constituant,</strong></span> <span class='ocrx_word' id='word_1_602' title='bbox 2686 4070 2787 4110; x_wconf 90' lang='lat' dir='ltr'><strong>nec</strong></span> <span class='ocrx_word' id='word_1_603' title='bbox 2813 4065 2877 4109; x_wconf 79' lang='lat' dir='ltr'><strong>ut</strong></span> <span class='ocrx_word' id='word_1_604' title='bbox 2904 4068 3131 4126; x_wconf 90' lang='lat' dir='ltr'><strong>utraque</strong></span> <span class='ocrx_word' id='word_1_605' title='bbox 3167 4074 3263 4127; x_wconf 86' lang='lat' dir='ltr'><strong>per</strong></span> <span class='ocrx_word' id='word_1_606' title='bbox 3297 4076 3357 4112; x_wconf 86' lang='lat' dir='ltr'><strong>se</strong></span> 
     </span>
    </p>
   </div>
   <div class='ocr_carea' id='block_1_87' title="bbox 1802 4145 3355 4214">
    <p class='ocr_par' dir='ltr' id='par_1_87' title="bbox 1802 4145 3355 4214">
     <span class='ocr_line' id='line_1_87' title="bbox 1802 4145 3355 4214; baseline 0.003 -17"><span class='ocrx_word' id='word_1_607' title='bbox 1802 4148 2123 4200; x_wconf 82' lang='lat' dir='ltr'><strong>constituat.</strong></span> <span class='ocrx_word' id='word_1_608' title='bbox 2172 4145 2280 4199; x_wconf 88' lang='lat' dir='ltr'><strong>Sed</strong></span> <span class='ocrx_word' id='word_1_609' title='bbox 2310 4147 2622 4200; x_wconf 85' lang='lat' dir='ltr'><strong>necessario</strong></span> <span class='ocrx_word' id='word_1_610' title='bbox 2651 4147 2884 4200; x_wconf 86' lang='lat' dir='ltr'><strong>alterum</strong></span> <span class='ocrx_word' id='word_1_611' title='bbox 2929 4147 3149 4214; x_wconf 87' lang='lat' dir='ltr'><strong>quidem</strong></span> <span class='ocrx_word' id='word_1_612' title='bbox 3181 4151 3355 4202; x_wconf 84' lang='lat' dir='ltr'><strong>solum</strong></span> 
     </span>
    </p>
   </div>
   <div class='ocr_carea' id='block_1_88' title="bbox 1802 4236 3356 4310">
    <p class='ocr_par' dir='ltr' id='par_1_88' title="bbox 1802 4236 3356 4310">
     <span class='ocr_line' id='line_1_88' title="bbox 1802 4236 3356 4310; baseline 0.004 -22"><span class='ocrx_word' id='word_1_613' title='bbox 1802 4236 2087 4289; x_wconf 83' lang='lat' dir='ltr'><strong>constituit</strong></span> <span class='ocrx_word' id='word_1_614' title='bbox 2131 4252 2445 4306; x_wconf 83' lang='lat' dir='ltr'><strong>personam,</strong></span> <span class='ocrx_word' id='word_1_615' title='bbox 2493 4238 2725 4291; x_wconf 79' lang='lat' dir='ltr'><strong>alterum</strong></span> <span class='ocrx_word' id='word_1_616' title='bbox 2777 4255 2905 4292; x_wconf 86' lang='lat' dir='ltr'><strong>vero</strong></span> <span class='ocrx_word' id='word_1_617' title='bbox 2958 4241 3205 4307; x_wconf 83' lang='lat' dir='ltr'><strong>sequitur</strong></span> <span class='ocrx_word' id='word_1_618' title='bbox 3246 4242 3356 4310; x_wconf 85' lang='lat' dir='ltr'><strong>jam</strong></span> 
     </span>
    </p>
   </div>
   <div class='ocr_carea' id='block_1_89' title="bbox 130 4322 3358 4401">
    <p class='ocr_par' dir='ltr' id='par_1_89' title="bbox 130 4322 3358 4401">
     <span class='ocr_line' id='line_1_89' title="bbox 130 4322 3358 4401; baseline 0.001 -20"><span class='ocrx_word' id='word_1_619' title='bbox 130 4341 326 4393; x_wconf 80' lang='lat' dir='ltr'><strong>autem</strong></span> <span class='ocrx_word' id='word_1_620' title='bbox 376 4341 463 4385; x_wconf 85' lang='lat' dir='ltr'><strong>est</strong></span> <span class='ocrx_word' id='word_1_621' title='bbox 517 4332 696 4395; x_wconf 84' lang='lat' dir='ltr'><strong>anima</strong></span> <span class='ocrx_word' id='word_1_622' title='bbox 742 4333 884 4401; x_wconf 89' lang='lat' dir='ltr'><strong>ejus,</strong></span> <span class='ocrx_word' id='word_1_623' title='bbox 939 4332 1020 4385; x_wconf 91' lang='lat' dir='ltr'><strong>vel</strong></span> <span class='ocrx_word' id='word_1_624' title='bbox 1074 4348 1298 4400; x_wconf 87' lang='lat' dir='ltr'><strong>corpus,</strong></span> <span class='ocrx_word' id='word_1_625' title='bbox 1346 4341 1442 4387; x_wconf 91' lang='lat' dir='ltr'><strong>aut</strong></span> <span class='ocrx_word' id='word_1_626' title='bbox 1492 4332 1699 4401; x_wconf 86' lang='lat' dir='ltr'><strong>aliquid</strong></span> <span class='ocrx_word' id='word_1_627' title='bbox 1731 4322 2158 4394; x_wconf 74' lang='lat' dir='ltr'><strong>Dcdnstitutam</strong></span> <span class='ocrx_word' id='word_1_628' title='bbox 2191 4342 2498 4395; x_wconf 84' lang='lat' dir='ltr'><strong>personam.</strong></span> <span class='ocrx_word' id='word_1_629' title='bbox 2529 4327 2717 4382; x_wconf 77' lang='lat' dir='ltr'><strong>Restat</strong></span> <span class='ocrx_word' id='word_1_630' title='bbox 2742 4328 2907 4396; x_wconf 81' lang='lat' dir='ltr'><strong>igitur</strong></span> <span class='ocrx_word' id='word_1_631' title='bbox 2936 4340 3030 4383; x_wconf 88' lang='lat' dir='ltr'><strong>aut</strong></span> <span class='ocrx_word' id='word_1_632' title='bbox 3064 4336 3358 4399; x_wconf 82' lang='lat' dir='ltr'><strong>paternita-</strong></span> 
     </span>
    </p>
   </div>
   <div class='ocr_carea' id='block_1_90' title="bbox 131 4422 1695 4491">
    <p class='ocr_par' dir='ltr' id='par_1_90' title="bbox 131 4422 1695 4491">
     <span class='ocr_line' id='line_1_90' title="bbox 131 4422 1695 4491; baseline 0 -14"><span class='ocrx_word' id='word_1_633' title='bbox 131 4424 333 4484; x_wconf 88' lang='lat' dir='ltr'><strong>aliud,</strong></span> <span class='ocrx_word' id='word_1_634' title='bbox 391 4424 538 4491; x_wconf 89' lang='lat' dir='ltr'><strong>quod</strong></span> <span class='ocrx_word' id='word_1_635' title='bbox 589 4432 676 4477; x_wconf 86' lang='lat' dir='ltr'><strong>est</strong></span> <span class='ocrx_word' id='word_1_636' title='bbox 722 4423 772 4477; x_wconf 89' lang='lat' dir='ltr'><strong>ei</strong></span> <span class='ocrx_word' id='word_1_637' title='bbox 832 4422 1188 4490; x_wconf 68' lang='lat' dir='ltr'><strong>priueipium&#39;</strong></span> <span class='ocrx_word' id='word_1_638' title='bbox 1216 4423 1695 4479; x_wconf 78' lang='lat' dir='ltr'><strong>individuationis.</strong></span> 
     </span>
    </p>
   </div>
   <div class='ocr_carea' id='block_1_91' title="bbox 131 4513 1693 4584">
    <p class='ocr_par' dir='ltr' id='par_1_91' title="bbox 131 4513 1693 4584">
     <span class='ocr_line' id='line_1_91' title="bbox 131 4513 1693 4584; baseline 0 -15"><span class='ocrx_word' id='word_1_639' title='bbox 131 4514 611 4581; x_wconf 79' lang='lat' dir='ltr'><strong>Quemadmodum</strong></span> <span class='ocrx_word' id='word_1_640' title='bbox 640 4522 725 4566; x_wconf 86' lang='lat' dir='ltr'><strong>est</strong></span> <span class='ocrx_word' id='word_1_641' title='bbox 748 4513 914 4566; x_wconf 87' lang='lat' dir='ltr'><strong>etiam</strong></span> <span class='ocrx_word' id='word_1_642' title='bbox 942 4513 1010 4567; x_wconf 90' lang='lat' dir='ltr'><strong>de</strong></span> <span class='ocrx_word' id='word_1_643' title='bbox 1044 4514 1155 4567; x_wconf 90' lang='lat' dir='ltr'><strong>Deo</strong></span> <span class='ocrx_word' id='word_1_644' title='bbox 1215 4524 1274 4568; x_wconf 90' lang='lat' dir='ltr'><strong>et</strong></span> <span class='ocrx_word' id='word_1_645' title='bbox 1307 4515 1490 4578; x_wconf 77' lang='lat' dir='ltr'><strong>Patre,</strong></span> <span class='ocrx_word' id='word_1_646' title='bbox 1539 4531 1693 4584; x_wconf 72' lang='lat' dir='ltr'><strong>qna-</strong></span> 
     </span>
    </p>
   </div>
   <div class='ocr_carea' id='block_1_92' title="bbox 130 4601 1699 4675">
    <p class='ocr_par' dir='ltr' id='par_1_92' title="bbox 130 4601 1699 4675">
     <span class='ocr_line' id='line_1_92' title="bbox 130 4601 1699 4675; baseline -0.001 -17"><span class='ocrx_word' id='word_1_647' title='bbox 130 4620 265 4658; x_wconf 84' lang='lat' dir='ltr'><strong>nam</strong></span> <span class='ocrx_word' id='word_1_648' title='bbox 293 4605 365 4656; x_wconf 91' lang='lat' dir='ltr'><strong>sit</strong></span> <span class='ocrx_word' id='word_1_649' title='bbox 398 4604 624 4672; x_wconf 88' lang='lat' dir='ltr'><strong>propria</strong></span> <span class='ocrx_word' id='word_1_650' title='bbox 650 4603 772 4671; x_wconf 81' lang='lat' dir='ltr'><strong>ejus</strong></span> <span class='ocrx_word' id='word_1_651' title='bbox 810 4601 986 4656; x_wconf 82' lang='lat' dir='ltr'><strong>forma</strong></span> <span class='ocrx_word' id='word_1_652' title='bbox 1022 4618 1310 4670; x_wconf 88' lang='lat' dir='ltr'><strong>personam</strong></span> <span class='ocrx_word' id='word_1_653' title='bbox 1340 4606 1459 4675; x_wconf 82' lang='lat' dir='ltr'><strong>ejus</strong></span> <span class='ocrx_word' id='word_1_654' title='bbox 1489 4605 1699 4659; x_wconf 86' lang='lat' dir='ltr'><strong>consti-</strong></span> 
     </span>
    </p>
   </div>
   <div class='ocr_carea' id='block_1_93' title="bbox 130 4675 1698 4764">
    <p class='ocr_par' dir='ltr' id='par_1_93' title="bbox 130 4675 1698 4764">
     <span class='ocr_line' id='line_1_93' title="bbox 130 4675 1698 4764; baseline -0.001 -14"><span class='ocrx_word' id='word_1_655' title='bbox 130 4707 302 4751; x_wconf 85' lang='lat' dir='ltr'><strong>tuens</strong></span> <span class='ocrx_word' id='word_1_656' title='bbox 329 4675 351 4746; x_wconf 59' lang='grc' dir='ltr'><strong>ε’</strong></span> <span class='ocrx_word' id='word_1_657' title='bbox 374 4705 456 4747; x_wconf 88' lang='lat' dir='ltr'><strong>est</strong></span> <span class='ocrx_word' id='word_1_658' title='bbox 484 4694 635 4747; x_wconf 88' lang='lat' dir='ltr'><strong>enim</strong></span> <span class='ocrx_word' id='word_1_659' title='bbox 666 4694 717 4746; x_wconf 91' lang='lat' dir='ltr'><strong>ei</strong></span> <span class='ocrx_word' id='word_1_660' title='bbox 741 4696 1050 4748; x_wconf 87' lang='lat' dir='ltr'><strong>communis</strong></span> <span class='ocrx_word' id='word_1_661' title='bbox 1072 4696 1136 4748; x_wconf 87' lang='lat' dir='ltr'><strong>ad</strong></span> <span class='ocrx_word' id='word_1_662' title='bbox 1165 4695 1362 4749; x_wconf 80' lang='lat' dir='ltr'><strong>Filium</strong></span> <span class='ocrx_word' id='word_1_663' title='bbox 1430 4704 1486 4752; x_wconf 83' lang='lat' dir='ltr'><strong>et</strong></span> <span class='ocrx_word' id='word_1_664' title='bbox 1519 4696 1698 4764; x_wconf 87' lang='lat' dir='ltr'><strong>Spiri-</strong></span> 
     </span>
    </p>
   </div>
   <div class='ocr_carea' id='block_1_94' title="bbox 134 4786 1690 4854">
    <p class='ocr_par' dir='ltr' id='par_1_94' title="bbox 134 4786 1690 4854">
     <span class='ocr_line' id='line_1_94' title="bbox 134 4786 1690 4854; baseline -0.002 -11"><span class='ocrx_word' id='word_1_665' title='bbox 134 4797 253 4843; x_wconf 90' lang='lat' dir='ltr'><strong>tum</strong></span> <span class='ocrx_word' id='word_1_666' title='bbox 310 4786 496 4840; x_wconf 84' lang='lat' dir='ltr'><strong>divina</strong></span> <span class='ocrx_word' id='word_1_667' title='bbox 546 4801 631 4839; x_wconf 64' lang='lat' dir='ltr'><strong>ac,</strong></span> <span class='ocrx_word' id='word_1_668' title='bbox 679 4786 988 4840; x_wconf 71' lang='lat' dir='ltr'><strong>cssentialis</strong></span> <span class='ocrx_word' id='word_1_669' title='bbox 1036 4786 1263 4851; x_wconf 67' lang='lat' dir='ltr'><strong>forma,</strong></span> <span class='ocrx_word' id='word_1_670' title='bbox 1302 4791 1437 4854; x_wconf 53' lang='lat' dir='ltr'><strong>qua!</strong></span> <span class='ocrx_word' id='word_1_671' title='bbox 1476 4802 1585 4840; x_wconf 88' lang='lat' dir='ltr'><strong>una</strong></span> <span class='ocrx_word' id='word_1_672' title='bbox 1635 4800 1690 4841; x_wconf 86' lang='lat' dir='ltr'><strong>et</strong></span> 
     </span>
    </p>
   </div>
   <div class='ocr_carea' id='block_1_95' title="bbox 131 4875 1700 4939">
    <p class='ocr_par' dir='ltr' id='par_1_95' title="bbox 131 4875 1700 4939">
     <span class='ocr_line' id='line_1_95' title="bbox 131 4875 1700 4939; baseline -0.004 -6"><span class='ocrx_word' id='word_1_673' title='bbox 131 4879 332 4933; x_wconf 84' lang='lat' dir='ltr'><strong>eadem</strong></span> <span class='ocrx_word' id='word_1_674' title='bbox 368 4889 598 4929; x_wconf 89' lang='lat' dir='ltr'><strong>numero</strong></span> <span class='ocrx_word' id='word_1_675' title='bbox 628 4875 682 4928; x_wconf 89' lang='lat' dir='ltr'><strong>in</strong></span> <span class='ocrx_word' id='word_1_676' title='bbox 707 4876 790 4929; x_wconf 88' lang='lat' dir='ltr'><strong>eis</strong></span> <span class='ocrx_word' id='word_1_677' title='bbox 822 4886 927 4939; x_wconf 87' lang='lat' dir='ltr'><strong>est,</strong></span> <span class='ocrx_word' id='word_1_678' title='bbox 964 4877 1147 4931; x_wconf 86' lang='lat' dir='ltr'><strong>Deitas</strong></span> <span class='ocrx_word' id='word_1_679' title='bbox 1194 4876 1469 4938; x_wconf 84' lang='lat' dir='ltr'><strong>videlicet,</strong></span> <span class='ocrx_word' id='word_1_680' title='bbox 1501 4891 1700 4930; x_wconf 90' lang='lat' dir='ltr'><strong>secun-</strong></span> 
     </span>
    </p>
   </div>
   <div class='ocr_carea' id='block_1_96' title="bbox 133 4967 1700 5034">
    <p class='ocr_par' dir='ltr' id='par_1_96' title="bbox 133 4967 1700 5034">
     <span class='ocr_line' id='line_1_96' title="bbox 133 4967 1700 5034; baseline -0.003 -11"><span class='ocrx_word' id='word_1_681' title='bbox 133 4972 267 5023; x_wconf 90' lang='lat' dir='ltr'><strong>dum</strong></span> <span class='ocrx_word' id='word_1_682' title='bbox 308 4982 473 5034; x_wconf 86' lang='lat' dir='ltr'><strong>quam</strong></span> <span class='ocrx_word' id='word_1_683' title='bbox 505 4981 648 5019; x_wconf 91' lang='lat' dir='ltr'><strong>unus</strong></span> <span class='ocrx_word' id='word_1_684' title='bbox 683 4976 769 5020; x_wconf 90' lang='lat' dir='ltr'><strong>est</strong></span> <span class='ocrx_word' id='word_1_685' title='bbox 811 4981 936 5020; x_wconf 91' lang='lat' dir='ltr'><strong>cum</strong></span> <span class='ocrx_word' id='word_1_686' title='bbox 978 4970 1061 5019; x_wconf 90' lang='lat' dir='ltr'><strong>cis</strong></span> <span class='ocrx_word' id='word_1_687' title='bbox 1089 4968 1233 5020; x_wconf 88' lang='lat' dir='ltr'><strong>Deus</strong></span> <span class='ocrx_word' id='word_1_688' title='bbox 1263 4984 1276 5018; x_wconf 91' lang='lat'>:</span> <span class='ocrx_word' id='word_1_689' title='bbox 1310 4967 1476 5019; x_wconf 85' lang='lat' dir='ltr'><strong>habet</strong></span> <span class='ocrx_word' id='word_1_690' title='bbox 1505 4967 1700 5019; x_wconf 84' lang='lat' dir='ltr'><strong>nihilo-</strong></span> 
     </span>
    </p>
   </div>
   <div class='ocr_carea' id='block_1_97' title="bbox 135 5058 1699 5127">
    <p class='ocr_par' dir='ltr' id='par_1_97' title="bbox 135 5058 1699 5127">
     <span class='ocr_line' id='line_1_97' title="bbox 135 5058 1699 5127; baseline -0.001 -15"><span class='ocrx_word' id='word_1_691' title='bbox 135 5060 327 5112; x_wconf 86' lang='lat' dir='ltr'><strong>minus</strong></span> <span class='ocrx_word' id='word_1_692' title='bbox 351 5060 512 5111; x_wconf 84' lang='lat' dir='ltr'><strong>aliatn</strong></span> <span class='ocrx_word' id='word_1_693' title='bbox 545 5059 710 5111; x_wconf 87' lang='lat' dir='ltr'><strong>etiam</strong></span> <span class='ocrx_word' id='word_1_694' title='bbox 742 5060 1020 5127; x_wconf 87' lang='lat' dir='ltr'><strong>prepriam</strong></span> <span class='ocrx_word' id='word_1_695' title='bbox 1050 5059 1279 5111; x_wconf 81' lang='lat' dir='ltr'><strong>formam</strong></span> <span class='ocrx_word' id='word_1_696' title='bbox 1303 5058 1427 5110; x_wconf 81' lang='lat' dir='ltr'><strong>aliis</strong></span> <span class='ocrx_word' id='word_1_697' title='bbox 1450 5059 1699 5124; x_wconf 84' lang='lat' dir='ltr'><strong>personis</strong></span> 
     </span>
    </p>
   </div>
   <div class='ocr_carea' id='block_1_98' title="bbox 134 5132 1697 5216">
    <p class='ocr_par' dir='ltr' id='par_1_98' title="bbox 134 5132 1697 5216">
     <span class='ocr_line' id='line_1_98' title="bbox 134 5132 1697 5216; baseline -0.001 -14"><span class='ocrx_word' id='word_1_698' title='bbox 134 5132 745 5210; x_wconf 87' lang='lat' dir='ltr'><strong>incommnnicabilem,</strong></span> <span class='ocrx_word' id='word_1_699' title='bbox 794 5148 1096 5201; x_wconf 86' lang='lat' dir='ltr'><strong>secundum</strong></span> <span class='ocrx_word' id='word_1_700' title='bbox 1147 5164 1309 5216; x_wconf 81' lang='lat' dir='ltr'><strong>quam</strong></span> <span class='ocrx_word' id='word_1_701' title='bbox 1345 5148 1450 5201; x_wconf 86' lang='lat' dir='ltr'><strong>hoc</strong></span> <span class='ocrx_word' id='word_1_702' title='bbox 1489 5148 1697 5216; x_wconf 89' lang='lat' dir='ltr'><strong>aliquid</strong></span> 
     </span>
    </p>
   </div>
   <div class='ocr_carea' id='block_1_99' title="bbox 132 5239 1698 5309">
    <p class='ocr_par' dir='ltr' id='par_1_99' title="bbox 132 5239 1698 5309">
     <span class='ocr_line' id='line_1_99' title="bbox 132 5239 1698 5309; baseline -0.001 -15"><span class='ocrx_word' id='word_1_703' title='bbox 132 5249 191 5294; x_wconf 86' lang='lat' dir='ltr'><strong>et</strong></span> <span class='ocrx_word' id='word_1_704' title='bbox 223 5254 461 5307; x_wconf 82' lang='lat' dir='ltr'><strong>persona</strong></span> <span class='ocrx_word' id='word_1_705' title='bbox 500 5241 554 5291; x_wconf 92' lang='lat' dir='ltr'><strong>in</strong></span> <span class='ocrx_word' id='word_1_706' title='bbox 596 5249 790 5293; x_wconf 90' lang='lat' dir='ltr'><strong>sancta</strong></span> <span class='ocrx_word' id='word_1_707' title='bbox 822 5239 1092 5291; x_wconf 90' lang='lat' dir='ltr'><strong>Trinitate</strong></span> <span class='ocrx_word' id='word_1_708' title='bbox 1123 5249 1242 5292; x_wconf 89' lang='lat' dir='ltr'><strong>est:</strong></span> <span class='ocrx_word' id='word_1_709' title='bbox 1279 5240 1555 5307; x_wconf 87' lang='lat' dir='ltr'><strong>quodnam</strong></span> <span class='ocrx_word' id='word_1_710' title='bbox 1595 5240 1698 5309; x_wconf 83' lang='lat' dir='ltr'><strong>igi-</strong></span> 
     </span>
    </p>
   </div>
   <div class='ocr_carea' id='block_1_100' title="bbox 134 5328 1696 5395">
    <p class='ocr_par' dir='ltr' id='par_1_100' title="bbox 134 5328 1696 5395">
     <span class='ocr_line' id='line_1_100' title="bbox 134 5328 1696 5395; baseline -0.001 -13"><span class='ocrx_word' id='word_1_711' title='bbox 134 5339 229 5382; x_wconf 91' lang='lat' dir='ltr'><strong>tur</strong></span> <span class='ocrx_word' id='word_1_712' title='bbox 270 5328 366 5387; x_wconf 89' lang='lat' dir='ltr'><strong>sit,</strong></span> <span class='ocrx_word' id='word_1_713' title='bbox 415 5328 768 5393; x_wconf 59' lang='lat' dir='ltr'><strong>quarendum</strong></span> <span class='ocrx_word' id='word_1_714' title='bbox 818 5336 927 5382; x_wconf 83' lang='lat' dir='ltr'><strong>est.</strong></span> <span class='ocrx_word' id='word_1_715' title='bbox 964 5328 1031 5379; x_wconf 85' lang='lat' dir='ltr'><strong>Et</strong></span> <span class='ocrx_word' id='word_1_716' title='bbox 1074 5328 1275 5395; x_wconf 87' lang='lat' dir='ltr'><strong>primo,</strong></span> <span class='ocrx_word' id='word_1_717' title='bbox 1308 5344 1376 5380; x_wconf 85' lang='lat' dir='ltr'><strong>an</strong></span> <span class='ocrx_word' id='word_1_718' title='bbox 1414 5328 1484 5380; x_wconf 91' lang='lat' dir='ltr'><strong>sit</strong></span> <span class='ocrx_word' id='word_1_719' title='bbox 1520 5328 1696 5395; x_wconf 86' lang='lat' dir='ltr'><strong>ipsum</strong></span> 
     </span>
    </p>
   </div>
   <div class='ocr_carea' id='block_1_101' title="bbox 135 5416 1700 5488">
    <p class='ocr_par' dir='ltr' id='par_1_101' title="bbox 135 5416 1700 5488">
     <span class='ocr_line' id='line_1_101' title="bbox 135 5416 1700 5488; baseline 0.001 -16"><span class='ocrx_word' id='word_1_720' title='bbox 135 5416 446 5488; x_wconf 81' lang='lat' dir='ltr'><strong>ingenitum</strong></span> <span class='ocrx_word' id='word_1_721' title='bbox 475 5431 616 5478; x_wconf 87' lang='lat' dir='ltr'><strong>esse,</strong></span> <span class='ocrx_word' id='word_1_722' title='bbox 654 5428 708 5470; x_wconf 91' lang='lat' dir='ltr'><strong>at</strong></span> <span class='ocrx_word' id='word_1_723' title='bbox 749 5433 856 5471; x_wconf 90' lang='lat' dir='ltr'><strong>non</strong></span> <span class='ocrx_word' id='word_1_724' title='bbox 902 5418 1148 5483; x_wconf 86' lang='lat' dir='ltr'><strong>videtur;</strong></span> <span class='ocrx_word' id='word_1_725' title='bbox 1180 5420 1283 5472; x_wconf 89' lang='lat' dir='ltr'><strong>hoc</strong></span> <span class='ocrx_word' id='word_1_726' title='bbox 1314 5419 1459 5472; x_wconf 87' lang='lat' dir='ltr'><strong>enim</strong></span> <span class='ocrx_word' id='word_1_727' title='bbox 1489 5429 1575 5471; x_wconf 80' lang='lat' dir='ltr'><strong>est</strong></span> <span class='ocrx_word' id='word_1_728' title='bbox 1606 5436 1700 5474; x_wconf 86' lang='lat' dir='ltr'><strong>ne-</strong></span> 
     </span>
    </p>
   </div>
   <div class='ocr_carea' id='block_1_102' title="bbox 136 5510 1699 5583">
    <p class='ocr_par' dir='ltr' id='par_1_102' title="bbox 136 5510 1699 5583">
     <span class='ocr_line' id='line_1_102' title="bbox 136 5510 1699 5583; baseline -0.001 -18"><span class='ocrx_word' id='word_1_729' title='bbox 136 5515 307 5583; x_wconf 75' lang='lat' dir='ltr'><strong>gatio,</strong></span> <span class='ocrx_word' id='word_1_730' title='bbox 344 5510 479 5561; x_wconf 85' lang='lat' dir='ltr'><strong>nihil</strong></span> <span class='ocrx_word' id='word_1_731' title='bbox 511 5520 689 5562; x_wconf 89' lang='lat' dir='ltr'><strong>autem</strong></span> <span class='ocrx_word' id='word_1_732' title='bbox 716 5511 1100 5563; x_wconf 77' lang='lat' dir='ltr'><strong>exsistentium</strong></span> <span class='ocrx_word' id='word_1_733' title='bbox 1131 5511 1433 5565; x_wconf 86' lang='lat' dir='ltr'><strong>secundum</strong></span> <span class='ocrx_word' id='word_1_734' title='bbox 1462 5512 1699 5578; x_wconf 77' lang='lat' dir='ltr'><strong>negatio-</strong></span> 
     </span>
    </p>
   </div>
   <div class='ocr_carea' id='block_1_103' title="bbox 139 5597 1696 5672">
    <p class='ocr_par' dir='ltr' id='par_1_103' title="bbox 139 5597 1696 5672">
     <span class='ocr_line' id='line_1_103' title="bbox 139 5597 1696 5672; baseline -0.003 -12"><span class='ocrx_word' id='word_1_735' title='bbox 139 5618 268 5660; x_wconf 86' lang='lat' dir='ltr'><strong>nem</strong></span> <span class='ocrx_word' id='word_1_736' title='bbox 304 5601 412 5655; x_wconf 87' lang='lat' dir='ltr'><strong>hoc</strong></span> <span class='ocrx_word' id='word_1_737' title='bbox 443 5597 648 5667; x_wconf 85' lang='lat' dir='ltr'><strong>aliquid</strong></span> <span class='ocrx_word' id='word_1_738' title='bbox 674 5609 756 5654; x_wconf 82' lang='lat' dir='ltr'><strong>est</strong></span> <span class='ocrx_word' id='word_1_739' title='bbox 787 5618 798 5655; x_wconf 83' lang='lat'><strong>;</strong></span> <span class='ocrx_word' id='word_1_740' title='bbox 831 5598 925 5654; x_wconf 82' lang='lat' dir='ltr'><strong>scd</strong></span> <span class='ocrx_word' id='word_1_741' title='bbox 960 5608 1042 5655; x_wconf 84' lang='lat' dir='ltr'><strong>est</strong></span> <span class='ocrx_word' id='word_1_742' title='bbox 1072 5602 1190 5672; x_wconf 83' lang='lat' dir='ltr'><strong>ejus</strong></span> <span class='ocrx_word' id='word_1_743' title='bbox 1218 5599 1550 5671; x_wconf 78' lang='lat' dir='ltr'><strong>proprietas,</strong></span> <span class='ocrx_word' id='word_1_744' title='bbox 1576 5616 1696 5669; x_wconf 68' lang='lat' dir='ltr'><strong>quae</strong></span> 
     </span>
    </p>
   </div>
   <div class='ocr_carea' id='block_1_104' title="bbox 1806 4419 3357 4488">
    <p class='ocr_par' dir='ltr' id='par_1_104' title="bbox 1806 4419 3357 4488">
     <span class='ocr_line' id='line_1_104' title="bbox 1806 4419 3357 4488; baseline 0.003 -16"><span class='ocrx_word' id='word_1_745' title='bbox 1806 4427 1917 4472; x_wconf 85' lang='lat' dir='ltr'><strong>tem</strong></span> <span class='ocrx_word' id='word_1_746' title='bbox 1960 4430 2083 4471; x_wconf 82' lang='lat' dir='ltr'><strong>esse</strong></span> <span class='ocrx_word' id='word_1_747' title='bbox 2131 4419 2543 4472; x_wconf 88' lang='lat' dir='ltr'><strong>constitutivam</strong></span> <span class='ocrx_word' id='word_1_748' title='bbox 2593 4429 2650 4472; x_wconf 91' lang='lat' dir='ltr'><strong>et</strong></span> <span class='ocrx_word' id='word_1_749' title='bbox 2697 4422 2975 4488; x_wconf 83' lang='lat' dir='ltr'><strong>propriam</strong></span> <span class='ocrx_word' id='word_1_750' title='bbox 3025 4423 3197 4477; x_wconf 79' lang='lat' dir='ltr'><strong>Patris</strong></span> <span class='ocrx_word' id='word_1_751' title='bbox 3250 4424 3357 4476; x_wconf 83' lang='lat' dir='ltr'><strong>for-</strong></span> 
     </span>
    </p>
   </div>
   <div class='ocr_carea' id='block_1_105' title="bbox 1800 4510 3357 4583">
    <p class='ocr_par' dir='ltr' id='par_1_105' title="bbox 1800 4510 3357 4583">
     <span class='ocr_line' id='line_1_105' title="bbox 1800 4510 3357 4583; baseline 0.001 -17"><span class='ocrx_word' id='word_1_752' title='bbox 1800 4525 1970 4577; x_wconf 81' lang='lat' dir='ltr'><strong>mam,</strong></span> <span class='ocrx_word' id='word_1_753' title='bbox 1999 4510 2359 4581; x_wconf 88' lang='lat' dir='ltr'><strong>spirationem</strong></span> <span class='ocrx_word' id='word_1_754' title='bbox 2391 4527 2521 4566; x_wconf 80' lang='lat' dir='ltr'><strong>vero</strong></span> <span class='ocrx_word' id='word_1_755' title='bbox 2571 4514 2724 4580; x_wconf 85' lang='lat' dir='ltr'><strong>sequi</strong></span> <span class='ocrx_word' id='word_1_756' title='bbox 2773 4528 2897 4566; x_wconf 88' lang='lat' dir='ltr'><strong>eum</strong></span> <span class='ocrx_word' id='word_1_757' title='bbox 2938 4515 3051 4583; x_wconf 87' lang='lat' dir='ltr'><strong>jam</strong></span> <span class='ocrx_word' id='word_1_758' title='bbox 3094 4516 3357 4568; x_wconf 78' lang='lat' dir='ltr'><strong>constitu-</strong></span> 
     </span>
    </p>
   </div>
   <div class='ocr_carea' id='block_1_106' title="bbox 1803 4584 3355 4670">
    <p class='ocr_par' dir='ltr' id='par_1_106' title="bbox 1803 4584 3355 4670">
     <span class='ocr_line' id='line_1_106' title="bbox 1803 4584 3355 4670; baseline -0.001 -15"><span class='ocrx_word' id='word_1_759' title='bbox 1803 4611 1948 4669; x_wconf 86' lang='lat' dir='ltr'><strong>tum;</strong></span> <span class='ocrx_word' id='word_1_760' title='bbox 1970 4612 2064 4657; x_wconf 82' lang='lat' dir='ltr'><strong>aut</strong></span> <span class='ocrx_word' id='word_1_761' title='bbox 2084 4617 2116 4657; x_wconf 90' lang='lat' dir='ltr'><strong>e</strong></span> <span class='ocrx_word' id='word_1_762' title='bbox 2139 4584 2406 4657; x_wconf 59' lang='lat' dir='ltr'><strong>converso</strong></span> <span class='ocrx_word' id='word_1_763' title='bbox 2426 4602 2780 4670; x_wconf 71' lang='lat' dir='ltr'><strong>spiratione-tn</strong></span> <span class='ocrx_word' id='word_1_764' title='bbox 2808 4617 2927 4656; x_wconf 85' lang='lat' dir='ltr'><strong>esse</strong></span> <span class='ocrx_word' id='word_1_765' title='bbox 2950 4604 3355 4656; x_wconf 84' lang='lat' dir='ltr'><strong>constitutivam</strong></span> 
     </span>
    </p>
   </div>
   <div class='ocr_carea' id='block_1_107' title="bbox 1802 4684 3353 4762">
    <p class='ocr_par' dir='ltr' id='par_1_107' title="bbox 1802 4684 3353 4762">
     <span class='ocr_line' id='line_1_107' title="bbox 1802 4684 3353 4762; baseline -0.003 -15"><span class='ocrx_word' id='word_1_766' title='bbox 1802 4708 2051 4762; x_wconf 62' lang='lat' dir='ltr'><strong>persona</strong></span> <span class='ocrx_word' id='word_1_767' title='bbox 2106 4701 2383 4762; x_wconf 56' lang='lat' dir='ltr'><strong>paterna,</strong></span> <span class='ocrx_word' id='word_1_768' title='bbox 2420 4693 2807 4760; x_wconf 82' lang='lat' dir='ltr'><strong>paternitatem</strong></span> <span class='ocrx_word' id='word_1_769' title='bbox 2860 4692 3013 4757; x_wconf 84' lang='lat' dir='ltr'><strong>sequi</strong></span> <span class='ocrx_word' id='word_1_770' title='bbox 3070 4684 3353 4757; x_wconf 78' lang='lat' dir='ltr'><strong>personam</strong></span> 
     </span>
    </p>
   </div>
   <div class='ocr_carea' id='block_1_108' title="bbox 1796 4783 3352 4854">
    <p class='ocr_par' dir='ltr' id='par_1_108' title="bbox 1796 4783 3352 4854">
     <span class='ocr_line' id='line_1_108' title="bbox 1796 4783 3352 4854; baseline -0.001 -16"><span class='ocrx_word' id='word_1_771' title='bbox 1796 4787 1908 4854; x_wconf 85' lang='lat' dir='ltr'><strong>jam</strong></span> <span class='ocrx_word' id='word_1_772' title='bbox 1942 4787 2319 4838; x_wconf 85' lang='lat' dir='ltr'><strong>constitutam.</strong></span> <span class='ocrx_word' id='word_1_773' title='bbox 2372 4787 2438 4837; x_wconf 72' lang='lat' dir='ltr'><strong>At</strong></span> <span class='ocrx_word' id='word_1_774' title='bbox 2471 4785 2515 4836; x_wconf 89' lang='lat' dir='ltr'><strong>si</strong></span> <span class='ocrx_word' id='word_1_775' title='bbox 2550 4784 2759 4849; x_wconf 84' lang='lat' dir='ltr'><strong>spirare</strong></span> <span class='ocrx_word' id='word_1_776' title='bbox 2794 4783 3013 4847; x_wconf 86' lang='lat' dir='ltr'><strong>quidem</strong></span> <span class='ocrx_word' id='word_1_777' title='bbox 3048 4786 3352 4845; x_wconf 77' lang='lat' dir='ltr'><strong>constituit,</strong></span> 
     </span>
    </p>
   </div>
   <div class='ocr_carea' id='block_1_109' title="bbox 1800 4874 3356 4943">
    <p class='ocr_par' dir='ltr' id='par_1_109' title="bbox 1800 4874 3356 4943">
     <span class='ocr_line' id='line_1_109' title="bbox 1800 4874 3356 4943; baseline 0.002 -17"><span class='ocrx_word' id='word_1_778' title='bbox 1800 4877 2104 4943; x_wconf 85' lang='lat' dir='ltr'><strong>paternitas</strong></span> <span class='ocrx_word' id='word_1_779' title='bbox 2154 4889 2285 4927; x_wconf 89' lang='lat' dir='ltr'><strong>vero</strong></span> <span class='ocrx_word' id='word_1_780' title='bbox 2337 4885 2390 4925; x_wconf 90' lang='lat' dir='ltr'><strong>et</strong></span> <span class='ocrx_word' id='word_1_781' title='bbox 2424 4874 2600 4941; x_wconf 90' lang='lat' dir='ltr'><strong>ipsum</strong></span> <span class='ocrx_word' id='word_1_782' title='bbox 2646 4888 2907 4940; x_wconf 77' lang='lat' dir='ltr'><strong>generare</strong></span> <span class='ocrx_word' id='word_1_783' title='bbox 2954 4875 3222 4941; x_wconf 81' lang='lat' dir='ltr'><strong>sequitur,</strong></span> <span class='ocrx_word' id='word_1_784' title='bbox 3260 4876 3356 4929; x_wconf 53' lang='lat' dir='ltr'><strong>ab-</strong></span> 
     </span>
    </p>
   </div>
   <div class='ocr_carea' id='block_1_110' title="bbox 1799 4955 3353 5031">
    <p class='ocr_par' dir='ltr' id='par_1_110' title="bbox 1799 4955 3353 5031">
     <span class='ocr_line' id='line_1_110' title="bbox 1799 4955 3353 5031; baseline 0 -12"><span class='ocrx_word' id='word_1_785' title='bbox 1799 4966 2024 5019; x_wconf 80' lang='lat' dir='ltr'><strong>Surdum</strong></span> <span class='ocrx_word' id='word_1_786' title='bbox 2056 4965 2207 5031; x_wconf 84' lang='lat' dir='ltr'><strong>quid,</strong></span> <span class='ocrx_word' id='word_1_787' title='bbox 2260 4965 2491 5031; x_wconf 84' lang='lat' dir='ltr'><strong>etquod</strong></span> <span class='ocrx_word' id='word_1_788' title='bbox 2542 4972 2740 5030; x_wconf 69' lang='lat' dir='ltr'><strong>praeter</strong></span> <span class='ocrx_word' id='word_1_789' title='bbox 2792 4964 3035 5017; x_wconf 86' lang='lat' dir='ltr'><strong>omnium</strong></span> <span class='ocrx_word' id='word_1_790' title='bbox 3069 4955 3353 5020; x_wconf 78' lang='lat' dir='ltr'><strong>ductorum</strong></span> 
     </span>
    </p>
   </div>
   <div class='ocr_carea' id='block_1_111' title="bbox 1799 5053 3348 5123">
    <p class='ocr_par' dir='ltr' id='par_1_111' title="bbox 1799 5053 3348 5123">
     <span class='ocr_line' id='line_1_111' title="bbox 1799 5053 3348 5123; baseline 0 -16"><span class='ocrx_word' id='word_1_791' title='bbox 1799 5054 2150 5108; x_wconf 85' lang='lat' dir='ltr'><strong>traditionem</strong></span> <span class='ocrx_word' id='word_1_792' title='bbox 2194 5063 2297 5117; x_wconf 87' lang='lat' dir='ltr'><strong>est,</strong></span> <span class='ocrx_word' id='word_1_793' title='bbox 2368 5053 2620 5121; x_wconf 87' lang='lat' dir='ltr'><strong>sequitur</strong></span> <span class='ocrx_word' id='word_1_794' title='bbox 2669 5070 2693 5105; x_wconf 68' lang='grc' dir='ltr'><strong>ι’</strong></span> <span class='ocrx_word' id='word_1_795' title='bbox 2730 5055 2871 5120; x_wconf 82' lang='lat' dir='ltr'><strong>quod</strong></span> <span class='ocrx_word' id='word_1_796' title='bbox 2925 5058 3028 5107; x_wconf 75' lang='lat' dir='ltr'><strong>tale</strong></span> <span class='ocrx_word' id='word_1_797' title='bbox 3076 5058 3200 5123; x_wconf 85' lang='lat' dir='ltr'><strong>quid</strong></span> <span class='ocrx_word' id='word_1_798' title='bbox 3250 5069 3348 5117; x_wconf 75' lang='lat' dir='ltr'><strong>est,</strong></span> 
     </span>
    </p>
   </div>
   <div class='ocr_carea' id='block_1_112' title="bbox 1800 5145 3352 5215">
    <p class='ocr_par' dir='ltr' id='par_1_112' title="bbox 1800 5145 3352 5215">
     <span class='ocr_line' id='line_1_112' title="bbox 1800 5145 3352 5215; baseline -0.001 -16"><span class='ocrx_word' id='word_1_799' title='bbox 1800 5146 2091 5215; x_wconf 86' lang='lat' dir='ltr'><strong>principia,</strong></span> <span class='ocrx_word' id='word_1_800' title='bbox 2122 5155 2178 5197; x_wconf 92' lang='lat' dir='ltr'><strong>et</strong></span> <span class='ocrx_word' id='word_1_801' title='bbox 2216 5146 2532 5198; x_wconf 85' lang='lat' dir='ltr'><strong>immediata</strong></span> <span class='ocrx_word' id='word_1_802' title='bbox 2571 5145 2839 5212; x_wconf 77' lang='lat' dir='ltr'><strong>cujusque</strong></span> <span class='ocrx_word' id='word_1_803' title='bbox 2866 5148 3113 5212; x_wconf 78' lang='lat' dir='ltr'><strong>Operatio</strong></span> <span class='ocrx_word' id='word_1_804' title='bbox 3144 5147 3208 5198; x_wconf 87' lang='lat' dir='ltr'><strong>ab</strong></span> <span class='ocrx_word' id='word_1_805' title='bbox 3235 5146 3352 5212; x_wconf 83' lang='lat' dir='ltr'><strong>ejus</strong></span> 
     </span>
    </p>
   </div>
   <div class='ocr_carea' id='block_1_113' title="bbox 1799 5236 3352 5303">
    <p class='ocr_par' dir='ltr' id='par_1_113' title="bbox 1799 5236 3352 5303">
     <span class='ocr_line' id='line_1_113' title="bbox 1799 5236 3352 5303; baseline -0.003 -12"><span class='ocrx_word' id='word_1_806' title='bbox 1799 5238 2161 5292; x_wconf 76' lang='lat' dir='ltr'><strong>Constitutiva</strong></span> <span class='ocrx_word' id='word_1_807' title='bbox 2197 5236 2369 5290; x_wconf 72' lang='lat' dir='ltr'><strong>forma</strong></span> <span class='ocrx_word' id='word_1_808' title='bbox 2399 5237 2615 5302; x_wconf 80' lang='lat' dir='ltr'><strong>prodit;</strong></span> <span class='ocrx_word' id='word_1_809' title='bbox 2653 5252 2843 5287; x_wconf 73' lang='lat' dir='ltr'><strong>nn‘tncs</strong></span> <span class='ocrx_word' id='word_1_810' title='bbox 2872 5245 3049 5286; x_wconf 83' lang='lat' dir='ltr'><strong>autem</strong></span> <span class='ocrx_word' id='word_1_811' title='bbox 3082 5237 3198 5287; x_wconf 76' lang='lat' dir='ltr'><strong>alia:</strong></span> <span class='ocrx_word' id='word_1_812' title='bbox 3223 5252 3352 5303; x_wconf 82' lang='lat' dir='ltr'><strong>ope-</strong></span> 
     </span>
    </p>
   </div>
   <div class='ocr_carea' id='block_1_114' title="bbox 1804 5326 3347 5396">
    <p class='ocr_par' dir='ltr' id='par_1_114' title="bbox 1804 5326 3347 5396">
     <span class='ocr_line' id='line_1_114' title="bbox 1804 5326 3347 5396; baseline -0.002 -16"><span class='ocrx_word' id='word_1_813' title='bbox 1804 5332 2044 5383; x_wconf 86' lang='lat' dir='ltr'><strong>rationes</strong></span> <span class='ocrx_word' id='word_1_814' title='bbox 2076 5344 2172 5396; x_wconf 87' lang='lat' dir='ltr'><strong>per</strong></span> <span class='ocrx_word' id='word_1_815' title='bbox 2211 5330 2349 5382; x_wconf 87' lang='lat' dir='ltr'><strong>hanc</strong></span> <span class='ocrx_word' id='word_1_816' title='bbox 2385 5329 2615 5396; x_wconf 88' lang='lat' dir='ltr'><strong>primam</strong></span> <span class='ocrx_word' id='word_1_817' title='bbox 2656 5327 2905 5377; x_wconf 82' lang='lat' dir='ltr'><strong>videlicet</strong></span> <span class='ocrx_word' id='word_1_818' title='bbox 2952 5326 3347 5390; x_wconf 82' lang='lat' dir='ltr'><strong>operationem,</strong></span> 
     </span>
    </p>
   </div>
   <div class='ocr_carea' id='block_1_115' title="bbox 1800 5413 3347 5486">
    <p class='ocr_par' dir='ltr' id='par_1_115' title="bbox 1800 5413 3347 5486">
     <span class='ocr_line' id='line_1_115' title="bbox 1800 5413 3347 5486; baseline -0.003 -15"><span class='ocrx_word' id='word_1_819' title='bbox 1800 5428 1856 5471; x_wconf 89' lang='lat' dir='ltr'><strong>nt</strong></span> <span class='ocrx_word' id='word_1_820' title='bbox 1880 5426 2008 5486; x_wconf 90' lang='lat' dir='ltr'><strong>puta</strong></span> <span class='ocrx_word' id='word_1_821' title='bbox 2032 5434 2098 5470; x_wconf 83' lang='lat' dir='ltr'><strong>ex</strong></span> <span class='ocrx_word' id='word_1_822' title='bbox 2120 5419 2323 5479; x_wconf 81' lang='lat' dir='ltr'><strong>anima,</strong></span> <span class='ocrx_word' id='word_1_823' title='bbox 2354 5432 2475 5482; x_wconf 67' lang='lat' dir='ltr'><strong>quae</strong></span> <span class='ocrx_word' id='word_1_824' title='bbox 2495 5426 2577 5468; x_wconf 87' lang='lat' dir='ltr'><strong>est</strong></span> <span class='ocrx_word' id='word_1_825' title='bbox 2604 5413 2958 5467; x_wconf 85' lang='lat' dir='ltr'><strong>constitutiva</strong></span> <span class='ocrx_word' id='word_1_826' title='bbox 2986 5415 3127 5467; x_wconf 80' lang='lat' dir='ltr'><strong>Petri</strong></span> <span class='ocrx_word' id='word_1_827' title='bbox 3155 5415 3347 5479; x_wconf 75' lang='lat' dir='ltr'><strong>ferina,</strong></span> 
     </span>
    </p>
   </div>
   <div class='ocr_carea' id='block_1_116' title="bbox 1801 5505 3350 5576">
    <p class='ocr_par' dir='ltr' id='par_1_116' title="bbox 1801 5505 3350 5576">
     <span class='ocr_line' id='line_1_116' title="bbox 1801 5505 3350 5576; baseline 0.001 -18"><span class='ocrx_word' id='word_1_828' title='bbox 1801 5510 1975 5576; x_wconf 82' lang='lat' dir='ltr'><strong>prima</strong></span> <span class='ocrx_word' id='word_1_829' title='bbox 2005 5516 2060 5562; x_wconf 88' lang='lat' dir='ltr'><strong>et</strong></span> <span class='ocrx_word' id='word_1_830' title='bbox 2088 5509 2403 5561; x_wconf 86' lang='lat' dir='ltr'><strong>immediata</strong></span> <span class='ocrx_word' id='word_1_831' title='bbox 2432 5505 2681 5574; x_wconf 86' lang='lat' dir='ltr'><strong>operatio</strong></span> <span class='ocrx_word' id='word_1_832' title='bbox 2711 5505 2825 5570; x_wconf 81' lang='lat' dir='ltr'><strong>ejus</strong></span> <span class='ocrx_word' id='word_1_833' title='bbox 2858 5506 3059 5572; x_wconf 82' lang='lat' dir='ltr'><strong>prodit,</strong></span> <span class='ocrx_word' id='word_1_834' title='bbox 3099 5508 3242 5574; x_wconf 88' lang='lat' dir='ltr'><strong>quod</strong></span> <span class='ocrx_word' id='word_1_835' title='bbox 3268 5518 3350 5559; x_wconf 86' lang='lat' dir='ltr'><strong>est</strong></span> 
     </span>
    </p>
   </div>
   <div class='ocr_carea' id='block_1_117' title="bbox 1800 5596 3347 5667">
    <p class='ocr_par' dir='ltr' id='par_1_117' title="bbox 1800 5596 3347 5667">
     <span class='ocr_line' id='line_1_117' title="bbox 1800 5596 3347 5667; baseline -0.003 -14"><span class='ocrx_word' id='word_1_836' title='bbox 1800 5600 1979 5653; x_wconf 80' lang='lat' dir='ltr'><strong>vivere</strong></span> <span class='ocrx_word' id='word_1_837' title='bbox 2009 5616 2021 5652; x_wconf 93' lang='lat'><strong>:</strong></span> <span class='ocrx_word' id='word_1_838' title='bbox 2055 5598 2251 5651; x_wconf 84' lang='lat' dir='ltr'><strong>deinde</strong></span> <span class='ocrx_word' id='word_1_839' title='bbox 2278 5612 2375 5665; x_wconf 78' lang='lat' dir='ltr'><strong>per</strong></span> <span class='ocrx_word' id='word_1_840' title='bbox 2401 5611 2543 5662; x_wconf 86' lang='lat' dir='ltr'><strong>eam,</strong></span> <span class='ocrx_word' id='word_1_841' title='bbox 2566 5596 2773 5649; x_wconf 79' lang='lat' dir='ltr'><strong>scilicet</strong></span> <span class='ocrx_word' id='word_1_842' title='bbox 2806 5605 3059 5667; x_wconf 85' lang='lat' dir='ltr'><strong>tanquam</strong></span> <span class='ocrx_word' id='word_1_843' title='bbox 3087 5611 3185 5667; x_wconf 88' lang='lat' dir='ltr'><strong>per</strong></span> <span class='ocrx_word' id='word_1_844' title='bbox 3217 5612 3347 5650; x_wconf 81' lang='lat' dir='ltr'><strong>cau-</strong></span> 
     </span>
    </p>
   </div>
  </div>
