4122 6326
757 243 864 308 127

752 368 865 409 sam
917 353 1034 407 sine
1078 366 1183 420 qua
1226 365 1331 405 non
1383 362 1573 404 omnes
1617 348 1738 403 alia:
1781 348 2136 418 operationes
2169 360 2297 414 pro-

672 453 677 461 ‘
751 442 942 505 deum,
974 439 1240 509 Speculari
1271 437 1547 499 videlicet,
1585 435 1811 500 docere,
1848 444 2029 490 texere
2058 449 2169 490 etc.
2196 435 2300 489 Per

751 533 932 585 vivere
966 545 1216 599 namque,
1250 544 1369 598 qua:
1398 538 1481 583 est
1525 528 1702 598 prima
1754 536 1810 581 et
1843 526 2157 581 immediata
2180 525 2304 594 ejus

752 625 1012 691 operatio,
1056 637 1246 676 onmcs
1276 622 1397 675 alia:
1435 620 1768 676 eilicinntur.
1805 618 1861 673 Si
1905 619 2070 689 igitur
2096 627 2151 671 ct
2172 632 2301 696 per-

756 731 897 771 sona:
953 723 1190 784 paternae
1251 714 1432 782 ipsum
1486 712 1699 780 spirare
1748 718 1894 765 esset
1947 710 2300 765 constitutiva

757 808 947 864 forma.
975 816 1117 859 esset
1170 804 1396 873 spiratio
1432 803 1654 871 quidem
1692 801 1864 870 prima
1893 827 1899 833 ι
1927 800 2047 868 ejus
2095 810 2149 855 et
2198 799 2303 854 im-

757 898 988 949 mediata
1039 896 1323 964 operatio;
1379 909 1475 963 per
1525 894 1666 945 hanc
1720 902 1900 945 autem
1948 899 2306 959 generaretur

757 988 946 1049 Filius,
976 1002 1084 1054 quo
1114 986 1268 1039 ﬁeret
1309 995 1369 1038 ut
1418 1000 1525 1038 non
1560 984 1800 1051 Spiritus
1827 998 1925 1051 per
1955 983 2150 1036 Filium
2181 995 2306 1049 pro-

755 1080 991 1135 cederet,
1037 1086 1093 1127 ut
1131 1074 1368 1142 theologi
1398 1080 1679 1135 asserunt,
1710 1073 1804 1127 sed
1837 1072 2008 1124 Filius
2042 1085 2138 1139 per
2178 1069 2302 1137 Spi-

758 1176 916 1217 rztuzn
943 1151 1331 1234 generaretnr.
1372 1163 1504 1226 Qua:
1536 1169 1732 1213 cuncta
1766 1160 1978 1213 veritati
2012 1158 2303 1219 contraria,

754 1268 807 1309 et
839 1256 1061 1310 l’atrum
1112 1253 1527 1316 traditionibus,
1558 1261 1613 1304 et
1643 1249 1921 1303 communi
1955 1262 2145 1302 eorum
2182 1246 2306 1301 usui

757 1355 902 1398 sunt.
943 1344 1161 1399 Etcum
1192 1342 1310 1395 bare
1352 1340 1592 1395 absurda
1622 1340 1755 1399 sint,
1798 1346 1969 1391 restat
2008 1336 2307 1405 paternita-

760 1448 863 1491 tem
889 1438 1228 1491 constituere
1258 1448 1547 1503 personam
1599 1440 1906 1500 paternam,
1941 1439 1996 1483 et
2028 1431 2165 1482 hanc
2191 1428 2311 1495 ejus

757 1546 877 1584 esse
902 1525 1476 1586 incommuuicabilem
1499 1524 1755 1587 formam,
1778 1520 2132 1589 spirationcm
2154 1517 2310 1588 sequi

759 1621 865 1689 iam
894 1617 1245 1673 constitutam
1278 1616 1399 1686 ejus
1425 1625 1739 1686 personam.

1714 233 2211 299 BESSARIONIS
2249 232 2326 297 S..
2353 232 2422 294 Β.
2464 232 2527 295 Ε.
2561 229 3021 292 CARDINALIS

2326 348 2372 407 Α
2403 340 2727 411 Ατςιιηιεηέα
2772 339 3049 408 probantia
3092 333 3631 411 Spiritmghsanctum
3675 350 3741 411 ea;
3794 332 3943 387 Patre

3855 222 3944 289 (28

2531 426 2623 480 per
2647 402 2861 474 Filittin,
2894 417 2943 462 et
2976 423 3039 461 ea:
3080 405 3247 459 Patre
3291 402 3524 472 Filioque
3552 405 3847 472 procedere.

2473 522 2579 578 Per
2604 523 2832 591 primam
2877 528 2932 574 et
2958 517 3330 574 immediatam
3352 514 3783 583 uniuscujusque
3826 528 3941 583 ope

2403 613 2687 673 rationem,
2718 625 2906 665 omnes
2924 609 3040 664 alia:
3071 606 3418 679 operationes
3442 604 3561 674 ejus
3595 602 3756 666 ﬁunt,
3782 604 3941 672 prima

2404 718 2536 759 vero
2587 712 2645 756 et
2677 700 2992 755 immediata
3037 698 3216 755 Patris
3262 694 3506 766 operatio
3550 703 3631 748 est
3659 708 3941 762 generare:

2405 809 2502 864 per
2526 805 2791 861 generare
2829 790 2993 859 igitur
3028 785 3273 859 spirandi
3301 786 3445 841 actio
3497 784 3587 847 iit,
3615 793 3669 837 et
3695 797 3764 837 ex
3802 784 3945 836 Patre

2404 898 2503 953 per
2538 881 2733 935 Filium
2763 880 3000 948 Spiritus
3034 885 3259 933 sanctus
3281 874 3554 944 procedit.
3581 873 3737 939 Quod
3778 883 3943 927 autem

2404 974 2535 1028 velit
2564 973 2686 1036 hoc,
2716 972 2861 1040 quod
2892 969 3126 1024 dicimus
3157 980 3253 1033 per
3288 964 3507 1026 Filium,
3534 979 3589 1017 et
3609 963 3757 1032 quod
3784 963 3944 1030 ipsum

2404 1079 2502 1135 per
2557 1078 2773 1118 causam
2831 1060 2945 1115 sive
2995 1057 3325 1127 principium
3376 1054 3621 1108 medians
3670 1052 3945 1122 signiﬁcet.

2406 1170 2473 1209 ex
2504 1155 2604 1209 hoc
2636 1167 2744 1206 non
2768 1151 3139 1225 intelligimus,
3162 1144 3306 1216 quod
3336 1145 3501 1199 Filius
3532 1143 3606 1196 sit
3628 1141 3945 1211 principium

2407 1244 2651 1298 medians
2687 1253 2949 1311 quantum
2978 1241 3046 1294 ad
3078 1240 3311 1309 spirare,
3349 1238 3421 1291 ita
3469 1235 3614 1306 quod
3650 1234 3818 1289 Pater
3851 1247 3945 1285 non

2410 1331 2718 1386 immediate
2737 1332 2909 1397 spiret
2936 1330 3201 1398 Spiritum
3224 1335 3502 1391 sanctum;
3528 1323 3622 1379 sed
3644 1323 3815 1392 spirct
3834 1335 3946 1375 eum

2409 1419 2684 1473 mediante
2716 1417 2875 1481 Filio,
2928 1425 3183 1483 tanquam
3218 1428 3382 1466 causa
3422 1407 3773 1470 secund'aria,
3818 1406 3947 1459 sicut

2409 1509 2556 1563 Deus
2598 1514 2777 1561 movet
2811 1506 3009 1559 coelum
3045 1502 3403 1571 intelligentia
3442 1499 3740 1553 mediante.
3775 1494 3946 1548 Tenc-

2416 1613 2539 1655 nius
2569 1598 2715 1653 enim
2746 1611 2868 1651 cum
2887 1593 3213 1663 Augustino,
3238 1590 3382 1660 quod
3406 1584 3946 1657 Spiritusimmediate

830 1667 1497 1779 Non
1523 1706 1614 1760 hic
1644 1682 1901 1760 accidens
1923 1703 2140 1775 ρι-ορτῑε
2171 1701 2316 1771 quod
2345 1668 2390 1724 Β
2418 1688 2486 1743 ab
2514 1696 2754 1755 utroque
2778 1681 3027 1752 procedit
3062 1697 3076 1733 :
3110 1679 3205 1734 sed
3232 1675 3590 1779 intelligimus
3620 1671 3765 1739 quod
3799 1667 3947 1721 Filius

765 1805 980 1859 realiter
1012 1804 1076 1856 ab
1102 1817 1189 1862 eo,
1219 1801 1301 1853 cui
1336 1797 1553 1864 accidit,
1579 1796 1933 1867 diStinguitur
1958 1804 2012 1849 ut
2031 1794 2309 1859 accidens,

764 1910 882 1949 cum
918 1893 1053 1947 nihil
1087 1893 1141 1946 in
1172 1891 1438 1946 Trinitate
1469 1890 1541 1944 sit
1566 1888 1842 1943 accidens.
1880 1887 2077 1941 Verum
2122 1898 2319 1939 secun-

764 1983 892 2036 dum
938 1991 1211 2041 naturam.
1252 1989 1309 2034 et
1342 1979 1736 2043 essentialiter,
1770 1976 1821 2029 id
1858 1983 1942 2029 est
1989 1972 2318 2037 necessario,

765 2084 820 2128 et
846 2088 941 2142 per
968 2087 1026 2126 se
1057 2080 1307 2139 tanquam
1341 2070 1611 2139 quoddam
1646 2066 1729 2121 sui
1757 2076 2008 2127 naturam
2058 2072 2111 2117 et
2134 2075 2321 2116 essen-

767 2165 893 2217 tiam
947 2164 999 2215 in
1042 2177 1106 2216 eo
1149 2160 1454 2215 necessario
1496 2172 1864 2227 consequens,
1896 2164 1951 2210 et
1980 2156 2156 2223 ipsum
2201 2154 2320 2221 qui—

768 2255 887 2309 dem
923 2268 1183 2321 generare
1212 2252 1439 2320 primam
1470 2261 1518 2305 et
1551 2247 1915 2303 immediatam
1948 2245 2322 2321 operationem

770 2358 1013 2413 personm
1037 2353 1274 2411 paterna:
1302 2356 1444 2405 esse,
1472 2340 1650 2410 ipsum
1674 2353 1807 2392 vero
1832 2336 2043 2406 spirare
2082 2331 2197 2388 ﬁeri
2227 2313 2324 2401 per

770 2449 1048 2504 generare,
1086 2448 1190 2487 non
1216 2441 1466 2501 tanquam
1494 2446 1590 2499 per
1620 2428 1965 2498 principium,
1987 2425 2080 2480 sed
2108 2439 2205 2493 per
2226 2423 2323 2477 ali-

770 2526 895 2593 quid
921 2522 1307 2585 neccssarium,
1325 2520 1467 2588 quod
1492 2516 1865 2587 prmexigitur.
1886 2515 1953 2569 Et
1975 2515 2086 2567 haac
2104 2512 2326 2581 quidem

773 2612 1022 2682 prmdicta
1047 2614 1153 2665 sint
1173 2622 1423 2679 tauquam
1440 2609 1503 2661 ad
1541 2623 1660 2676 quae
1680 2613 1985 2674 sequuntur
2001 2601 2323 2657 necessaria.

846 2704 977 2755 Item
1021 2704 1136 2757 haec
1168 2704 1334 2756 etiam
1364 2710 1621 2768 tanquam
1673 2699 1983 2753 communia
2012 2707 2331 2762 prmsuppoo

778 2805 1017 2857 nantur;
1054 2807 1241 2845 eorum
1273 2807 1392 2858 quae
1418 2793 1471 2843 in
1500 2790 1609 2842 Dee
1638 2788 1898 2841 dicuntur
1929 2785 2175 2853 quaedam
2206 2791 2333 2837 sunt

778 2883 1084 2939 connuunia
1107 2881 1360 2933 omnibus
1396 2878 1665 2947 personis,
1693 2884 1750 2930 ut
1783 2876 1982 2937 bonus,
2008 2875 2248 2944 sapiens.
2278 2878 2335 2926 et

2419 1781 2509 1851 qui
2533 1789 2617 1835 est
2644 1775 2886 1846 Spiritus
2915 1770 3245 1844 principium
3286 1783 3300 1820 :
3331 1774 3413 1821 est
3439 1763 3687 1818 medians
3708 1769 3947 1828 quantum

2419 1873 2486 1927 ad
2515 1884 2635 1926 esse
2663 1868 2807 1921 inter
2845 1864 3061 1919 Patrem
3119 1867 3177 1913 et
3222 1857 3479 1927 Spiritum
3525 1864 3795 1911 sanctum,
3840 1860 3946 1899 cum

2418 1965 2576 2035 prius
2633 1956 2961 2014 naturaliter
3016 1950 3350 2019 intelligatur
3379 1961 3411 2001 a
3444 1946 3602 2000 Patre
3645 1939 3948 2009 productus,

2420 2029 2581 2126 quam
2631 2050 2869 2122 Spiritus
2898 2053 3122 2102 sanctus
3150 2042 3218 2097 ab
3251 2048 3505 2107 utroque,
3539 2032 3864 2089 suﬂicienter
3904 2029 3950 2079 in

2384 2157 2672 2229 ,sermone
2703 2144 2767 2196 de
2799 2138 3001 2193 unione
3027 2131 3408 2205 probavimus.

2492 2253 2620 2325 Item
2647 2250 2880 2318 Spiritus
2907 2252 3128 2303 sanctus
3161 2249 3257 2297 aut
3277 2254 3340 2295 ex
3366 2237 3479 2292 solo
3505 2235 3667 2291 Patre
3700 2228 3949 2302 procedit,

2424 2357 2517 2403 aut
2547 2360 2655 2400 non
2698 2358 2763 2399 ex
2796 2342 2911 2395 solo
2942 2340 3099 2395 Patre
3130 2351 3144 2387 :
3177 2336 3323 2389 inter
3365 2326 3787 2390 contradictoris
3818 2336 3953 2376 nam-

2424 2453 2531 2507 que
2557 2434 2694 2489 nihil
2729 2442 2813 2487 est
2848 2430 3109 2485 medium.
3140 2428 3208 2481 At
3239 2440 3345 2477 non
3379 2428 3559 2491 potest
3592 2415 3702 2471 dici
3735 2412 3873 2482 quod
3895 2424 3953 2463 ex

2426 2503 2542 2582 solo
2598 2524 2759 2577 Patre
2824 2518 3082 2589 procedat
3144 2514 3348 2583 :igitur
3379 2526 3487 2564 non
3542 2523 3609 2561 ex
3639 2505 3755 2561 solo
3790 2503 3951 2556 Patre.

2428 2616 2581 2681 Quod
2640 2613 2684 2666 si
2752 2626 2859 2664 non
2923 2624 2990 2661 ex
3053 2606 3169 2659 solo
3233 2606 3416 2663 Patre,
3476 2599 3643 2669 igitur
3688 2596 3845 2649 etiam
3898 2604 3954 2641 ex

2429 2707 2587 2762 Filio.
2640 2700 2792 2769 Quod
2852 2708 3035 2753 autem
3089 2695 3199 2749 nan
3268 2707 3337 2745 ex
3401 2690 3519 2744 solo
3575 2685 3737 2740 Patre
3784 2693 3953 2750 proce-

2431 2798 2545 2860 dat,
2607 2793 2869 2863 probatur
2931 2788 3105 2856 primo
3161 2781 3429 2852 quidem:
3485 2788 3751 2844 nusquam
3816 2784 3951 2863 repe-

2436 2857 2579 2941 ritur
2608 2857 2719 2937 Ihoc
2748 2881 2972 2940 dictum,
3009 2888 3184 2942 neque
3218 2870 3360 2941 apud
3397 2866 3729 2935 scripturam
3756 2857 3956 2915 canoni-

780 2976 959 3029 omnia
997 2969 1262 3030 absoluta,
1287 2966 1534 3020 similiter
1548 2980 1735 3018 omnes
1756 2963 2227 3032 negationes,quae
2242 2976 2337 3030 per
2361 2971 2406 3031 (ι
2438 2991 2579 3038 cam,
2615 2985 2791 3040 neque
2818 2968 2957 3036 apud
2992 2966 3263 3019 αοςιοτεε,
3296 2946 3451 3024 Quod
3482 2969 3612 3009 vero
3644 2959 3753 3005 που
3777 2948 3869 3002 fuit
3899 2944 3957 2997 ab

780 3063 1153 3117 excellentiam
1172 3065 1417 3125 respectu
1448 3056 1512 3109 ad
1542 3063 1845 3108 ereaturatu
1877 3052 1943 3106 de
1970 3066 2035 3106 co
2057 3051 2331 3112 dicuntur,

784 3167 843 3209 ut
874 3151 1171 3212 invisibile,
1228 3142 1809 3214 incomprcltensibile,
1839 3150 1894 3195 et
1924 3136 2333 3209 hujuscemodi.

855 3246 985 3298 Item
1014 3235 1710 3311 quacunque-relationem
1747 3231 1811 3285 ad
1846 3239 2151 3285 creaturam
2174 3227 2337 3297 signi-

788 3341 969 3399 iicaut,
1036 3345 1092 3387 ut
1137 3341 1373 3400 creator,
1400 3326 1592 3398 judet',
1624 3336 1672 3379 et
1710 3322 1909 3380 similia
1946 3342 1959 3375 :
1994 3320 2108 3374 haec
2157 3322 2339 3387 itaque

790 3427 1097 3485 communia
1154 3432 1279 3479 sunt
1324 3419 1581 3475 omnibus
1621 3402 1904 3486 personis;
1937 3411 2179 3482 quaedam
2210 3422 2338 3464 vero

792 3534 917 3576 sunt
950 3518 1189 3590 propria,
1226 3525 1281 3569 ct
1322 3516 1515 3568 horum
1544 3509 1786 3581 quaedam
1821 3503 2185 3574 suntpropria
2208 3501 2340 3556 dua-

792 3619 892 3667 bus
926 3610 1173 3682 personis
1202 3604 1609 3674 comparatione
1638 3602 1702 3654 ad
1736 3597 2020 3666 reliquam,
2071 3592 2337 3664 quemad-

791 3704 1010 3773 modum
1044 3701 1180 3753 Filio
1235 3707 1290 3750 et
1349 3693 1581 3764 Spiritui
1615 3707 1643 3745 a
1699 3688 1971 3758 principio
2014 3700 2157 3746 esse,
2197 3683 2341 3738 Patri

792 3804 847 3847 et
878 3792 1017 3844 Filio
1048 3790 1263 3842 mittere
1302 3784 1567 3852 Spiritum
1600 3797 1615 3834 :
1649 3779 1737 3831 hic
1759 3776 1974 3843 capitur
2008 3777 2244 3836 mittere,
2283 3782 2343 3835 ut

794 3887 1050 3949 itnportat
1110 3877 1433 3929 relationem
1501 3868 1733 3936 originis
1774 3865 1919 3916 inter
1948 3861 2253 3915 mittentem
2289 3868 2346 3913 et

794 3972 1045 4031 missum,
1077 3977 1129 4020 et
1164 3980 1261 4034 per
1292 3972 1637 4027 consequens
1668 3954 2077 4009 distinctionem
2108 3952 2344 4014 realem;

798 4071 891 4115 aut
918 4058 1061 4127 quod
1090 4054 1323 4120 Spiritus
1378 4050 1592 4101 dicatur
1620 4044 1798 4098 Patris
1822 4051 1876 4097 et
1908 4040 2055 4095 Filii.
2087 4039 2339 4105 Quaedam

806 4152 1019 4217 propria
1058 4146 1218 4197 unius
1265 4154 1532 4210 personze.
1560 4147 1613 4191 et
1653 4137 1846 4189 horum
1885 4148 2073 4187 rursus
2100 4129 2347 4201 quaedam

803 4248 874 4295 ila
907 4237 1121 4308 propria
1163 4231 1464 4302 persnnalia
1493 4238 1640 4292 sunt,
1695 4236 1753 4279 ut
1784 4225 1947 4279 etiam
1991 4220 2345 4276 constitutiva

2435 3066 2617 3133 aliquo
2644 3063 2871 3115 istorum
2909 3057 3135 3116 dictum,
3166 3066 3273 3105 non
3314 3057 3399 3104 est
3432 3043 3741 3101 audendum
3774 3041 3955 3094 dicere.

2434 3130 2642 3211 Dei—nde
2672 3166 2795 3208 cum
2824 3148 3031 3216 spirare
3069 3158 3176 3199 non
3209 3143 3405 3211 prima,
3440 3151 3543 3193 nec
3569 3133 3868 3188 immediata
3898 3130 3961 3181 sit

2435 3244 2743 3304 essentialis
2773 3241 2915 3295 actio
2956 3238 3153 3299 Patris,
3186 3235 3257 3289 sit
3284 3247 3378 3301 per
3405 3230 3662 3299 primam,
3694 3234 3751 3277 ut
3778 3223 3959 3303 dictum

2436 3348 2540 3396 est.
2578 3336 2859 3405 Accipitur
2922 3330 3011 3385 hic
3042 3345 3134 3399 per
3201 3331 3367 3397 prout
3409 3325 3671 3391 importat
3711 3306 3959 3369 habitudi-

2437 3443 2563 3485 nem
2593 3438 2792 3489 causte,
2818 3422 2936 3475 sine
2974 3434 3080 3489 qua
3108 3431 3217 3471 non
3246 3412 3412 3482 :quia
3446 3409 3655 3481 spirare
3678 3400 3962 3459 necessario

2437 3514 2811 3589 praesupponit
2840 3525 3121 3582 generare,
3158 3523 3265 3562 non
3290 3512 3453 3575 prout
3483 3503 3739 3570 importat
3770 3494 3963 3550 habitu.

2440 3585 2628 3669 dinem
2668 3605 2957 3677 principii;
2994 3603 3123 3672 quia
3175 3596 3453 3669 generatio
3485 3608 3593 3647 non
3644 3599 3731 3646 est
3779 3585 3963 3657 princi-

2441 3702 2588 3771 pium
2618 3693 2968 3765 spiratiouis;
2995 3705 3116 3744 cum
3144 3685 3368 3757 spiratio
3397 3682 3532 3737 Filio
3563 3677 3866 3736 conveniat,
3890 3673 3963 3726 cui

2443 3770 2552 3844 non
2581 3785 2837 3856 couyenit
2870 3795 3057 3836 actura
3099 3777 3404 3847 generatio,
3436 3788 3557 3842 qua
3584 3782 3668 3826 est
3692 3770 3863 3838 ipsum
3888 3779 3963 3831 ge-

2439 3860 2662 3934 nerare.
2689 3855 2760 3931 et
2803 3870 3084 3943 generatio
3114 3886 3127 3921 :
3157 3881 3326 3935 quare
3356 3878 3582 3919 necesse
3610 3870 3697 3916 est
3732 3868 3789 3913 ut
3816 3855 3964 3912 Filius

2445 3983 2510 4021 ex
2552 3967 2654 4019 hac
2681 3961 2999 4031 operatione
3048 3955 3354 4025 participet,
3390 3961 3443 4006 et
3468 3966 3567 4020 per
3597 3965 3722 4003 eum
3755 3946 3965 4012 Spiritus

2448 4063 2670 4109 sanctus
2714 4046 3007 4118 procedat;
3043 4058 3165 4097 eum
3201 4043 3348 4095 enim
3381 4039 3564 4092 omnia
3594 4038 3705 4089 sint
3750 4047 3967 4088 commu-

2448 4144 2536 4199 nia
2562 4140 2703 4197 Patri
2752 4146 2807 4190 et
2830 4135 2964 4189 Filio
2992 4143 3188 4202 praeter
3218 4128 3603 4184 constitutivas
3633 4136 3964 4195 personarum

2452 4231 2834 4305 proprietates,
2864 4224 3171 4281 communis
3198 4223 3248 4276 ei
3276 4220 3383 4275 erit
3419 4221 3501 4273 vis
3529 4218 3695 4271 etiam
3730 4212 3965 4283 spiranl't.

807 4295 934 4394 sint,
975 4338 1031 4379 ut
1059 4324 1378 4395 paternitas,
1412 4321 1622 4385 liliatio,
1653 4316 1878 4387 spi'ratio
1908 4314 2143 4384 passiva.
2181 4311 2329 4376 Quae

2328 4336 2347 4349 ’
2381 4295 2424 4352 θ
2452 4295 2573 4395 qua;
2597 4318 2861 4376 naturalis
2890 4316 3106 4386 quidem
3150 4310 3318 4374 Patri,
3370 4323 3480 4363 non
3524 4317 3702 4360 tan-eu
3728 4301 3967 4357 constitu-

806 4426 925 4475 dam
992 4419 1092 4471 etsi
1137 4416 1227 4468 uni
1262 4414 1361 4467 soli
1409 4414 1615 4471 insunt,
1644 4424 1752 4463 non
1784 4414 1965 4462 tamen
1992 4402 2347 4459 constitutiva

810 4514 1166 4581 personarum
1197 4515 1344 4567 sunt,
1381 4503 1471 4556 sed
1503 4501 1743 4570 quaedam
1780 4500 2050 4563 notiones,
2095 4493 2353 4564 quemad-

810 4604 1027 4656 nmdum
1077 4595 1219 4651 Patri
1248 4593 1521 4646 notionale
1550 4591 1850 4661 ingenitum
1886 4602 2028 4651 esse,
2056 4585 2354 4653 ingenitum

811 4696 1023 4761 capitur
1051 4689 1138 4741 hic
1180 4699 1278 4753 pro
1303 4682 1665 4749 improducto.
1699 4682 1822 4733 Hmc
1856 4679 2019 4747 igitur
2048 4677 2209 4729 trium
2235 4689 2357 4743 per-

810 4798 1062 4841 sotiarum
1100 4774 1407 4835 communia
1442 4771 1747 4839 personalia
1784 4779 1930 4835 sunt,
1962 4782 2060 4823 nec
2096 4752 2208 4832 illa,
2237 4781 2357 4836 qum

816 4874 1027 4927 duabus
1056 4864 1460 4935 comparatione
1487 4861 1551 4913 ad
1587 4860 1801 4915 tertiam
1822 4858 2037 4927 propria
2066 4865 2227 4933 sunt;
2258 4869 2361 4909 nec

814 4969 930 5029 illa,
960 4978 1079 5031 quae
1104 4931 1195 5013 uni
1224 4956 1440 5023 quidem
1472 4954 1691 5021 propria
1713 4961 1863 5015 sunt,
1900 4949 1994 5003 sed
2026 4950 2096 5002 ita
2136 4931 2357 5016 propria

818 5071 876 5113 ut
919 5050 1237 5112 notionalia,
1282 5054 1336 5101 et
1391 5041 1717 5112 sequentia:
1758 5040 1849 5094 illa
1898 5054 2028 5093 vero
2079 5040 2192 5093 sola
2234 5046 2362 5090 sunt

816 5146 1140 5221 personalia,
1162 5150 1234 5195 et
1265 5148 1621 5207 personarum
1654 5130 2005 5186 eonstitutiva
2032 5129 2248 5197 propria
2274 5143 2365 5195 pa-

816 5242 1059 5299 ternitas.
1081 5236 1285 5291 scilicet
1304 5229 1510 5288 liliatio.
1524 5234 1581 5279 et
1605 5223 1816 5293 passiva
1833 5221 2059 5289 spiratio
2074 5238 2088 5283 ;
2104 5234 2222 5289 qua:
2237 5234 2364 5272 vero

817 5332 1021 5383 duabus
1052 5326 1266 5395 propria
1297 5316 1703 5390 comparatione
1733 5314 1798 5368 ad
1828 5312 2040 5365 tertiam
2078 5319 2224 5372 sunt,
2251 5310 2365 5363 haec

819 5418 1113 5475 notionalia
1135 5426 1260 5469 sunt
1278 5415 1507 5468 duarum
1533 5421 1911 5478 personarum.
1934 5402 2027 5456 llis
2047 5415 2368 5472 praesuppo-

819 5511 939 5567 sitis
967 5504 1311 5575 probabimus
1343 5502 1603 5572 Spiritum
1627 5504 1874 5553 sanctum
1910 5510 1976 5549 ex
2002 5494 2158 5549 Patre
2178 5487 2370 5560 pcrl’i-

824 5606 977 5667 tium,
1010 5600 1124 5668 ipso
1149 5596 1394 5665 juvante,
1419 5604 1471 5649 ct
1494 5609 1554 5649 cx
1582 5591 1741 5648 Patre
1786 5588 2033 5655 Filioque
2057 5581 2360 5657 procedere

2454 4392 2561 4473 tiva
2590 4424 2834 4482 persona:
2860 4408 2979 4478 ejus
3005 4416 3115 4469 est,
3154 4414 3214 4459 ut
3239 4400 3448 4457 dictum
3475 4404 3578 4453 est.
3607 4395 3787 4462 Quare
3821 4392 3969 4461 Spiri-

2452 4514 2539 4560 tus
2584 4519 2651 4558 ex
2699 4502 2860 4557 Patre
2917 4508 2971 4553 et
3010 4496 3169 4559 Filio,
3233 4494 3319 4548 vel
3363 4506 3427 4547 ex
3459 4491 3617 4545 Patre
3652 4503 3749 4556 per
3796 4484 3967 4537 Filiqu

2451 4593 2721 4668 procedit.
2771 4591 2828 4644 In
2874 4589 3144 4655 theologia
3179 4586 3409 4652 namque
3437 4596 3527 4651 per
3553 4589 3609 4633 et
3643 4594 3706 4631 ea:
3736 4576 3862 4629 nihil
3888 4570 3968 4625 ιιιτο

2453 4667 2653 4743 ierunt.
2672 4682 2825 4750 Quod
2849 4681 2893 4735 si
2921 4679 3043 4747 quis
3068 4677 3212 4730 dicat
3240 4687 3610 4733 communem,
3640 4685 3770 4738 ergo
3802 4667 3971 4718 Iit-etet

2454 4774 2680 4847 Spiritui
2715 4778 2906 4825 sancto
2940 4770 3081 4821 hanc
3117 4766 3225 4818 vim
3254 4762 3494 4831 spirandi
3540 4775 3683 4822 esse,
3734 4757 3835 4808 vim
3878 4752 3970 4816 spi-

2434 4866 2640 4930 randi,
2704 4864 2757 4917 id
2794 4871 2896 4921 cst,
2928 4861 3162 4913 activam
3200 4854 3577 4925 spirationem,
3625 4850 3739 4903 sive
3766 4846 3972 4899 divinam

2461 4966 2712 5012 naturam
2771 4952 3118 5015 conjunctam
3175 4945 3364 4999 active
3414 4940 3700 5009 spirationi
3750 4945 3972 5002 tanquam

2461 5044 2807 5103 essentialcm
2831 5051 2885 5095 et
2916 5038 3237 5094 naturalem.
3302 5032 3493 5087 Omnia
3519 5030 3667 5084 enim
3699 5023 3974 5083 essentiaha

2465 5136 2566 5207 ipsi
2596 5146 2814 5205 quoque
2837 5128 3147 5186 communia
3181 5131 3329 5178 sunt.
3367 5122 3546 5176 Discat
3587 5119 3635 5174 is
3676 5120 3777 5172 boe
3809 5120 3974 5183 impos-

2467 5204 2625 5280 sibile
2664 5237 2804 5283 esse,
2839 5236 2905 5274 eo
2937 5217 3082 5288 quod
3139 5214 3436 5283 opponitur
3491 5210 3610 5275 ejus
3657 5204 3973 5279 proprietati;

2470 5329 2576 5368 non
2608 5314 2755 5367 enim
2796 5319 2974 5380 potest
3022 5307 3164 5361 idem
3197 5306 3281 5358 sui
3320 5303 3492 5371 ipsius
3521 5316 3640 5356 esse
3664 5296 3976 5369 principium.

2470 5401 2816 5471 Unaquzequc
2858 5399 3004 5451 enim
3042 5396 3346 5449 divinarum
3395 5407 3759 5462 personarum
3789 5394 3976 5443 manem

2473 5492 2526 5547 in
2554 5508 2641 5555 eo,
2671 5490 2813 5561 quod
2842 5498 2944 5552 est,
2980 5496 3035 5539 et
3064 5501 3215 5540 suam
3253 5484 3641 5553 proprietatem
3678 5474 3976 5550 pt'rsonalnm

2475 5598 2699 5640 servans
2732 5578 3089 5657 :jcommunia
3136 5580 3303 5633 etiam
3338 5572 3568 5631 invicem
3622 5572 3785 5626 habet
3830 5558 3977 5621 ouwi‘J
