4122 6326
101 264 197 331 419

1006 274 1107 337 ns
1146 250 1673 357 euocassmns
1714 275 2073 338 SPIRITUS
2111 277 2405 341 SANCTL

3198 280 3319 344 430

100 377 421 459 essentialia.
454 378 681 436 Hanens
706 378 853 435 enim
879 380 1050 438 Filius
1083 382 1137 438 in
1168 355 1413 467 ecquod
1460 382 1633 439 Filius
1664 388 1709 447 Α
1734 384 2033 455 telligimus
2067 385 2334 455 principia
2374 384 2581 439 barum
2631 385 2865 465 duarum
2917 352 3306 456 operationum

99 476 197 535 est,
220 477 279 523 ut
311 468 506 524 beatus
525 470 760 526 Basilius
776 470 877 535 ait,
908 470 1080 527 habet
1104 472 1287 528 omnia
1306 486 1646 543 quacunque

100 564 150 610 et
206 556 410 622 Pater;
464 556 627 627 igitur
672 557 907 628 Spiritus
953 560 1119 615 etiam
1184 576 1409 617 manens
1456 562 1511 619 in
1578 575 1647 618 eo

100 646 235 715 quod
300 646 535 716 Spiritus
584 658 689 713 est,
750 649 916 706 habet
977 651 1159 707 omnia
1200 666 1536 722 quaecunque
1592 664 1647 707 et

100 738 250 793 Pater
294 747 352 795 et
379 740 579 819 “Filius.
632 742 959 814 Proprietati
993 744 1179 814 itaque
1200 748 1317 815 ejus
1369 751 1648 814 oppugnat

100 829 174 881 sui
231 828 407 899 ipsius
458 833 793 903 principium
820 849 943 889 esse
977 842 1075 889 :et
1104 832 1229 888 ideo
1279 834 1639 903 spirationem

104 919 331 976 activam
361 922 565 977 habere
612 938 723 978 non
752 931 952 995 potest.
988 922 1097 979 Sed
1127 924 1277 980 dicet
1302 922 1508 991 aliquis
1536 921 1646 976 ior-

102 1020 259 1076 tasse,
306 1014 451 1082 quod
481 1016 529 1070 si
565 1029 681 1069 non
711 1016 785 1070 sit
818 1017 870 1071 ei
911 1014 1220 1071 communis
1262 1012 1514 1083 spirandi
1537 1013 1641 1075 vis.

98 1102 265 1158 eritei
288 1104 484 1160 saltem
508 1107 817 1161 communis
839 1107 1154 1176 generativa
1182 1104 1442 1174 potentia,
1458 1118 1647 1172 quem-

102 1190 390 1246 admodum
423 1192 562 1249 Fillo
600 1195 898 1266 spirativa:
953 1205 1010 1250 at
1035 1209 1142 1248 non
1179 1194 1345 1248 lateat
1372 1192 1648 1256 eum,boe

99 1282 255 1337 etiam
291 1285 627 1355 impossibile
657 1302 779 1342 esse
809 1304 825 1341 :
860 1286 1131 1356 principio
1162 1284 1301 1353 quod
1330 1299 1454 1338 cum
1485 1267 1646 1355 geneo

100 1374 247 1427 randi
284 1376 553 1442 potentia,
584 1375 639 1430 id
668 1386 758 1444 est
806 1376 1037 1431 actualis
1065 1374 1346 1445 generatio
1376 1374 1648 1429 constitu-

102 1465 199 1517 tiva
232 1465 303 1518 sit
332 1480 577 1534 personae
605 1476 867 1533 paterna,
896 1474 953 1521 et
985 1464 1531 1520 incommunicabilis
1562 1463 1644 1519 al-

102 1555 217 1617 teri,
254 1561 315 1608 ut
366 1556 654 1623 probatum
688 1564 796 1619 est,
824 1555 1168 1626 impossibile
1200 1566 1286 1610 est
1322 1555 1481 1609 alteri
1526 1570 1647 1624 per-

100 1656 238 1696 sonae
293 1658 414 1696 eam
446 1658 565 1699 esse
625 1659 995 1709 communem,
1050 1645 1508 1715 quemadmodum
1561 1655 1647 1701 est

1747 483 1933 531 essent
1980 473 2266 543 principia.
2321 472 2430 527 Sed
2483 474 2823 541 unaquaeque
2867 473 3065 537 turma,
3123 474 3175 528 id
3225 480 3309 530 εει

1751 564 2176 633 unumquodque
2206 563 2534 633 principium
2569 564 2907 633 operationis
2937 565 3306 618 constitutivm

1748 671 1873 711 cum
1896 656 1988 710 illa
2014 654 2332 724 operatione
2383 655 2620 724 aliquam
2660 669 2949 725 personam
2983 655 3305 720 constituit;

1748 747 1890 801 sicut
1918 745 2180 810 essentia,
2200 760 2321 815 quae
2338 754 2422 799 est
2448 744 2772 814 principium
2801 741 3175 815 generationis
3220 757 3308 797 ac-

1754 837 1877 891 tiva
1898 852 2021 891 cum
2059 837 2175 906 ipsa
2202 836 2554 905 generatiOne
2583 836 2795 889 Patrem
2824 833 3129 896 constituit,
3148 842 3203 886 et
3225 834 3305 887 sic

1748 927 1914 982 Pater
1934 934 2118 982 essent
2136 926 2255 981 dua:
2269 941 2536 997 persona.
2560 926 2673 981 Hoc
2705 935 2887 979 autem
2914 922 3317 979 inconveniens

1744 1021 1850 1070 est.
1878 1012 1969 1067 Vis
1994 1013 2159 1082 igitur
2188 1013 2456 1083 spirandi,
2489 1014 2542 1070 id
2564 1020 2668 1077 est,
2698 1013 2875 1067 activa
2910 1011 3160 1082 spiratio,
3190 1025 3302 1065 non

1744 1103 2023 1159 constituit
2048 1119 2332 1174 personam
2372 1104 2565 1159 Patris.
2612 1103 2768 1170 Quod
2804 1104 2849 1157 si
2873 1118 2980 1157 non
3000 1101 3301 1163 constituit,

1745 1194 2046 1249 communis
2067 1193 2343 1264 igiturest
2360 1195 2527 1250 etiam
2544 1195 2627 1249 vel
2647 1194 2769 1249 aliis
2790 1194 3035 1263 personis
3057 1232 3072 1256 ,
3098 1192 3181 1246 vel
3206 1192 3303 1245 ali-

1746 1283 1833 1338 cui
1897 1297 2084 1338 earum
2127 1302 2140 1337 :
2187 1298 2295 1339 non
2351 1286 2595 1354 utrisque
2631 1285 2815 1350 simul,
2847 1296 3025 1353 neque
3074 1280 3303 1350 Spiritui

1745 1374 1944 1440 solum,
1987 1390 2112 1430 eum
2154 1376 2269 1446 ipse
2310 1376 2547 1446 seipsum
2590 1375 2799 1445 spirare
2838 1388 2948 1427 non
2988 1372 3180 1443 possit.
3210 1371 3307 1425 Est

1746 1463 1907 1533 igitur
1952 1465 2261 1519 communis
2300 1464 2457 1521 Filio.
2513 1464 2752 1535 Spiritus
2811 1464 2978 1534 igitur
3028 1476 3094 1518 ex
3144 1461 3303 1520 Patre

1745 1551 1994 1624 Filioque
2018 1555 2281 1623 procedit.

1818 1645 1952 1701 item
1998 1648 2365 1703 communiter
2407 1663 2602 1703 omnes
2634 1644 2889 1702 doctores
2920 1646 3157 1702 fatentur
3188 1642 3308 1714 Spi-

101 1730 229 1787 Filio
251 1735 531 1803 spirativa.
571 1734 779 1790 Deinde
807 1738 933 1806 quia
975 1738 1219 1805 implicat
1265 1720 1654 1793 contradictio—
1679 1722 1726 1782 Β
1754 1737 1919 1791 ritum
1947 1746 2195 1792 sanctum
2242 1728 2460 1808 prodire
2487 1754 2553 1793 ex
2576 1738 2720 1793 Filio
2749 1754 2763 1791 :
2794 1739 2899 1792 boc
2934 1746 3115 1794 autem
3147 1743 3306 1791 natu-

102 1840 253 1887 nem;
290 1827 337 1879 si
366 1826 511 1880 enim
541 1826 684 1882 idem
710 1839 999 1897 generaret
1038 1828 1258 1891 Filium,
1296 1840 1353 1886 et
1391 1832 1654 1899 procede-

103 1926 179 1968 ret
226 1931 291 1970 ει
329 1930 417 1978 eo,
451 1919 595 1971 esset
637 1918 704 1972 ad
749 1919 893 1974 idem
929 1928 985 1973 et
1031 1919 1384 1989 principium,
1413 1929 1469 1974 et
1510 1918 1652 1987 quod

102 2013 176 2057 est
201 2020 229 2057 a
254 1997 544 2075 [ii-incipio,
571 2008 715 2077 quod
745 2018 825 2065 est
850 2011 1233 2065 contradictio.
1255 2011 1324 2064 At
1342 2010 1484 2074 ideo,
1511 2010 1656 2064 dicet

105 2092 391 2159 quispiam,
451 2094 555 2149 hoc
607 2084 1002 2149 inconveniens
1036 2106 1318 2165 sequetur,
1349 2096 1475 2164 quia
1501 2084 1657 2164 prte-

104 2182 425 2249 supponitur
474 2181 671 2234 Filium
718 2183 929 2252 spirare
960 2183 1245 2251 Spiritum.
1270 2184 1421 2249 Quod
1471 2185 1516 2240 si
1546 2199 1656 2239 non

105 2282 642 2337 praesupponeretur,
697 2271 828 2325 licet
874 2272 1047 2325 solum
1075 2274 1219 2342 quod
1250 2272 1482 2340 Spiritus
1531 2289 1654 2330 cum

103 2357 258 2411 Patre
281 2371 499 2427 generet
520 2359 739 2425 Filium,
766 2376 875 2414 non
906 2362 1246 2431 relinquetur
1278 2362 1412 2416 huic
1463 2364 1659 2419 incon-

102 2448 342 2502 venienti
374 2449 550 2503 locus.
588 2449 700 2504 Cur
733 2452 879 2505 enim
916 2468 1023 2513 non
1056 2454 1237 2521 potius
1266 2452 1505 2521 Spiritus
1532 2470 1657 2510 cum

103 2535 259 2590 Patre
286 2546 508 2606 generet
531 2537 755 2604 Filium,
784 2554 947 2609 quam
973 2540 1144 2596 Filius
1162 2558 1284 2596 cum
1316 2542 1472 2597 Patre
1490 2544 1660 2613 spiret

103 2626 403 2695 Spiritum?
438 2627 494 2683 Si
522 2630 645 2697 quis
674 2629 788 2685 haec
818 2633 973 2695 dicit,
1002 2634 1177 2703 primo
1206 2634 1423 2705 quidem
1446 2649 1504 2691 se
1526 2637 1662 2693 sciat

105 2734 349 2786 quaerere
382 2735 504 2789 quae
535 2724 696 2775 nemo
732 2738 971 2793 unquam
1018 2740 1149 2780 nec,
1170 2727 1408 2797 cogitare
1439 2728 1659 2798 quidem

105 2824 271 2865 ausus
303 2820 419 2876 est;
455 2811 655 2867 deinde
688 2815 953 2882 potentia,
989 2817 1042 2871 id
1089 2819 1457 2883 est,.actualis
1480 2834 1662 2889 gene-

106 2902 268 2967 ratio,
293 2902 515 2971 quidem
551 2905 869 2972 generativa
909 2909 1179 2977 praecedit
1198 2909 1437 2978 spirandi
1464 2918 1657 2979 poten-

103 2994 231 3049 tiam
262 3004 527 3070 tanquatn‘
562 2998 736 3068 prima
766 3008 821 3055 et
848 2999 1160 3055 immediata
1187 3000 1361 3055 Patris
1390 3002 1658 3070 operatio,
1683 3032 1728 3095 ο

103 3100 161 3147 ut
192 3094 484 3162 probatum
514 3102 599 3149 est
625 3110 640 3158 ;
684 3103 746 3148 et
770 3090 895 3147 ideo
919 3108 1028 3147 non
1060 3103 1239 3163 potest
1263 3107 1384 3147 esse
1417 3108 1661 3149 commu-

102 3184 186 3241 nis
219 3184 487 3254 Spiritui;
528 3185 772 3254 spirandi
797 3198 928 3238 vero
959 3183 1201 3253 potentia
1233 3197 1359 3237 cum
1397 3194 1659 3251 sequetur

102 3276 224 3331 Filii
260 3277 695 3346 generationem,
731 3286 789 3328 et
819 3282 922 3344 per
969 3274 1093 3343 ejus
1132 3272 1563 3342 generationem,
1604 3283 1666 3331 ut

104 3368 395 3435 probatum
422 3376 530 3429 est,
572 3365 687 3430 liat,
720 3379 830 3418 non
879 3362 1237 3432 impossibile.
1272 3364 1380 3417 imo
1410 3378 1662 3418 neceSsa-

104 3458 245 3510 rium
279 3467 384 3519 est,
434 3466 494 3509 ut
521 3457 594 3509 sit
624 3456 674 3508 ei
712 3454 1019 3507 communis
1055 3467 1179 3506 cum
1214 3453 1392 3507 Patre.
1428 3454 1583 3517 Quod
1615 3455 1661 3507 si

102 3561 226 3614 quis
281 3560 471 3599 rursus
527 3552 751 3611 propter
782 3542 897 3598 haec
928 3542 1098 3606 dicat,
1151 3542 1317 3611 igitur
1361 3542 1541 3604 minor
1577 3550 1662 3597 est

106 3635 351 3704 Spiritus
382 3642 684 3694 sanetuset
714 3633 875 3685 Patre
936 3640 993 3684 et
1028 3629 1192 3695 Filio,
1221 3632 1264 3682 si
1297 3631 1519 3699 quidem
1559 3632 1661 3685 Pa-

104 3736 185 3779 ter
232 3732 460 3794 generat
502 3722 723 3783 Filium,
758 3730 812 3774 et
854 3720 1025 3787 spirat
1055 3709 1365 3788 Spiritum:
1402 3718 1572 3773 Filius
1606 3728 1662 3774 et

100 3816 215 3881 ipse
252 3828 377 3868 cum
399 3812 559 3866 Patre
589 3812 759 3879 spirat
790 3809 1080 3877 Spiritum,
1124 3809 1363 3879 Spiritus
1397 3805 1527 3863 vero
1560 3824 1661 3864 nec

100 3905 304 3959 Filium
339 3914 585 3971 generat,
622 3915 723 3954 nec
753 3914 809 3954 se
838 3902 1039 3969 ipsum,
1064 3913 1167 3953 nec
1196 3899 1365 3953 alium
1394 3899 1659 3967 Spiritum

100 3997 297 4063 spirat.
334 3993 482 4048 Vana
510 3992 652 4045 ratio
684 3990 804 4060 ejus
826 3998 933 4051 est.
966 3997 1021 4045 et
1052 3999 1241 4043 contra
1262 4003 1319 4043 se
1350 3989 1547 4057 ipsum,
1568 3989 1660 4058 qui

101 4086 220 4140 haec
256 4086 412 4149 dicit,
440 4082 747 4138 concludit.
782 4082 838 4136 Si
862 4082 1009 4137 enim
1038 4081 1499 4159 nulliuspersonae
1515 4082 1663 4149 prin-

100 4179 314 4246 cipium
345 4191 486 4238 esse,
510 4173 943 4244 imperiectionis
1000 4182 1056 4227 ct
1091 4172 1412 4227 minutionis
1447 4172 1661 4241 signum

104 4268 157 4321 in
209 4268 483 4321 Trinitate
526 4266 826 4335 putandum
874 4271 1040 4328 esset,
1081 4263 1397 4331 pauciorum
1446 4254 1661 4332 quoque

1756 1828 1945 1882 raliter
1983 1826 2399 1898 intelligendum
2426 1837 2549 1895 est;
2602 1828 2742 1882 nihil
2774 1829 2919 1881 enim
2973 1828 3030 1880 in
3080 1826 3193 1880 Deo
3225 1832 3311 1880 est

1754 1924 1953 1987 praeter
1973 1924 2247 1979 naturam,
2278 1931 2457 1984 neque
2488 1931 2585 1986 per
2613 1915 2891 1969 accidens.
2924 1913 2980 1967 Si
3017 1914 3182 1984 igitur
3209 1928 3307 1967 na-

1758 2005 2033 2066 turaliter,
2068 2011 2144 2064 et
2171 2005 2477 2059 secundum
2519 2013 2769 2058 naturam
2807 2002 3047 2071 Spiritus
3066 2017 3133 2057 ex
3171 2000 3309 2055 Filio

1756 2093 1960 2163 prodit,
2014 2093 2070 2147 in
2118 2093 2321 2149 divinis
2372 2100 2507 2149 vero
2558 2094 2851 2163 dupliciter
2886 2102 3065 2163 potest
3102 2089 3308 2161 aliquid

1755 2185 2062 2240 secundum
2091 2192 2342 2240 naturam
2374 2186 2615 2256 prodire,
2639 2194 2732 2239 aut
2763 2199 2859 2254 per
2884 2177 3319 2255 generationem,~

1757 2286 1852 2329 aut
1885 2291 1981 2345 per
2021 2276 2408 2345 spirationem:
2458 2294 2558 2347 per
2584 2276 2993 2348 generationem
3040 2289 3171 2330 vero
3201 2289 3308 2327 non

1761 2368 1943 2437 prodit
1974 2383 2038 2423 ex
2068 2382 2157 2434 eo,
2182 2377 2327 2424 esset
2348 2370 2493 2423 enim
2527 2368 2771 2437 Spiritus
2796 2366 2966 2422 Filius
2995 2365 3118 2420 Filii
3143 2381 3159 2431 ;
3183 2378 3305 2434 pro-

1758 2459 1841 2513 dit
1866 2460 2032 2530 igitur
2064 2475 2161 2529 per
2192 2462 2564 2529 spiratio’netn,
2591 2468 2645 2515 et
2673 2474 2740 2513 ex
2773 2473 2841 2513 eo
2870 2457 3134 2526 procedit.

1829 2550 1983 2616 Quod
2011 2552 2055 2605 si
2087 2552 2215 2621 quis
2257 2551 2430 2615 dicat,
2476 2550 2661 2604 dicere
2680 2564 2805 2604 eum
2836 2547 3054 2619 prodire
3083 2561 3112 2599 a
3145 2543 3309 2607 Filio,

1759 2643 1988 2713 gratiam
2040 2650 2094 2697 et
2144 2641 2523 2709 operatipnem
2570 2641 2687 2708 ejus
2734 2638 2789 2692 in
2841 2650 2943 2690 nos
3003 2635 3305 2705 significat,

1763 2747 1931 2787 unum
1957 2734 2061 2787 hoc
2088 2732 2358 2801 refugium
2393 2739 2496 2783 est.
2536 2727 2672 2783 Nam
2700 2739 2756 2782 et
2784 2726 2829 2781 si
2859 2724 3086 2794 gratiam
3118 2738 3311 2793 quam-

1760 2824 1885 2879 dam
1925 2838 2025 2877 nos
2066 2822 2477 2893 participamus,
2510 2830 2563 2876 et
2594 2834 2700 2877 non
2735 2818 3099 2896 substantiam
3131 2815 3310 2885 Spiri-

1761 2922 1851 2969 tus
1881 2913 2208 2983 (substantia
2259 2925 2493 2981 namque
2529 2909 2621 2963 Dei
2665 2904 3137 2978 imparticipabilis
3174 2904 3310 2969 est),

1759 3018 1871 3060 non
1904 3015 2087 3060 tamen
2116 3004 2307 3073 prodit
2338 3019 2406 3056 ει
2454 3001 2591 3057 Filio
2616 3015 2722 3055 non
2770 2992 3074 3055 subsistens
3112 2996 3312 3067 gratia,

1760 3094 1856 3148 sed
1898 3094 2015 3163 ipsa
2051 3092 2237 3147 divina
2268 3092 2506 3161 Spiritus
2564 3103 2818 3159 persona.
2868 3087 3215 3161 Quodpatet
3246 3097 3315 3137 ex

1762 3184 1890 3239 aliis
1917 3182 2249 3239 clarioribus
2294 3188 2351 3235 et
2389 3177 3074 3249 apertioribusrdoctorum
3106 3171 3313 3234 verbis,

1761 3292 1885 3331 cum
1907 3290 2032 3330 eum
2064 3275 2257 3329 dicunt
2282 3287 2561 3334 emanare,
2615 3269 2771 3332 oriri,
2803 3266 3092 3332 scaturire,
3131 3264 3314 3318 eluce-

1761 3381 1915 3421 scere
1947 3381 1975 3420 a
2009 3365 2167 3420 Filio.
2201 3364 2331 3430 Quae
2364 3364 2667 3431 cuicunque
2692 3374 2800 3414 non
2828 3367 3096 3414 exczecato
3142 3354 3311 3426 ipsani

1760 3446 2121 3509 substantiam
2179 3452 2419 3521 Spiritus
2470 3465 2576 3503 non
2629 3447 3141 3517 participationem,
3210 3456 3313 3495 nec

1761 3543 2111 3611 temporalem
2142 3542 2402 3595 duntaxat
2428 3538 2771 3591 emissionem
2806 3533 3133 3603 signiﬁcant.
3164 3528 3260 3583 Tal
3283 3543 3311 3584 ι

1759 3634 1923 3703 igitur
1958 3630 2260 3699 personalis
2294 3628 2535 3695 Spiritus
2558 3642 2624 3680 ea
2673 3625 2811 3679 Filio
2840 3637 3177 3697 progressus,
3216 3628 3311 3674 aut

1757 3721 2019 3777 naturalis
2062 3726 2158 3773 aut
2184 3716 2398 3772 servilis
2426 3726 2544 3779 est;
2566 3723 2620 3769 et
2649 3729 2773 3769 cum
2797 3727 2925 3787 non
2947 3712 3019 3766 sit
3072 3710 3309 3773 servilis,

1757 3810 2067 3869 necessario
2087 3794 2350 3863 naturalis
2374 3820 2477 3861 εει.
2507 3805 2780 3860 Naturalis
2809 3816 2934 3856 vero
2949 3814 3015 3856 ex
3029 3799 3148 3854 Filii
3178 3800 3308 3855 sub-

1760 3904 1960 3961 stantia
1986 3901 2225 3971 Spiritus
2246 3900 2417 3953 sancti
2442 3910 2756 3968 progressus
2775 3894 3032 3964 quidnam
3061 3891 3209 3945 aliud
3241 3891 3312 3945 sit

1758 4005 1954 4068 praeter
1979 3996 2099 4064 ejus
2129 3992 2557 4063 processionem,
2586 4002 2758 4057 neque
2790 3987 2991 4055 ﬁngere
3020 3984 3173 4039 facile
3198 3990 3307 4037 est.

1833 4089 1964 4143 Item
1995 4085 2265 4155 Spiritum
2310 4091 2557 4137 sanctum
2590 4095 2655 4134 ex
2685 4077 2986 4133 substantia
3021 4075 3199 4129 Patris
3247 4081 3305 4129 et

1763 4178 1885 4234 Filii
1915 4191 2056 4241 esse,
2089 4184 2144 4230 et
2164 4191 2230 4229 ex
2260 4172 2563 4227 substantia
2591 4184 2783 4223 eorum
2812 4182 2933 4223 esse
2955 4165 3311 4221 communiter

1763 4282 1954 4324 omnes
2004 4262 2299 4321 orientales
2340 4262 2818 4329 occidentalesqne
2842 4258 3031 4311 Patres
3056 4258 3309 4309 clamant.

102 4372 472 4425 personarum
513 4371 735 4410 causam
768 4370 887 4409 csse
922 4353 1352 4422 imperfectionis
1374 4363 1519 4405 esset
1540 4371 1553 4405 :
1574 4352 1660 4405 Fi-
1698 4348 1737 4403 D
1762 4357 1833 4411 At
1862 4358 1915 4410 in
1950 4361 2139 4410 sancta
2167 4352 2437 4405 Trinitate
2466 4350 2609 4419 quod
2649 4364 2714 4403 ex
2750 4348 3052 4403 substantia
3084 4347 3312 4414 alicujus

101 4448 211 4501 lius
248 4448 439 4517 igitur,
473 4462 598 4501 cum
633 4444 794 4498 unius
816 4456 1064 4510 personae
1098 4441 1382 4504 duntaxat,
1411 4440 1662 4493 videlicet

101 4539 353 4607 Spiritus
404 4537 738 4608 principium
781 4535 872 4593 sit,
907 4533 1087 4585 minor
1127 4540 1274 4585 esset
1321 4531 1421 4585 hac
1451 4531 1662 4583 ratione

100 4628 294 4693 Patre,
330 4628 422 4698 qui
465 4627 751 4682 ambarum
788 4638 1144 4692 personarum
1192 4628 1281 4677 est
1313 4621 1659 4689 principium.

98 4723 165 4773 At
194 4724 309 4775 hoc
331 4710 724 4775 inconveniens
745 4724 827 4769 est
862 4716 1020 4771 etiam
1056 4713 1232 4768 solum
1255 4713 1513 4781 cogitare.
1552 4710 1660 4779 lgi-

102 4822 190 4863 tur
222 4811 360 4865 illud
391 4823 614 4879 quoque
639 4806 962 4875 simpliciter
986 4802 1283 4858 absurdum
1313 4810 1415 4857 est.
1455 4799 1663 4852 Princi-

100 4904 256 4968 pium
298 4902 443 4955 enim
476 4908 635 4968 prout
660 4906 743 4950 est
772 4897 916 4949 actui
945 4895 1317 4963 conjunctum,
1350 4891 1436 4944 vel
1462 4906 1492 4943 a
1517 4890 1663 4957 prin-

102 4992 253 5057 cipio
282 5005 405 5045 esse
436 5006 563 5045 cum
597 4990 662 5043 de
698 4988 1080 5058 personalibus
1112 4982 1537 5055 proprietatibus
1567 4979 1657 5043 sit,

103 5097 290 5149 neque
334 5084 511 5150 majus
560 5098 739 5151 neque
769 5083 950 5134 minus
976 5082 1209 5134 alterum
1238 5079 1407 5132 altero
1439 5074 1520 5127 vel
1542 5086 1661 5127 esse

103 5173 189 5224 vel
220 5171 337 5224 dici
363 5171 512 5224 facit.
1462 5184 1465 5187 '

176 5259 320 5314 Item
362 5260 407 5312 si
450 5260 530 5313 vis
574 5261 799 5329 actualis
844 5260 1125 5329 generatio
1147 5262 1444 5329 generandi
1499 5262 1663 5320 atque

104 5345 384 5417 spirandi,
429 5346 482 5401 id
536 5328 874 5403 est‘actualis
903 5348 1132 5417 spiratio
1162 5348 1235 5401 ita
1275 5353 1419 5400 esset
1443 5338 1662 5411 propria

104 5452 369 5510 personae
405 5446 662 5506 paternae,
705 5446 763 5491 ut
794 5448 1025 5507 utraque
1057 5453 1154 5505 per
1201 5451 1260 5490 se
1307 5434 1664 5490 constitueret

105 5534 230 5602 ejus
294 5538 608 5601 personam,
650 5529 1105 5597 uniuscujusque
1148 5543 1278 5581 vero
1332 5514 1665 5594 Operationis

116 5626 455 5697 principium
489 5636 571 5682 est
606 5623 779 5680 forma
808 5641 821 5693 ;
858 5624 976 5679 duce
1002 5624 1189 5677 formze
1214 5624 1331 5691 (per
1357 5620 1557 5674 formas
1586 5618 1668 5669 in-

1764 4456 1869 4509 est,
1901 4460 1971 4499 ex
2020 4457 2254 4511 persona
2282 4455 2501 4509 quoque
2531 4440 2651 4509 ejus
2704 4438 2777 4492 sit
2806 4429 3030 4490 necesse
3063 4444 3147 4489 est
3177 4452 3189 4486 :
3217 4437 3311 4502 igi-
3351 4442 3355 4446 ’

1764 4546 1855 4590 tur
1888 4532 2150 4603 Spiritus,
2182 4546 2305 4585 cum
2349 4545 2415 4585 ex
2457 4528 2768 4583 substantia
2802 4524 2924 4579 Filii
2954 4538 3073 4577 esse
3103 4523 3312 4576 dicatur

1762 4624 1832 4677 ab
1861 4621 2118 4677 omnibus
2171 4619 2509 4683 doctoribus,
2557 4631 2622 4671 ex
2663 4617 2782 4685 ejus
2824 4628 3042 4682 quoque
3080 4624 3310 4679 persona

1763 4719 1871 4767 est.
1902 4710 2059 4776 Quod
2108 4718 2289 4763 autem
2325 4708 2400 4773 id,
2441 4705 2586 4775 quod
2615 4712 2699 4757 est
2730 4702 2781 4755 in
2814 4701 3081 4754 Trinitate
3117 4712 3180 4748 ex
3212 4696 3310 4749 ali-

1764 4800 1924 4866 cujus
1952 4797 2279 4858 substantia,
2323 4808 2407 4849 est
2435 4796 2596 4847 etiam
2625 4808 2691 4845 ex
2732 4793 2847 4859 ejus
2886 4787 3158 4857 liypostasi
3194 4785 3310 4839 sive

1763 4906 2017 4960 persona,
2070 4889 2198 4942 hinc
2256 4896 2405 4955 patet
2433 4904 2447 4939 :
2476 4885 2807 4946 substantia,
2838 4883 2921 4936 vel
2951 4881 3207 4946 essentia,
3254 4889 3312 4933 et

1764 4979 2089 5051 bypostasis,
2120 4980 2236 5032 sive
2274 4992 2506 5046 persona
2535 4976 2588 5029 in
2614 4988 2934 5042 unaquaque
2990 4972 3306 5027 divinarum

1762 5082 2119 5138 personarum
2160 5081 2328 5120 unum
2373 5072 2501 5119 sunt
2546 5063 2781 5125 realiter,
2806 5074 2861 5118 et
2907 5063 2979 5117 ita
3025 5078 3216 5124 unum.
3252 5067 3313 5118 ut

1763 5159 1976 5211 ratione
2004 5167 2216 5211 tantum
2236 5155 2665 5226 distinguantur.
2691 5155 2748 5208 Si
2767 5155 2913 5209 enim
2935 5154 3153 5208 realiter
3173 5152 3309 5205 sub—

1764 5252 1963 5303 stantia
2018 5258 2072 5303 et
2129 5263 2377 5317 persona:
2418 5242 3136 5316 distinguercntur,‘essent
3179 5256 3308 5307 pro-

1764 5338 1908 5394 fecto
1943 5340 2103 5393 sicuti
2138 5351 2247 5395 tres
2276 5354 2521 5409 personae
2552 5339 2789 5400 realiter,
2824 5336 2894 5388 ita
2927 5342 3035 5385 tres
3059 5332 3309 5385 essentia:

1765 5435 1848 5486 vel
1890 5434 2230 5495 substantiae,
2264 5433 2347 5485 vel
2377 5431 2760 5505 poneretur‘in
2797 5425 3057 5480 Trinitate
3086 5433 3306 5489 quater-

1767 5525 1907 5581 nitas
1948 5538 2150 5576 rerum.
2203 5518 2336 5574 Tres
2376 5522 2629 5575 videlicet
2659 5531 2904 5586 persona:
2944 5514 3157 5567 realiter
3186 5514 3302 5566 αἰε-

1770 5619 1967 5681 tiuctze,
2010 5624 2063 5667 et
2101 5622 2208 5667 tres
2245 5612 2368 5666 ideo
2426 5628 2530 5677 res,
2571 5622 2625 5665 et
2658 5608 2913 5673 essentia,
2966 5620 3083 5677 qua:
3112 5611 3306 5675 quarta
