4122 6326
825 346 924 409 431

1769 342 2263 416 BESSARIONIS
2302 358 2362 415 s.
2404 357 2471 418 It.
2521 356 2585 417 E.
2622 316 3078 417 csunmsus

3914 364 4004 427 (32

830 470 917 508 res
939 468 1082 511 esset
1114 473 1139 510 a
1175 463 1417 526 personis
1434 465 1942 522 realitcrtlistincta.
1971 468 2176 523 Horum
2193 481 2373 523 autem
2406 477 2449 531 Α
2481 473 2752 539 quomodo
2789 474 2854 526 ad
2903 474 3023 536 hoc,
3067 472 3209 542 quod
3257 466 3493 529 haeretici
3544 475 3793 530 dicebant
3820 492 3885 531 ex
3928 494 4006 528 vo-

832 555 1121 611 ctrumtue
1160 560 1349 601 contra
1392 551 1552 604 ﬁdrm
1582 564 1685 607 est.
1717 554 1897 619 Quare
1934 557 2214 610 distinctio
2254 558 2375 625 qui-

828 636 949 687 dem
990 635 1291 703 hypostasis
1332 651 1388 693 et
1430 642 1685 695 essentne
1733 644 1962 697 rationis
2010 655 2115 698 est.
2183 644 2375 701 Unitas

830 739 954 778 vero
986 728 1171 789 realis,
1206 738 1398 782 contra
1435 745 1599 799 quam
1629 732 1682 785 in
1728 734 1886 788 nobis
1923 734 2239 790 hominibus
2267 744 2371 799 est,

828 814 1026 867 etenim
1056 815 1109 867 in
1147 817 1307 872 nobis
1346 819 1525 871 unitas
1556 820 1777 886 quidem
1825 828 2029 875 naturae
2045 821 2162 875 sive
2184 822 2375 874 huma-

829 906 1014 958 nitatis
1075 922 1198 959 cum
1254 909 1682 979 uniuscujusque
1714 926 1944 978 persona
1993 900 2219 965 rationis
2248 921 2371 977 est;

826 999 1104 1054 distinctio
1173 1017 1303 1055 vero
1339 1004 1498 1057 realis
1531 1014 1634 1057 est.
1696 1002 1812 1055 Alia
1866 1017 2095 1071 namque
2148 1017 2239 1057 res
2287 1010 2392 1065 est.

829 1089 1144 1144 humanitas
1203 1090 1341 1159 ipsa,
1382 1092 1485 1145 alia
1524 1093 1684 1162 hujus
1705 1106 1955 1161 persona:
1988 1092 2367 1147 individuatio.

826 1180 1001 1244 Quare
1029 1182 1487 1249 quemadmodum
1538 1198 1727 1237 sumus
1778 1183 1957 1237 multa:
2006 1189 2268 1250 personte,
2301 1183 2371 1236 ita

825 1271 988 1323 etiam
1016 1272 1171 1325 tnulti
1194 1273 1459 1327 homines.
1490 1272 1607 1338 Quo
1638 1276 1716 1333 tit.
1751 1283 1809 1327 ut
1841 1272 1987 1341 quod
2009 1273 2153 1326 tite:
2182 1284 2373 1343 natura

828 1362 1058 1429 alicujus
1110 1364 1417 1427 hominum,
1459 1379 1570 1418 non
1624 1364 1934 1417 necessario
1978 1362 2143 1416 etiam
2192 1365 2263 1417 sit
2308 1379 2375 1418 es

828 1451 946 1520 ejus
976 1467 1240 1519 persona;
1274 1453 1325 1505 in
1358 1463 1541 1507 sancta
1574 1470 1705 1507 vero
1750 1450 2022 1507 Trinitate
2047 1469 2076 1507 e
2113 1469 2374 1509 converso

830 1552 932 1601 est,
967 1550 1024 1591 ut
1054 1542 1259 1593 dictum
1296 1553 1395 1595 est.
1434 1542 1627 1596 [initas
1660 1543 1914 1596 essentia:
1934 1555 1988 1596 et
2015 1556 2261 1611 personat
2293 1555 2376 1601 est

833 1631 1018 1692 realis,
1042 1630 1325 1684 distinctio
1362 1648 1489 1685 vero
1520 1632 1747 1686 rationis
1780 1650 1791 1686 :
1818 1648 1986 1701 quare
2008 1634 2153 1701 quod
2192 1650 2256 1688 es
2292 1651 2376 1689 es-

831 1721 1005 1774 sentia
1030 1722 1261 1791 alicujus
1300 1736 1653 1789 personarum
1676 1733 1780 1784 est.
1812 1739 1877 1777 ex
1902 1738 2126 1792 persona
2157 1722 2374 1793 quoque

2477 561 2703 637 luntate,
2732 578 2838 615 non
2873 564 3106 616 essentia
3148 560 3269 615 Filii
3304 562 3560 629 Spiritum
3592 580 3735 628 esse,
3767 581 3823 619 se
3852 582 4004 633 oppu-

2476 636 2677 704 nebant
2702 636 2978 711 doctores,
3002 667 3066 705 ex
3111 653 3345 705 essentia
3395 650 3513 706 Filii
3552 654 3701 706 illum
3732 670 3851 708 esse
3876 670 4003 707 asse-

2476 748 2775 795 verantes:
2833 740 2899 794 ad
2956 742 3059 794 hoc
3108 752 3312 805 autem,
3360 741 3501 809 quod
3540 744 3615 796 illi
3652 744 3905 797 dicebant
3948 758 4001 797 es

2474 831 2611 888 Filio
2641 849 2786 895 esse,
2819 834 3000 889 nullus
3030 834 3395 897 contradixit,
3441 850 3541 889 nec
3579 835 3714 888 dixit
3744 850 3851 888 non
3897 850 4004 889 esse

2477 924 2628 980 illum
2648 940 2711 979 es
2736 921 2890 988 Filio,
2914 934 3166 993 tanquam
3186 933 3239 978 et
3262 925 3361 994 ipsi
3393 924 3494 978 hoc
3528 925 3668 978 idem
3694 926 4001 988 sentientes,

2474 1028 2527 1071 et
2557 1016 2798 1070 dicentes
2827 1030 2946 1068 esse
2976 1027 3041 1068 es
3080 1015 3315 1068 essentia
3343 1011 3498 1069 Filii:
3547 1013 3688 1066 idem
3719 1023 3773 1067 et
3804 1013 3903 1080 ipsi
3932 1014 4005 1065 in-

2476 1108 2815 1177 telligentes,
2845 1120 2907 1159 ac
2954 1106 2996 1159 si
3030 1104 3271 1158 dicerent
3308 1118 3375 1157 ex
3422 1100 3654 1157 essentia
3685 1111 3741 1155 et
3789 1117 4006 1170 persona

2472 1200 2591 1268 ejus
2617 1214 2632 1261 ;
2658 1204 2714 1251 et
2743 1212 2840 1251 nos
2874 1197 2977 1251 hoc
3018 1195 3158 1250 idem
3192 1195 3459 1250 dicentes.

2546 1289 2673 1343 ltem
2724 1288 2915 1343 beatus
2962 1287 3182 1358 quidem
3249 1286 3479 1342 Basilius
3520 1290 3574 1342 in
3614 1287 3795 1357 primo
3832 1293 4007 1341 contra

2474 1380 2824 1444 Eunomium,
2877 1380 3067 1432 Filium
3099 1378 3174 1431 ait
3206 1378 3453 1433 ordinem
3484 1377 3683 1431 habere
3718 1376 4008 1430 naturalem

2474 1470 2539 1521 ad
2568 1469 2802 1533 Patrem,
2836 1478 2882 1521 et
2915 1470 3127 1536 qualem
3176 1468 3305 1522 illud
3336 1469 3401 1522 ad
3435 1469 3633 1537 ignem,
3669 1465 3813 1533 quod
3860 1480 3927 1519 ex
3953 1478 4010 1516 eo

2474 1568 2577 1623 est,
2605 1567 2660 1612 ct
2686 1568 2964 1612 causatum
3007 1562 3071 1612 ad
3102 1574 3341 1613 causam.
3374 1558 3517 1612 Idem
3560 1559 3722 1613 etiam
3755 1556 4008 1625 Spiritum

2478 1650 2706 1702 similem
2738 1647 2985 1701 ordinem
3019 1648 3083 1700 ad
3104 1648 3299 1701 Filium
3332 1634 3531 1701 habere
3563 1658 3879 1712 asseverat;
3912 1661 4012 1698 ma.

2478 1754 2613 1807 gnos
2636 1752 2761 1790 vero
2784 1738 3108 1790 Athanasius
3130 1745 3184 1791 et
3223 1737 3465 1803 apertius
3495 1737 3592 1797 ait,
3622 1738 3845 1801 Qualem
3878 1736 4013 1788 ordi-

830 1810 950 1879 ejus
984 1827 1206 1867 necesse
1236 1822 1319 1867 est
1345 1828 1484 1868 esse.
1518 1812 1573 1868 Si
1603 1816 1769 1885 igitur
1804 1813 2037 1885 Spiritus
2066 1832 2128 1869 es
2156 1826 2371 1879 natura,
2405 1819 2445 1873 Β
2477 1838 2599 1881 nem
2639 1838 2695 1882 ει
2761 1838 3007 1881 naturam
3060 1827 3221 1882 habet
3259 1829 3428 1882 Pinus
3467 1829 3532 1881 ad
3575 1829 3809 1891 Ρειι-εηι,
3862 1830 4011 1889 me."

832 1909 885 1953 et
916 1902 1150 1955 essentia
1188 1902 1308 1956 Filii
1336 1912 1439 1966 est,
1481 1916 1540 1958 ut
1574 1906 1628 1958 in
1664 1906 1941 1974 plerisque
1976 1906 2114 1961 locis
2147 1917 2257 1959 tum
2286 1908 2378 1959 alii

832 1991 1106 2054 doctores,
1130 2001 1249 2046 tum
1276 1995 1357 2046 vel
1396 1995 1629 2048 maxime
1665 1994 1904 2063 Cyrillus
1926 1995 2138 2064 probat,
2172 2012 2235 2049 ex
2260 2011 2378 2064 per-

830 2099 963 2138 sona
1003 2099 1219 2155 quoque
1273 2086 1395 2155 ejus
1421 2097 1525 2142 est.
1562 2086 1628 2140 At
1668 2088 1838 2141 nostri
1872 2090 2063 2151 aiunt,-
2088 2087 2219 2145 Ideo
2265 2088 2380 2142 haec

832 2176 1086 2229 dicuntur
1107 2193 1135 2231 a
1159 2178 1495 2243 doctoribus,
1518 2191 1573 2233 ut
1589 2181 2117 2235 consubstantialitas
2137 2194 2380 2248 compro-

834 2263 1016 2328 betur,
1041 2276 1093 2320 et
1136 2276 1194 2321 ut
1218 2267 1537 2323 ostendatur
1563 2270 1798 2339 Spiritus
1836 2271 2075 2340 ejusdem
2100 2286 2221 2325 esse
2254 2270 2377 2325 sub-

836 2359 1051 2411 stantiae
1082 2373 1204 2412 cum
1238 2357 1397 2413 Filio.
1442 2359 1551 2415 lloc
1606 2372 1785 2415 autem
1814 2371 2016 2430 quanto
2049 2361 2229 2414 verius
2276 2372 2379 2424 est,

836 2455 986 2504 tanto
1040 2452 1207 2519 magis
1258 2466 1357 2519 pro
1398 2451 1603 2508 Latinis
1638 2452 1786 2507 facit.
1822 2452 1975 2507 Tunc
2018 2453 2162 2507 enim
2211 2453 2379 2522 magis

831 2540 1076 2609 ejusdem
1132 2542 1452 2625 substantia:
1507 2543 1742 2613 Spiritus
1771 2560 1895 2597 cum
1952 2545 2107 2597 Patre
2150 2550 2205 2596 et
2240 2543 2378 2596 Filio

832 2646 938 2698 est,
969 2648 1095 2688 cum
1126 2648 1191 2687 ex
1222 2646 1410 2687 eorum
1446 2635 1774 2699 substantia,
1812 2636 2159 2703 personisque
2189 2647 2378 2689 eorum

829 2725 1082 2793 'prodeat,
1141 2726 1243 2780 hoc
1272 2735 1353 2779 est
1392 2727 1666 2793 procedat.
1726 2726 1946 2779 Dicatur
1999 2725 2143 2776 enim
2178 2723 2378 2775 clarius

834 2826 1054 2882 propter
1096 2830 1192 2869 eos
1218 2817 1309 2884 qui
1353 2818 1458 2868 vim
1496 2816 1783 2867 verborum
1844 2815 2109 2882 ignorant.
2154 2812 2286 2863 Nam
2337 2811 2380 2863 si

839 2902 945 2957 hoc
1006 2903 1182 2955 solum
1231 2904 1851 2957 consubstantialitatetn
1918 2900 2289 2969 signiﬁcaret,”
2323 2910 2380 2953 ut

842 2994 1011 3046 nostri
1053 2993 1301 3049 homines
1354 3006 1563 3062 putant,
1607 2995 1882 3047 diceretur
1935 2993 2098 3045 etiam
2130 2993 2281 3045 Pater
2312 3007 2379 3046 ex

838 3083 1143 3138 substantia
1200 3081 1323 3137 Filii
1355 3094 1412 3137 et
1458 3083 1697 3151 Spiritus
1756 3081 1945 3143 sancti,
1976 3083 2058 3137 vel
2115 3080 2285 3137 Filius
2311 3096 2376 3136 es

838 3174 1143 3227 substantia
1193 3172 1444 3241 Spiritus.
1484 3170 1588 3226 Sed
1629 3170 1729 3225 hoc
1785 3185 1885 3224 nec
1934 3184 2099 3223 ausus
2152 3178 2231 3225 est
2277 3184 2379 3225 nec

837 3264 1062 3319 audebit
1085 3264 1287 3334 aliquis
1314 3263 1515 3319 dicere.

908 3356 1169 3410 Praeterea
1216 3370 1339 3410 cum
1373 3353 1606 3411 essentia
1648 3369 1750 3410 nec
1783 3364 2025 3424 generet,
2067 3368 2163 3409 nec
2210 3352 2383 3422 spiret

835 3450 1132 3507 secundum
1168 3449 1466 3517 theologos,
1502 3450 1627 3504 item
1659 3450 1819 3504 etiam
1871 3449 2171 3503 secundum
2201 3448 2380 3517 pltilo-
2414 3508 2415 3513 η

840 3542 1060 3610 sophos,
1107 3550 1159 3595 et
1214 3540 1316 3607 ipsi
1363 3540 1508 3594 enim
1557 3540 1754 3609 ubique
1799 3538 1986 3593 dicunt
2035 3538 2381 3603 operatioues
2424 3564 2427 3571 ι

837 3627 1239 3683 lndividumuttt
1276 3644 1416 3693 esse,
1444 3645 1547 3683 non
1582 3630 1965 3683 universalium
1993 3636 2047 3681 et
2098 3642 2378 3696 generum.

839 3721 921 3775 Me
945 3722 1087 3775 enim
1116 3736 1220 3773 non
1249 3720 1413 3773 homo
1448 3720 1788 3788 simpliciter,
1824 3719 1918 3773 sed
1950 3719 2169 3787 quidam
2220 3719 2382 3771 homo

839 3810 1042 3879 genuit.
1107 3810 1161 3862 Si
1225 3811 1384 3877 igitur
1443 3811 1789 3879 operationes
1837 3810 2239 3862 individuorum
2274 3824 2383 3860 non

843 3900 1229 3954 universaliutn
1252 3910 1398 3962 snttt,
1424 3914 1522 3952 ucc
1548 3899 1860 3951 substantia:
1890 3898 2227 3965 simpliciter,
2253 3896 2383 3964 quid

837 3992 981 4046 aliud
1017 3989 1425 4060 intelligendum
1453 4000 1555 4051 est,
1587 4003 1709 4041 cum
1756 3986 1993 4041 essentia
2046 3986 2165 4038 Filii
2195 3986 2383 4038 audia-

844 4101 979 4143 mus.
1002 4094 1052 4137 et
1089 4100 1152 4137 es
1183 4101 1245 4139 ea
1277 4083 1538 4153 Spiritum
1583 4079 1800 4151 prodire
1823 4118 1837 4139 .
1872 4078 1974 4131 nisi
2005 4076 2243 4133 divinam
2267 4077 2384 4144 ejus

842 4192 873 4244 p
896 4176 1159 4236 -rsonant?

914 4267 1151 4335 Amplius
1189 4282 1286 4322 nec
1326 4266 1427 4319 hoc
1483 4264 1794 4327 noulateat,
1836 4270 1978 4330 quod
2005 4260 2098 4329 qui
2147 4261 2259 4313 lucc
2305 4256 2386 4310 di-

839 4360 1031 4411 cet-ant
1073 4361 1243 4415 sancti
1287 4359 1558 4421 doctores,
1602 4365 1788 4411 contra
1820 4355 2067 4415 Ariauos,
2122 4360 2173 4404 et
2211 4350 2386 4403 Euno-

2482 1919 2749 1981 ordt'nent,
2776 1930 2830 1972 et
2860 1928 3106 1973 naturam
3144 1920 3307 1973 habet
3344 1920 3579 1987 Spiritus
3612 1918 3679 1971 ad
3710 1918 3925 1971 Filium.
3949 1920 4015 1970 Et

2480 2011 2566 2064 bis
2593 2011 2712 2064 talis
2760 2010 2818 2064 ﬁt
2849 2011 3205 2080 syllogismus,
3229 2012 3383 2063 talem
3411 2010 3654 2063 ordinem
3689 2019 3743 2061 et
3779 2019 4015 2061 naturam

2480 2100 2646 2156 habet
2681 2099 2917 2168 Spiritus
2967 2102 3034 2153 ad
3098 2098 3296 2152 Filium
3322 2140 3335 2163 ,
3370 2099 3584 2166 qualem
3620 2096 3788 2152 Filius
3830 2098 3895 2150 ad
3928 2098 4018 2149 Pa-

2481 2201 2656 2248 trem:
2705 2192 2799 2246 sed
2845 2191 3013 2246 Filius
3077 2192 3140 2244 ad
3202 2191 3413 2245 Patrem
3447 2190 3743 2243 naturalem
3780 2190 4013 2242 ordinem

2482 2282 2685 2346 habet,
2741 2281 2956 2348 qualem
3000 2288 3279 2333 causatum
3328 2277 3397 2332 ad
3440 2292 3696 2341 causam;
3758 2277 3923 2346 igitur
3970 2286 4019 2329 et

2480 2372 2716 2441 Spiritus
2737 2380 2957 2424 sanctus
3004 2371 3301 2425 naturalem
3336 2369 3585 2422 ordibem
3617 2370 3779 2423 habet
3821 2369 3887 2421 ad
3940 2368 4018 2419 Fi-

2478 2463 2632 2524 lium,
2660 2461 2872 2530 qualem
2922 2445 3200 2514 causatum
3249 2459 3313 2511 ad
3350 2473 3603 2523 causam;
3640 2458 3808 2527 igitur
3860 2458 4021 2512 Filius

2478 2554 2638 2606 etiam
2666 2567 2826 2607 causa
2854 2552 2966 2606 sive
3034 2550 3363 2622 principium
3402 2560 3485 2604 est
3514 2565 3758 2619 pet-some
3795 2549 4021 2618 Spiritus

2481 2641 2676 2695 sancd.

2552 2729 2681 2781 item
2715 2742 2837 2780 cum
2866 2728 3202 2781 naturalibus
3229 2729 3390 2782 rebus
3426 2727 3605 2781 omnis
3632 2740 3797 2781 causa
3829 2738 4020 2793 praeco-

2483 2816 2571 2868 dat
2593 2827 2869 2869 causatum
2901 2825 3164 2884 tempore,
3189 2828 3469 2871 causatum
3509 2831 3637 2871 vero
3668 2816 3938 2882 posterius
3960 2815 4021 2867 sit

2482 2921 2577 2959 sua
2652 2922 2848 2969 causa;
2914 2907 3034 2960 ideo
3092 2907 3309 2976 quidam
3367 2908 3654 2960 audientes
3706 2921 3928 2961 causam
3974 2918 4022 2958 et

2483 2995 3128 3060 causatumiuTrinitate,
3154 3007 3209 3051 et
3240 3000 3535 3065 prtcsertiut
3573 2997 3756 3051 Ariani
3778 3011 3834 3053 et
3849 2999 4023 3052 Euno-

2486 3088 2647 3141 miani
2675 3104 2740 3140 ex
2768 3088 3019 3141 humanis
3066 3097 3118 3141 et
3157 3089 3495 3141 naturalibus
3535 3078 3798 3156 exemplis
3838 3105 4024 3158 argue-

2487 3182 2614 3233 bant
2652 3188 2837 3232 contra
2872 3179 3293 3232 coaeternitatem
3342 3179 3661 3243 Trinitatis,
3699 3180 3895 3233 Filium
3938 3195 4027 3248 pos

2484 3268 2765 3322 steriorem
2824 3267 2984 3321 Patre
3045 3260 3295 3334 tanquain
3354 3278 3633 3320 causatum
3698 3268 3767 3321 ab
3823 3251 3921 3329 eo,
3977 3276 4026 3322 et

2486 3360 2747 3429 Spiritum
2781 3358 2916 3413 Filio
2955 3359 3309 3427 posteriorem
3362 3368 3921 3426 tanquamcausatum
3964 3360 4026 3411 ab

2483 3467 2549 3506 eo
2601 3452 2828 3521 probare
2857 3451 3119 3504 volentes.
3156 3449 3417 3519 Egregius
3465 3447 3745 3521 Syssenus
3784 3450 3867 3504 eis
3908 3465 4029 3504 cun-

2485 3541 2794 3605 tradicetts,
2850 3552 2905 3594 et
2964 3539 3387 3595 coeeternitatem
3462 3541 3625 3595 trium
3676 3554 4027 3610 personarum

2484 3631 2713 3701 probare
2738 3645 3047 3700 proponens
3082 3631 3136 3683 in
3161 3632 3337 3699 primo
3363 3644 3587 3684 suorum
3630 3638 3824 3684 contra
3849 3629 4027 3682 Euno-

2485 3722 2651 3774 mium
2682 3720 2964 3781 librarum,
3016 3718 3418 3787 proportionem
3450 3717 3740 3787 quamdam
3787 3716 3914 3770 Filii
3966 3715 4027 3768 ad

2487 3815 2696 3869 Patrem
2721 3823 2773 3867 et
2807 3814 3045 3882 Spiritus
3065 3812 3129 3865 ad
3169 3811 3363 3866 Ftllum
3400 3812 3545 3876 facit,
3575 3812 3788 3865 Patrem
3811 3811 4026 3879 quidem

2485 3903 2673 3955 dicens
2714 3900 3045 3954 causaiitatis
3072 3902 3281 3954 ratione
3332 3900 3510 3963 solum
3533 3900 3881 3970 pra-intelligi
3910 3909 4028 3953 ante

2488 3992 2705 4053 Filium,
2760 4005 2867 4042 non
2913 4001 3090 4041 autem
3138 3999 3401 4057 tempore,
3439 4000 3497 4043 et
3544 3988 3667 4043 ideo
3710 4004 3822 4043 non
3882 4004 4029 4058 posse

2485 4080 2661 4148 sequi,
2695 4078 2840 4147 quod
2875 4094 2980 4131 non
3037 4078 3141 4131 sint
3184 4079 3704 4143 cannon-Filium
3756 4091 3944 4133 autem
3983 4089 4029 4131 et

2490 4184 2667 4236 ipsum
2719 4167 3061 4236 prteintelligi
3101 4178 3225 4221 ante
3265 4169 3527 4236 Spiritum
3560 4172 3771 4225 ratione
3803 4170 4029 4225 causali-

2491 4261 2635 4321 tatis,
2669 4268 2725 4311 et
2754 4272 2861 4309 non
2889 4258 3069 4310 aliter.
3106 4256 3180 4307 lta
3227 4266 3283 4307 ut
3333 4258 3480 4311 clare
3527 4268 3708 4325 pateat
3757 4275 3861 4326 per
3896 4242 4029 4313 hunc

2489 4361 2737 4404 sanetum
2786 4347 3063 4401 doctorem
3104 4343 3298 4397 Filium
3347 4361 3561 4399 causam
3597 4361 3718 4399 esse
3776 4345 4030 4415 Spiritus.

844 4448 1053 4501 mianos
1082 4464 1139 4501 se
1159 4460 1495 4517 opponentes
1522 4448 1633 4501 hac
1667 4446 1941 4500 dicebant.
1974 4443 2075 4509 Qui
2100 4442 2296 4496 Filium
2319 4455 2383 4492 ex
2421 4461 2464 4515 ι)
2489 4437 2955 4506 Quemadmodum
3004 4437 3172 4498 enim,
3225 4437 3432 4505 inquit,
3485 4436 3836 4505 coniungitur
3900 4438 4031 4491 Patri

844 4539 1020 4598 Patre,
1060 4548 1112 4589 et
1145 4538 1406 4607 Spiritum
1436 4554 1498 4590 es
1532 4536 1669 4591 Filio
1707 4553 1825 4592 esse
1864 4536 2131 4595 dicentes,
2158 4548 2223 4584 ex
2256 4531 2384 4584 sub-

840 4626 1035 4681 stantia
1074 4636 1252 4680 tamen
1280 4642 1464 4680 corum
1506 4644 1623 4682 esse
1655 4628 1957 4697 negabant;
1992 4640 2114 4677 cum
2142 4622 2389 4675 dicerent

844 4719 1039 4774 Filium
1077 4716 1179 4769 etsi
1229 4731 1294 4769 ex
1325 4717 1501 4780 Patre,
1536 4732 1643 4771 non
1674 4728 1852 4770 tamen
1886 4731 1950 4769 cs
1982 4716 2102 4781 ejus
2130 4713 2385 4773 essentia,

846 4812 961 4866 sive
990 4819 1209 4871 natura,
1244 4809 1339 4861 sed
1379 4810 1655 4863 voluntate
1684 4818 1866 4862 uatum
1911 4807 2093 4860 fuisse.
2127 4804 2387 4871 Spiritum

845 4918 975 4957 vero
1004 4902 1181 4971 ipsum
1212 4900 1377 4955 etiam
1400 4914 1463 4951 ex
1483 4897 1635 4962 Filio,
1665 4915 1771 4952 non
1801 4909 1979 4952 tamen
2009 4894 2389 4956 essentialiter,

848 4996 959 5047 sive
994 4991 1333 5052 naturaliter,
1362 4989 1455 5041 sed
1484 4990 1804 5042 voluntarie.
1844 4992 2020 5053 Quare
2062 4988 2255 5040 Filium
2291 4985 2390 5037 nti-

847 5097 1033 5135 norem
1062 5079 1239 5140 Patre,
1278 5088 1330 5131 et
1362 5077 1583 5130 alterius
1623 5079 1932 5131 subst-amite
1959 5118 1969 5136 ,
2001 5078 2258 5144 Spiritum
2292 5077 2390 5127 nti-

848 5188 1037 5227 noretn
1100 5168 1277 5230 Filio,
1341 5178 1396 5221 ct
1450 5166 1669 5219 alterius
1735 5168 1983 5218 essentia:
2036 5167 2385 5218 asserebant:

847 5278 1065 5334 tresque
1110 5264 1166 5317 in
1220 5259 1504 5315 divinitate
1562 5256 1834 5325 ponebant
1886 5259 2169 5310 essentEas.
2208 5257 2392 5309 Pazres

849 5362 1012 5427 lgllltl‘
1057 5368 1111 5411 et
1159 5354 1330 5409 sancti
1388 5351 1641 5405 doctores
1681 5346 1988 5415 opinionem
2031 5362 2214 5399 eorum
2279 5361 2395 5400 tau-

849 5466 1007 5521 quam
1055 5450 1240 5503 falsam
1284 5443 1591 5500 refellenles
1639 5455 1744 5493 non
1778 5454 1843 5492 ex
1890 5438 2025 5490 Filio
2063 5437 2264 5497 solum,
2301 5439 2393 5493 sed

847 5560 911 5598 ett
947 5544 1063 5606 ejus
1110 5538 1411 5594 substantia
1448 5535 1785 5589 cernebantur
1833 5529 2096 5597 Spiritum
2151 5532 2391 5579 saucium

847 5647 971 5685 esse
1000 5634 1249 5699 probare.
1278 5629 1540 5683 Similiter
1561 5623 1755 5678 Filium
1776 5637 1886 5675 non
1915 5634 1977 5673 es
2012 5618 2169 5671 Patre
2199 5618 2393 5676 solum,

847 5736 1035 5779 verum
1083 5726 1244 5777 etiam
1305 5738 1368 5779 ex
1437 5720 1551 5790 ejus
1605 5716 1857 5775 essentia.
1904 5707 2194 5772 Considera
2240 5721 2386 5778 ergo.

2492 4531 2681 4593 Filius,
2717 4530 2790 4584 ita
2815 4539 2868 4584 et
2903 4528 3138 4597 Spiritus
3171 4529 3519 4597 coniungitur
3547 4526 3718 4581 Filio:
3748 4538 3803 4581 et
3828 4545 4031 4591 rursus,

2492 4619 2945 4690 quemadmodum
2980 4614 3140 4671 Pater
3175 4616 3601 4686 pnciutelligitur
3645 4625 3770 4670 ante
3817 4615 4031 4671 Filium.

2494 4728 2599 4766 non
2649 4714 2825 4780 aliqua
2874 4709 3159 4780 temporali
3204 4710 3479 4771 distantia,
3528 4723 3629 4759 nec
3660 4708 3908 4771 realiter,
3952 4707 4034 4760 sed

2495 4802 3041 4866 intentione,ratiune
3077 4802 3405 4854 causalitatis
3429 4814 3445 4851 :
3469 4801 3541 4853 ita
3574 4810 3625 4854 et
3650 4798 3820 4852 Filius
3853 4802 4037 4869 pra-in-

2496 4896 2753 4962 telligitur
2774 4903 2898 4946 ante
2929 4891 3194 4960 Spiritum
3231 4891 3482 4945 similiter
3504 4892 3803 4944 intentione
3838 4896 4037 4945 ratione

2495 4983 2845 5038 causalitatis.

2566 5074 2694 5126 item
2748 5072 2849 5125 etsi
2898 5071 2951 5123 in
3010 5070 3173 5123 rebus
3228 5069 3481 5122 bumanis
3532 5069 3893 5124 sensibilibus
3945 5086 4038 5123 non

2498 5178 2657 5215 omne
2682 5162 2958 5229 exemplar
2992 5160 3223 5229 alicujus
3251 5174 3412 5211 causa
3464 5161 3627 5212 etiam
3657 5161 3778 5230 ejus
3807 5175 3896 5214 est
3924 5183 3937 5223 ,
3994 5164 4037 5211 in

2498 5251 2803 5305 artiﬁciatis
2829 5254 2972 5305 cnim
3009 5251 3253 5315 exempla
3287 5265 3474 5301 eorum
3529 5266 3638 5304 non
3697 5260 3827 5305 sunt
3884 5256 4039 5305 etiam

2497 5342 2749 5396 elIective
2783 5356 2942 5394 causa
2996 5356 3221 5397 eorum;
3270 5349 3503 5392 attamen
3533 5342 3675 5408 quod
3728 5345 4035 5396 naturalitc:

2498 5444 2582 5489 est
2618 5435 2845 5502 alicujus
2885 5434 3182 5499 exemplar,
3210 5432 3371 5483 etiam
3413 5432 3465 5483 in
3502 5432 3632 5499 ipsis
3662 5435 3826 5486 rebus
3862 5436 4041 5486 liUHlJ'

2504 5528 2585 5579 nis
2612 5541 2773 5579 causa
2812 5537 2891 5585 est
2922 5526 3191 5594 imaginis,
3225 5524 3376 5591 cujus
3407 5526 3686 5592 exemplar
3710 5536 3829 5588 eat;
3884 5528 4039 5577 multa

2505 5616 2670 5683 igitur
2728 5615 2897 5683 magis
2956 5615 3010 5666 itt
3066 5613 3289 5676 divinis,
3347 5614 3436 5667 ubi
3470 5625 3524 5668 et
3576 5614 3758 5667 omnia
3816 5616 3946 5671 alia.
3998 5624 4040 5665 et

2504 5710 2679 5778 ipsum
2713 5709 2988 5778 exemplar
3044 5708 3359 5764 naturaliter
3412 5707 3678 5777 accipitur
3705 5704 3870 5775 (nihil
3910 5724 4038 5761 cum
