4122 6326
278 262 387 331 433

1187 265 1283 329 DE
1327 269 1839 334 PROCESSIONE
1885 273 2238 338 SPIRlTUS
2277 275 2566 337 SANC'FI.

3374 268 3478 333 434

275 377 353 429 ibi
387 384 581 445 praeter
608 383 850 429 naturam
880 374 987 444 est)
1017 375 1133 429 btec
1158 378 1458 445 propositio
1489 381 1818 445 veril'icatur,

1926 384 2155 438 Arianos
2187 395 2499 453 quareutes
2522 384 2797 453 quomodo
2837 383 3077 453 ejusdem
3122 392 3262 437 esset
3294 397 3475 435 essen-

278 466 535 519 videliect
565 468 709 535 quod
760 467 812 519 in
871 466 1071 519 divinis
1104 470 1349 535 personis
1381 470 1613 537 alicujus
1642 486 1820 523 exent-

278 558 398 625 plar
420 568 522 617 est,
553 566 609 611 et
640 573 800 612 causa
840 560 958 627 ejus
993 567 1077 612 est
1119 559 1273 626 cujus
1307 567 1394 613 est
1432 560 1727 628 exemplar.
1759 563 1824 612 At

278 649 372 703 ille
401 662 621 715 magnus
639 648 929 717 Gregorius
964 649 1350 701 miraculorum
1376 659 1585 713 auctor,
1612 658 1668 702 et
1698 651 1824 703 inde

277 740 611 801 nominatus,
651 738 843 791 Filium
887 739 1162 807 exemplar
1208 739 1445 806 Spiritus
1490 740 1643 792 dicit.
1673 740 1827 793 Patet

278 828 449 896 igitur
486 828 628 896 quod
657 828 820 880 etiam
846 843 1062 881 causam
1106 829 1222 895 ejus
1270 828 1511 896 putabat.
1541 828 1650 882 Hoc
1680 830 1823 882 idem

278 933 313 971 a
360 919 525 973 simili
583 917 800 985 probari
862 928 1060 987 potest.
1126 919 1347 989 Magnus
1404 919 1547 970 enim
1596 918 1824 971 Basilius

275 1009 559 1075 exemplar
588 1007 709 1060 Filii
739 1008 949 1061 Patrem
999 1009 1152 1077 ponit
1199 1011 1253 1062 in
1279 1017 1475 1077 quarto
1498 1018 1683 1062 contra
1718 1009 1821 1061 Ευ·

278 1099 551 1162 nomium;
578 1098 873 1167 Gregorius
911 1115 1039 1153 vero
1060 1100 1365 1168 praedictus
1404 1100 1671 1161 oratione,
1703 1113 1827 1167 quae

279 1190 493 1256 incipit,
530 1188 717 1243 Hostes
765 1202 812 1242 et
866 1192 1027 1243 alieni
1070 1208 1099 1243 ιι
1134 1190 1386 1243 catholica
1418 1189 1518 1256 ﬁde
1545 1198 1688 1252 sunt,
1734 1189 1825 1257 qui

276 1274 484 1330 Filium
512 1294 575 1330 ea:
597 1296 696 1332 non
730 1270 843 1332 erit}:
864 1283 1063 1342 dicunt,
1082 1281 1274 1334 Filium
1302 1280 1572 1347 exemplar
1589 1280 1828 1347 Spiritus

275 1368 464 1422 docet.
498 1371 567 1422 At
623 1369 853 1423 Basilius
890 1373 1102 1426 Patrem
1152 1382 1405 1438 tanquam
1446 1386 1663 1424 causam
1707 1368 1826 1423 Fdii

274 1461 402 1527 ejus
430 1462 703 1529 exemplar
727 1463 908 1529 ponit;
944 1464 1103 1531 igitur
1131 1463 1424 1530 Gregorius
1440 1462 1604 1514 etiam
1633 1462 1827 1515 Filium

277 1561 535 1619 tauquam
567 1566 781 1604 causam
812 1552 1044 1620 Spiritus
1071 1553 1187 1621 ejus
1222 1552 1497 1618 exemplar
1526 1562 1823 1605 asseverat.

357 1639 489 1694 item
520 1637 743 1696 sanctus
782 1642 1040 1705 Basilius,
1072 1652 1127 1694 et
1159 1642 1377 1709 plurimi
1435 1641 1525 1694 alii
1576 1642 1830 1695 doctores

278 1728 480 1783 Filium
504 1731 790 1799 imaginem
820 1730 1015 1794 Patris,
1056 1729 1321 1798 Spiritum
1366 1731 1652 1796 imaginem
1704 1730 1823 1784 Filii

274 1822 489 1875 dicunt.
516 1821 707 1875 Filium
743 1823 869 1874 item
916 1823 1285 1889 operationem
1332 1822 1526 1885 Patris,
1563 1820 1824 1889 Spiritum

274 1914 649 1979 Operationem
703 1912 856 1976 Filii;
890 1911 1083 1966 Filium
1133 1914 1357 1967 verbum
1413 1912 1621 1973 Patris,
1652 1912 1839 1977 Spiri-’

278 2009 399 2051 tum
447 2002 671 2052 verbum
729 1999 889 2063 Filii;
947 2000 1141 2052 Filium
1215 1999 1559 2066 fragrantiam
1626 1997 1822 2058 Patris,

277 2087 548 2155 Spiritum
601 2089 948 2156 fragrantiam
1022 2088 1163 2139 Filii.
1220 2088 1324 2139 Sed
1384 2086 1682 2139 secundum
1735 2084 1824 2137 illa

276 2176 468 2228 omnia
491 2175 877 2247 diciturFilius
899 2190 1021 2229 esse
1044 2175 1219 2227 Patris
1249 2184 1502 2241 tanquam
1532 2189 1596 2226 ex
1627 2173 1778 2226 Patre
1807 2192 1821 2239 ;

280 2269 449 2335 igitur
478 2279 533 2321 et
562 2268 799 2335 Spiritus
828 2277 1047 2319 sanctus
1074 2266 1370 2319 secundum
1406 2264 1591 2318 eadem
1624 2263 1824 2318 dicitur

275 2373 404 2411 esse
430 2356 547 2410 Filii
581 2358 833 2423 tanquam
863 2371 925 2409 ex
950 2354 1105 2408 Filio.

356 2446 485 2501 ltem
517 2448 562 2501 si
597 2447 828 2516 Spiritus
855 2465 962 2502 non
997 2458 1141 2502 esset
1168 2464 1233 2503 es
1267 2447 1441 2510 Filio,
1483 2464 1589 2500 non
1635 2449 1828 2503 distiu—

277 2548 542 2606 gueretur
567 2538 635 2590 ab
688 2554 753 2592 co
794 2540 1153 2608 personaliter
1183 2556 1199 2593 ς
1224 2540 1368 2608 quod
1398 2554 1522 2592 cum
1551 2539 1743 2593 falsum
1774 2550 1830 2593 et

277 2629 579 2684 absurdum
610 2629 702 2693 sit,
733 2640 921 2693 restat,
949 2641 1010 2685 ut
1045 2646 1111 2684 ex
1146 2630 1282 2685 Filio
1298 2632 1408 2685 ‘sit.
1438 2630 1593 2695 Quod
1649 2640 1829 2685 autem

281 2738 397 2776 non
427 2722 851 2801 distingueretur
877 2722 946 2775 ab
980 2737 1044 2775 eo
1079 2723 1454 2791 personaliter,
1487 2722 1533 2776 si
1558 2739 1661 2775 non
1686 2733 1832 2789 esset

278 2831 353 2868 ιιι
380 2829 467 2879 eo,
521 2814 648 2869 hinc
678 2823 845 2883 patet.
905 2814 1251 2883 Unaquzque
1302 2829 1465 2867 causa
1500 2815 1583 2868 vel
1632 2816 1833 2883 princi-

283 2907 436 2974 pium
486 2907 717 2976 alicujus
758 2905 838 2959 rei
893 2906 1183 2974 dupliciter
1247 2906 1448 2960 dicitur
1506 2908 1831 2976 principium

275 3000 407 3068 ejus
446 3007 502 3052 et
534 3012 734 3063 causa;
786 3011 895 3050 uno
939 2995 1099 3048 modo
1152 3006 1208 3048 ut
1235 2994 1413 3062 quod,
1445 2994 1552 3048 alio
1584 3005 1643 3046 ut
1698 3010 1827 3064 quo,

279 3097 414 3159 puta
452 3087 643 3149 forma,
666 3102 790 3155 qua:
812 3096 895 3141 est
942 3089 995 3139 in
1023 3085 1205 3138 anima
1246 3085 1519 3148 facientis,
1549 3100 1655 3153 qua
1684 3086 1833 3139 siuti-

279 3180 393 3233 lem
421 3178 545 3232 facit
573 3178 824 3232 elfectum
851 3176 904 3228 id
928 3176 1068 3245 quod
1108 3176 1256 3228 facit.
1286 3177 1462 3240 Quare
1482 3190 1643 3229 omne
1667 3191 1831 3242 agens

278 3270 463 3324 simile
484 3268 585 3322 sibi
605 3270 714 3337 agit
735 3267 1033 3320 secundum
1065 3266 1310 3327 fortnam,
1338 3280 1461 3331 quae
1489 3264 1597 3330 agit
1620 3280 1632 3323 ;
1672 3264 1827 3315 verbi

280 3365 458 3425 pratia
485 3376 501 3411 :
528 3360 687 3426 hujus
719 3358 967 3424 imaginis
989 3370 1148 3407 causa
1173 3366 1255 3407 est
1284 3364 1337 3407 et
1365 3354 1480 3419 ipse
1505 3353 1679 3419 pictor
1712 3363 1831 3406 tarr-

279 3465 450 3517 quam
494 3449 657 3515 quod,
693 3458 749 3500 et
792 3447 961 3499 forma
1008 3444 1231 3504 pictoris
1281 3453 1532 3509 tanquam
1564 3457 1693 3510 quo,
1738 3444 1826 3495 cui

278 3538 517 3593 similem
550 3538 746 3603 pictor-
765 3535 890 3587 facit
921 3534 1230 3601 imaginem.
1260 3531 1434 3585 Simili
1466 3532 1628 3585 modo
1662 3532 1826 3584 etiam

280 3630 342 3681 in
387 3626 585 3686 divinis
633 3624 881 3693 personis
918 3624 1074 3676 Pater
1118 3622 1373 3690 quidem,
1434 3623 1538 3675 boc
1578 3630 1664 3674 est
1708 3622 1829 3686 eius

276 3720 470 3774 divina
497 3731 746 3787 persona,
768 3730 931 3769 causa
961 3722 1212 3781 tanquam
1258 3713 1401 3781 quod
1429 3731 1444 3775 ;
1471 3713 1656 3766 divina
1698 3726 1828 3766 vero

275 3812 405 3881 ejus
426 3810 660 3863 essentia
694 3817 948 3875 tanquam
986 3820 1127 3873 quo:
1182 3804 1297 3857 [nec
1335 3804 1481 3857 enim
1516 3813 1599 3857 est
1629 3802 1826 3866 forma,

274 3902 376 3958 cui
404 3901 598 3955 similia
631 3899 766 3952 liunt
793 3914 913 3967 quae
934 3914 1001 3952 ex
1044 3912 1110 3951 eo
1141 3897 1432 3965 prodeunt.
1458 3895 1636 3960 Quare
1660 3891 1829 3947 Filius

276 4008 502 4063 quoque
549 4003 605 4046 et
658 3990 896 4058 Spiritus
954 3998 1174 4043 sanctus
1226 3986 1719 4040 consubstantiales
1774 3984 1827 4038 ei

276 4095 434 4149 sunt,
460 4100 528 4138 eo
553 4084 698 4153 quod
718 4098 877 4136 omne
900 4082 1119 4150 quidem
1167 4080 1474 4149 producens
1503 4078 1678 4131 simile
1706 4091 1826 4144 pro-

276 4177 437 4231 ducit
477 4177 661 4230 fonna:
700 4190 805 4243 qua
848 4174 1121 4241 producit.
1178 4171 1321 4223 Deus
1380 4184 1510 4222 vero
1567 4176 1625 4221 et
1668 4167 1827 4219 Pater

277 4266 541 4337 producit
595 4265 788 4318 Filium
834 4272 889 4314 et
930 4260 1195 4327 Spiritum
1240 4258 1423 4309 divina
1459 4255 1727 4314 essentia,
1771 4263 1827 4306 et

1927 477 2031 539 tite,
2061 478 2155 543 qui
2197 478 2385 537 mittit,
2416 486 2471 529 et
2499 476 2590 543 qui
2635 475 2892 538 mittitur,
2930 477 2982 525 in
3017 472 3286 555 tricesima
3336 487 3478 526 nona

1924 568 2146 621 humilia
2194 583 2359 634 super
2403 561 2665 618 Joannem
2730 563 2833 617 hoc
2896 564 3059 615 modo
3104 560 3474 629 respondens:

1927 658 2131 711 Rursus
2161 657 2227 709 ad
2254 671 2341 709 res
2368 657 2632 708 humanas
2660 666 2941 705 sermones
2966 660 3086 703 tuos
3110 652 3353 714 adeptas,
3378 664 3477 701 nec

1924 734 2240 800 consideras
2287 745 2432 813 quod
2491 747 2602 797 haec
2657 742 2780 796 ideo
2828 742 2971 794 dicta
3013 750 3161 801 sunt,
3200 752 3256 792 ut
3309 740 3472 793 etiam

1924 852 2137 889 causam
2164 836 2421 894 sciamus,
2449 845 2501 887 et
2530 850 2637 886 non
2669 832 2972 886 incidamus
3015 833 3066 884 in
3102 829 3321 883 Sabellii
3367 832 3475 883 lia:-

1927 927 2128 988 resim;
2185 923 2280 978 sed
2342 922 2576 992 Spiritus
2636 922 2868 974 mittitur
2912 935 2978 973 ex
3013 917 3185 985 Filio;
3216 919 3377 988 igitur
3408 932 3473 971 cx

1924 1030 1991 1069 60
2019 1023 2121 1068 est.

1994 1105 2128 1158 Item
2174 1106 2272 1157 ista
2299 1102 2552 1157 mittendi
2582 1102 2827 1171 potentia
2857 1116 2980 1155 cum
3006 1100 3077 1154 sit
3109 1108 3163 1152 ct
3208 1099 3259 1151 in
3295 1091 3473 1158 Patre,

1924 1197 2053 1249 etin
2093 1195 2232 1247 Filio
2253 1193 2550 1248 secundum
2582 1208 2745 1261 quam
2771 1192 2928 1245 ambo
2958 1190 3179 1243 mittunt
3212 1188 3471 1255 Spiritum

1925 1296 2196 1349 sanctum,
2234 1300 2396 1354 quam
2429 1285 2589 1336 etiam
2627 1284 2792 1336 nostri
2816 1282 3143 1340 concedunt,
3173 1280 3472 1332 autcadem

1927 1387 2010 1429 est
2039 1375 2093 1427 in
2142 1374 2305 1427 Patre
2332 1383 2385 1427 et
2419 1370 2580 1436 Filio,
2613 1383 2706 1423 aut
2732 1371 2857 1432 alia,
2899 1379 2955 1422 et
2988 1370 3126 1433 alia;
3151 1368 3243 1421 sed
3281 1368 3325 1422 si
3370 1368 3475 1419 alia

1927 1474 1983 1520 et
2040 1467 2167 1528 alia,
2202 1464 2313 1520 erit
2360 1474 2414 1517 et
2444 1463 2611 1531 major
2649 1471 2706 1515 et
2746 1462 2943 1525 minor,
2980 1472 3033 1514 et
3084 1470 3477 1527 consequenter

1929 1555 2218 1608 missiones
2262 1555 2526 1608 diversa:
2561 1568 2731 1625 quare
2779 1568 2878 1606 nec
2916 1567 3020 1605 una
3059 1552 3320 1620 potentia,
3374 1563 3477 1603 nec

1932 1662 2037 1700 una
2066 1660 2257 1699 eorum
2287 1644 2529 1714 operatio
2566 1646 2691 1699 erit.
2723 1645 2786 1697 Et
2816 1659 2938 1697 cum
2966 1658 3196 1712 quorum
3226 1642 3477 1710 potentiae

1929 1737 2196 1800 diverse,
2252 1736 2507 1789 essentia:
2554 1750 2768 1802 quoque
2821 1750 3009 1787 eorum
3066 1733 3293 1786 diversa-
3346 1732 3487 1795 sint,‘

1928 1829 2151 1881 alterius
2200 1836 2256 1879 et
2284 1827 2509 1879 alterius
2530 1826 2773 1877 essenlim
2796 1834 2955 1878 erunt
2986 1825 3141 1877 Pater
3193 1834 3247 1876 et
3274 1822 3474 1876 Filius:

1927 1918 2020 1970 sed
2051 1919 2161 1991 [uec
2194 1918 2374 1969 omnia
2409 1915 2662 1977 absurda,
2682 1925 2737 1968 et
2759 1926 2946 1968 contra
2971 1916 3289 1969 catholicam
3316 1915 3475 1967 fidem

1926 2004 2094 2083 sunt;
2136 2022 2243 2059 non
2308 2006 2470 2075 igitur
2508 2016 2592 2058 cst
2633 2006 2739 2059 alia
2786 2014 2841 2059 et
2871 2008 3009 2069 alia;
3054 2005 3216 2073 igitur
3263 2004 3475 2057 eadem.

1929 2096 2032 2149 Sed
2072 2098 2127 2149 in
2158 2095 2317 2149 Patre
2346 2094 2586 2163 potentia
2619 2095 2871 2148 mittendi
2916 2095 3177 2162 Spiritum
3225 2104 3473 2147 sant-tum

1926 2197 2011 2241 est
2044 2186 2231 2239 eadem
2286 2202 2409 2239 cum
2462 2186 2702 2254 potentia
2758 2186 2997 2253 spirandi
3047 2185 3233 2244 illum.
3263 2200 3476 2253 semper

1926 2283 2070 2334 enim
2124 2280 2295 2349 spirat
2341 2279 2500 2332 Pater
2541 2280 2803 2347 Spiritum
2850 2291 3117 2340 sanctum,
3160 2287 3212 2331 ct
3262 2278 3479 2347 spirans

1928 2372 2080 2425 illum
2100 2370 2471 2441 mittithitur
2504 2371 2665 2423 etiam
2698 2369 2865 2423 Filius
2889 2370 3046 2424 simul
3084 2386 3206 2422 cum
3237 2370 3477 2437 potentia

1927 2462 2194 2530 spirandi,
2225 2472 2280 2515 et
2333 2463 2552 2530 spirans
2596 2461 2745 2513 illum
2786 2460 2989 2523 mittit;
3031 2473 3158 2526 ergo
3203 2467 3259 2511 et
3311 2458 3480 2510 Filius

1929 2552 2104 2605 sancti
2172 2551 2410 2619 Spiritus
2446 2560 2533 2604 est
2582 2549 2958 2618 productivus.
2997 2551 3088 2600 illa
3137 2563 3265 2600 vero
3316 2562 3476 2613 quam

1931 2643 2155 2710 quidam
2215 2642 2371 2694 aiunt
2419 2639 2713 2693 secundum
2766 2649 2822 2693 et
2871 2639 3217 2705 temporalem
3258 2638 3476 2690 missio-

1932 2744 2079 2793 nent,
2105 2745 2229 2783 cum
2261 2725 2405 2783 iiiliil
2432 2737 2538 2791 est,
2562 2737 2672 2782 tum
2699 2728 2861 2780 etiam
2906 2742 3001 2794 per
3042 2724 3349 2793 prasdictam
3372 2724 3479 2779 sol-

1932 2822 2079 2874 vitur
2107 2820 2415 2873 rationem:
2463 2833 2770 2887 quanquam
2817 2817 3019 2869 etenim
3045 2829 3307 2882 nusquam
3365 2807 3479 2868 lites

1933 2912 2227 2981 duplicitas
2280 2912 2691 2977 processiouum
2741 2909 3076 2978 reperiatur,
3124 2918 3303 2960 tamen
3351 2906 3479 2959 dato

1932 3005 2096 3058 etiam
2126 3004 2273 3072 quod
2306 3004 2371 3057 sit
2399 3003 2579 3069 aliqua
2604 3002 2841 3056 secunda
2862 3001 3070 3061 missio,
3096 3014 3213 3065 qum
3236 2988 3481 3050 commu-l

1935 3096 2021 3149 nis
2066 3095 2139 3149 sit
2190 3095 2334 3149 Patri
2364 3105 2417 3148 et
2459 3094 2595 3147 Filio
2647 3093 2945 3147 secundum
2998 3092 3204 3143 Patrem
3235 3104 3355 3141 eam
3420 3095 3475 3140 et

1932 3185 2162 3238 similem
2218 3186 2267 3237 ei
2300 3184 2537 3237 habebit.
2580 3182 2725 3234 Nihil
2753 3181 2898 3233 enim
2937 3195 3125 3232 eorum
3168 3193 3288 3245 quae
3326 3192 3476 3229 cont-

1932 3276 2115 3328 muuia
2177 3282 2305 3328 sunt
2358 3275 2501 3326 Patri
2548 3281 2603 3324 et
2657 3270 2827 3332 Filio,
2876 3268 3138 3321 dissimile
3190 3269 3243 3319 in
3305 3268 3479 3319 altero

1928 3377 2117 3415 eorum
2146 3374 2250 3414 est.
2276 3361 2382 3415 Sed
2421 3361 2577 3413 Pater
2601 3357 2848 3411 mittendi
2870 3355 3352 3425 potentiambabet
3370 3369 3473 3406 una

1927 3468 2050 3511 cum
2078 3451 2321 3519 potentia
2372 3449 2613 3518 spirandi
2650 3465 2667 3501 :
2698 3449 2861 3516 igitur
2915 3457 2971 3499 et
3010 3444 3175 3498 Filius
3203 3458 3328 3497 cum
3367 3445 3499 3514 spi-.

1930 3540 2085 3596 randi
2114 3542 2351 3609 potentia
2374 3538 2598 3593 habebit
2634 3538 2930 3606 potentiam
2961 3536 3233 3590 mittendi.

1998 3634 2128 3687 Item
2157 3630 2302 3700 quod
2328 3639 2519 3683 natura
2548 3630 2781 3697 alicujus
2822 3638 2931 3691 est,
2964 3628 3129 3682 etiam
3160 3645 3227 3681 ex
3272 3644 3341 3682 eo
3367 3638 3472 3690 est,

1927 3724 2227 3779 secundum
2257 3720 2404 3790 quod
2435 3718 2636 3774 dicitur
2682 3732 2807 3772 esse
2846 3716 2994 3771 illius
3024 3734 3039 3768 :
3074 3715 3309 3784 Spiritus
3348 3732 3473 3770 vero

1927 3822 2147 3868 sanctus
2185 3820 2271 3865 est
2309 3809 2454 3873 Filii,
2481 3817 2539 3862 et
2590 3815 2736 3875 patet
2761 3806 2906 3874 quod
2936 3816 3155 3865 natura,
3192 3821 3297 3857 non
3328 3807 3473 3857 enim

1928 3914 2125 3974 praeter
2157 3911 2427 3965 naturam,
2460 3914 2560 3953 nec
2590 3909 2650 3952 ut
2682 3913 2892 3952 servus.
2921 3896 3016 3951 Est
3048 3897 3212 3964 igitur
3234 3897 3474 3963 Spiritus

1896 4008 2151 4053 sanctus
2203 4005 2265 4047 ut
2320 3992 2556 4059 Spiritus
2608 3998 2850 4063 sanctps,
2898 3988 3145 4041 videlicet
3174 3996 3235 4039 ut
3287 3988 3472 4039 divina

1929 4101 2157 4158 persona
2180 4085 2240 4135 .in
2271 4082 2534 4134 Triuitate
2561 4094 2626 4133 ex
2657 4078 2810 4131 Filio.

1998 4174 2130 4227 ltem
2160 4171 2395 4239 Spiritus
2418 4178 2640 4221 sanctus
2686 4177 2769 4219 est
2796 4182 2994 4218 nomen
3037 4166 3345 4221 relativum.
3379 4164 3490 4221 Di-ﬁ

1926 4262 2069 4315 citur
2095 4260 2236 4311 enim
2267 4256 2500 4324 Spiritus
2534 4254 2740 4313 Patris.
2775 4254 3012 4321 Spiritus
3042 4249 3203 4313 Filii;
3234 4255 3279 4304 si
3313 4255 3459 4304 enim

274 4358 408 4413 ideo
432 4351 909 4409 consubstantialia
939 4351 1042 4402 sibi
1078 4348 1344 4417 producit.
1386 4346 1636 4413 Si~igitur
1667 4343 1827 4396 Pater
1856 4362 1899 4415 ι)
1926 4357 2067 4401 esset
2082 4345 2536 4405 absolutum,non
2552 4342 2826 4396 diceretur
2840 4342 3308 4409 alicujusﬁallum
3322 4344 3468 4395 enim

273 4448 433 4503 solas
464 4443 787 4511 produceret
827 4438 1087 4506 Spiritum
1131 4435 1429 4489 secundum
1477 4449 1593 4495 eos,
1631 4435 1723 4500 qui
1754 4434 1825 4486 ita

270 4543 548 4597 asserunt,
582 4543 711 4585 tunc
740 4531 890 4584 nulla
927 4528 1205 4582 distinctio
1242 4538 1383 4581 esset
1412 4525 1531 4580 Filii
1559 4541 1589 4579 a
1620 4524 1827 4591 Spiritu

271 4638 491 4688 sancto,
518 4639 643 4679 cum
676 4622 818 4675 nulla
844 4621 916 4674 sit
941 4620 1267 4684 differentia,
1284 4634 1385 4673 nec
1404 4618 1458 4671 in
1491 4618 1827 4686 producente

272 4719 449 4787 (idem
476 4718 623 4771 enim
644 4724 728 4770 est
756 4713 962 4779 Pater),
988 4726 1091 4765 nec
1112 4711 1167 4765 iu
1196 4710 1390 4774 forma,
1422 4724 1530 4777 qua
1577 4709 1829 4776 producit

272 4818 389 4883 (est
413 4815 558 4869 enim
582 4812 771 4867 eadem
810 4810 991 4865 divina
1015 4806 1292 4870 essentia),
1325 4806 1512 4875 necju
1542 4803 1672 4871 ipsis
1705 4820 1823 4869 pri»

270 4908 479 4966 ductis.
511 4913 636 4959 sunt
664 4904 809 4957 enim
836 4900 1081 4970 ejusdem
1130 4898 1317 4951 forma
1354 4897 1514 4949 unius
1575 4896 1827 4947 videlicet

274 5004 341 5047 et
361 4994 666 5047 communis
700 4991 1031 5044 divinitatis:
1064 4987 1363 5055 praesertim
1394 5000 1515 5038 cum
1550 4984 1690 5037 nulla
1720 4984 1828 5034 illic

190 5116 209 5124 ο
275 5084 507 5137 materia
536 5084 629 5147 sit,
657 5097 721 5135 ex
748 5096 853 5148 qua
881 5077 1157 5132 distinctio
1202 5076 1376 5128 ﬁeret.
1414 5074 1494 5125 Ex
1522 5074 1719 5140 quibus
1746 5086 1828 5122 se-

273 5184 548 5242 queretur
591 5175 794 5226 nullam
830 5187 950 5225 esse
996 5184 1185 5223 eorum
1218 5166 1623 5219 distinetioncm
1660 5163 1722 5213 ad
1756 5164 1827 5211 in-

271 5266 485 5316 vicem:
508 5264 858 5333 rcstatigitur
887 5272 980 5315 aut
1004 5262 1265 5327 Spiritum
1296 5272 1412 5309 esse
1449 5254 1565 5307 Filii
1585 5267 1824 5307 causam.

272 5361 377 5405 aut
426 5349 620 5402 Filium
668 5352 903 5419 Spiritus
929 5391 943 5411 ,
1000 5350 1066 5402 ad
1101 5350 1199 5401 boc
1236 5356 1292 5397 ut
1334 5346 1402 5396 sit
1436 5340 1727 5394 distinctio.
1764 5341 1829 5390 At

273 5440 518 5512 primum
552 5455 658 5491 non
693 5451 795 5499 est,
825 5442 986 5507 igitur
1005 5437 1305 5491 secundum
1331 5443 1413 5487 est
1445 5446 1649 5483 verum.

357 5532 487 5583 Item
546 5529 680 5580 mitti
739 5530 790 5579 in
847 5530 1046 5580 diiiuis
1093 5545 1121 5581 a
1155 5542 1316 5580 causa
1368 5538 1483 5575 csse
1533 5520 1827 5587 signiﬁcat,

280 5622 449 5701 cujus
479 5620 633 5674 testis
683 5629 762 5672 cst
803 5618 988 5672 beatus
1018 5618 1251 5672 Joannes
1300 5615 1719 5682 Cbrysostonius
1761 5612 1825 5663 ad

1926 4438 2234 4492 simulatum
2273 4433 2573 4488 secundum
2602 4432 2750 4502 quod
2797 4433 3133 4502 signiﬁcatur
3176 4453 3204 4485 a
3252 4432 3471 4485 nomine

1928 4530 2125 4583 dicitur
2156 4527 2404 4590 alterius,
2453 4524 2547 4580 sed
2593 4525 2895 4579 secundum
2927 4525 3164 4591 aliquem
3194 4524 3357 4575 alium
3388 4538 3473 4575 rc-

1929 4631 2177 4690 spectum
2210 4617 2706 4688 :quemadmodum
2736 4618 2896 4670 homo
2917 4655 2931 4677 ,
2967 4630 3091 4668 cum
3135 4615 3205 4665 sit
3254 4614 3475 4665 absolu-

1931 4722 2066 4772 tum,
2101 4726 2207 4762 non
2237 4709 2439 4762 dicitur
2473 4707 2707 4772 alicujus
2726 4706 2911 4763 homo,
2940 4704 3035 4756 sed
3061 4701 3201 4769 quod
3255 4717 3468 4762 servus,

1930 4802 2013 4853 vel
2068 4800 2271 4853 Filius:
2334 4799 2429 4849 sed
2462 4795 2700 4861 Spiritus
2760 4793 3056 4846 secundum
3106 4789 3464 4855 signiﬁcatum

1929 4890 2089 4956 hujus
2118 4889 2350 4940 nominis
2378 4874 2610 4952 Spiritus
2637 4884 2835 4933 dicitur
2866 4880 3100 4948 Spiritus
3118 4877 3258 4941 Filii,
3281 4894 3469 4945 quein-

1928 4979 2219 5032 admodum
2254 4987 2307 5027 et
2339 4976 2527 5027 Patris.
2567 4973 2660 5025 Est
2700 4973 2862 5039 igitur
2912 4972 3193 5023 relativum
3214 5011 3226 5031 ,
3254 4981 3309 5021 et
3336 4985 3467 5021 cun-

1926 5078 2216 5137 sequcuter
2248 5065 2478 5117 refertur
2508 5064 2573 5114 ad
2608 5062 2927 5129 spirantem.
2960 5061 3052 5113 Est
3093 5061 3256 5127 igitur
3290 5061 3465 5127 Spiri—

1932 5168 2017 5211 tus
2070 5157 2245 5209 Patris
2296 5167 2352 5207 et
2437 5152 2561 5205 Filii
2608 5162 2864 5219 tanquam
2920 5167 2948 5203 a
3022 5151 3353 5216 spirantibus
3410 5160 3466 5203 et

1929 5248 2358 5318 producentibus
2412 5246 2582 5297 illum.
2620 5244 2775 5307 Quod
2839 5242 2883 5293 si
2947 5241 3067 5307 quis
3121 5240 3287 5300 dicat,
3343 5240 3467 5293 ideo

1927 5340 2129 5391 dicitur
2186 5338 2418 5405 Spiritus
2476 5332 2615 5394 Filii,
2654 5332 2776 5399 quia
2816 5345 2881 5382 ex
2926 5344 2991 5380 eo
3045 5327 3300 5388 mittitur,
3335 5327 3467 5381 falsa

1932 5428 2072 5480 ratio
2101 5438 2204 5485 εει,
2236 5442 2266 5477 e
2298 5437 2560 5478 converso
2614 5434 2845 5486 namque
2874 5416 2997 5483 quia
3051 5418 3171 5483 ejus
3199 5424 3303 5475 est,
3344 5418 3465 5467 mit-

1931 5520 2061 5571 titur
2088 5533 2151 5568 es
2184 5532 2270 5573 co.
2307 5515 2487 5581 priora
2537 5512 2680 5562 enim
2724 5516 2850 5560 sunt
2888 5522 3045 5558 causa
3079 5507 3459 5573 posteriorum.

1934 5609 2087 5660 Prius
2127 5614 2305 5657 autem
2342 5613 2421 5657 εει
2474 5599 2612 5667 quod
2662 5597 2897 5666 Spiritus
2938 5598 3006 5649 sit
3041 5596 3273 5663 Spiritus
3322 5593 3461 5660 Filii,
