4122 6326
676 228 782 291 435

1626 229 2125 291 BESSARIONlS
2160 234 2217 288 s.
2258 232 2327 293 Β.
2351 204 2422 295 Ἐ.
2464 232 2918 293 CARDINALIS

3772 227 3879 293 436

678 337 946 407 posterius
997 354 1121 393 vero
1174 340 1316 407 quod
1364 341 1610 411 mittatur
1643 324 1712 395 ab
1765 357 1853 396 eo.
1888 342 2014 396 Sive
2078 340 2223 392 enim
2254 320 2411 401 Aei‘;
2477 336 2570 391 sed
2612 338 2787 405 ipsum
2838 336 2967 392 dare
3000 337 3053 391 in
3086 334 3286 395 divinis
3329 338 3578 407 personis
3611 340 3885 411 signiﬁcat

679 429 836 483 istam
879 437 1275 497 temporaneam
1316 408 1629 486 missiondm
1662 432 1813 487 dicas
1841 430 2135 501 posterior,
2171 438 2227 481 et

679 521 880 587 absque
911 519 1074 574 dubio
1105 536 1412 590 quanquam
1464 523 1534 576 sit
1564 523 1680 592 ejus
1730 522 2002 590 Spiritus:
2058 521 2226 587 siqui-

680 612 798 666 dem
832 613 931 668 hoc
956 622 1215 669 aeternum
1258 623 1339 668 est
1374 630 1529 679 ;stve
1583 625 1846 668 aeternam
1906 612 2224 666 missionem

680 704 964 771 intelligas,
998 704 1099 757 hoc
1141 704 1305 757 etiam
1348 704 1507 757 modo
1555 712 1736 757 mente
1770 701 2252 771 praeintelligitur,“

679 793 819 859 quod
854 793 1092 861 Spiritus
1120 794 1191 846 sit
1225 793 1463 862 Spiritus
1492 791 1613 846 Filii
1642 810 1655 844 :
1683 793 1813 861 quia
1840 808 1963 847 esse
2000 792 2224 861 quidem

680 882 937 948 Spiritum
969 882 1090 936 Filii
1136 882 1399 949 Spiritum
1458 883 1763 954 intelligere
1807 890 1867 937 nt
1911 883 2135 947 habere,
2170 892 2226 936 et

678 972 889 1026 mittere
919 988 1048 1027 vero
1071 982 1129 1027 ut
1160 974 1321 1040 dare;
1356 974 1554 1028 habere
1580 987 1758 1028 autem
1794 975 2226 1044 pratintelligitnr

679 1062 829 1128 prius
859 1078 1017 1126 quam
1049 1062 1198 1117 dare.
1225 1062 1405 1129 Quare
1434 1080 1530 1133 pro
1554 1064 1713 1119 nobis
1746 1063 1860 1119 haec
1900 1065 2038 1118 ratio
2077 1065 2226 1121 facit.

678 1150 811 1214 Quia
840 1152 984 1205 enim
1017 1161 1207 1205 natura
1260 1163 1345 1207 est
1380 1154 1499 1221 ejus
1549 1152 1805 1220 Spiritus,
1850 1162 2042 1206 natura
2076 1153 2226 1206 illum

632 1232 638 1236 ’
681 1240 845 1292 mittit
874 1256 888 1293 :
922 1243 1198 1310 processio
1225 1259 1353 1296 vero
1380 1244 1642 1296 naturalis
1669 1244 1721 1295 in
1756 1243 1956 1296 divinis
1984 1258 2103 1295 cum
2137 1251 2230 1295 aut

681 1345 776 1396 per
819 1333 1257 1398 generationem,
1305 1341 1397 1385 aut
1437 1348 1533 1398 per
1585 1332 1933 1397 spirationem
1991 1333 2077 1394 sit,
2117 1331 2230 1384 haec

682 1425 862 1466 autem
897 1401 1002 1467 nbn
1033 1417 1102 1467 sit
1137 1431 1232 1483 per
1262 1417 1690 1484 generationem,
1732 1418 2060 1485 relinquitur
2086 1418 2228 1485 quod

687 1514 768 1557 est
796 1520 890 1573 per
922 1506 1294 1573 spirationem.
1327 1507 1507 1561 Missio
1538 1508 1702 1577 igitur
1729 1524 1793 1561 ex
1827 1508 1963 1579 Filio
2000 1509 2231 1577 Spiritus

681 1606 763 1649 est
783 1596 900 1665 ejus
923 1596 991 1650 ab
1030 1598 1367 1666 eospiratio.

2330 424 2471 477 idem
2519 425 2659 491 quod
2694 425 3014 494 producere.
3048 425 3464 494 Chrysostomus
3512 430 3710 481 etenim
3745 429 3881 482 illud

2327 508 2692 582 evangelicum
2722 530 3039 583 exponens:
3078 515 3239 569 Omne
3269 499 3522 583 judicium
3551 517 3690 568 dedit
3725 517 3881 580 Filio,

2327 605 2433 657 ait:
2467 604 2532 657 Et
2564 612 2621 657 ut
2648 604 2844 667 discas,
2864 604 3014 672 quod
3064 604 3215 658 dedit
3248 605 3387 658 idem
3431 618 3552 658 esse
3586 615 3753 674 atque
3796 622 3887 675 ge-

2328 694 2559 758 neravit,
2586 693 2711 747 audi
2744 694 2876 747 alias
2910 695 3281 759 auctoritates,
3320 707 3387 747 ex
3420 694 3619 762 quibus
3663 696 3763 747 hoc
3804 695 3884 747 si-

2328 783 2546 853 gnificat
2576 801 2588 837 :
2618 784 3063 849 Quemadmodum
3084 785 3236 840 enim
3277 784 3439 839 Pater
3463 787 3613 839 habet
3636 787 3793 838 vitam
3827 786 3885 838 in

2324 874 2615 940 semetipso,
2644 878 2725 929 ita
2767 878 2907 930 dedit
2939 875 3071 929 Filio
3092 877 3251 929 vitam
3282 876 3469 930 habere
3496 878 3550 929 in
3587 877 3883 943 semetipso.

2325 966 2464 1034 Quid
2499 967 2661 1036 igitur
2690 967 2865 1036 primo
2883 966 3069 1036 genuit
3121 964 3279 1031 eum,
3314 975 3371 1023 et
3421 965 3615 1021 deinde
3649 965 3799 1019 dedit
3827 964 3887 1020 ei

2326 1059 2527 1113 vitam?
2553 1074 2682 1127 ergo
2726 1060 2929 1128 absque
2962 1060 3072 1114 vita
3102 1059 3321 1128 genitus
3359 1065 3462 1113 est.
3509 1055 3616 1112 Sed
3642 1057 3748 1131 hoc
3777 1067 3885 1110 nec

2338 1149 2611 1202 daemones
2636 1149 2855 1217 quidem
2904 1150 3103 1214 dicent,
3136 1163 3246 1201 una
3273 1148 3417 1202 enim
3453 1162 3574 1201 cum
3606 1147 3889 1216 impietate

2330 1256 2519 1308 magna
2539 1241 2703 1311 etiam
2735 1242 3037 1309 ignorantia
3062 1246 3204 1294 esset
3236 1239 3338 1293 hoc
3378 1239 3580 1293 dicere.
3610 1236 3885 1302 Quemad-

2334 1332 2550 1384 modum
2571 1332 2753 1399 igitur,
2778 1331 2931 1385 Dedit
2952 1330 3002 1383 ei
3028 1331 3211 1395 vitam,
3240 1346 3339 1397 pro
3368 1344 3432 1383 eo
3465 1330 3605 1397 quod
3632 1329 3887 1398 genuerit

2330 1434 2454 1473 eum
2480 1421 2643 1482 vitam
2687 1419 3094 1488 intelligendum
3119 1427 3233 1481 est;
3284 1419 3356 1471 ita
3386 1428 3441 1471 et
3471 1418 3812 1482 illueredit
3834 1416 3887 1472 ei

2326 1504 2613 1573 judicium,
2654 1521 2751 1575 pro
2794 1520 2860 1558 eo
2915 1504 3056 1572 quod
3102 1502 3336 1571 iudicem
3376 1520 3498 1558 eum
3532 1508 3742 1574 genuit,
3794 1520 3891 1559 ca—

2333 1595 2587 1663 piendum
2620 1604 2723 1655 est.
2765 1594 3033 1649 Similiter
3075 1594 3238 1662 igitur
3272 1609 3391 1648 cum
3428 1594 3595 1648 Filius
3643 1596 3735 1648 det
3765 1594 3888 1661 Spi-

752 1687 883 1741 item
922 1686 1156 1756 Spiritus
1178 1699 1395 1744 sanctus
1436 1690 1630 1758 accipit
1673 1676 1896 1747 aFilio.
1930 1692 2032 1746 Ille
2057 1695 2224 1757 enim,
2258 1672 2302 1730 Β
2332 1682 2459 1736 τῖῑυί
2487 1682 2805 1750 Sapientiam
2830 1722 2845 1746 ν
2887 1682 3136 1749 Ρτοάυοῖι
3177 1681 3329 1734 mum
3376 1680 3728 1748 Sapientiam.
3762 1694 3889 1734 855°

680 1775 775 1837 ait,
828 1792 891 1829 ex-
916 1794 1026 1830 meo
1078 1780 1331 1848 accipiet;
1364 1782 1507 1850 quod
1538 1792 1714 1836 autem
1748 1782 1945 1851 accipit
1996 1796 2079 1839 est
2112 1784 2229 1854 ejus

678 1868 942 1933 essentia;
981 1884 1080 1923 nec
1131 1872 1275 1924 enim
1309 1880 1388 1926 est
1417 1872 1563 1926 aliud
1620 1872 1755 1938 ipse,
1804 1873 1951 1927 aliud
1996 1874 2111 1944 ejus
2140 1890 2229 1927 cs-

679 1957 870 2020 scntia,
894 1967 1037 2012 esset
1058 1960 1205 2012 enim
1236 1961 1618 2027 compositum.
1648 1962 1780 2016 Cum
1824 1963 1987 2032 igitur
2015 1979 2228 2019 smumc

678 2048 905 2114 simplex
937 2050 1028 2111 sit,
1050 2052 1336 2104 essentiam
1371 2067 1519 2104 suam
1541 2061 1731 2107 etesse
1760 2054 1955 2121 accipit
1979 2071 2043 2107 ex
2070 2054 2222 2109 Filio.

680 2132 792 2188 Hoc
826 2138 969 2189 enim
1008 2138 1155 2207 quod
1194 2139 1346 2203 dicit,
1384 2141 1464 2193 Ea:
1494 2157 1602 2195 meo
1624 2144 1867 2211 accipiet,
1907 2159 2013 2197 non
2042 2161 2229 2213 quem-

679 2227 966 2279 admodum
993 2230 1156 2295 aliqui
1192 2238 1461 2298 putantex
1488 2246 1605 2285 meo
1632 2226 1785 2286 Patre
1810 2233 2225 2301 intelligendum

676 2328 794 2383 est;
837 2322 1012 2388 primo
1037 2322 1163 2388 quia
1192 2322 1305 2375 haec
1339 2322 1545 2378 locutio
1589 2338 1762 2392 neque
1793 2322 1973 2379 Graeca
2005 2366 2017 2390 ,
2053 2342 2227 2395 neque

618 2420 621 2421 '
679 2408 864 2461 Latina
896 2419 997 2463 est.
1034 2408 1166 2462 Nam
1196 2409 1238 2462 si
1264 2424 1387 2464 cum
1419 2410 1641 2478 dicitur,
1688 2412 1767 2467 Ea:
1801 2430 1936 2478 meo,
1960 2416 2227 2484 subintel'g

678 2498 953 2565 ligendum
1017 2508 1157 2553 esset
1191 2500 1371 2561 Patre,
1429 2501 1532 2555 hoc
1580 2518 1691 2555 meo
1720 2514 1865 2558 esset
1928 2518 2227 2571 pronomen

681 2584 896 2649 generis
930 2587 1209 2639 masculini
1237 2604 1253 2650 ;
1286 2588 1466 2642 nullus
1492 2596 1671 2641 autem
1698 2590 1780 2643 vel
1838 2591 1896 2644 in
1926 2591 2229 2650 Caesar!

682 2671 734 2725 in
755 2672 943 2726 Latina
970 2674 1149 2742 lingua
1166 2676 1387 2746 edoctus
1419 2686 1510 2730 aut
1530 2679 1835 2745 masculini,
1868 2688 1962 2732 aut
1983 2679 2227 2733 feminini

679 2762 894 2830 generis
951 2779 1250 2831 pronomen
1304 2768 1534 2834 profert,
1594 2769 1701 2822 nisi
1732 2784 1858 2823 cum
1910 2768 2227 2825 additione:

681 2852 833 2906 Meus
868 2854 1058 2922 frater,
1085 2856 1169 2909 vel
1194 2854 1342 2909 Meus
1373 2859 1593 2922 amicus,
1626 2869 1720 2912 aut
1754 2858 1871 2911 Jlea
1915 2859 2118 2921 civitas,
2150 2854 2227 2913 Vel

686 2945 876 2998 domus
906 2945 1110 3001 dicens.
1146 2946 1291 3000 Meas
1326 2948 1529 3001 etenim
1555 2948 1877 3016 simpliciter
1908 2950 2112 3022 absque
2132 2950 2227 3003 ad-

680 3034 906 3099 ditione,
941 3052 1047 3089 non
1082 3039 1251 3106 magis
1287 3037 1501 3091 Patrem
1528 3077 1541 3102 ,
1578 3053 1738 3107 qnam
1792 3030 1997 3093 bustem
2061 3040 2227 3110 signi-

681 3128 824 3182 ﬁcat.
879 3115 1077 3183 Deinde
1129 3132 1194 3183 ab
1248 3130 1359 3200 ipsa
1414 3131 1711 3185 intentione
1762 3130 2057 3186 Salvatoris
2113 3134 2227 3188 inec

679 3220 820 3272 ratio
851 3236 979 3273 rana
1015 3219 1293 3288 probatur.
1324 3219 1510 3275 Omnia
1538 3221 1708 3287 enim,
1741 3223 1940 3292 inquit,
1973 3239 2225 3287 quacun-

678 3327 773 3378 que
807 3311 953 3365 habet
992 3310 1173 3373 Pater,
1208 3328 1322 3365 mea
1366 3323 1509 3367 sunt.
1538 3313 1663 3368 Ideo
1698 3300 1825 3379 diri,
1859 3330 1923 3368 ea:
1959 3331 2071 3369 meo
2094 3316 2228 3368 acci-

680 3403 886 3465 piet,‘et
934 3402 1262 3456 annuntisbt't
1293 3398 1455 3455 nabis.
1512 3404 1587 3457 Ita
1642 3414 1698 3456 ut
1743 3405 1847 3458 tale
1890 3421 1957 3459 ex
2012 3405 2081 3459 iis
2139 3407 2229 3458 liat

680 3480 1052 3559 argumentum
1090 3511 1102 3547 :
1140 3491 1379 3561 Spiritus
1412 3494 1611 3560 accipit
1655 3509 1720 3548 ex
1771 3494 1838 3549 iis
1884 3510 2005 3565 quae
2054 3495 2228 3549 Patris

680 3591 803 3633 sunt
830 3600 844 3643 ;
875 3583 1037 3649 igitur
1064 3582 1298 3651 Spiritus
1327 3585 1522 3653 accipit
1560 3598 1626 3639 ex
1675 3586 1831 3651 meis,
1876 3586 1955 3640 rel
1990 3602 2054 3641 ex
2084 3602 2225 3641 meo.

683 3672 742 3724 Et
775 3666 909 3724 cum»
938 3675 1076 3740 ipse,
1127 3683 1181 3726 et
1234 3691 1329 3729 sua
1362 3690 1527 3728 unum
1568 3685 1623 3728 et
1658 3676 1800 3729 idem
1847 3686 1975 3730 sunt
2006 3683 2229 3745 propter

678 3779 943 3817 summam
981 3763 1406 3830 simplicitatem,
1440 3763 1759 3831 accipiendo
1801 3764 1868 3818 de
1896 3763 2032 3829 suis,
2088 3766 2229 3819 acci-

680 3856 871 3924 pietex
905 3869 989 3906 eo.
1018 3854 1186 3922 llujus
1229 3860 1411 3929 autem
1455 3853 1738 3907 sententia:
1771 3863 1991 3906 sanctus
2014 3869 2228 3923 quoque

678 3944 1003 3997 Athanasius
1028 3951 1129 4004 est,
1179 3943 1249 3994 ait
1282 3942 1480 3995 etenim
1516 3959 1530 3993 :
1574 3942 1687 3995 Non
1723 3942 1869 3995 enim
1923 3941 2157 3995 Verbum
2199 3960 2227 3998 a

679 4036 882 4103 Spiritu
910 4035 1127 4102 accipit,
1179 4033 1271 4089 sed
1325 4032 1561 4101 Spiritus
1606 4049 1633 4087 a
1666 4032 1863 4089 Verbo.
1889 4031 2028 4096 Quid
2064 4033 2231 4101 igitur

677 4124 910 4191 accipiat
955 4139 984 4176 a
1044 4122 1181 4176 Filio
1229 4124 1683 4177 Considerandum
1727 4132 1831 4187 est,
1895 4132 2040 4191 patet
2085 4123 2228 4191 quod

677 4216 1000 4284 sapientiam
1048 4227 1099 4271 et
1154 4208 1435 4269 scientiam
1470 4217 1600 4293 εκεῖ
1648 4233 1757 4269 meo
1802 4218 1977 4291 enim,
2028 4216 2224 4284 inquit,

2332 1772 2541 1826 scilicet
2589 1780 2641 1824 et
2667 1770 3075 1825 subsistentiam
3098 1769 3153 1822 ei
3179 1769 3507 1835 dans,quam
3538 1768 3736 1835 accipit
3758 1783 3883 1821 cum

2332 1863 2571 1929 spiratur
2608 1860 2675 1915 ab
2696 1874 2779 1913 eo.
2804 1860 2972 1927 igitur
2994 1858 3303 1927 spirationis
3322 1856 3483 1910 etiam
3518 1856 3687 1911 Filius
3711 1870 3872 1911 causa

2327 1938 2444 2004 sive
2483 1951 2806 2020 principium
2841 1960 2943 2005 est.

2401 2041 2531 2094 item
2573 2041 2740 2095 Filius
2772 2041 2839 2095 de
2863 2056 2920 2117 se
2948 2040 3164 2109 quidem
3191 2040 3307 2109 ipso
3334 2038 3466 2092 dicit
3501 2058 3514 2091 :
3553 2038 3683 2102 Quae
3708 2038 3887 2091 audivi

2328 2150 2359 2185 (ι
2422 2132 2585 2185 Patre
2629 2148 2759 2193 meo,
2808 2133 3121 2184 ammntiavi
3147 2131 3319 2195 vobis;
3368 2130 3435 2183 de
3465 2128 3665 2206 Spiritu
3702 2144 3830 2183 vero
3863 2147 3881 2185 :

2332 2221 2452 2275 Non
2487 2224 2619 2275 enim
2651 2206 2905 2292 loquetur‘
2925 2238 2953 2273 α
2984 2221 3289 2289 semetipso,
3323 2222 3410 2273 sed
3451 2222 3763 2289 qutrcmique
3788 2235 3887 2271 au-

2328 2318 2432 2368 diet
2482 2314 2744 2382 loquetur.
2792 2312 2942 2377 Quod
2976 2312 3140 2380 igitur
3181 2312 3446 2384 signiﬁcat
3498 2312 3563 2363 de
3608 2311 3743 2363 Filio
3778 2310 3887 2364 hoc

2329 2405 2469 2472 quod
2520 2405 2668 2459 audit
2713 2419 2743 2457 a
2786 2403 2961 2465 Patre,
3009 2402 3151 2456 idem
3196 2411 3252 2455 et
3287 2402 3350 2455 de
3380 2400 3583 2470 Spiritu
3608 2401 3880 2471 significat

2332 2496 2506 2561 ipsum
2532 2494 2757 2558 audire;
2787 2493 2882 2547 sed
2914 2492 2979 2545 de
3003 2491 3139 2545 Filio
3170 2492 3344 2560 ipsum
3377 2491 3566 2545 audire
3607 2491 3877 2556 signiﬁcat

2329 2597 2449 2635 esse
2473 2598 2500 2633 ει
2529 2596 2712 2639 causa.
2750 2592 2804 2633 et
2830 2582 3005 2649 ipsum
3030 2580 3293 2646 generari.
3328 2580 3525 2631 Audire
3570 2579 3715 2631 enim
3742 2579 3875 2631 nihil

2330 2672 2474 2725 aliud
2524 2677 2630 2731 est,
2687 2670 2792 2723 nisi
2822 2670 3141 2736 sapientiam
3176 2677 3231 2720 et
3263 2668 3539 2720 scientiam
3594 2668 3867 2733 accipere.

2330 2759 2499 2813 Fdius
2525 2770 2705 2812 autem
2739 2772 2843 2811 non
2893 2758 3069 2825 primo
3117 2765 3293 2818 natus,
3325 2755 3519 2808 deinde
3570 2764 3757 2823 postea
3792 2770 3884 2809 ac-

2330 2849 2471 2918 cepit
2520 2847 2800 2901 scientiam
2845 2848 2923 2899 vel
2968 2846 3307 2915 sapientiam,
3338 2847 3430 2899 sed
3476 2857 3633 2900 natos
3667 2854 3749 2899 est
3792 2859 3884 2900 sa-

2333 2936 2565 3005 pientia;
2616 2937 2668 2988 in
2720 2935 2835 3005 ipso
2879 2936 3119 3004 generari
3167 2935 3440 3004 accipiens
3483 2934 3766 2987 scientiam
3814 2940 3874 2988 et

2328 3026 2670 3095 sapientiam,
2701 3034 2754 3079 et
2776 3034 2964 3079 caetera
2995 3026 3191 3083 omnia.
3245 3040 3361 3092 quae
3406 3024 3544 3078 idem
3596 3031 3724 3077 sunt
3756 3037 3881 3076 cum

2330 3118 2447 3187 ejus
2468 3106 2751 3172 essentia:
2780 3111 3104 3185 hanc'igitnr
3120 3115 3315 3184 accipit
3343 3130 3371 3167 a
3397 3114 3551 3167 Patre
3575 3129 3696 3169 cum
3729 3112 3881 3165 audit

2328 3210 2395 3263 ab
2424 3225 2509 3272 eo,
2541 3218 2596 3262 et
2626 3208 2811 3262 audire
2833 3208 2949 3277 ejus
2984 3208 3231 3277 generari
3271 3216 3373 3260 est.
3407 3204 3574 3273 igitur
3603 3214 3660 3258 et
3684 3203 3881 3257 audire

2328 3300 2561 3369 Spiritus
2594 3300 2767 3354 Sancti
2827 3315 2935 3353 non
2989 3298 3255 3368 signiﬁcat
3303 3297 3410 3352 nisi
3442 3297 3587 3367 quod
3638 3311 3667 3349 a
3716 3310 3879 3351 causa

2327 3397 2408 3442 est
2452 3398 2505 3441 et
2550 3388 2849 3456 spiratione
2904 3389 3039 3458 ejus.
3068 3387 3247 3454 Quare
3290 3402 3319 3441 a
3355 3401 3462 3456 quo
3486 3387 3656 3450 audit,
3695 3386 3765 3440 ab
3812 3400 3876 3439 eo

2327 3480 2487 3531 etiam
2510 3477 2793 3545 procedit:
2831 3478 2923 3532 sed
2960 3494 3069 3532 non
3097 3480 3271 3532 solum
3310 3494 3339 3532 a
3374 3480 3539 3532 Patre
3556 3478 3731 3541 audit,
3778 3477 3873 3531 sed

2327 3568 2488 3621 etiam
2518 3582 2584 3621 ex
2607 3567 2763 3632 Filio,
2791 3568 2935 3637 quod
2966 3583 3032 3621 ex
3087 3568 3217 3637 ipsis
3255 3569 3433 3623 verbis
3461 3568 3755 3624 Salvatoris
3782 3582 3881 3635 ap-

2327 3666 2498 3725 paret,
2541 3657 2631 3712 ubi
2676 3658 2811 3712 dicit
2844 3676 2859 3712 :
2898 3660 2978 3711 Ea:
3022 3675 3131 3712 meo
3171 3661 3403 3729 accipiet,
3457 3667 3505 3712 et
3544 3659 3883 3713 annuntiabit

2328 3751 2490 3802 vobis.
2547 3752 2918 3805 Annuntiandi
2978 3767 3209 3820 namque
3256 3769 3417 3808 causa
3466 3763 3549 3809 est
3617 3754 3885 3817 Spiritum

2329 3828 2547 3902 audire;
2577 3849 2631 3892 et
2660 3840 2901 3908 ejusdem
2935 3842 3286 3895 annuntiandi
3328 3844 3431 3896 hoc
3463 3858 3681 3911 quoque
3717 3856 3885 3897 causa

2329 3937 2432 3989 est,
2467 3928 2609 3996 quod
2639 3944 2703 3981 ex
2736 3930 2871 3983 Filio
2894 3932 3105 3997 accipit.
3144 3934 3321 3996 Quare
3346 3950 3410 3987 ex
3469 3934 3604 3987 Filio
3630 3936 3890 4000 accipere

2330 4022 2415 4073 vel
2443 4020 2652 4082 audire,
2686 4020 2844 4073 unius
2868 4022 3219 4090 ejusdemque
3260 4024 3356 4086 rei,
3387 4023 3638 4077 videlicet
3662 4040 3888 4077 annuu-

2332 4108 2501 4163 tlandi
2526 4124 2685 4163 causa
2709 4121 2812 4165 est.
2839 4111 3005 4179 igitur
3038 4113 3090 4164 in
3126 4112 3322 4164 divinis
3374 4112 3516 4165 idem
3559 4122 3643 4166 est
3693 4114 3891 4169 audire

2330 4210 2383 4255 et
2411 4202 2692 4269 accipere;
2732 4212 2787 4255 ct
2812 4218 2931 4254 tum
2963 4203 3205 4270 accipiat
3229 4218 3291 4256 ex
3338 4203 3494 4267 Filio,
3544 4203 3707 4270 igitur
3734 4204 3893 4257 audit

676 4309 911 4375 accipiet,
936 4318 978 4359 et
1005 4307 1337 4359 annuntiubit
1368 4308 1526 4359 vobis.
1556 4307 1894 4359 Annuntiare
1916 4306 2060 4359 cnim
2092 4306 2227 4359 nihil
2260 4303 2302 4360 Ι)
2330 4293 2492 4345 etiam
2543 4308 2608 4343 ex
2670 4306 2756 4346 θοι
2810 4293 3063 4360 Eiusdem
3092 4294 3376 4347 εθηιεηῑίω
3430 4303 3655 4346 “news
3717 4294 3888 4347 etiam

675 4400 817 4452 aliud
854 4409 955 4463 est,
981 4401 1081 4451 nisi
1112 4397 1307 4449 docere
1344 4405 1397 4447 et
1450 4396 1753 4449 illuminare
1802 4386 2091 4464 apostolos.
2117 4396 2229 4449 lioc

677 4501 855 4540 autent
883 4499 967 4541 est
994 4487 1274 4555 sapientiae
1299 4501 1434 4553 opus
1458 4502 1472 4549 ;
1495 4487 1657 4549 igitur
1680 4486 1997 4553 sapientiam
2032 4502 2060 4541 a
2093 4488 2229 4540 Filio

676 4562 875 4644 accipit
904 4576 1158 4645 Spiritus.
1202 4575 1341 4640 Quid
1390 4575 1553 4642 igitur
1584 4576 1781 4640 absque
1817 4577 2077 4643 sapientia
2120 4579 2231 4644 spi-

678 4678 825 4719 ratus
880 4667 981 4720 fuit
1025 4682 1052 4718 a
1111 4668 1286 4729 Patre,
1337 4676 1389 4717 et
1428 4665 1548 4717 ideo
1594 4666 1833 4731 oportuit
1873 4682 1996 4720 eum
2034 4682 2062 4721 a
2091 4667 2228 4721 Filio

676 4758 924 4824 excipere
964 4755 1323 4823 sapientiam?
1345 4763 1439 4806 aut
1473 4754 1618 4805 aliud
1658 4765 1739 4807 est
1763 4756 1881 4824 ejus
1907 4772 2047 4821 esse,
2079 4744 2243 4811 aliud

677 4847 979 4916 sapientia?
1006 4846 1074 4898 At
1104 4846 1215 4897 haec
1236 4843 1467 4897 absurda
1501 4851 1645 4895 sunt.
1685 4843 1827 4897 idem
1858 4848 1999 4899 enim
2035 4858 2115 4901 est
2147 4864 2230 4901 sa-

678 4938 900 5007 pientia,
954 4944 1008 4988 et
1060 4949 1178 4987 esse
1211 4935 1345 5001 ejus,
1374 4942 1431 4985 et
1473 4949 1500 4984 a
1543 4947 1650 5000 quo
1698 4935 1892 5002 accipit
1956 4950 2098 5001 esse,
2160 4937 2229 4991 ab

678 5029 870 5085 eodem
912 5025 1107 5094 accipit
1164 5022 1528 5091 sapientiam:
1574 5031 1627 5074 et
1672 5038 1793 5075 cum
1852 5024 2110 5092 spiratur,
2171 5036 2227 5079 et

680 5123 876 5191 actipit
930 5134 1051 5175 esse
1106 5126 1161 5171 et
1210 5116 1529 5176 subsistere,
1577 5114 1739 5167 etiam
1780 5117 1976 5183 accipit
2014 5118 2228 5185 sapien-

682 5214 828 5265 tiam.
861 5212 995 5265 Cum
1021 5210 1185 5275 igitur
1208 5206 1526 5275 sapientiam
1546 5219 1574 5257 a
1602 5203 1737 5257 Filio
1770 5220 1985 5271 Qquue
2014 5208 2225 5273 accipit,

683 5306 857 5371 ipsum
884 5319 1002 5358 esse
1027 5314 1080 5357 et
1106 5300 1405 5356 subsistere
1441 5296 1602 5351 simul
1634 5296 1699 5349 ab
1722 5310 1785 5349 eo
1808 5295 2004 5371 accipit
2031 5310 2045 5345 ε
2069 5296 2231 5364 igitur

682 5394 848 5447 Filius
876 5396 1035 5446 etiam
1058 5403 1142 5447 cst
1166 5392 1215 5445 ei
1251 5404 1415 5443 causa
1449 5386 1661 5441 essendi
1688 5383 2144 5454 quemadmodum
2178 5394 2231 5439 et

684 5486 861 5539 Pater.

752 5575 882 5630 Item
911 5575 953 5631 si
994 5574 1223 5646 Spiritus
1250 5575 1447 5645 accipit
1497 5590 1523 5627 a
1553 5571 1726 5639 Filio;
1759 5584 1887 5639 ergo
1926 5567 2095 5625 Filius
2144 5570 2229 5625 dat

2332 4385 2560 4437 Basilius
2591 4386 2749 4439 estin
2781 4388 2981 4453 Regula,
3007 4388 3321 4445 monastica,
3356 4385 3423 4438 de
3467 4386 3671 4451 Spiritu
3693 4398 3889 4437 sancto

2330 4476 2542 4537 dicens,
2581 4477 2723 4542 quod
2758 4477 2916 4527 (locet
2950 4486 3001 4526 et
3045 4477 3280 4542 suggerit
3327 4476 3507 4526 omnia
3544 4490 3888 4542 quaecunque

2333 4566 2485 4617 audit
2542 4580 2570 4617 a
2635 4565 2792 4625 Filio,
2827 4565 2987 4614 etiam
3028 4563 3347 4629 producitur
3372 4579 3435 4615 ex
3469 4579 3573 4626 eo;
3619 4578 3686 4616 eo
3734 4564 3889 4629 quod

2330 4658 2447 4724 ejus
2466 4656 2651 4709 audire
2686 4654 2825 4707 idem
2848 4664 2927 4705 est
2954 4654 3092 4720 quod
3122 4654 3435 4720 procedere.
3462 4666 3517 4704 ut
3548 4654 3751 4705 dictum
3775 4664 3886 4710 est.

2404 4752 2533 4802 Item
2566 4762 2684 4800 esse
2708 4746 2920 4799 Patrem
2953 4755 3045 4799 aut
3072 4759 3333 4812 generare
3376 4758 3483 4796 non
3539 4748 3783 4797 continet
3824 4747 3883 4800 in

2332 4857 2389 4895 se
2418 4840 2683 4891 rationem
2716 4835 2979 4903 spirandi,
3017 4843 3160 4887 esset
3193 4836 3394 4887 etenim
3422 4834 3658 4902 Spiritus
3687 4835 3883 4899 Filius,

2331 4932 2424 4986 sed
2470 4929 2637 4981 Filius
2666 4928 2848 4981 omnia
2876 4927 3197 5003 simpliciter
3239 4925 3419 4988 habet,
3454 4942 3569 4992 qua:
3602 4937 3653 4979 et
3696 4928 3883 4999 Pater,

2330 5036 2687 5091 praeterquam
2754 5020 2893 5087 quod
2948 5010 3185 5085 generet,
3236 5017 3317 5071 vel
3370 5017 3438 5069 sit
3500 5018 3675 5067 Pater.
3743 5019 3888 5073 Dicit

2331 5116 2474 5169 enim
2513 5120 2737 5165 sanctus
2794 5110 3029 5180 Cyrillus
3076 5111 3129 5161 in
3176 5109 3417 5164 secundo
3463 5107 3528 5159 ad
3562 5108 3883 5166 Hermiam:

2330 5204 2669 5258 Comternum
2698 5202 2971 5255 credimus
3004 5199 3197 5252 Filium
3240 5198 3404 5254 Patri.
3436 5207 3487 5248 et
3521 5198 3703 5249 omnia
3737 5213 3889 5261 quae-

2333 5311 2546 5364 cunque
2577 5294 2769 5362 :equali
2826 5307 3077 5344 mensura
3120 5290 3435 5347 habentem,
3476 5296 3670 5353 prreter
3703 5289 3886 5355 ipsum

2334 5402 2590 5455 generare
2621 5403 2633 5437 :
2659 5385 2760 5436 hoc
2787 5395 3016 5447 namque
3060 5380 3153 5431 soli
3188 5379 3295 5430 Deo
3347 5387 3399 5430 et
3434 5377 3574 5430 Patri
3605 5378 3891 5430 tribuitur.

2336 5476 2479 5529 Idem
2522 5476 2573 5528 in
2610 5488 2862 5529 sermone
2898 5471 2961 5523 de
2995 5469 3292 5521 Trinitate:
3349 5468 3403 5521 in
3436 5466 3569 5520 Filio
3605 5464 3895 5533 unigenito

2336 5582 2430 5635 per
2458 5567 2635 5621 omnia
2670 5566 2830 5619 simili
2868 5574 2916 5619 et
2946 5560 3135 5630 :rquali
3198 5560 3365 5623 Patri,
3418 5568 3613 5627 prmtcr
3649 5554 3893 5625 paterni-
