4122 6326
142 281 246 347 437
302 279 306 283 ’

1048 280 1144 341 DE
1186 276 1709 343 PROCESSIONE
1750 277 2103 339 SPIRlTUS
2142 274 2428 337 SANCTI.

3235 258 3339 321 £38

142 404 330 451 tatem.
366 390 536 448 [labet
563 391 728 461 igitur
749 393 989 461 spirandi
1028 395 1319 462 potentiam
1350 390 1682 453 Filius,cum

1804 408 1925 460 "itus
1943 407 2278 467 Filii,omnes
2295 398 2781 457 demonstrationes
2795 391 3107 447 Latinorum
3126 387 3343 457 potissi-

144 487 244 539 ltoc
281 492 476 552 praeter
508 484 768 537 rationem
807 484 1148 552 paternitatis
1199 483 1307 546 sit,
1341 482 1523 536 omnia
1555 495 1684 533 vero

142 571 317 625 Patris
349 580 543 639 praeter
574 571 981 640 paternitatem,
1030 573 1113 625 vel
1156 582 1351 639 przeter
1383 571 1489 623 vim
1526 581 1690 634 gene-

140 658 316 720 randi.
347 662 463 728 ipse
492 675 708 729 quoque
736 661 919 725 habet,
964 670 1023 712 ut
1049 662 1247 729 Cyrillo
1282 662 1477 729 placet.

211 750 343 805 Item
384 749 618 819 Spiritus
645 761 868 805 sanctus
911 750 1113 804 dicitur
1154 750 1357 803 donum
1402 759 1461 802 ut
1491 746 1685 809 Patris,

140 843 217 897 ita
252 852 307 898 et
336 842 499 896 Filii:
529 858 655 911 ergo
682 849 737 896 et
778 857 844 895 ex
874 850 1128 909 utroque.
1177 840 1519 895 Antecedens
1576 852 1689 891 om-

138 930 305 985 nibus
364 931 685 986 doctoribus
737 931 934 1000 placet,
989 945 1333 997 consequens
1389 929 1687 997 probatur:

150 1022 358 1076 donum
388 1022 590 1075 etenim
619 1032 702 1078 est
733 1023 930 1085 dantls,
960 1021 1161 1090 aliquid
1192 1036 1319 1075 vero
1340 1021 1567 1089 alicujus
1586 1027 1689 1085 est,

142 1120 242 1165 aut
286 1110 588 1163 secundum
628 1110 988 1175 identitatem,
1038 1120 1129 1165 aut
1156 1117 1213 1162 ut
1251 1110 1518 1177 posSessio
1568 1109 1688 1176 ejus

141 1200 233 1253 vel
263 1212 478 1263 servus,
508 1206 603 1253 aut
635 1200 933 1253 secundum
965 1200 1251 1268 originem,
1279 1209 1332 1251 et
1363 1214 1483 1251 cum
1516 1200 1697 1251 nullus

144 1290 431 1343 modorum
454 1288 694 1351 priorum
716 1290 1017 1352 conveniat,
1042 1304 1164 1342 cum
1185 1288 1416 1343 dicimus
1437 1286 1695 1354 Spiritum

142 1387 390 1442 sanctum
404 1379 601 1433 donum
617 1393 736 1431 esse
755 1376 898 1443 Filii,
918 1389 1079 1433 restat
1096 1389 1151 1432 ut
1167 1376 1460 1434 secundum
1483 1380 1698 1432 tertium

143 1468 368 1524 modum
390 1470 635 1540 originis,
687 1469 1172 1524 videlicetdicatur
1222 1470 1456 1537 Spiritus
1483 1479 1701 1525 sanctus

142 1556 680 1628 Filiidonutnzergo
715 1558 883 1614 Filius
932 1569 1015 1614 est
1056 1561 1172 1629 ejus
1219 1561 1368 1629 origo
1416 1570 1471 1613 et
1518 1573 1699 1614 causa.

213 1650 347 1703 Item
368 1648 663 1716 Gregorius
687 1648 963 1720 Nyssenus
994 1652 1047 1703 in
1079 1650 1301 1703 hontilia
1341 1663 1504 1719 super
1536 1650 1698 1703 Pater

142 1748 344 1804 noster,
376 1755 494 1809 quae
514 1740 726 1809 incipit,
778 1728 999 1805 Quando
1030 1742 1229 1812 Moyses
1251 1742 1497 1811 populant
1523 1740 1696 1795 Israe-

142 1831 355 1884 liticum
426 1830 496 1885 ad
556 1841 782 1885 montem
842 1834 1068 1885 discendi
1140 1849 1300 1887 causa
1372 1831 1700 1897 adducebat;

138 1919 552 1973 distinctionem
587 1908 783 1975 divinae
837 1920 1125 1975 Trinitatis
1172 1922 1431 1986 tradens,
1483 1922 1697 1975 Patrem

137 2008 368 2075 quidem
416 2008 610 2060 aFilio
669 2018 725 2061 et
781 2008 986 2076 Spiritu
1032 2018 1217 2063 sancto
1269 2010 1574 2077 distinguit,
1630 2022 1697 2063 eo

138 2093 294 2161 quod
351 2093 465 2160 ipse
512 2093 732 2161 quidem
790 2096 994 2168 absque
1047 2110 1207 2147 causa
1239 2106 1341 2157 est,
1378 2096 1467 2147 illa
1499 2108 1627 2148 vero
1666 2107 1696 2147 a

137 2197 354 2237 causa:
387 2182 581 2235 Filium
626 2197 751 2236 vero
809 2193 864 2236 et
900 2183 1164 2249 Spiritum
1193 2194 1461 2244 sanctum,
1498 2183 1696 2251 quibus

140 2285 435 2324 commune
458 2278 540 2323 est
577 2271 721 2336 quod
765 2284 794 2322 a
838 2286 998 2323 causa
1034 2270 1165 2334 sint,
1202 2270 1491 2340 distinguit
1525 2271 1591 2323 ab
1616 2271 1697 2323 in-

139 2364 349 2426 vicem,
372 2376 438 2415 eo
472 2361 614 2426 quod
637 2360 726 2413 ille
756 2360 975 2428 quidem
1009 2377 1072 2413 ex
1109 2362 1262 2414 Patre
1301 2370 1410 2424 est,
1447 2362 1537 2415 hic
1568 2354 1698 2415 vero

140 2465 209 2505 ει
232 2448 392 2503 Patre
428 2459 482 2502 et
510 2448 649 2503 Filio
678 2467 691 2502 :
739 2452 814 2502 ita
842 2452 987 2503 enim
1030 2452 1082 2503 in
1113 2438 1517 2520 antiquioribus
1550 2452 1700 2505 codi-

144 2541 312 2595 cibus
340 2540 619 2593 scribitur.
668 2538 845 2605 Quare
880 2542 1160 2595 manil‘este
1208 2543 1369 2595 etiam
1400 2543 1697 2596 secundum

143 2631 318 2683 istum
344 2628 620 2682 doctorem
653 2628 889 2697 Spiritus
916 2638 996 2682 est
1045 2645 1108 2682 ex
1141 2629 1292 2682 Filio.
1328 2630 1478 2694 Quod
1523 2630 1567 2683 si
1606 2631 1699 2699 qui

143 2718 454 2773 secundum
508 2719 881 2773 moderniores
930 2719 1098 2773 libros
1144 2720 1404 2788 Spiritum
1460 2720 1585 2775 Filii
1624 2722 1703 2775 tli-

144 2818 283 2860 cant.
325 2822 446 2861 esse
507 2809 769 2877 scriptun:
816 2826 922 2862 non
958 2824 1023 2862 ex
1059 2809 1217 2876 Filio,
1279 2827 1377 2865 nec
1408 2811 1510 2865 hoc
1542 2810 1700 2865 modo

145 2907 334 2952 tamen
364 2900 565 2968 aliquid
602 2900 722 2969 plus
780 2901 1078 2955 habebunt.
1126 2902 1270 2955 idem
1306 2903 1451 2957 enim
1483 2904 1700 2957 conclu-

1790 513 1956 562 mum,
1975 507 2030 551 et
2044 498 2247 565 absque
2261 496 2437 563 aliqua
2451 487 2879 546 COutratliClionc
2894 489 3173 536 remanent
3191 499 3201 531 :
3220 478 3340 546 q-ti-
3380 532 3383 535 _

1790 590 1890 641 bus
1908 603 2047 641 exeo
2062 589 2202 656 quod
2224 583 2681 655 Spiritusdicetur
2699 574 2934 643 Spiritus
2951 570 3258 656 Filii,etiam
3273 581 3336 617 ex

1789 674 1922 730 Filio
1938 691 2059 728 eum
2078 654 2379 743 procedere
2406 670 2655 741 probant.
2682 665 2786 718 Pcr
2812 663 2946 715 hanc
2972 656 3119 710 enim
3149 654 3335 705 [3353"!

1794 766 2188 832 expositionem
2230 762 2394 831 aliqui
2416 775 2509 815 eas
2536 766 2781 812 evertere
2820 759 3089 805 conantur
3120 754 3339 832 lim???”

1791 830 2434 909 consubstantialitatem,
2475 856 2723 916 putantes
2763 840 2867 894 dici
2898 836 3155 901 Spiritum
3191 830 3334 883 Filii.

1792 939 1942 992 Hanc
1998 940 2318 992 sententiam
2380 933 2672 1003 Gregogius
2722 930 2993 997 Nyssenus
3032 931 3090 973 ut
3145 919 3333 971 falsam

1792 1028 2078 1083 manifeste
2110 1027 2388 1095 reprobat,
2423 1008 2693 1092 accipiens
2714 1017 2842 1073 illud
2864 1026 3116 1081 tanquam
3146 1008 3339 1061 distin-

1794 1121 2020 1175 ctivuan.
2064 1118 2171 1171 Sed
2202 1131 2329 1169 cum
2377 1114 2442 1168 ad
2491 1109 2878 1165 ostendendam
2907 1100 3127 1183 quidem
3179 1096 3336 1163 hujus

1793 1206 2163 1263 conclusionis
2193 1206 2481 1259 veritatem
2507 1243 2519 1266 ,
2569 1201 2939 1269 Spiritnmquc
2988 1198 3231 1247 sanctum
3272 1202 3339 1240 ex

1798 1299 1955 1353 Patre
1986 1305 2040 1351 et
2067 1296 2205 1350 Filio
2246 1294 2538 1363 procedere
2582 1288 2947 1361 probandum,
2982 1282 3149 1336 multa
3179 1293 3342 1343 argu-

1799 1398 2019 1449 menta,-
2054 1387 2232 1440 multat
2273 1385 2643 1445 auctoritates,
2691 1378 2871 1434 multae
2927 1375 3161 1428 rationes
3212 1368 3341 1429 sint,

1800 1480 1931 1532 satis
1966 1486 2145 1529 tamen
2176 1489 2241 1529 ex
2268 1472 2542 1543 prmdictis
2568 1471 2665 1525 tibi
2702 1477 2830 1538 puto
2854 1466 3066 1519 fecisse.
3106 1471 3112 1476 '

1803 1584 2098 1640 Soiutiones
2132 1584 2622 1644 inrouveuientium,
2648 1596 2762 1649 qua:
2797 1595 2827 1631 a
2858 1577 3048 1649 Crtecis
3078 1587 3346 1640 opponun-

1978 1664 2060 1707 tur
2088 1653 2289 1707 Latinis
2322 1662 2369 1704 et
2400 1654 2595 1706 caeteris
2632 1645 2762 1703 recte
2790 1645 3145 1711 sentientibus.

1868 1743 2001 1798 Cum
2051 1758 2179 1795 vero
2229 1736 2970 1809 qumdam,inConvcnientia
3024 1733 3202 1793 nobis,
3255 1729 3350 1797 qui
3431 1778 3433 1785 .

1799 1836 2082 1889 veritatem
2110 1819 2455 1896 conﬁtemur,
2477 1830 2544 1882 ab
2574 1830 2680 1882 illis
2711 1828 3041 1882 inferuntur.
3101 1822 3216 1887 qui,
3251 1834 3352 1872 nec

1798 1924 1929 1991 quid
1979 1923 2181 1982 dicant,
2217 1922 2418 1982 sciunt,
2472 1933 2577 1970 nec
2608 1918 2672 1970 de
2718 1915 2915 1983 quibus
2945 1918 3215 1969 asserunt,
3260 1908 3350 1958 illa

1798 2011 2039 2079 quidem,
2088 2024 2210 2077 qua:
2258 2017 2449 2062 contra
2485 2014 2801 2073 argumenta
2840 2000 3121 2070 probantia
3156 1996 3351 2048 verita-

1799 2108 1905 2153 tem
1939 2106 2315 2165 opponuntur,
2366 2097 2419 2149 in
2458 2096 2703 2163 ipsismet
2749 2090 3082 2159 argumentis
3117 2088 3352 2139 breviter

1798 2187 2077 2249 solvimus,
2110 2195 2171 2240 ut
2192 2186 2395 2239 vidisti.
2432 2184 2635 2237 Eorum
2661 2198 2809 2242 vero,
2843 2195 2964 2248 qua:
2990 2185 3179 2231 contra
3203 2176 3349 2243 ipsa-

1799 2288 1911 2332 met
1950 2276 2357 2331 conclusionem
2409 2274 2751 2332 inferuntur,
2783 2271 2985 2337 eligens
3028 2268 3262 2335 potiora.
3297 2274 3352 2317 et

1799 2384 1919 2436 qtne
1973 2366 2145 2435 magis
2192 2365 2509 2419 verisimilia
2556 2362 2849 2424 videntur,
2899 2359 3197 2414 solutiones
3252 2371 3349 2423 pro

1799 2473 1979 2528 posse,
2026 2446 2223 2526 paucis.
2249 2463 2304 2508 et
2344 2452 2679 2507 sullicienter
2724 2451 2811 2503 hic
2852 2451 3082 2503 inseram
3117 2464 3130 2511 ;
3165 2458 3223 2499 ut
3255 2446 3347 2498 tibi

1799 2548 1971 2603 oratio
2024 2546 2150 2608 ista,
2190 2560 2351 2614 quain
2398 2543 2513 2596 fieri
2554 2550 2752 2609 potest,
2786 2539 3047 2607 completa
3078 2537 3167 2599 sit,
3200 2544 3263 2587 ct
3286 2534 3349 2584 ad

1801 2640 1981 2691 omnia
2042 2616 2702 2698 suﬁiciens.-Qttattquattt
2753 2629 2865 2681 inec
2916 2623 3353 2679 inconvenientia

1802 2744 1908 2783 non
1940 2735 2126 2781 contra
2174 2740 2279 2789 nos
2308 2723 2638 2783 inferuntur,
2684 2734 2782 2773 nec
2825 2733 2920 2770 nos
2953 2728 3203 2780 tenemur
3236 2713 3354 2765 red-

1802 2821 1930 2874 dere
1984 2818 2246 2870 rationem
2280 2835 2293 2870 :
2324 2816 2417 2867 sed
2466 2822 2655 2867 contra
2697 2818 2916 2864 sanctos
2958 2808 3231 2865 doctores,
3262 2804 3355 2873 qui

1804 2914 1959 2968 nobis
1984 2912 2150 2980 bujus
2182 2909 2455 2978 dogmatis
2516 2908 2787 2976 ltujusque
2822 2902 3187 2959 conclusionis
3212 2903 3358 2969 prin-

143 2991 317 3044 detur
348 2992 510 3044 etiam
541 3006 605 3045 ev
638 2991 762 3044 boc.
791 2994 941 3046 Patet
964 3008 1196 3061 namque
1243 2995 1385 3063 quod
1418 3010 1539 3049 eum
1565 2995 1700 3051 Filio

1804 3005 1949 3071 cipes
1994 3012 2048 3056 et
2096 3012 2348 3055 auctores
2407 2999 2670 3062 fuerunt;
2712 3004 2767 3049 et
2809 3010 2916 3048 non
2966 2993 3140 3048 solum
3171 3000 3357 3046 contra

146 3092 203 3136 et
268 3082 495 3149 Spiritui
533 3092 719 3136 sancto
770 3096 1057 3137 commune
1103 3086 1175 3137 sit
1230 3085 1550 3154 principiata
1584 3101 1704 3141 esse

150 3174 420 3240 (diximus
451 3174 657 3243 pluries
687 3173 958 3240 quomodo
993 3176 1219 3243 capiunt
1241 3179 1410 3228 sancti
1444 3179 1703 3231 doctores

150 3266 332 3319 Graeci
359 3276 656 3325 causatum,
688 3274 739 3316 et
781 3264 1159 3331 principiatum
1216 3265 1269 3316 in
1329 3266 1526 3317 divinis
1560 3266 1707 3317 vid:-

152 3356 294 3409 licet
323 3370 418 3421 pro
446 3370 533 3416 eo,
563 3353 707 3421 quod
747 3363 827 3406 est
853 3369 881 3404 a
913 3352 1179 3420 principio
1213 3352 1327 3404 sive
1355 3360 1533 3405 creata
1560 3354 1703 3411 esse)

152 3444 359 3513 quaerit
409 3442 679 3510 quomodo
716 3441 1178 3507 distinguerentur
1236 3439 1303 3491 ab
1352 3439 1607 3502 invicem,
1652 3449 1707 3493 et

154 3535 382 3597 asserit,
430 3533 572 3601 quod
605 3545 911 3597 quanquam
959 3544 1244 3580 cmmnune
1298 3530 1532 3582 habeant
1583 3528 1706 3593 hoc,

151 3625 307 3695 quod
340 3625 496 3676 ambo
546 3624 654 3675 sint
706 3632 923 3673 causata
975 3620 1084 3672 sive
1140 3607 1488 3687 principium,
1529 3632 1707 3674 tamen

154 3716 337 3771 Filius
368 3726 431 3763 ex
463 3710 621 3763 Patre
650 3707 870 3771 dicitur,
906 3716 962 3759 et
1000 3706 1139 3758 ultra
1174 3723 1277 3760 non
1312 3709 1561 3776 procedit
1593 3710 1709 3777 ejus

155 3806 487 3877 prOprielas,
521 3802 755 3869 Spiritus
773 3815 900 3853 Vero
933 3809 988 3853 et
1016 3815 1083 3854 ex
1110 3800 1266 3853 Patre
1293 3800 1491 3853 dicitur
1521 3812 1575 3854 et
1606 3818 1709 3855 una

153 3916 290 3954 cum
316 3900 416 3951 ltoc
445 3897 605 3949 etiam
625 3893 743 3947 Filii
772 3908 892 3948 esse
927 3893 1712 3963 testanturScripturze.Quare

156 3991 406 4063 Spiritus
437 3989 636 4043 Clu-isti
669 4004 883 4058 quoque
933 3988 1173 4057 Spiritus
1225 3999 1329 4052 est,
1370 3989 1540 4043 Filius
1584 4004 1712 4043 vero

155 4101 262 4140 nec
327 4092 411 4135 est
461 4082 715 4149 Spiritus,
769 4097 869 4135 nec
908 4081 1129 4134 dicitur.
1165 4079 1230 4132 Et
1282 4081 1384 4135 ltoc
1420 4088 1571 4149 putat
1624 4080 1713 4133 hic

153 4184 389 4232 sanctus
427 4178 616 4228 doctor
640 4173 770 4228 satis
800 4154 919 4226 esse
966 4173 1031 4224 ad
1060 4172 1524 4239 distinguendum,
1566 4171 1710 4239 quod

154 4268 407 4337 Spiritus
461 4267 673 4319 dicatur
719 4264 953 4332 Spiritus
1003 4263 1144 4327 Filii,
1204 4262 1373 4315 Filius
1435 4278 1563 4316 vero
1603 4277 1712 4314 non

1810 3092 2195 3153 occidentales,
2219 3090 2313 3158 qui
2342 3090 2680 3157 apertissime
2706 3087 2904 3140 docent
2923 3084 3352 3142 conclusionem,

1805 3181 1901 3234 sed
1948 3194 2055 3231 non
2089 3177 2271 3231 minus
2300 3186 2487 3230 contra
2536 3174 2851 3229 orientales.
2892 3174 2971 3225 Ab
3010 3171 3144 3239 ipsis
3190 3164 3361 3237 igitur

1806 3271 1968 3322 etiam
1999 3268 2300 3321 solutiones
2322 3266 2626 3334 quaerendae
2652 3273 2799 3324 sunt,
2828 3278 2932 3315 non
2958 3277 2984 3314 a
3016 3261 3189 3321 nobis,
3216 3258 3357 3325 quod

1806 3367 1860 3411 et
1906 3357 2176 3420 fecerunt,
2226 3356 2430 3423 Spiritu
2460 3363 2646 3407 sancto
2678 3351 3009 3420 praevidente
3053 3363 3241 3400 omnes
3278 3348 3356 3396 in-

1808 3457 2148 3501 surreeturas
2193 3448 2445 3499 hereses.
2503 3444 2751 3495 Attamen
2801 3455 2901 3492 nos
2935 3439 3097 3492 ctiam
3134 3437 3202 3488 ab
3252 3435 3357 3487 illis

1810 3535 2120 3597 illuminati,
2161 3543 2216 3586 et
2244 3534 2312 3587 ab
2342 3535 2463 3586 aliis
2492 3532 2625 3585 viris
2663 3531 2859 3593 beatis,
2893 3530 2985 3596 qui
3022 3522 3355 3594 amplissima

1810 3628 1875 3680 de
1911 3629 2009 3679 hac
2047 3641 2103 3679 re
2134 3640 2298 3693 opera
2338 3639 2433 3677 sua
2468 3623 2624 3677 nobis
2659 3624 3014 3690 reliquerunt.
3045 3620 3109 3671 ad
3142 3634 3203 3671 ea
3236 3632 3359 3670 nos-

1813 3717 2068 3785 metipsos
2095 3730 2451 3783 opponemus.
2495 3714 2691 3767 Putant
2731 3714 2894 3781 igitur
2936 3711 3146 3764 Patrem
3184 3718 3234 3761 et
3274 3708 3359 3759 lii-

1809 3802 1942 3863 lium
1989 3817 2080 3860 aut
2127 3807 2179 3860 in
2223 3820 2381 3860 unam
2418 3804 2679 3858 contundi
2726 3816 3037 3871 personam,
3072 3802 3114 3854 si
3141 3801 3260 3866 quis
3292 3813 3355 3849 ex
3400 3870 3403 3871 ν

1814 3908 2047 3965 utroque
2106 3896 2402 3965 procedere
2444 3895 2705 3964 Spiritum
2758 3902 3001 3945 sanctum
3051 3890 3212 3953 dicat,
3267 3898 3362 3939 aut

1815 3993 1949 4047 duas
1993 4006 2186 4044 causas
2251 3990 2466 4056 duoque
2522 3987 2783 4056 principia
2833 3998 3055 4037 necesse
3100 3997 3218 4034 esse
3266 3994 3356 4046 po—

1814 4099 1983 4145 nere;
2031 4088 2323 4146 utrumque
2366 4093 2497 4130 vero
2542 4078 2732 4129 horum
2777 4073 3223 4128 absurdissimum
3258 4082 3358 4122 est.

1814 4172 1923 4225 Nos
1957 4184 2086 4221 vero
2118 4167 2184 4220 ad
2210 4167 2585 4220 confusionem
2611 4167 2828 4231 quidem
2866 4179 3215 4231 personarum
3250 4162 3363 4212 iure

1816 4259 2071 4318 dicimus,
2131 4256 2273 4325 quod
2309 4256 2354 4307 si
2384 4254 2752 4322 operationem
2782 4252 3025 4319 Spirandi
3055 4250 3361 4323 constituti-

156 4362 388 4416 dicatur
412 4358 578 4411 Filius
612 4357 875 4424 Spiritus.
913 4355 968 4407 Si
1007 4354 1171 4421 igitur
1197 4354 1338 4420 quod
1369 4352 1604 4419 Spiritus
1635 4354 1714 4405 di-
1746 4344 1790 4405 li
1822 4366 1939 4403 vam
1972 4362 2211 4416 personae
2244 4356 2479 4415 paterna:
2500 4358 2849 4412 poneremus,
2885 4354 3012 4396 tunc
3042 4354 3360 4409 sequeretur

155 4462 322 4508 catur
358 4449 593 4517 Spiritus
618 4446 762 4506 Filii,
793 4444 1079 4512 distinguit
1103 4445 1252 4496 illum
1276 4458 1305 4494 a
1337 4442 1715 4509 Filiogsecun-

157 4544 298 4596 dum
335 4548 513 4593 autem
550 4546 765 4590 nostros
810 4535 884 4587 nil
913 4533 1057 4587 aliud
1095 4534 1245 4587 illum
1273 4547 1300 4585 a
1342 4531 1477 4586 Filio
1524 4532 1717 4585 distin—

157 4634 308 4701 guit,
340 4630 442 4682 nisi
472 4628 719 4681 diversus
754 4624 1120 4694 processionis
1144 4623 1337 4678 modus
1362 4624 1535 4692 ipsum
1569 4622 1719 4677 vide-

158 4726 298 4779 licet
350 4719 567 4787 spirari.
622 4717 772 4769 Idem
822 4731 951 4785 ergo
1000 4724 1082 4769 est
1132 4714 1393 4782 Spiritum
1436 4722 1571 4768 esse"
1598 4713 1717 4765 Filii

161 4815 459 4883 Spiritum.
517 4818 679 4878 atque
728 4822 795 4861 ex
850 4806 988 4861 Filio
1038 4804 1353 4875 procedere.
1385 4806 1551 4874 Cujus
1592 4819 1719 4872 ergo

161 4890 378 4960 dicitur
408 4900 664 4971 Spiritus,
693 4915 759 4953 ex
786 4914 853 4953 eo
874 4894 1043 4953 etiam
1069 4897 1314 4967 procedit
1349 4910 1361 4948 :
1394 4895 1595 4949 dicitur
1623 4909 1722 4947 au—

167 5006 280 5050 tem
329 4993 452 5046 Filii
482 4992 719 5061 Spiritus
752 4999 1005 5059 tanquam
1038 5000 1093 5043 et
1128 4988 1331 5053 Patris;
1366 4987 1528 5055 igitur
1557 4985 1720 5039 etiam

163 5100 233 5138 ex
287 5082 429 5135 Filio
453 5079 908 5149 quemadmodum
949 5095 1014 5133 ex
1062 5080 1217 5132 Patre
1244 5079 1507 5147 procedit.
1540 5076 1603 5131 Et
1630 5091 1726 5129 no-

169 5174 403 5229 tandum
445 5172 588 5246 quod
625 5186 760 5225 vana
805 5179 891 5224 est
922 5168 1283 5239 quorumdam
1325 5169 1593 5236 expositio
1645 5167 1725 5219 di-

168 5265 417 5318 centium
448 5268 669 5327 propter
687 5260 1307 5313 consubstantialitatem
1329 5259 1435 5312 dici
1463 5257 1723 5325 Spiritum

168 5352 299 5409 Filii
320 5346 615 5417 Spiritum:
635 5361 754 5399 cum
781 5349 869 5402 hic
887 5359 1105 5402 sanctus
1126 5348 1311 5402 doctor
1337 5357 1589 5413 tanquam
1613 5342 1727 5396 dis-

173 5440 472 5499 tinctivum
526 5437 627 5489 hoc
669 5437 915 5503 accipiat.
942 5438 1068 5501 Quae
1092 5453 1220 5491 vero
1252 5447 1467 5504 pr0pter
1493 5435 1726 5487 consub-

173 5530 594 5589 stantialitatem
620 5525 897 5589 dicuntur,
921 5528 1139 5586 uniunt,
1165 5541 1269 5578 non
1290 5526 1646 5592 distinguunt.
1669 5524 1725 5577 Si

175 5626 355 5695 igitur
383 5636 490 5677 non
518 5625 733 5691 propter
747 5616 1357 5673 consubstantialitatetn
1390 5616 1581 5672 dicitur
1605 5615 1722 5685 Spi-

1817 4441 1920 4493 ltoc
1964 4438 2369 4499 inconveniens,
2420 4446 2475 4489 ut
2521 4434 2689 4489 Filius
2731 4444 2877 4489 esset
2910 4450 3013 4488 una
3060 4434 3357 4501 eademque

1820 4544 2044 4598 persona
2076 4543 2200 4582 cum
2223 4529 2403 4596 Patre.
2452 4527 2587 4582 Cum
2615 4543 2743 4580 vero
2767 4527 3113 4581 constitutiva
3141 4527 3355 4593 quidem

1818 4620 2113 4688 paternalis
2160 4633 2403 4687 persona:
2456 4618 2771 4685 paternitas,
2804 4627 2857 4671 et
2892 4618 3065 4683 ipsum
3101 4630 3359 4683 generare
3444 4646 3451 4655 ι

1818 4710 2103 4778 probatum
2149 4709 2333 4771 fuerit,
2366 4710 2573 4775 spirare
2615 4722 2741 4759 vero
2775 4706 3071 4772 proprietas
3114 4707 3353 4771 ([U‘Jﬁlinltl

1819 4819 2051 4871 sequens
2081 4803 2199 4870 ejus
2230 4815 2512 4868 persmtam
2549 4799 2655 4865 jam
2688 4797 3027 4851 constitutam
3058 4814 3071 4858 ;
3117 4810 3212 4847 cur
3247 4795 3359 4852 illo,

1821 4895 1906 4947 cui
1941 4891 2239 4947 communis
2270 4898 2349 4942 est
2377 4903 2499 4939 cum
2532 4888 2683 4939 Patre
2717 4901 2822 4938 non
2857 4887 3203 4939 constitutiva
3240 4902 3355 4952 pri)—

1824 4987 2043 5056 prietas,
2078 4995 2183 5032 una
2230 4982 2526 5047 eademque
2582 4992 2810 5046 persona
2859 4994 2980 5030 eum
3031 4979 3146 5045 ipso
3188 4982 3355 5054 esset?

1823 5072 2283 5140 Quemadmodum
2316 5071 2461 5125 enim
2500 5084 2786 5124 commune
2816 5068 3022 5124 habens
3050 5068 3216 5123 Filius
3242 5050 3356 5123 cuto

1823 5167 2001 5224 Patre,
2048 5161 2193 5228 quod
2243 5161 2477 5228 Spiritus
2506 5162 2719 5214 dicatur
2760 5159 2994 5229 Spiritus
3037 5163 3172 5228 ejus,
3209 5170 3359 5225 prout

1822 5253 2018 5317 Patris,
2081 5254 2205 5306 item
2242 5254 2385 5322 quod
2438 5253 2507 5306 ab
2540 5266 2605 5305 eo
2642 5256 2886 5308 mittatur
2932 5260 3089 5317 prout
3126 5265 3152 5300 a
3189 5250 3360 5306 Patre.

1830 5352 2004 5396 tamen
2044 5360 2150 5396 non
2180 5356 2262 5398 est
2288 5346 2471 5396 eadem
2502 5360 2728 5412 persona
2757 5358 2877 5397 cum
2910 5342 3083 5402 Patre,
3120 5354 3185 5391 eo
3219 5354 3352 5407 quod

1829 5451 1932 5489 non
1966 5444 2049 5489 est
2085 5437 2515 5496 constitutivum,
2553 5450 2649 5490 nec
2701 5434 2840 5500 quod
2890 5431 3121 5499 Spiritus
3152 5430 3355 5484 dicatur

1832 5526 2063 5596 Spiritus
2090 5528 2281 5587 Patris,
2303 5542 2402 5578 nec
2429 5525 2568 5593 quod
2598 5541 2623 5575 a
2656 5524 2807 5576 Patre
2841 5524 3102 5576 mittatur.
3127 5525 3256 5577 Item
3286 5534 3348 5579 et

1832 5620 1875 5675 si
1899 5634 2182 5675 commune
2218 5618 2405 5673 liabcat
2432 5629 2551 5671 cum
2582 5616 2734 5670 Patre
2767 5614 3003 5685 Spirandi
3052 5617 3340 5685 potentiam
