4122 6326
693 258 803 322 £39

1657 280 2156 344 BESSARIONIS
2186 285 2243 345 S.
2278 284 2351 346 Β.
2391 287 2459 346 Ε.
2486 288 2942 353 (ΖᾹΠΒῘΝΑῙᾸΞ

3804 297 3919 363 ιω

699 412 807 450 non
856 396 976 450 ideo
1017 399 1066 450 in
1111 403 1352 457 eamdem
1387 422 1507 461 cum
1551 427 1616 463 eo
1662 414 2015 467 confunditur
2042 428 2231 478 perso.
2259 396 2311 451 Α
2339 398 2561 449 “ﬁliam
2590 415 2605 462 ς
2640 398 2683 451 εί
2711 401 2855 463 enim
2882 402 3040 455 Ρδίθΐ
3066 417 3173 454 ηοη
3209 413 3371 469 θεεεῑ»
3399 405 3568 462 Filius
3597 417 3653 464 ει
3676 407 3915 478 39muls

699 501 839 539 nam.
901 505 1021 541 cum
1078 493 1284 554 Spirare
1344 514 1448 551 non
1528 504 1598 555 sit
1652 509 1943 570 paternalis
2005 523 2252 573 persona:

698 572 1124 635 mastitntivum.
1179 588 1353 650 Quare
1422 592 1595 645 donec
1653 609 1757 651 non
1829 572 2086 662 probetur
2142 602 2253 667 spi-

702 672 849 722 randi
923 676 1215 741 potentiam
1280 684 1573 745 paternalis
1641 702 1887 751 persona:
1943 694 2252 749 constituti-

699 774 817 810 vam
873 778 1030 826 ese,
1090 782 1192 819 nec
1235 769 1481 823 confusio
1540 788 1888 838 personarum
1947 780 2069 833 inde
2128 798 2251 847 pro-

700 850 813 904 bari
872 854 1088 918 poterit.
1130 854 1234 908 Sed
1274 860 1534 925 ,Spirandi
1595 866 1835 930 potentia
1900 871 2248 925 constitutiva

696 956 835 1005 esse,
879 945 1091 1009 prubari
1142 962 1246 999 non
1296 959 1473 1016 potest
1522 970 1535 1003 :
1586 968 1705 1005 eum
1752 958 1876 1023 quia
1930 973 2250 1027 sequeretur

696 1035 835 1096 quo?
880 1033 1036 1087 Pater
1076 1036 1299 1091 haberet
1326 1040 1459 1093 duas
1522 1059 1779 1108 personas
1823 1059 1877 1101 et
1913 1050 2048 1104 duas
2082 1052 2250 1121 hypo-

696 1134 887 1179 s'tases.
934 1141 990 1180 ut
1032 1130 1083 1182 in
1122 1133 1389 1199 principio
1433 1138 1713 1200 probatum
1760 1152 1863 1201 est,
1918 1143 2021 1197 hoc
2068 1157 2249 1201 autem

696 1211 1085 1274 inconveniens
1109 1237 1123 1271 τ
1149 1229 1259 1272 tum
1290 1221 1415 1288 quia
1447 1223 1559 1277 Inec
1592 1228 1778 1292 petitio
1802 1230 2051 1298 principii
2080 1246 2246 1290 esset.

698 1302 903 1359 Ponere
952 1320 1183 1375 namque
1237 1314 1532 1378 potentiam
1569 1316 1811 1379 Spirandi
1847 1322 2246 1379 constitutivam

694 1409 814 1447 esse
854 1411 1098 1475 persona:
1141 1400 1333 1460 Patris,
1388 1412 1442 1453 et
1485 1418 1549 1455 ex
1582 1404 1742 1459 Patre
1778 1409 1949 1463 solum
1986 1411 2246 1481 Spiritum

698 1488 1017 1550 procedere,
1050 1503 1218 1539 unum
1242 1498 1296 1542 et
1326 1490 1465 1542 idem
1502 1503 1603 1545 est.
1636 1495 1813 1558 Quare
1837 1498 1924 1564 qui
1958 1499 2060 1553 Itoe
2093 1502 2247 1569 dicit,

700 1574 834 1637 petit
886 1575 1233 1659 principium.
1272 1579 1405 1632 Cum
1456 1594 1637 1636 autem
1684 1585 1785 1639 hoc
1821 1602 1927 1640 non
1966 1591 2244 1658 probetur,

699 1678 799 1715 nec
830 1664 1080 1719 coofusio
1120 1672 1469 1735 personarum
1505 1675 1769 1740 sequitur,
1807 1694 2111 1748 quanquam
2136 1686 2248 1737 sint

700 1754 792 1822 qui
840 1755 1084 1810 credant.
1144 1757 1351 1811 Dictum
1406 1775 1489 1815 est
1528 1775 1703 1817 autem
1762 1767 1814 1820 in
1873 1773 2248 1835 superioribus

700 1861 944 1913 quaenam
993 1863 1178 1914 eorum
1216 1866 1334 1917 qua:
1380 1852 1444 1905 de
1498 1854 1606 1907 Deo
1630 1856 1915 1923 dicuntur,
1946 1863 2255 1917 communia

700 1949 822 1990 sant
854 1957 866 2001 ;
895 1955 1011 2003 qum
1041 1942 1281 2007 propria,
1307 1951 1360 1994 et
1395 1949 1740 2011 propriorum
1768 1966 2014 2016 quaenam
2044 1951 2257 2007 duabus

700 2031 946 2094 personis
990 2033 1249 2098 propria‘;
1287 2052 1406 2101 qlia:
1443 2053 1569 2089 vero
1608 2040 1697 2091 uni
1748 2042 1869 2101 soli,
1915 2057 2104 2095 eorum
2138 2059 2257 2111 qum

702 2116 792 2165 uni
822 2116 919 2167 Sitll
947 2134 959 2180 ;
984 2134 1232 2185 quamam
1258 2121 1329 2173 ita
1356 2125 1573 2191 prOpria
1598 2135 1741 2190 sunt,
1770 2135 1825 2179 ut
1878 2136 1930 2179 et
1952 2130 2257 2194 personalia

701 2204 817 2258 sive
848 2208 1180 2276 bypostatica
1214 2211 1360 2276 sint;
1388 2229 1507 2281 qua:
1538 2230 1665 2267 vero
1698 2216 1766 2268 ita
1800 2219 2038 2285 propria,
2073 2227 2133 2272 ut
2160 2235 2258 2272 no-

703 2296 883 2351 tiones
931 2314 1036 2351 non
1081 2308 1139 2352 ut
1186 2300 1557 2371 bypostatica;
1607 2307 1763 2373 quale
1816 2308 1991 2375 ipsum
2042 2325 2256 2378 quoque

703 2387 912 2451 spirare
960 2389 1163 2444 dictum
1218 2402 1301 2445 est
1348 2408 1487 2448 esse.
1527 2394 1694 2464 Igitur
1723 2412 1787 2449 ex
1835 2397 1901 2451 iis
1948 2414 2069 2467 qua:
2112 2415 2258 2455 nunc

707 2478 851 2530 dicta
882 2491 1030 2540 sunt,
1070 2490 1127 2533 et
1162 2496 1228 2535 ex
1261 2483 1327 2536 iis
1364 2499 1483 2552 quae
1515 2485 1566 2537 in
1612 2487 1984 2554 superioribus
2018 2504 2256 2558 prmsup—

704 2569 877 2633 posita
910 2568 1147 2631 fuerunt,
1185 2558 1347 2641 hujus
1380 2573 1811 2629 inconvenientia
1841 2577 2042 2630 solutio
2081 2587 2250 2645 patet.

704 2653 815 2710 Nec
846 2658 1005 2711 habet
1025 2659 1287 2727 quispiam
1314 2664 1544 2728 amplius
1571 2678 1827 2718 accusare
1848 2665 2092 2727 Latinos,
2114 2670 2258 2733 quod

702 2743 1077 2798 confusionem
1128 2747 1474 2801 introducunt
1518 2765 1889 2816 personarum.
1940 2752 2013 2804 De
2040 2752 2254 2804 duabus

706 2846 837 2883 vero
866 2835 1062 2893 causis,
1098 2834 1210 2888 slve
1240 2836 1449 2888 duobus
1480 2838 1777 2904 principiis.
1808 2854 1926 2905 qua:
1955 2841 2007 2892 in
2046 2841 2254 2894 theolo-

706 2921 739 2974 Β
765 2936 848 2972 am
879 2920 1053 2974 Latini
1088 2924 1434 2976 introducere
1464 2926 1684 2991 quidam
1710 2937 2013 2993 autumant,
2042 2930 2255 2999 hucque

2354 498 2705 551 sarrctus‘nee
2733 491 2951 544 creandi
2984 492 3608 560 potentiam'haberent,
3655 514 3759 553 nec
3794 515 3916 554 om-

2353 575 2482 630 nino
2504 590 2707 642 essent,
2754 580 2881 635 item
2908 582 3164 649 quoniam
3192 598 3296 636 una
3331 592 3388 637 et
3436 587 3628 641 eadem
3659 604 3916 648 numero.

2356 676 2409 717 et
2454 670 2730 721 communi
2777 670 3081 737 divinitate,
3132 674 3245 727 sive
3278 673 3459 728 divina
3506 678 3742 731 essentia
3781 692 3918 747 pro-

2352 754 2552 812 deunte
2572 773 2590 810 :
2624 758 2745 811 ideo
2768 760 2959 813 merito
2984 776 3121 815 unus
3138 762 3279 815 Deus
3294 769 3350 817 et
3367 778 3505 816 unus
3522 762 3747 818 Creator
3761 775 3914 821 sunt.

2421 845 2551 901 Item
2597 861 2851 913 quoniam
2890 863 2993 901 una
3052 859 3109 904 et
3147 851 3338 904 eadem
3385 866 3615 905 numero
3660 856 3907 921 potentia

2349 942 2467 986 erat
2496 949 2619 988 cum
2648 935 2803 987 Patre
2834 954 2847 999 ;
2880 934 3065 990 Filius
3105 947 3158 991 et
3191 938 3430 1007 Spiritus
3458 949 3678 995 sanctus
3704 956 3770 995 ex
3801 957 3915 997 una

2351 1032 2405 1075 et
2433 1022 2629 1076 eadem
2664 1038 2892 1077 numero
2921 1035 2981 1077 et
3007 1027 3299 1081 communi
3342 1028 3651 1095 divinitate,
3682 1031 3797 1084 sive
3827 1030 3918 1086 di-

2350 1101 2472 1165 vina
2513 1114 2748 1168 essentia
2782 1115 3086 1182 prodeunte
3118 1132 3135 1170 :
3167 1116 3290 1170 ideo
3337 1119 3533 1172 merito
3562 1135 3702 1174 unus
3744 1120 3916 1186 Deus,

2348 1211 2403 1254 et
2435 1217 2571 1255 unus
2607 1202 2832 1257 Creator
2859 1217 3009 1259 sunt.
3050 1206 3162 1261 Hoc
3195 1208 3337 1261 idem
3380 1210 3548 1279 igitur
3584 1210 3651 1265 de
3695 1225 3920 1280 proces-

2348 1291 2501 1346 sione
2530 1292 2763 1373 Spiritus
2788 1310 2853 1349 ex
2900 1297 3061 1351 Patre
3123 1308 3179 1352 et
3224 1298 3362 1353 Filio
3397 1301 3673 1356 suﬁiciens
3706 1302 3778 1356 sit
3805 1302 3922 1357 illis
3981 1335 3998 1345 -

2349 1382 2440 1449 qui
2484 1385 2548 1438 de
2578 1385 2681 1439 hoc
2708 1396 2974 1453 quaerunt.
3008 1387 3276 1452 Quoniam
3303 1389 3507 1444 etenim
3548 1406 3679 1455 una,
3728 1399 3787 1447 et
3822 1407 3922 1447 ea-

2350 1470 2471 1524 dem
2507 1474 2757 1541 spirandi
2784 1476 3024 1542 potentia
3070 1491 3137 1529 ex
3190 1492 3299 1530 una
3342 1487 3397 1531 et
3443 1480 3634 1533 eadem
3660 1480 3921 1535 essentia

2350 1565 2654 1634 prodeunte
2708 1563 2869 1618 Pater
2907 1568 2967 1620 'et
3010 1564 3179 1621 Filius
3209 1566 3473 1633 Spiritum
3521 1581 3768 1625 sanctum
3804 1571 3924 1641 api-

2350 1662 2473 1706 rant
2504 1670 2518 1705 :
2544 1655 2876 1721 etquoniam
2904 1670 2934 1708 a
2964 1655 3123 1710 Patre
3149 1655 3291 1709 hanc
3323 1658 3564 1725 spirandi
3604 1662 3912 1728 potentiam

2278 1729 2322 1787 Β
2355 1741 2527 1795 Filius
2579 1742 2769 1805 habet,
2816 1744 2942 1798 ideo
2988 1760 3131 1799 unus
3184 1747 3443 1814 spirator,
3496 1763 3599 1801 una
3641 1764 3807 1803 causa
3854 1758 3920 1805 et

2362 1846 2526 1882 unum
2564 1832 2892 1900 principium
2922 1836 3288 1900 processlonis
3319 1836 3555 1903 Spiritus
3577 1838 3737 1891 ambo
3770 1849 3922 1893 sunt.

2363 1920 2484 1975 Ilaec
2518 1922 2679 1984 igitur
2717 1933 2777 1975 ut
2822 1922 3031 1977 dictum
3067 1934 3151 1978 est
3197 1924 3514 1980 suﬂicerent
3546 1942 3656 1980 non
3691 1938 3923 1981 conten-

2360 2011 2620 2064 dentibus
2675 2023 2895 2081 pmpter
2953 2015 3243 2068 doctorum
3307 2016 3721 2081 auctoritatem,
3770 2016 3925 2072 idem

2362 2111 2539 2156 tamen
2594 2105 2802 2158 ratione
2851 2088 3067 2173 quoque
3103 2106 3398 2174 probatur;
3448 2121 3571 2160 cum
3616 2109 3763 2160 enim
3811 2107 3928 2161 duo

2358 2193 2489 2258 sint,
2511 2193 2575 2245 ad
2603 2208 2723 2263 qua:
2743 2208 2901 2248 omne
2923 2180 3250 2263 productum
3285 2195 3549 2260 refertur,
3566 2196 3741 2250 forma
3768 2197 3928 2252 vide-

2356 2283 2504 2346 licet,
2552 2285 2849 2339 secundum
2883 2302 3045 2356 quam
3080 2279 3423 2356 producitur,
3481 2296 3537 2340 et
3578 2288 3927 2357 suppositum

2356 2384 2451 2425 aut
2485 2388 2733 2441 persona,
2766 2390 2832 2429 ex
2865 2390 2991 2444 qua,
3063 2377 3108 2431 si
3149 2374 3307 2431 Pathr
3345 2387 3399 2431 et
3438 2376 3629 2441 Filius,
3662 2379 3931 2447 quemad-

2359 2464 2578 2517 modum
2640 2468 2745 2518 duo
2793 2479 2920 2520 sunt
2965 2466 3265 2521 secundum
3327 2454 3616 2534 personas,
3656 2468 3702 2522 si
3752 2469 3826 2521 ita
3869 2460 3933 2522 αι

2360 2554 2554 2619 forma,
2602 2558 2899 2608 secundum
2954 2572 3113 2625 quam
3167 2557 3512 2626 producunt,
3560 2558 3670 2612 duo
3717 2568 3928 2623 essent,

2362 2650 2494 2695 tunc
2525 2644 2835 2696 necessario
2866 2645 2975 2696 duo
3002 2653 3182 2697 essent
3212 2647 3477 2713 principia
3504 2646 3765 2712 Spiritus,
3799 2663 3927 2700 cum

2359 2747 2492 2784 vero
2536 2734 2638 2806 etsi
2681 2735 2927 2799 personis
2958 2733 3097 2786 duos
3149 2749 3273 2787 esse
3309 2734 3599 2797 fateamur,
3635 2736 3811 2789 forma
3852 2746 3932 2789 ta-

2366 2838 2513 2887 men,
2547 2806 2651 2889 tfua
2678 2824 2985 2891 producunt
3008 2840 3174 2877 unum
3197 2839 3427 2878 numero
3455 2826 3587 2890 sint,
3617 2834 3677 2878 et
3698 2828 3931 2880 omnino

2363 2909 2661 2963 indistincti
2701 2911 2810 2982 (est
2851 2913 2995 2966 enim
3041 2913 3153 2981 ipsa
3190 2912 3378 2967 divina
3403 2914 3641 2968 essentia
3690 2930 3799 2969 una
3869 2926 3935 2973 et

710 3012 1098 3065 incenvcnicns
1136 3014 1303 3081 magis
1331 3029 1423 3067 eos
1456 3017 1626 3081 sequi.
1668 3032 1827 3084 quam
1861 3019 2107 3071 umbram
2138 3035 2257 3073 cor-

2364 3001 2552 3056 eadem
2609 3017 2835 3057 numero
2892 3004 3200 3057 communis
3257 3003 3559 3068 ambobus,
3618 3006 3932 3059 secundum

710 3116 839 3168 pora
873 3110 1109 3167 putant:
1146 3102 1272 3167 quid
1304 3102 1585 3156 dicemus?
1613 3104 1817 3174 Nempe
1843 3105 1947 3159 hoc
1985 3106 2040 3159 in
2075 3109 2259 3175 primis

708 3193 995 3246 dicendum
1024 3201 1123 3253 est,
1153 3193 1294 3261 quod
1329 3194 1439 3262 ipsa
1468 3196 1578 3248 sola
1610 3198 1909 3251 auctoritas
1943 3208 2252 3252 sanctorum

710 3283 937 3337 Suilii-int
968 3286 1215 3341 ﬁdelibus
1266 3301 1487 3341 necesse
1513 3297 1597 3341 est
1623 3305 1636 3339 :
1664 3288 1755 3355 qui
1789 3298 2077 3356 utrumque
2102 3289 2256 3341 dixe-

709 3384 854 3436 runt,
879 3385 930 3429 et
964 3376 1104 3443 quod
1130 3378 1363 3446 Spiritus
1394 3396 1421 3431 ο
1458 3378 1612 3433 Patre
1644 3380 1890 3447 procedit
1937 3391 1993 3433 et
2021 3379 2173 3442 Filio,
2206 3391 2259 3434 et

706 3472 854 3538 quod
893 3481 1147 3539 tanquam
1184 3472 1252 3525 ab
1299 3486 1408 3525 uno
1456 3474 1743 3541 principio.
1793 3474 1907 3528 Non
1955 3474 2102 3527 enim
2146 3475 2257 3527 duo

707 3561 971 3628 principia
1024 3559 1253 3629 Spiritus
1301 3571 1427 3614 sunt
1501 3564 1658 3616 Pater
1706 3573 1763 3617 et
1834 3562 2020 3626 Filius,
2080 3564 2259 3633 inquit

707 3648 1062 3717 Augustinus,
1096 3648 1187 3711 sed
1214 3663 1383 3701 unum
1404 3649 1523 3715 ejus
1549 3648 1707 3702 ambo
1734 3649 2060 3716 principium
2089 3657 2214 3700 sunt
2238 3663 2253 3711 ;

707 3739 1163 3807 quemadmodum
1216 3752 1479 3791 creatura:
1530 3753 1636 3789 non
1684 3739 1785 3790 tria
1826 3738 2110 3805 principia,
2162 3737 2256 3791 sed

711 3845 876 3882 unum
911 3839 1039 3881 sunt
1070 3830 1253 3892 Pater,
1293 3838 1347 3881 et
1378 3829 1568 3889 Filius,
1602 3827 1835 3893 Spiritus
1874 3837 2114 3889 sanctus,
2143 3826 2268 3893 ipsa.

712 3919 953 3972 Trinitas
984 3919 1142 3971 Dens.
1176 3918 1345 3981 Quam
1392 3918 1553 3983 igitur
1584 3916 1779 3982 aliquis
1806 3916 1903 3967 bac
1934 3914 2254 3989 apertiorem

714 4017 920 4077 quaerat
967 4008 1316 4070 solutionem,
1379 4020 1538 4073 (ruam
1602 4004 1839 4072 Spiritus
1894 4013 2111 4057 sanctus
2162 4020 2259 4072 per

716 4102 877 4169 hujus
908 4100 1229 4154 sanctissimi
1262 4099 1433 4153 Patris
1456 4114 1517 4153 os
1567 4109 1619 4153 et
1644 4098 1883 4153 doctoris
1908 4098 2123 4152 locutus
2147 4105 2252 4151 est.

714 4190 829 4245 Non
866 4192 1010 4246 enim
1044 4191 1205 4245 lateat
1231 4207 1327 4245 nos
1351 4192 1495 4261 quod
1528 4190 1670 4245 idem
1708 4190 2090 4244 inconveniens
2114 4189 2255 4243 mul-

718 4290 893 4333 tormn
923 4279 1173 4333 videlicet
1195 4281 1605 4349 principiorum,
1628 4290 1681 4334 et
1708 4279 2001 4333 multorum
2028 4279 2255 4333 deorum

2366 3108 2526 3162 quam
2552 3094 2711 3147 ambo
2743 3094 3000 3161 Spiritum
3031 3094 3382 3170 producunt),
3425 3110 3531 3148 non
3563 3107 3643 3149 est
3684 3111 3949 3151 necessst

2369 3184 2477 3237 imo
2542 3176 2878 3252 impossibile
2921 3196 3023 3251 est,
3074 3184 3183 3238 duo
3237 3186 3507 3253 principia
3563 3186 3775 3240 dicere.
3833 3187 3937 3244 Est

2365 3275 2568 3328 etenim
2603 3290 2705 3327 una
2740 3290 2967 3329 numero
2992 3275 3296 3329 essentialis
3326 3277 3500 3329 activa
3530 3276 3782 3344 spiratio,
3808 3293 3935 3347 quas

2365 3381 2489 3419 cum
2525 3367 2604 3423 eis
2641 3368 2858 3436 propria
2896 3368 2989 3432 sit,
3024 3383 3129 3421 non
3172 3376 3355 3437 potest
3397 3377 3573 3420 tamen
3613 3382 3736 3422 esse
3778 3384 3933 3423 com-

2365 3459 2546 3512 munis
2592 3458 2818 3527 Spiritui
2866 3458 3077 3523 sancto,
3109 3475 3176 3514 eo
3206 3459 3350 3529 quod
3383 3467 3445 3512 ut
3479 3460 3681 3528 sapius
3721 3461 3932 3514 dictum

2362 3560 2444 3605 est
2480 3551 2772 3619 apponitur
2815 3552 2934 3621 ejus
2964 3550 3305 3620 preprietati.
3335 3550 3528 3606 Omnia
3562 3554 3932 3618 enimessen-

2368 3644 2513 3696 tialia
2536 3644 2850 3697 communia
2876 3643 3014 3697 Filio
3046 3653 3100 3697 et
3156 3645 3383 3711 Spiritui
3410 3652 3597 3698 sancto
3621 3660 3743 3699 cum
3770 3645 3934 3700 Patre

2362 3744 2512 3799 sunt,
2556 3734 2721 3787 salvis
2768 3745 2945 3789 tamen
2993 3750 3184 3787 eorum
3235 3735 3683 3803 proprietatibus.
3732 3734 3933 3789 Omnia

2361 3824 2508 3878 enim
2552 3835 2637 3877 est
2685 3822 2854 3876 Filius
2888 3838 3223 3891 qutecunque
3262 3833 3319 3877 et
3366 3823 3561 3886 Pater,
3612 3820 3847 3875 Basilius
3877 3831 3937 3875 et

2362 3913 2543 3966 caeteri
2561 3913 2808 3966 doctores
2826 3916 2998 3982 aiunt,
3023 3928 3250 3968 manens
3276 3913 3331 3967 in
3352 3928 3421 3968 eo
3445 3912 3591 3982 quod
3620 3922 3705 3966 est
3731 3911 3932 3977 Filius,

2367 4002 2623 4055 videlicet
2682 4003 2734 4054 in
2788 4004 2906 4070 ejus
2957 4004 3309 4071 proprietate.
3360 4004 3678 4073 Quanquam
3722 4004 3937 4065 etenim

2363 4091 2587 4159 a-qualis
2642 4099 2696 4143 et
2738 4089 2931 4143 similis
2971 4090 3045 4143 sit
3092 4091 3261 4153 Patri,
3321 4106 3587 4159 generare
3636 4101 3820 4146 tamen
3874 4106 3935 4145 se

2364 4182 2542 4249 ipsum
2593 4194 2700 4232 non
2741 4187 2940 4247 potest,
2974 4194 3097 4232 cum
3136 4179 3206 4232 sit
3235 4179 3353 4248 ejus
3386 4182 3698 4249 profrietati
3750 4196 3937 4249 oppu-

2368 4287 2559 4343 gnans.
2604 4271 2804 4325 Eodem
2855 4271 3013 4323 modo
3049 4269 3287 4337 Spiritus
3314 4284 3548 4338 quoque,
3591 4272 3691 4325 etsi
3742 4271 3934 4324 omnia

716 4369 768 4423 in
801 4370 1156 4438 productione
1188 4370 1347 4423 etiam
1381 4384 1641 4437 creatura:
1671 4380 2010 4438 Sequeretur.
2048 4370 2104 4423 Si
2135 4371 2260 4438 quis
2289 4362 2335 4419 D
2359 4364 2665 4419 communia
2692 4362 2854 4414 hubt‘l
2875 4374 2997 4413 cum
3030 4358 3186 4411 Ρίιιη
3220 4365 3277 4411 εἴ
3323 4354 3482 4421 ῗῖῖίοο
3509 4368 3688 4412 κεῖνοι
3731 4370 3930 4414 um

717 4476 822 4513 non
873 4460 959 4529 pie
996 4462 1384 4524 consideraret,
1422 4463 1566 4531 quod
1610 4477 1638 4514 ε
1684 4463 1787 4515 fide
1830 4462 2136 4516 Christiana
2181 4452 2268 4517 est

714 4553 971 4613 alienum,
1020 4561 1075 4605 et
1124 4554 1449 4607 conveniens
1497 4552 1810 4620 gentilibus.
1852 4552 1964 4605 Hoc
2006 4554 2149 4605 enim
2184 4561 2269 4606 est

716 4640 781 4693 tle
809 4656 916 4707 quo
948 4640 1174 4693 maxime
1204 4656 1303 4693 nos
1330 4642 1558 4709 gentiles
1582 4654 1922 4701 accusamus,
1949 4640 2093 4707 quod
2124 4642 2264 4693 mul-

717 4741 797 4781 tos
830 4730 1080 4783 videlicet
1112 4729 1527 4783 introducebant
1575 4730 1726 4788 deos,
1779 4728 2083 4801 multosque
2110 4744 2264 4781 crea-

715 4832 879 4873 tores.
913 4820 1044 4873 Cum
1078 4820 1241 4887 igitur
1288 4835 1387 4872 nos
1412 4822 1573 4871 etiam
1609 4828 1719 4872 tres
1762 4818 1971 4870 divinas
2016 4833 2269 4883 personas

716 4923 979 4964 creatum
1039 4927 1254 4963 causam
1313 4920 1367 4962 et
1413 4912 1737 4977 principium
1794 4910 2113 4969 credamus,
2173 4925 2271 4963 nos

716 5001 877 5051 etiam
910 5000 1011 5051 hoc
1042 5001 1428 5051 inconveniens
1460 5010 1799 5066 sequeretur,
1837 5008 1893 5051 et
1924 4997 2089 5049 multa
2125 4998 2272 5051 vide-

722 5104 904 5143 remur
938 5103 1137 5154 ponere
1178 5088 1462 5153 principia,
1499 5090 1799 5153 multasque
1835 5086 2176 5149 divinitates,
2224 5094 2268 5144 si

718 5181 842 5246 quis
873 5192 979 5229 non
1009 5186 1150 5228 recte
1181 5176 1469 5240 intelligat.
1494 5174 1597 5226 Sed
1626 5174 1751 5226 audi
1788 5176 2061 5241 quomodo
2099 5178 2268 5229 sancti

720 5273 973 5321 ductores
1006 5263 1405 5330 SinICIIll§>lIll03
1446 5263 1545 5314 hoc
1576 5264 1813 5315 solvunt.
1848 5262 1978 5314 Nam
2018 5274 2073 5314 et
2102 5266 2145 5315 si
2178 5264 2273 5316 Pa-

724 5371 879 5417 trem,
929 5364 983 5407 et
1037 5351 1251 5411 Filium,
1303 5361 1357 5402 ct
1412 5349 1671 5413 Spiritum
1716 5360 1961 5403 sanctum
2010 5361 2271 5403 creatura:

719 5461 934 5498 causam
962 5458 1078 5497 esse
1105 5443 1426 5495 credamus:
1458 5440 1715 5507 quoniam
1751 5449 1926 5491 tamen
1965 5439 2027 5491 ad
2062 5438 2270 5491 Patrem

723 5536 905 5588 onrnia
948 5541 1280 5589 relcruntur,
1312 5544 1363 5584 ct
1397 5533 1519 5599 quia
1560 5531 1627 5583 ab
1658 5546 1724 5584 eo
1766 5531 1969 5582 habent
2010 5539 2063 5582 et
2105 5528 2272 5582 Filius

728 5638 786 5683 ct
832 5628 1063 5697 Spiritus
1099 5638 1313 5683 sanctus
1376 5634 1426 5681 ct
1466 5626 1641 5680 iusnm
1671 5640 1807 5689 esse,
1841 5634 1891 5679 et
1923 5623 2141 5679 creandi
2176 5639 2266 5693 μου

2367 4472 2520 4510 suam
2571 4454 2953 4524 proprietatem
3003 4463 3229 4505 necesse
3268 4456 3359 4502 est
3401 4448 3569 4519 :quia
3617 4450 3825 4518 spirare
3872 4466 3933 4505 se

2368 4548 2542 4616 ipsum
2574 4563 2679 4598 non
2708 4552 2904 4612 potest,
2937 4558 3059 4597 cum
3092 4544 3192 4595 hoc
3224 4549 3500 4610 oppugnet
3522 4538 3641 4606 ejus
3674 4542 3931 4608 proprie-

2369 4639 2485 4692 tati.
2535 4637 2611 4689 E:
2664 4635 2747 4688 bis
2797 4635 2957 4701 igitur
3002 4631 3301 4687 clarissime
3343 4638 3489 4700 patet
3534 4628 3669 4683 falso
3700 4628 3936 4685 Latinos

2368 4728 2632 4789 accusari,
2665 4726 2808 4793 quod
2837 4725 2946 4777 duo
2983 4732 3186 4792 ponant
3221 4722 3273 4774 in
3305 4721 3592 4775 divinitate
3632 4720 3930 4789 principia.

2368 4819 2497 4872 Item
2532 4826 2624 4869 aut
2651 4814 2882 4883 perfecta
2915 4824 3017 4870 est.
3045 4816 3214 4872 aiunt,
3245 4829 3309 4865 ex
3344 4812 3500 4865 Patre
3538 4809 3848 4880 processio.
3877 4817 3933 4862 et

2368 4907 2651 4976 superﬂuit
2683 4906 2770 4957 illa
2811 4920 2926 4971 qua:
2959 4918 3023 4955 ex
3056 4900 3191 4952 Filio
3221 4909 3326 4961 est,
3361 4910 3457 4952 aut
3501 4902 3545 4951 si
3584 4900 3695 4951 hac
3736 4913 3933 4950 neces-

2369 4997 2506 5049 saria
2543 4989 2645 5059 est,
2688 4992 3003 5060 imperfecte
3048 5004 3114 5041 ex
3160 4989 3314 5039 Patre
3356 4987 3616 5054 procedit.
3652 4986 3765 5037 Hoc.
3792 5001 3935 5040 vero

2373 5086 2761 5140 inconveniens
2788 5092 2890 5141 est,
2926 5078 3289 5145 imperfectam
3321 5080 3694 5143 operation-em
3739 5077 3933 5130 dicere

2371 5174 2563 5238 Putris,
2590 5183 2644 5226 et
2667 5171 2733 5224 ad
2766 5185 2914 5224 suam
2948 5166 3335 5235 perfectionem
3374 5162 3509 5215 Filio
3543 5165 3802 5232 indigere.
3845 5165 3930 5218 Ad

2371 5281 2491 5335 quae
2528 5263 2943 5332 respondemus,
2992 5259 3113 5309 illos
3146 5256 3236 5323 qui
3279 5256 3390 5308 haec
3433 5257 3644 5318 dicunt,
3687 5255 3808 5308 idco
3840 5271 3936 5307 er-

2373 5367 2511 5417 rare,
2571 5352 2700 5420 quia
2737 5349 2964 5402 omnino
3003 5346 3141 5398 duos
3187 5360 3305 5397 esse
3358 5355 3548 5412 putant
3596 5344 3807 5396 Patrem
3834 5385 3849 5403 ,
3877 5353 3938 5395 et

2374 5444 2593 5505 Filium,
2643 5451 2696 5495 et
2738 5454 2930 5493 eorum
2974 5436 3342 5503 Operationcs,
3380 5435 3630 5487 bon-anis
3658 5434 3935 5497 exemplis

2374 5536 2720 5595 inlimrentes,
2740 5532 2863 5599 quia
2889 5530 3070 5582 vident
3096 5528 3322 5579 duorum
3349 5526 3626 5578 hominum
3650 5522 3785 5573 duas
3804 5535 3933 5574 esse

2376 5625 2716 5691 operationcs
2763 5636 3006 5687 numero,
3055 5621 3152 5675 etsi
3214 5621 3278 5673 ad
3308 5633 3471 5672 unum
3501 5617 3759 5669 clfcctum
3806 5622 3933 5667 teu-
