4122 6326
286 201 392 278 tu

1230 209 1331 294 In;
1371 205 1888 270 pnocsssmus
1924 204 2278 267 SPIRITUS
2320 188 2613 267 saucii.

3430 203 3540 267 442

285 323 441 387 dant,
474 332 525 377 et
549 322 832 377 distinctas
870 323 939 377 a'b
966 322 1219 389 invicem,
1251 334 1447 394 putant
1473 323 1615 379 idem
1645 323 1861 377 contin-
1889 326 1936 381 Α
1966 320 2104 387 turis
2129 321 2570 374 conuumerent?
2591 323 2888 388 praesertim
2931 337 3055 395 eum
3111 322 3296 376 nullus
3336 308 3531 375 eorum

284 429 417 483 gere
449 414 612 469 etiam
646 415 700 467 in
731 414 863 467 Deo.
892 412 1045 479 Quod
1076 414 1527 468 absurdissimum
1568 424 1670 485 est.
1703 414 1865 468 Nam-

286 518 395 572 que
434 504 594 558 Pater
632 515 688 559 et
720 491 890 559 Filius
921 506 1166 572 personis
1224 505 1567 559 solummodo
1597 503 1861 566 distincti,

287 596 348 647 in
380 597 591 649 ceteris
655 602 822 659 unum
867 604 923 648 et
962 595 1103 687 idem
1141 605 1272 648 sunt
1316 585 1467 665 {quo
1513 596 1660 649 fitut
1696 598 1858 648 etiam

284 684 535 751 Spirandi
565 691 863 753 potentiam
898 684 1057 738 unam
1128 695 1182 738 et
1216 686 1461 739 eamdem
1494 699 1724 739 numero
1763 685 1860 738 lia-

285 774 474 837 beant,
501 785 557 827 et
582 774 744 828 simul
782 789 889 828 non
930 790 1201 835 seorsum,
1241 790 1341 829 nec
1376 773 1465 828 hic
1503 775 1679 845 prius.
1716 775 1855 827 alter

286 865 597 934 posterius,
659 880 763 920 nec
784 866 881 918 ‘ltic
916 866 1041 930 alia,
1073 866 1211 919 alter
1233 866 1337 919 alia
1372 866 1672 934 spiratione
1694 868 1864 933 spire;

288 954 581 1025 Spiritum,
615 967 675 1011 ut
726 957 762 1010 ii
813 956 908 1023 qui
942 957 1261 1024 corporales
1306 956 1362 1008 in
1401 956 1659 1010 omnibus
1704 964 1857 1016 sunt,

287 1054 529 1115 putant;
568 1046 661 1100 sed
694 1032 858 1100 simul
896 1056 953 1100 et
977 1047 1192 1115 absque
1225 1056 1468 1116 tempore
1505 1063 1613 1101 una
1640 1046 1859 1100 eadem—

288 1152 400 1206 que
446 1148 678 1191 numero
716 1138 1012 1216 spiratione
1060 1138 1301 1207 perfeete
1354 1137 1537 1199 ambo,
1592 1148 1649 1192 et
1691 1152 1859 1205 supra

290 1244 515 1286 omnem
548 1229 940 1299 perfectionem
984 1246 1110 1285 eum
1140 1215 1377 1299 spirent.
1428 1231 1661 1285 Necesse
1708 1232 1857 1284 enim

290 1326 383 1373 est
407 1318 597 1372 eadem
636 1318 801 1371 toties
844 1318 909 1371 ad
959 1333 1057 1373 eos
1090 1319 1219 1384 dici,
1248 1321 1343 1389 qui
1377 1316 1859 1375 totiesaudientes

290 1420 409 1460 non
441 1405 754 1475 intelligunt
786 1422 801 1471 ;
840 1417 935 1461 aut
978 1408 1108 1477 quid
1161 1410 1264 1473 isti
1292 1410 1496 1473 dicent,
1539 1411 1583 1463 si
1608 1410 1730 1477 quis
1765 1424 1861 1463 eos

290 1509 328 1549 e
358 1506 548 1549 contra
597 1487 1010 1567 interrOget,‘si
1058 1500 1355 1568 perfectam
1408 1502 1634 1556 credunt
1669 1501 1857 1554 mundi

287 1603 365 1643 ex
399 1589 561 1669 Patre
591 1591 949 1657 creationem,
981 1607 1048 1645 an
1084 1609 1191 1647 non
1214 1594 1237 1646 i
1264 1594 1331 1648 'Si
1361 1596 1505 1650 enim
1537 1594 1856 1664 perfeCtam,

290 1692 467 1747 quare
501 1678 695 1733 Filium
731 1696 952 1750 quoque
983 1691 1040 1736 et
1074 1682 1335 1751 Spiritum
1371 1694 1649 1738 erea‘tores
1677 1685 1856 1737 nomi-

292 1768 463 1821 nant?
486 1767 541 1822 Si
574 1785 704 1824 vero
728 1771 1127 1840 imperfectam,
1161 1784 1216 1827 et
1244 1775 1367 1828 ideo
1402 1776 1596 1830 Filium
1642 1768 1704 1831 'et
1737 1776 1861 1846 Spi-

290 1858 464 1911 ritum
505 1860 653 1914 Patri
686 1863 982 1928 associant,
1018 1865 1371 1920 considerent
1396 1858 1541 1936 quid‘
1556 1868 1762 1922 dicant.
1794 1869 1862 1922 At

290 1950 537 2018 perfecta
571 1952 794 2020 quidem
828 1967 893 2007 ex
925 1953 1085 2009 Patre
1124 1957 1318 2024 mundi
1341 1958 1567 2022 crea’tio,
1601 1976 1704 2013 una
1733 1974 1861 2013 vero

290 2042 596 2115 eademque
617 2060 848 2101 numero
872 2045 998 2101 Filii
1048 2060 1103 2102 et
1119 2048 1362 2118 Spiritus
1380 2053 1624 2119 Operatio
1646 2051 1713 2104 ad
1744 2053 1862 2119 ejus

230 2126 233 2129 ’
291 2134 636 2188 creationem
677 2145 783 2203 est,
833 2145 889 2190 et
920 2152 1030 2190 non
1051 2125 1173 2190 alia
1222 2140 1421 2202 Patris,
1468 2141 1573 2193 alia
1620 2142 1855 2204 horum;

296 2230 436 2276 tunc
465 2224 607 2277 enim
641 2225 910 2280 haberent
943 2228 1125 2280 locum
1152 2227 1276 2280 haec
1306 2229 1536 2296 puerilia
1567 2230 1754 2282 dubia.
1782 2231 1858 2284 ita

293 2312 466 2383 igitur
503 2326 559 2367 et
602 2316 659 2368 in
705 2320 989 2384 proposito
1033 2317 1269 2384 perfecta
1316 2319 1562 2386 quidem,
1606 2328 1663 2371 ct
1692 2334 1859 2387 super

291 2419 515 2459 omnem
541 2407 933 2475 perfectionem
965 2416 1052 2461 est
1081 2407 1411 2475 Spiritus‘ex
1446 2409 1604 2463 Patre
1634 2424 1857 2478 proces-

292 2496 423 2551 sic;
449 2496 639 2549 eadem
684 2512 813 2551 vero
858 2508 913 2551 et
959 2514 1064 2553 una
1094 2513 1325 2552 numero
1356 2514 1422 2552 ex
1474 2499 1613 2553 Filio
1642 2514 1858 2568 quoque

301 2585 553 2657 ejusdem
581 2586 814 2655 Spiritus
844 2588 1069 2657 spiratio
1093 2598 1198 2653 est,
1232 2603 1340 2641 non
1370 2576 1478 2642 alia
1510 2600 1567 2643 et
1599 2591 1723 2653 alia,
1757 2602 1859 2643 nec

288 2675 459 2729 aliter
491 2686 546 2731 et
588 2678 766 2739 aliter,
811 2693 912 2733 nec
948 2680 1098 2747 prior
1131 2674 1186 2732 et
1231 2680 1523 2747 posterior,
1562 2680 1657 2733 sed
1697 2662 1862 2735 simul

289 2766 513 2832 eadem,
542 2777 596 2821 et
617 2770 873 2823 similiter
897 2784 1020 2823 cum
1056 2784 1160 2844 una
1187 2780 1243 2823 et
1277 2769 1464 2822 eadem
1501 2784 1727 2825 numero
1752 2770 1863 2839 spi-

290 2859 456 2916 randi
491 2861 737 2929 potentia
777 2862 1041 2930 Spiritum
1084 2862 1246 2915 ambo
1290 2862 1519 2930 spirant.
1567 2864 1632 2917 Et
1679 2864 1863 2917 nullus

1964 415 2054 484 qui
2088 430 2233 469 nunc
2270 414 2480 476 vivunt,
2510 414 2708 475 L'ttllti.
2755 429 2855 467 nec
2900 416 2994 483 qui
3053 424 3173 484 post
3206 413 3533 467 divisionem

1969 513 2025 557 et
2046 488 2345 557 infaustum
2380 504 2673 573 infelixque
2708 504 2838 559 illud
2866 506 3107 559 scitisma
3157 505 3399 568 fuerunt,
3433 504 3538 556 hoc

1964 593 2141 662 primo
2187 595 2426 657 dixerit;
2476 597 2569 648 sed
2622 596 2699 647 illi
2747 597 2910 663 prisci
2959 595 3157 657 sancti,
3196 595 3272 651 illi
3318 594 3536 662 antiqui

1964 681 2234 741 doctores.
2266 684 2356 734 illa
2400 684 2689 736 luminaria
2736 700 2945 751 magna,
2975 698 3211 751 quorum
3261 698 3432 736 sonus
3476 685 3531 733 in

1963 788 2179 827 omnem
2213 784 2410 825 terram
2444 776 2626 831 exivit.
2652 787 2707 829 et
2733 775 2894 828 verba
2924 775 2976 827 in
3005 775 3139 828 fines
3166 775 3314 828 orbis
3349 777 3535 834 terra),

1962 867 2163 934 quique
2196 881 2223 918 a
2266 866 2423 919 nobis
2448 876 2501 918 et
2540 867 2741 919 nostris
2791 874 2848 917 ut
2884 866 3139 933 praecipui
3193 866 3450 918 doctores
3478 872 3535 917 ct

1962 955 2133 1008 sancti
2166 957 2357 1008 merito
2388 956 2748 1021 celebrantur,
2787 956 2902 1009 hmc
2944 956 3186 1024 exempla
3218 963 3275 1009 et
3307 956 3534 1007 invene-

1963 1045 2090 1106 rint,
2122 1054 2177 1097 et
2204 1046 2463 1097 dixerint.
2500 1046 2833 1113 Augustinus
2861 1046 3084 1108 etenim,
3118 1046 3210 1113 qui
3246 1044 3529 1110 profundi-

1965 1142 2069 1186 tate
2094 1136 2337 1197 scientiae
2368 1150 2563 1191 omnes
2589 1136 2885 1197 antecellit,
2923 1137 3204 1189 sanctitate
3230 1149 3291 1189 et
3316 1135 3532 1187 fervore

1962 1221 2244 1275 charitatis
2276 1224 2327 1275 in
2361 1224 2529 1277 Deum
2556 1224 2684 1277 nulli
2714 1226 2853 1277 cedit
2891 1242 2907 1279 :
2944 1225 3277 1294 Augustinus
3309 1232 3410 1282 est,
3449 1225 3532 1273 in-

1948 1328 2146 1382 ~quam,
2179 1315 2275 1382 qui
2306 1314 2421 1370 haec
2453 1315 2659 1369 eisdem
2701 1306 2886 1369 verbis
2919 1317 3053 1369 dicit
3094 1317 3303 1369 Patrem
3338 1320 3392 1367 et
3442 1314 3532 1367 Pt-

1967 1407 2108 1460 lium
2187 1408 2394 1461 scilicet
2448 1410 2776 1477 principium
2834 1425 2951 1463 esse
3042 1409 3273 1477 Spiritus
3336 1408 3530 1461 sancti.

1961 1498 2431 1563 Quemadmodum
2487 1499 2724 1566 Patrem,
2776 1511 2830 1555 ct
2880 1502 3107 1565 Filium,
3147 1510 3212 1553 vet
3265 1500 3529 1567 Spiritum

1962 1599 2208 1645 sanctum
2276 1606 2442 1644 unum
2500 1591 2824 1659 principium
2876 1600 3138 1645 creatura:
3190 1590 3528 1644 credendum
3618 1634 3619 1637 η

1966 1694 2068 1737 est.
2105 1687 2378 1739 Accusent
2413 1685 2455 1737 ii
2508 1685 2599 1753 qui
2626 1685 2789 1738 facile
2820 1692 3015 1737 cuncta
3048 1683 3287 1748 audent,
3320 1694 3375 1735 ct
3403 1682 3533 1735 bea-

1968 1776 2079 1825 tum
2135 1774 2511 1836 Athanasium,
2549 1775 2643 1843 qui
2698 1775 2750 1827 in
2804 1774 3027 1843 Dialogo
3071 1772 3372 1843 Ortliodoxi
3408 1788 3530 1824 cum

1952 1863 2173 1967 (Ariano
2236 1839 2787 1924 dissimilettrFilittni
2822 1839 2985 1929 Patri,
3020 1875 3073 1919 et
3102 1839 3360 1932 Spiritum
3397 1864 3535 1916 Filio

1963 1953 2022 2009 'c‘.
2046 1953 2193 2007 Patri
2221 1964 2475 2023 ponente,
2508 1956 2584 2007 ita
2610 1956 2744 2008 dicit
2779 1974 2790 2008 :
2822 1956 2913 2009 Dei
2948 1965 3141 2009 natura
3170 1970 3289 2010 cum
3327 1955 3445 2007 Filii
3476 1964 3532 2006 et
3620 1960 3629 1972 '

1970 2044 2205 2113 Spiritus
2236 2047 2405 2098 sancti
2450 2048 2611 2097 causa
2642 2055 2743 2107 est,
2780 2054 2893 2097 tum
2923 2047 3099 2098 omnis
3135 2054 3397 2098 creaturae
3418 2061 3449 2117 ;7
3474 2054 3530 2097 et

1967 2136 2124 2190 simili
2154 2136 2379 2187 audacia
2408 2143 2500 2187 aut
2532 2136 2727 2189 Filium
2755 2148 2807 2188 et
2835 2134 3095 2202 Spiritum
3126 2144 3245 2186 cum
3269 2146 3526 2189 creatura

1966 2236 2189 2293 ponant,
2219 2234 2311 2276 aut
2341 2233 2645 2277 creaturam
2703 2241 2826 2278 cum
2856 2226 2991 2279 Filio
3022 2236 3074 2278 et
3107 2225 3307 2293 Spiritu
3337 2235 3528 2278 sancto

1967 2316 2222 2369 ut‘Dcum
2266 2314 2465 2378 colant,
2509 2328 2568 2370 ut
2609 2317 2857 2367 eamdem
2889 2331 3119 2368 numero
3156 2331 3373 2368 causam
3405 2330 3527 2369 esse

1964 2406 2059 2460 Dei
2098 2407 2351 2461 videliCet
2374 2416 2427 2461 et
2452 2416 2735 2470 creaturat,
2773 2418 2993 2461 sanctus
3022 2408 3213 2460 ductor
3245 2408 3517 2460 docuerit.
3604 2474 3609 2478 δ

1969 2496 2089 2551 Sed
2119 2498 2231 2551 haec
2280 2499 2672 2566 impudentiam
2721 2510 2775 2553 et
2839 2498 3202 2572 ignorantium
3238 2485 3524 2549 hominum

1967 2596 2115 2642 sunt.
2166 2586 2376 2642 Etenim
2434 2605 2555 2643 cum
2614 2589 3084 2656 inconvenientiaj,
3133 2604 3251 2657 qua:
3301 2587 3527 2655 quidam
3569 2589 3583 2596 '

1969 2687 2157 2732 contra
2180 2697 2361 2734 veram
2390 2693 2627 2735 nostram
2655 2682 3056 2735 conclusionem
3082 2682 3193 2734 suis
3222 2678 3527 2732 rationibus

1971 2771 2173 2826 inferre
2206 2773 2403 2838 solent,
2436 2774 2548 2825 inec
2583 2774 2918 2841 potissimum
2955 2773 3099 2835 sint;
3137 2783 3189 2824 et
3222 2773 3285 2823 ad
3328 2771 3441 2824 haec
3479 2770 3543 2822 si-

1946 2879 2075 2931 qua
2109 2865 2213 2917 alia
2269 2874 2416 2929 sunt,
2465 2866 2815 2917 refcrantur:
2860 2872 3022 2932 patet,
3074 2862 3217 2931 quod
3268 2862 3377 2915 illis
3414 2862 3525 2915 Deo

292 2965 493 3008 rursus
523 2952 872 3021 blasphemiae
907 2954 1035 3007 hinc
1065 2954 1330 3008 rationem
1358 2967 1602 3019 accuset,
1634 2936 1856 3009 audiens
1878 2975 1925 3033 ο
1968 2956 2186 3009 favente
2230 2956 2561 3010 sullicientcr
2612 2957 2837 3020 solutis,
2900 2966 3091 3010 canora
3141 2957 3304 3009 etiam
3360 2954 3523 3007 simul

292 3058 501 3107 nosex
542 3054 795 3100 creatura
836 3053 1148 3116 arguentes.
1184 3046 1252 3099 Et
1294 3047 1608 3119 ideo-putet
1639 3048 1863 3103 Latinos

291 3136 561 3205 Spiritum
596 3147 845 3193 sanctum
871 3140 1015 3193 inter
1045 3149 1600 3208 creaturasponere;
1640 3140 1863 3201 fuerunt

290 3214 605 3295 etenitn,et
639 3241 786 3293 sunt,
828 3231 921 3299 qui
962 3231 1016 3283 in
1047 3230 1189 3284 hanc
1218 3231 1383 3284 etiam
1414 3230 1748 3299 proterviam
1806 3240 1861 3283 et

288 3319 565 3373 insaniam
588 3319 947 3384 devenerunt,
979 3330 1036 3373 ut
1062 3321 1165 3375 hoc
1189 3335 1408 3389 quoque
1441 3319 1651 3372 Latinis
1680 3320 1859 3385 impu-

291 3416 415 3460 tare
448 3410 732 3463 auderent.
758 3408 883 3465 Haec
908 3412 1053 3463 enim
1089 3419 1185 3461 aut
1212 3411 1527 3472 stultorum,
1560 3415 1651 3459 aut
1682 3407 1855 3476 jocari

287 3491 593 3547 volentium
631 3502 798 3559 sunt;
838 3505 932 3548 aut
960 3495 1174 3549 illorum
1219 3495 1310 3563 qui
1348 3495 1607 3562 ignorant
1634 3505 1854 3548 sanctos

290 3579 485 3633 Patres
513 3589 567 3634 et
593 3580 845 3635 doctores
887 3585 1083 3647 stepius
1118 3596 1149 3635 a
1173 3591 1419 3635 creatura
1456 3590 1512 3635 et
1574 3582 1849 3634 sensibili-

289 3670 406 3725 bus
424 3672 685 3741 exemplis
713 3672 1145 3725 manuducentes
1173 3686 1270 3725 nos
1302 3672 1367 3725 ad
1397 3673 1729 3727 credendum
1764 3689 1852 3727 res

290 3761 695 3835 intellectuales
741 3772 795 3817 et
838 3762 1139 3816 invisibiles
1184 3772 1350 3832 atque
1381 3764 1617 3827 divinas,
1656 3764 1725 3817 ab
1769 3766 1850 3817 eis

290 3865 421 3919 qua:
444 3861 497 3904 et
519 3838 655 3905 exile
688 3850 973 3921 vestigium
1004 3852 1197 3906 divina:
1226 3852 1599 3907 similitudinis
1625 3852 1845 3917 habent,

290 3944 392 3997 illa
426 3943 717 4010 probantes
738 3958 837 4012 pro
858 3958 1036 4011 posse.
1066 3942 1389 3999 Trinitatem
1426 3946 1625 3998 etenim
1658 3960 1848 4012 perso-

288 4046 495 4088 narum
527 4031 845 4088 ’Orlentales
895 4033 1142 4102 quidem,
1194 4035 1499 4101 intellectu,
1568 4038 1739 4091 verbo
1794 4050 1849 4092 et

290 4126 494 4194 spiritu
521 4144 535 4191 ;
562 4128 690 4180 item
728 4128 911 4188 oculo,
942 4129 1088 4182 fonte
1138 4137 1195 4182 et
1224 4127 1427 4194 fluvio;
1470 4145 1660 4184 rursus
1704 4132 1839 4197 sole,

290 4216 459 4271 radio
494 4226 551 4270 et
593 4218 715 4300 luce
756 4233 793 4300 τη
811 4216 1185 4271 Occidentales
1232 4233 1360 4271 vero
1408 4217 1529 4270 aliis
1576 4220 1849 4273 similibus

290 4308 588 4366 ostendere
614 4294 904 4365 conantur.
930 4307 1183 4372 Quamvis
1207 4307 1631 4375 unumquodque
1655 4323 1842 4359 eorum
1882 4294 1921 4344 ί)

290 4397 669 4463 exemplorum
701 4398 806 4449 etsi
864 4396 1072 4447 ratione
1100 4396 1199 4445 tria
1230 4397 1360 4459 sint,
1398 4411 1504 4447 una
1542 4407 1718 4448 tamen
1756 4394 1844 4459 Ity.

294 4488 533 4559 postasis
578 4488 691 4539 sive
723 4484 1026 4539 substantia
1059 4486 1276 4537 realiter
1308 4496 1409 4541 est.
1436 4486 1637 4559 Patres
1664 4476 1843 4538 tanien

290 4595 413 4636 non
453 4584 712 4648 putarunt
748 4586 1035 4646 propterea
1069 4578 1403 4643 propositam
1444 4577 1726 4629 veritatem
1764 4576 1849 4629 of-

289 4669 548 4733 fendere,
578 4671 673 4726 sed
703 4679 965 4739 quantum
993 4667 1281 4725 intentioni
1324 4682 1511 4721 eorum
1555 4669 1847 4736 convenie.

293 4764 396 4818 bat
426 4777 489 4817 ex
518 4761 583 4816 iis
602 4760 866 4829 exemplis
884 4758 1236 4829 accipientes,
1266 4758 1560 4826 reliquum,
1590 4764 1844 4825 tanquam

298 4856 543 4911 alienum
583 4868 613 4906 a
645 4854 897 4915 veritate,
941 4850 1294 4921 repellebant.
1332 4850 1397 4906 Et
1425 4863 1582 4903 nemo
1611 4863 1706 4903 eos
1746 4864 1847 4903 nec

294 4946 581 5002 accusavit
605 4959 706 4998 nec
734 4943 1034 5006 accusabit,
1058 4943 1232 4994 donec
1271 4940 1467 4993 mentis
1494 4954 1713 5005 compos
1742 4952 1844 5006 est,

294 5038 503 5108 talibus
538 5035 684 5104 quod
714 5035 798 5088 usi
828 5033 1033 5087 fuerint
1055 5032 1336 5100 exemplis.
1362 5032 1655 5097 Quomodo
1676 5034 1850 5100 igitur

294 5115 525 5183 Latinos
563 5138 706 5179 recte
754 5126 885 5194 quis
931 5126 1231 5187 accusabit,
1266 5124 1309 5178 si
1343 5126 1407 5177 ad
1449 5112 1853 5191 oswndcndip

293 5230 462 5270 unam
488 5214 842 5279 eamdemque
867 5228 1094 5267 numero
1122 5226 1241 5265 esse
1265 5210 1649 5280 spirativam‘in
1689 5211 1849 5268 Patre

285 5314 352 5364 et
372 5304 512 5359 Filio
530 5306 849 5373 potentiam,
872 5312 1091 5357 utantur
1107 5302 1437 5369 exetnplo‘ab
1456 5302 1707 5355 omnibus
1724 5318 1853 5356 con-

289 5412 473 5464 cesso,
518 5410 628 5447 una
676 5396 969 5465 eademque
1018 5410 1243 5448 numero
1284 5394 1603 5453 aTrinitate
1642 5397 1846 5449 entium

238 5536 250 5542 -
288 5484 624 5548 creatione?
661 5493 749 5536 aut
778 5485 1050 5554 quemodo
1083 5486 1373 5551 prepter'ea
1403 5484 1724 5539 calumniari
1753 5502 1850 5542 eos

286 5581 493 5651 aliquis
529 5574 761 5631 audebit.
789 5574 931 5646 quod
966 5575 1227 5631 Spiritum
1256 5584 1503 5632 sanctum
1539 5590 1661 5632 cum
1697 5594 1847 5635 crea-

1967 3054 2247 3110 t-orruunt,
2279 3057 2334 3099 et
2361 3061 2481 3114 quae
2518 3048 2583 3099 ad
2626 3046 2740 3099 lucc
2772 3048 2915 3100 dicta
2959 3056 3109 3110 sunt,
3154 3056 3210 3100 et
3243 3046 3306 3098 ad
3342 3045 3523 3107 omnia

1964 3136 2131 3188 etiam
2168 3137 2257 3189 illa
2294 3136 2586 3190 sulliciunt.

1965 3266 2233 3334 Expositio
2266 3270 2639 3339 quotoritamm
2680 3270 2947 3324 doctorum
2990 3272 3360 3335 quorumdam,
3402 3286 3521 3339 qua

2261 3334 2465 3388 Latinis
2499 3340 2776 3389 contraria:
2805 3354 2912 3389 esse
2947 3334 3207 3389 ridentur.

2022 3424 2294 3478 Caeterum
2343 3435 2508 3477 restat
2554 3427 2899 3478 considerare
2944 3442 3065 3494 qua:
3114 3446 3141 3480 a
3193 3430 3515 3495 quibusdam

1954 3516 2374 3568 auctoritatibus
2403 3515 2687 3573 doctorum
2720 3515 3006 3582 oppositis,
3054 3526 3110 3567 ut
3154 3518 3514 3581 arbitrantur,

1954 3604 2161 3660 Latinis
2184 3614 2235 3655 et
2262 3604 2422 3672 liujus
2445 3604 2714 3673 dogmatis
2738 3605 2952 3655 veritati
2982 3616 3236 3672 arguunt,
3263 3605 3515 3671 putantes

1952 3692 2439 3745 contradictionem
2486 3708 2546 3744 ex
2590 3694 2669 3744 eis
2716 3691 3042 3744 concludere
3074 3708 3091 3745 ι
3119 3708 3348 3759 qttarum
3404 3710 3511 3747 una

1952 3784 2170 3853 quidem
2212 3793 2295 3837 est
2338 3783 2450 3844 illa,
2492 3799 2652 3850 quam
2692 3783 2745 3836 iu
2794 3782 3141 3851 Tlteologicis
3176 3784 3291 3836 suis
3320 3785 3511 3838 beatus

1949 3876 2187 3931 Joannes
2229 3876 2593 3929 Damascenus
2634 3875 2756 3932 ait;
2800 3873 3062 3942 Spiritum
3096 3873 3219 3927 Filii
3253 3874 3509 3951 dicimus,

1949 3979 2014 4017 ex
2046 3964 2183 4017 Filio
2209 3978 2339 4017 vero
2374 3977 2480 4015 non
2513 3963 2763 4016 dicimus.
2805 3962 2983 4017 Altera
3012 3977 3141 4015 vero
3178 3960 3508 4016 sanctissimi

1952 4054 2193 4121 Dionysii
2220 4053 2576 4122 Areopagitae,
2626 4054 2679 4105 itt
2718 4052 2858 4105 libro
2896 4051 2966 4103 De
2988 4052 3176 4105 divinis
3212 4053 3504 4106 nominibus

1948 4142 2176 4196 dicentis
2208 4143 2407 4196 :Solus
2454 4143 2576 4195 fons
2609 4142 2927 4203 divinitatis,
2974 4143 3063 4211 qtti
3098 4158 3256 4211 supra
3294 4158 3508 4197 omnem

1948 4234 2310 4286 substantiam
2340 4241 2446 4296 cst,
2480 4232 2638 4285 Pater
2692 4241 2797 4285 est.
2841 4232 2973 4285 Nam
3007 4234 3106 4295 etsi
3154 4235 3347 4301 aliqua:
3388 4237 3507 4291 alite

1949 4315 2594 4391 reperiantur,eju~dem
2630 4332 2809 4375 tamen
2860 4326 3140 4377 Sententia:
3170 4336 3315 4387 sunt,
3349 4336 3403 4378 et
3442 4327 3507 4380 ad

1948 4413 2063 4465 haec
2092 4421 2347 4479 tanquam
2397 4412 2675 4480 potissima
2718 4422 2773 4466 et
2811 4429 2933 4481 qum
2970 4415 3224 4467 videntur
3252 4431 3509 4483 expresse

1947 4500 2153 4553 Latinis
2182 4515 2302 4555 esse
2325 4503 2619 4564 contraria,
2644 4502 2979 4556 referuntur.
3012 4504 3083 4556 De
3126 4504 3191 4555 iis
3218 4519 3348 4569 ergo
3374 4504 3498 4557 dua~

1946 4590 2049 4644 bus
2084 4592 2347 4645 duntaxat
2392 4593 2845 4647 considerandum
2898 4602 3001 4647 est.
3046 4594 3126 4667 Ad
3155 4595 3305 4662 illud
3351 4610 3501 4662 ergo.

1947 4681 2091 4752 quod
2123 4682 2360 4736 Joannes
2396 4682 2757 4736 Damascrnus
2803 4685 2897 4744 ait,
2942 4682 3068 4735 audi
3106 4699 3263 4749 quam
3300 4685 3506 4748 simpli-

1947 4769 2108 4833 citer,
2138 4787 2299 4840 quam
2321 4774 2493 4841 iuste,
2528 4788 2798 4841 quamque
2829 4771 3159 4824 sullicienter
3188 4770 3253 4823 ad
3286 4788 3504 4838 persua-

1949 4865 2186 4918 dendum
2237 4878 2336 4931 pro
2398 4862 2604 4914 Latinis
2658 4871 2712 4913 et
2756 4875 2941 4911 eormn
2999 4860 3251 4925 opinione
3307 4861 3501 4912 confir-

1950 4955 2142 5007 manda
2175 4938 2647 5019 respondebimus.
2668 4948 2901 5000 .Nullum
2939 4949 3173 5001 dicimus
3203 4962 3395 5009 nomen
3428 4951 3499 5005 ita

1950 5043 2226 5095 sufficiens
2255 5053 2394 5103 esse,
2425 5048 2479 5089 ut
2505 5048 2667 5094 unum
2694 5037 2866 5088 solum
2896 5038 3061 5102 [lOeSll
3086 5040 3308 5103 precise
3333 5041 3500 5107 signi-

1952 5133 2133 5194 ficare,
2175 5136 2319 5197 quod
2352 5129 2405 5180 in
2431 5126 2633 5178 divinis
2662 5126 2964 5191 exprimere
2999 5126 3269 5189 volumus,
3302 5143 3413 5194 quo
3440 5129 3501 5182 fit

1952 5233 2011 5275 ut
2042 5222 2226 5274 multis
2255 5217 2557 5272 etdivcrsis
2583 5216 2751 5267 altero
2783 5229 2964 5275 unam,
2994 5215 3165 5289 altero
3181 5216 3345 5271 aliam
3380 5232 3495 5268 rem

1953 5301 2229 5363 nec”tunc
2274 5306 2535 5379 complete
2582 5302 2961 5371 significemus.
2997 5302 3144 5357 .Cum
3196 5304 3339 5356 enim
3381 5304 3497 5363 haec

1953 5402 2176 5454 nomina
2207 5410 2261 5453 et
2288 5396 2450 5449 verba
2484 5412 2512 5447 a
2548 5396 2709 5447 nobis
2739 5394 2955 5447 inventa
2997 5394 3126 5452 sint.
3168 5402 3225 5446 et
3267 5395 3359 5457 qui
3402 5411 3497 5448 na-

1956 5502 2072 5544 tura
2119 5504 2370 5559 regtmur,
2412 5495 2465 5538 et
2502 5484 2591 5556 qui
2630 5484 3159 5537 naturalibusrebus
3194 5500 3256 5537 ea
3288 5486 3495 5552 signiﬁ-

1956 5583 2141 5639 candis
2169 5582 2517 5651 impauiiuus,
2549 5590 2650 5632 nec
2682 5563 2999 5641 inventuris,
3032 5590 3133 5633 nec
3156 5589 3344 5632 eorum
3374 5578 3493 5648 qui-
