4122 6326
697 189 798 251 M3
1656 174 2145 238 BESSARIONIS
2186 175 2249 235 S.
2287 177 2360 236 R.
2390 176 2453 237 E.
2491 173 2951 234 CARDINALIS
3794 170 3900 235 4“

696 312 799 359 bus
863 304 1251 370 imponuntur,
1314 305 1561 351 naturam
1636 296 1900 349 excedere
1962 300 2191 362 possunt
2225 310 2237 346 :
2270 298 2492 356 Acent.
2545 292 2685 348 Sunt
2731 276 2910 347 tamen
2969 291 3214 345 nonnulli
3263 299 3605 354 sanctorum,
3657 306 3897 359 quorum

695 397 924 461 ideoque
967 390 1180 443 divinas
1232 402 1317 441 res
1359 384 1622 452 complete
1674 383 1979 452 signiﬁcare
2020 383 2242 438 minime
2341 383 2508 450 aliqui
2557 383 2779 451 maioris
2811 383 3067 448 iecerunt
3118 383 3387 444 ordinem,
3438 392 3497 436 ut
3545 383 3718 449 maior
3770 395 3904 448 pars

698 491 939 553 possunt.
974 480 1149 543 Quare
1177 475 1643 545 imperfectioncm
1688 474 1967 526 nominum
2010 486 2116 525 non
2154 480 2240 523 at-
2341 468 2701 523 Orientalium
2744 487 2756 522 :
2793 471 2956 537 aliqui
2988 471 3502 537 aequalitatem,sive
3534 470 3900 530 identitatem,

702 570 1039 628 tribuendam
1070 582 1189 622 esse
1220 567 1382 619 rebus
1411 563 1631 627 divinis,
1662 564 1840 617 omnis
1868 563 1959 630 qui
1991 571 2135 617 recte
2161 577 2243 615 sa-
2344 568 2401 611 ut
2447 558 2665 627 plurimi
2715 558 3160 613 Occidentalium.
3202 560 3266 611 Et
3295 558 3752 626 quemadmodum
3808 575 3903 612 oc-

698 663 796 728 pit,
839 658 1087 712 ailirmat.
1133 656 1237 709 Sed
1262 640 1388 707 cum
1418 655 1539 709 aliis
1569 654 1875 707 nominibus
1904 652 2244 706 divinasres
2342 647 2637 701 cidentales
2663 648 2830 715 pluris
2853 648 3112 725 facientes
3132 648 3491 714 aequalitatem
3518 648 3713 715 saepius
3737 656 3901 719 utun-

697 750 1004 817 exprimere
1052 760 1160 799 non
1210 744 1507 814 possimus,
1572 741 1828 796 utendum
1882 743 2101 809 quidem
2160 741 2244 795 bis
2343 742 2430 788 tur
2458 750 2540 798 ex.
2568 736 2638 788 ita
2667 736 2977 794 orientales.
3006 735 3098 802 qui
3145 736 3391 790 ordinem
3426 736 3646 803 majoris
3706 734 3899 788 existi-

700 836 974 892 conscetis
1002 834 1317 888 nominibus
1346 842 1447 887 est.
1475 832 1746 888 Utendum
1780 841 1954 884 tamen
1988 833 2041 883 in
2074 846 2244 899 quan-
2343 834 2511 887 mant,
2549 838 2670 878 cum
2711 826 2909 893 quibus
2958 833 3012 879 et
3051 824 3242 878 beatus
3268 824 3500 879 Joannes
3537 823 3899 878 Damasccnus

698 940 807 983 tum
855 930 1018 984 rebus
1047 926 1363 995 signiﬁcatis
1392 928 1749 989 conveniunt,
1782 924 2242 992 imperiectionetn
2342 923 2807 979 conntlmel'aiur.
2861 932 2953 989 Ρετ
3006 924 3065 967 ιιι
3120 915 3409 982 Plurimum
3461 922 3729 979 υῑυηιυτι
3771 930 3899 967 τπο

695 1032 904 1077 eorum.
944 1025 999 1070 et
1042 1014 1084 1069 si
1130 1015 1259 1083 quid
1290 1013 1741 1067 inconvenientia:
1776 1027 1963 1067 secum
2003 1020 2241 1081 portant,
2343 1004 2690 1058 admittentes
2729 1004 3163 1071 praepositionem
3203 1016 3267 1054 ex
3299 1018 3317 1055 :
3354 1016 3460 1057 non
3505 1002 3623 1055 sibi
3661 1001 3896 1055 invicem

699 1108 1015 1167 Γρίριιεηειο,
1063 1115 1118 1160 ει
1152 1120 1249 1172 per
1291 1104 1437 1157 aliud
1482 1118 1679 1157 nomen
1712 1102 1979 1157 derectum
2023 1102 2245 1160 altera".
2344 1093 2806 1156 contradicentes,
2837 1094 2930 1147 sed
2968 1093 3175 1145 diversa
3209 1092 3507 1161 signiﬁcata
3540 1090 3772 1143 diversis
3802 1104 3901 1142 no-

696 1196 1022 1267 supplendo.
1056 1196 1113 1249 ln
1141 1196 1435 1263 quastione
1464 1194 1644 1260 itaque
1673 1193 1967 1261 proposita,
1995 1192 2246 1244 videlicet
2345 1182 2580 1235 minibus
2608 1182 2992 1250 ειρτῑηιθηῐθε.
3032 1182 3209 1245 Quare
3251 1182 3317 1234 de
3362 1181 3551 1234 mundi
3594 1180 3872 1234 Cl‘eaiiom’

700 1288 753 1339 in
788 1286 1137 1352 processione
1170 1283 1404 1351 Spiritus
1436 1298 1499 1335 ex
1531 1280 1689 1334 Patre
1722 1290 1775 1333 et
1801 1281 1961 1343 Filio,
2000 1280 2104 1332 duo
2133 1279 2246 1332 haec
2342 1274 2449 1327 etsi
2483 1272 2689 1341 absque
2745 1272 2853 1326 ulla
2883 1272 3233 1339 ambiguitate
3261 1287 3325 1324 ex
3356 1271 3491 1325 Filio
3521 1270 3683 1323 etiam
3710 1270 3896 1322 omnia

696 1375 1007 1428 necessario
1032 1366 1319 1442 exiguntur
1348 1388 1362 1425 :
1401 1386 1588 1430 tntum.
1620 1369 1761 1437 quod
1791 1368 1949 1421 Pater
1997 1376 2051 1422 et
2079 1366 2245 1420 Filius
2344 1364 2608 1433 producta
2644 1364 2754 1418 sint
2796 1372 2957 1433 prout
2984 1379 3049 1416 ex
3081 1364 3260 1437 Patre,
3290 1362 3566 1415 rarissime
3594 1368 3776 1413 tamen
3809 1373 3896 1412 re-

692 1466 975 1533 mqualiter
1030 1474 1188 1530 atque
1218 1461 1536 1528 simpliciter
1564 1460 1825 1527 Spiritum
1855 1465 2096 1511 sanctum
2129 1455 2241 1523 Spi-
2347 1456 2527 1522 pcries
2574 1449 3014 1524 apud’doctores
3060 1454 3360 1525 praesertim
3402 1452 3709 1513 orientales,
3746 1450 3892 1519 quod

698 1562 839 1611 rent,
866 1568 969 1603 non
997 1566 1137 1603 unus
1163 1551 1417 1616 perfecte,
1447 1549 1581 1600 alter
1608 1546 1951 1613 imperfecte;
1978 1545 2077 1596 hoc
2102 1544 2245 1596 enim
2347 1544 2583 1597 mundus
2628 1544 2697 1594 sit
2746 1546 3042 1611 productus
3073 1559 3138 1597 ex
3188 1544 3344 1605 Filio,
3396 1542 3486 1596 sed
3536 1556 3752 1609 semper
3790 1555 3894 1607 per

702 1640 1037 1693 contraritttn
1066 1648 1150 1690 est
1180 1638 1301 1689 ﬁdei
1335 1636 1567 1689 veritati.
1602 1634 1867 1694 Aiterum,
1902 1634 2043 1699 quod
2079 1632 2244 1685 Filius
2276 1635 2311 1688 Β
2343 1629 2564 1691 Filium,
2594 1630 2662 1683 ob
2712 1629 2840 1684 illud
2874 1631 3107 1685 Joannis
3135 1648 3149 1684 ε
3181 1630 3367 1686 Omnia
3407 1645 3499 1696 per
3540 1630 3710 1697 ipsum
3746 1629 3895 1696 facta

699 1740 753 1781 ut
788 1731 838 1781 in
866 1730 1010 1789 aliis,
1040 1728 1112 1780 ita
1140 1731 1299 1779 etiam
1326 1726 1377 1778 in
1410 1725 1664 1793 spirando
1697 1724 2009 1776 relationem
2066 1732 2121 1775 et
2151 1736 2241 1775 ora
2337 1727 2479 1769 sunt.
2529 1716 2603 1771 ita
2657 1720 2825 1788 magis
2859 1720 3039 1773 ordini
3088 1720 3432 1774 adbmserunt
3480 1719 3669 1773 Patres
3704 1720 3897 1772 orien-

697 1822 878 1872 dinem
916 1819 1111 1885 habeat
1155 1816 1219 1869 ad
1269 1816 1502 1868 Patrem.
1544 1812 1835 1880 Utrumque
1865 1813 2007 1864 enim
2048 1811 2240 1865 borum
2342 1810 2513 1875 tales;
2538 1818 2592 1863 et
2617 1809 2741 1864 ideo
2769 1821 2994 1864 utuntur
3026 1826 3137 1879 per,
3161 1825 3279 1876 qua:
3306 1810 3417 1863 sola
3450 1809 3695 1863 ordinem
3728 1807 3897 1876 signi-

695 1910 882 1963 insunt
917 1907 1061 1960 l’atri
1098 1916 1150 1959 et
1184 1905 1340 1959 Filio.
1378 1904 1597 1957 Summa
1653 1903 1849 1956 etenim
1879 1912 1960 1954 est
1993 1902 2044 1955 in
2081 1903 2159 1956 eis
2188 1908 2243 1955 et
2339 1897 2485 1950 ﬁcat.
2533 1897 2793 1951 Praeterea
2842 1898 3022 1967 lingua
3068 1898 3251 1953 Graeca
3304 1911 3399 1965 per
3453 1896 3595 1949 lianc
3634 1894 3897 1965 pracposi-

696 1999 948 2065 potentia:
970 1994 1271 2063 aequalitas,
1301 1994 1409 2045 imo
1440 1992 1709 2054 identitas,
1738 2004 1792 2045 et
1816 2006 2056 2045 summus
2086 1991 2237 2044 ordo.
2339 1989 2539 2042 tionem
2593 2004 2657 2041 ex
2709 1978 3058 2058 principalem
3098 1988 3365 2056 signiﬁcat
3394 2002 3636 2053 causam,
3666 1987 3887 2056 qualem

697 2086 1041 2153 Qnmcunqnc
1078 2085 1221 2137 enim
1270 2084 1438 2137 Filius
1499 2084 1676 2145 habet,
1714 2084 1884 2151 ipsimi
1927 2083 2088 2135 etiam
2133 2082 2241 2150 spi-
2339 2077 2535 2133 Filium
2564 2092 2704 2140 esse,
2728 2079 2810 2132 vel
2840 2078 3094 2146 Spiritus,
3124 2080 3207 2133 vel
3235 2078 3443 2143 mundi,
3469 2078 3646 2132 nullus
3664 2080 3892 2133 omnino

697 2188 818 2227 rare
856 2171 1138 2240 Spiritum,
1174 2172 1339 2225 liabet
1370 2188 1396 2224 a
1430 2172 1611 2225 Patre.
1647 2169 1702 2224 Si
1746 2172 1909 2239 igitur
1950 2187 2113 2223 unum
2145 2186 2241 2224 no-
2337 2169 2620 2223 concedet.
2668 2168 2843 2233 Quare
2894 2170 3111 2239 fugiunt
3165 2170 3413 2226 doctores
3461 2171 3527 2225 de
3592 2170 3727 2224 Filio
3771 2171 3889 2238 ipsa

700 2280 820 2316 men
858 2273 1000 2317 esset
1044 2263 1332 2323 suilieiens,
1374 2274 1427 2316 et
1466 2276 1727 2315 summam
1758 2262 2013 2330 potentiae
2049 2276 2237 2316 eorum
2338 2274 2400 2311 ea:
2442 2259 2542 2322 uti,
2586 2274 2654 2312 ne
2685 2258 2807 2327 quis
2839 2274 2962 2313 eum
2996 2260 3350 2329 principalem
3388 2276 3602 2315 causam
3638 2269 3887 2329 putaret;

697 2354 1053 2418 identitatem,
1080 2366 1133 2406 et
1162 2367 1430 2405 summum
1457 2352 1523 2404 ad
1552 2350 1780 2405 invicem
1810 2353 2050 2405 ordinem
2078 2350 2238 2404 simul
2338 2356 2391 2401 et
2422 2364 2527 2402 non
2562 2348 2732 2401 solum
2765 2348 2877 2418 ipsa
2914 2366 2997 2414 ex,
3042 2366 3228 2404 verum
3273 2353 3433 2404 etiam
3481 2366 3677 2406 nomen
3709 2366 3892 2425 causa

695 2442 1020 2509 signiﬁcare,
1076 2442 1167 2496 illo
1208 2442 1446 2509 proiecto
1476 2440 1730 2495 omnibus
1759 2443 1881 2495 aliis
1925 2442 2238 2511 postpositis
2338 2440 2548 2510 fugiunt
2592 2441 2659 2494 de
2707 2440 2843 2494 Filio
2895 2442 3074 2495 dicere
3133 2453 3381 2511 respectu
3437 2444 3502 2497 ad
3553 2454 3885 2508 creaturam,

698 2531 954 2583 utendum
999 2541 1160 2586 esset.
1200 2532 1353 2586 Nunc
1389 2547 1513 2587 vero
1548 2548 1652 2585 non
1689 2534 1859 2587 solum
1905 2534 2238 2603 impossibile
2336 2548 2642 2601 quanquam
2676 2543 2729 2584 et
2756 2533 2923 2586 Filius
2953 2545 3005 2588 et
3036 2533 3269 2603 Spiritus
3299 2535 3508 2603 passim
3528 2534 3596 2587 ab
3628 2534 3887 2589 omnibus

696 2631 779 2674 est
816 2637 979 2674 unum
1018 2622 1119 2674 tale
1154 2623 1386 2691 reperire
1414 2636 1613 2676 nomen
1647 2640 1661 2676 :
1692 2634 1745 2677 et
1785 2624 1903 2677 ideo
1935 2624 2238 2677 necessario
2339 2621 2587 2674 ﬁdelibus
2616 2635 2777 2673 eausa
2817 2621 3006 2675 mundi
3039 2637 3156 2675 esse
3195 2622 3510 2685 credantur,
3547 2632 3597 2676 et
3625 2638 3730 2676 una
3761 2636 3887 2675 cum

699 2730 805 2767 uno
844 2714 1061 2767 nomine
1105 2715 1332 2767 alterum
1368 2715 1585 2777 borum,
1626 2714 1797 2768 altero
1851 2731 1977 2768 vero
2009 2716 2235 2767 alterunt
2339 2709 2496 2763 Patre
2521 2724 2681 2762 causa
2723 2725 2736 2761 :
2774 2711 3025 2763 timentes
3052 2726 3117 2765 ne
3145 2714 3265 2780 quis
3300 2723 3579 2781 propterea
3610 2713 3887 2779 principa-

696 2806 1101 2870 exprimemium
1140 2815 1241 2863 eSt,
1292 2820 1479 2855 verum
1525 2806 1688 2855 etiam
1738 2803 1851 2855 bazc
1897 2803 2104 2855 diversa
2140 2815 2239 2854 no-
2340 2796 2446 2850 lem
2479 2811 2691 2849 causam
2729 2811 2851 2849 eum
2891 2812 3007 2851 esse
3048 2809 3236 2865 putet;
3285 2815 3314 2853 a
3359 2815 3468 2868 quo
3510 2814 3568 2851 ut
3612 2798 3743 2852 falso
3778 2800 3885 2853 sibi

699 2894 841 2945 mina
874 2893 937 2944 ad
963 2894 1064 2945 hoc
1103 2893 1243 2959 quod
1280 2900 1567 2958 utrumque
1599 2906 1691 2957 per
1740 2907 1793 2945 se
1836 2906 1998 2943 unum
2033 2899 2237 2943 tantum
2266 2935 2307 2992 ο
2341 2896 2557 2940 cavent.
2593 2885 2760 2939 Unam
2787 2888 2931 2939 enim
2957 2890 3301 2957 principalem
3328 2898 3381 2943 et
3411 2890 3635 2943 Deitatis
3659 2900 3714 2944 et
3736 2884 3889 2943 crea-

696 2981 1053 3049 signiﬁcatum
1088 2982 1462 3050 ριιεηάίνιοιυηι
1489 2981 1813 3047 signiﬁcant,
1848 2983 2006 3033 etiam
2045 2982 2236 3048 imper-
2268 2977 2307 2992 ν
2345 2986 2479 3030 tura:
2528 2990 2741 3029 causam
2793 2978 2971 3031 sciunt
3022 2978 3232 3031 Patrem
3276 2978 3528 3032 videlicet
3576 2979 3775 3031 solum.
3825 2977 3886 3033 Si

702 3072 836 3123 iccte
874 3070 1001 3121 illud
1037 3086 1199 3122 unum
1235 3070 1560 3137 signiﬁcant.
1597 3068 1771 3134 Quare
1803 3086 1898 3122 nos
1942 3080 2083 3123 recte
2113 3071 2236 3138 qui-
2346 3067 2510 3137 igitur
2546 3066 2718 3119 Latini
2759 3082 2880 3120 cum
2918 3068 3116 3121 sanctis
3144 3070 3565 3123 occidentalibus
3596 3083 3658 3122 ex
3727 3069 3886 3126 Patro

698 3161 817 3212 dem
872 3170 924 3212 et
973 3162 1056 3227 pie
1095 3161 1222 3227 quid
1272 3162 1346 3212 rei
1400 3161 1759 3228 signiﬁcanda:
1792 3165 2071 3215 conveniat
2104 3163 2240 3214 reci-
2342 3157 2397 3210 dt
2429 3154 2563 3211 Filio
2594 3156 2852 3226 Spiritum
2886 3168 3125 3211 sanctum
3161 3159 3419 3221 dicentes,
3462 3174 3567 3211 non
3613 3160 3887 3228 principa-

703 3250 946 3314 lientcs,
1006 3250 1310 3317 reliquum.
1362 3259 1415 3301 et
1446 3250 1586 3318 quod
1651 3251 2075 3318 imperiectionis
2133 3260 2236 3314 est,
2341 3246 2443 3300 lem
2494 3262 2707 3301 causam
2760 3248 2953 3301 Filium
3000 3258 3226 3315 ponunt,
3264 3249 3354 3302 sed
3401 3262 3587 3303 eorum
3610 3242 3886 3318 ‘potentiz

700 3338 1025 3406 repellimus.
1062 3338 1216 3392 Tales
1240 3350 1363 3392 sunt
1390 3356 1465 3393 eae
1494 3343 1899 3409 praepositiones
1926 3357 2012 3406 ex,
2047 3342 2237 3396 videli-
2340 3336 2675 3390 identitatem
2740 3346 2795 3392 et
2840 3339 3195 3407 a‘qualitatem
3238 3353 3333 3406 per
3370 3338 3472 3392 ltoc
3518 3338 3840 3406 proﬁtentur
3864 3356 3883 3393 :

702 3438 787 3481 cet
817 3438 868 3481 et
901 3440 1011 3496 per.
1044 3430 1357 3497 Prwpositio
1391 3446 1618 3498 namque
1655 3448 1714 3483 ex
1740 3433 1907 3500 :equal
1937 3441 2095 3485 tatem
2123 3433 2235 3501 qui-
2339 3427 2698 3481 Damascenus
2728 3443 2855 3483 vero
2885 3430 3236 3502 principalem
3269 3444 3482 3483 causam
3517 3443 3742 3497 negans,
3767 3448 3886 3498 qua:

700 3522 821 3573 dem
852 3537 972 3573 cum
1007 3521 1072 3574 de
1131 3522 1399 3590 aliquibus
1429 3523 1640 3577 duobus
1681 3524 1763 3577 vel
1810 3524 2053 3591 pluribus
2095 3523 2237 3578 acci-
2337 3534 2431 3587 per
2454 3534 2516 3572 ex
2548 3519 2832 3588 signiﬁcari
2874 3520 3028 3584 solet,
3076 3522 3263 3575 habuit
3304 3533 3608 3593 respectum
3636 3525 3701 3579 ad
3741 3524 3887 3577 ordi-

698 3611 861 3677 pitur,
898 3612 1197 3679 signiﬁcat;
1236 3614 1479 3665 ordinem
1527 3629 1653 3669 vero
1692 3614 1871 3669 unius
1898 3617 1961 3667 azl
2005 3616 2234 3669 alterum
2336 3630 2481 3678 nent,
2511 3624 2565 3667 et
2610 3613 2729 3667 ideo
2763 3615 2931 3667 utitur
2960 3632 3075 3680 per,
3105 3631 3167 3669 ex
3206 3616 3363 3671 Patre
3396 3632 3513 3685 per.
3536 3617 3731 3671 Filium
3760 3631 3886 3685 pro-

698 3702 935 3754 tninime.
965 3702 1017 3754 Si
1050 3704 1175 3769 quid
1202 3704 1340 3755 enim
1369 3720 1434 3756 ex
1462 3704 1669 3759 duobus
1698 3704 1810 3758 ﬁeri
1840 3706 2086 3768 dicimus,
2111 3717 2235 3774 puta
2334 3702 2526 3755 cedere
2550 3700 2805 3772 Spiritum
2831 3719 3098 3768 asserens,
3121 3721 3216 3773 per
3238 3723 3396 3776 quem
3424 3706 3546 3761 Filii
3570 3709 3635 3761 ad
3666 3708 3883 3762 Patrem

698 3790 743 3843 si
782 3790 925 3857 quod
973 3792 1181 3857 pondus
1212 3808 1277 3845 ex
1310 3793 1521 3845 duobus
1554 3794 1805 3853 trahitur,
1848 3794 2093 3846 similiter
2117 3796 2237 3863 qui-
2335 3793 2465 3846 ordo
2501 3794 2907 3859 manifestatur,
2959 3795 3318 3864 mquaiitateut
3367 3799 3480 3853 sive
3537 3800 3882 3853 identitateru

700 3881 821 3933 dem
880 3891 931 3934 ct
970 3884 1246 3950 a~qualiter
1274 3898 1461 3935 eorum
1503 3900 1568 3936 ex
1609 3894 1834 3950 utroque
1868 3884 2024 3949 trahi,
2057 3888 2231 3953 quoad
2334 3900 2519 3937 eorum
2555 3887 2809 3951 potentiae
2844 3900 2942 3939 nec
2979 3887 3089 3952 ipse
3124 3895 3345 3956 negatis,
3391 3891 3665 3959 quomodo
3707 3891 3885 3958 magis

698 3971 806 4022 vim
860 3972 1256 4037 praepositionis
1300 3970 1688 4038 signiﬁcamus.
1738 3971 1881 4025 Ordo
1911 3988 2039 4026 vero
2077 3976 2233 4028 unius
2337 3974 2567 4033 invicem
2611 3988 2843 4028 consona
2888 3977 3180 4030 dicantur?
3213 3979 3327 4050 ipse
3357 3982 3499 4035 enim
3540 3976 3646 4047 est,
3681 3983 3774 4050 qui
3815 3983 3884 4038 de

699 4064 761 4112 ad
790 4063 1019 4113 alterum
1058 4075 1161 4111 non
1211 4060 1335 4112 inde
1358 4071 1603 4145 apparet.
1650 4062 1717 4112 At
1747 4062 2056 4130 prcepOSitio
2094 4076 2235 4129 pere
2334 4063 2508 4127 Patre,
2544 4066 2657 4133 ipso
2696 4067 2912 4134 quidem
2958 4078 3039 4122 est
3074 4071 3380 4126 intellectus
3430 4074 3587 4128 Verbi
3629 4077 3883 4145 abyssus.

700 4159 965 4196 C0""erso
996 4145 1239 4197 0"“"9'"
1276 4144 1494 4212 Ἶυίάθω
1536 4148 1822 4216 δίὸηίθεειν
1868 4149 2230 4216 muniitatcm
2333 4152 2493 4207 Verbi
2537 4155 2769 4221 genitor,
2813 4168 2867 4209 et
2910 4172 3004 4223 per
3035 4158 3256 4211 verbum
3289 4162 3523 4226 spirator
3562 4144 3884 4220 declarativi

698 4247 827 4286 vero
862 4234 1104 4288 minime.
1143 4234 1199 4288 Si
1233 4236 1360 4303 quid
1388 4237 1532 4290 enim
1563 4253 1626 4291 ex
1666 4238 1846 4307 aliquo
1880 4255 1975 4308 per
1998 4234 2229 4308 aliquem
2260 4250 2311 4311 Ῑ)
2338 4240 2583 4311 Spiritus.
2619 4244 2680 4296 Et
2718 4260 2899 4299 rursus
2931 4263 2942 4297 :
2973 4245 3200 4313 Spiritus
3234 4264 3360 4302 vero
3384 4263 3603 4305 sanctus
3636 4230 3885 4309 declara-

699 4339 818 4377 esse
852 4334 944 4377 aut
996 4323 1115 4377 ﬁeri
1166 4325 1395 4390 dicatur,
1440 4329 1719 4381 manifeste
1752 4331 2033 4397 apparebit
2062 4332 2235 4395 illum,
2341 4332 2445 4383 tiva
2480 4331 2752 4386 absconsce
2782 4333 3079 4388 divinitatis
3112 4339 3350 4403 potentia
3388 4338 3583 4403 Patris,
3618 4358 3683 4395 ex
3719 4344 3886 4399 Patre

700 4418 767 4466 de
791 4428 900 4481 quo
930 4414 1131 4468 dicitur
1158 4431 1269 4483 per,
1302 4416 1546 4469 ordinem
1574 4419 1857 4485 quemdam
1891 4421 1953 4472 ad
1988 4420 2134 4473 illum
2173 4420 2238 4472 de
2340 4436 2436 4490 per
2479 4423 2672 4477 Filium
2719 4433 2799 4478 est
2838 4427 3155 4493 procedens.
3196 4428 3349 4493 Quod
3381 4441 3558 4484 autem
3611 4418 3710 4499 per
3742 4434 3887 4491 hanc

703 4520 810 4565 quo
839 4504 1146 4574 pra‘positio
1176 4520 1236 4558 ex
1267 4505 1608 4574 pra-dicatur,
1641 4509 1875 4572 habere;
1902 4520 1957 4564 et
1995 4511 2139 4566 hunc
2170 4512 2239 4565 ab
2339 4514 2769 4581 pra-positionem
2819 4532 2927 4584 per,
2980 4525 3089 4570 tum
3134 4532 3229 4586 per
3261 4520 3425 4584 hunc,
3460 4530 3571 4575 tum
3618 4538 3717 4590 per
3745 4526 3887 4582 alios

700 4606 766 4643 eo
791 4593 1066 4659 accepisse
1106 4591 1159 4645 id
1192 4592 1338 4661 quod
1380 4608 1472 4661 per
1510 4607 1631 4646 eum
1666 4595 1745 4649 ﬁt.
1782 4595 2085 4663 Equalitas
2111 4613 2239 4651 vero
2339 4607 2607 4667 ductores,
2637 4592 2807 4659 Filius
2836 4621 3050 4675 quoque
3082 4623 3202 4662 cum
3242 4609 3400 4664 Patre
3428 4625 3590 4665 causa
3630 4614 3888 4669 substan-

701 4684 893 4736 borum
952 4684 1016 4737 ad
1070 4684 1302 4738 invicem
1350 4685 1572 4739 minime
1625 4686 1974 4755 signiﬁcatur.
2022 4688 2240 4745 Minoris
2340 4692 2423 4747 tia;
2447 4695 2676 4763 Spiritus
2710 4697 3034 4763 ostenditur,
3068 4698 3199 4753 satis
3231 4700 3285 4752 in
3312 4702 3557 4757 oratione
3582 4702 3658 4757 De
3689 4707 3887 4762 union

709 4791 941 4843 namque
995 4776 1245 4843 potentiae
1295 4791 1510 4843 semper
1558 4786 1613 4829 et
1647 4779 1983 4831 auctoritatis
2017 4793 2096 4832 est
2128 4782 2236 4844 ille,
2338 4798 2367 4835 a
2407 4785 2559 4839 nobis
2590 4787 2870 4854 probatum
2907 4799 3009 4848 est,
3039 4792 3333 4856 prazsertim
3370 4807 3492 4846 cum
3520 4794 3749 4848 addatur
3777 4798 3886 4853 hoc

704 4868 770 4920 de
820 4883 925 4934 quo
976 4870 1287 4936 praepositio
1333 4885 1424 4937 per
1472 4869 1814 4937 prmdicatur.
1862 4870 2013 4925 Unde
2070 4876 2236 4928 sancti
2341 4876 2559 4929 verbum
2592 4879 2880 4945 procedere,
2912 4881 3054 4947 quod
3087 4881 3273 4943 etiam,
3306 4882 3603 4943 secundum
3641 4894 3885 4949 nostros,

704 4956 885 5046 Patres
920 4970 973 5010 et
1002 4958 1251 5013 doetores
1294 4974 1416 5013 cum
1461 4959 1774 5020 orientales,
1808 4968 1918 5011 tum
1978 4961 2243 5015 occiden»
2288 5010 2289 5013 η
2335 4968 2472 5022 nihil
2514 4969 2656 5022 aliud
2708 4986 2865 5037 quam
2920 4974 3095 5040 ipsum
3148 4988 3266 5028 esse
3316 4980 3599 5044 personale
3644 4978 3893 5046 Spiritus

706 5045 866 5138 tales:
892 5061 1012 5138 cum
1038 5047 1100 5099 ad
1144 5050 1396 5115 potentia:
1418 5050 1803 5118 aequalitatem,
1840 5051 1947 5102 imo
1988 5051 2239 5104 identita-
2335 5058 2505 5111 sancti
2557 5060 2845 5126 signiﬁcat.
2884 5061 2948 5113 Et
2988 5063 3050 5114 ad
3101 5046 3475 5121 auctoritatem
3512 5045 3731 5138 quidem
3778 5069 3892 5124 Da-

705 5143 811 5187 tetn
841 5135 1013 5187 Patris
1045 5146 1097 5188 et
1126 5136 1242 5190 Filii
1281 5139 1595 5205 respiciunt,
1630 5154 1693 5201 ex
1722 5141 1878 5192 Patre
1906 5149 1959 5191 et
1990 5139 2123 5216 Filio
2158 5138 2255 5218 dig.
2336 5150 2567 5201 masceni
2590 5150 2700 5201 btec
2730 5150 3016 5203 suﬁiciant.

702 5239 832 5277 cunt
873 5224 1131 5293 Spiritum
1178 5236 1421 5279 sanctum
1469 5227 1762 5295 procedere
1807 5238 1861 5280 et
1909 5242 2047 5279 esse.
2100 5226 2232 5279 Cum

2404 5237 2481 5288 Ad
2511 5238 2598 5289 illa
2630 5253 2759 5291 vero
2787 5241 2953 5293 Sancti
2986 5241 3244 5309 Dionysii,
3278 5244 3449 5298 solum
3482 5245 3688 5300 fontem
3731 5248 3893 5301 Divi-

700 5327 829 5365 vero
854 5315 1095 5368 ordinem
1127 5304 1309 5369 eorum
1344 5316 1409 5369 ad
1451 5319 1675 5371 invicem
1710 5316 1996 5375 ostendere
2026 5316 2229 5378 volunt,
2346 5324 2530 5376 uitatis
2574 5324 2783 5377 Patrem
2816 5324 3047 5379 dicentis
3070 5366 3084 5390 ,
3118 5304 3176 5381 ut
3207 5304 3406 5386 clarius
3452 5340 3709 5401 appareat
3778 5346 3889 5387 Ill-

698 5417 763 5455 ex
812 5404 963 5457 Patre
996 5420 1090 5472 per
1119 5405 1312 5457 Filium
1353 5421 1473 5459 eum
1518 5407 1829 5475 procedere,
1880 5415 1933 5458 et
1964 5421 2029 5459 ex
2072 5406 2230 5459 Patre

2332 5411 2633 5465 ctoritatem
2657 5412 2801 5465 illam
2824 5428 2930 5466 non
2954 5415 3151 5471 habere
3174 5417 3321 5472 illum
3340 5420 3694 5487 intellectum,
3714 5436 3888 5488 quem

696 5506 791 5557 per
820 5494 1031 5563 Ριιξυιυ,
1067 5496 1179 5551 sive
1219 5510 1281 5551 ex
1308 5496 1415 5551 Deo
1451 5511 1545 5564 per
1576 5496 1792 5564 Filium,
1822 5510 1943 5549 cum
1977 5509 2094 5551 csse
2134 5497 2229 5551 do-
2335 5499 2509 5555 nostri
2546 5510 2757 5571 putant,
2790 5502 3120 5561 audiendum
3144 5512 3225 5562 est
3253 5508 3430 5574 primo
3455 5508 3575 5566 illos
3601 5510 3885 5571 doctum.
