4122 6326
184 270 292 333 445

1105 271 1202 332 DE
1245 270 1762 333 PROCESSIONE
1805 271 2165 333 SPIRITUS
2204 263 2494 335 SANCTI.

3294 271 3400 335 “6

184 386 291 449 qui
327 382 492 457 etiam
539 383 738 453 Filium
787 385 976 440 dicunt
1010 384 1215 440 fontem
1268 386 1507 454 Spiritus
1539 385 1737 451 sancti,
1770 407 1811 461 Α
1852 385 2105 440 invicem.
2137 386 2205 440 Et
2244 387 2363 441 tunc
2421 386 2643 457 quidem
2702 372 2825 441 vera
2877 386 2998 456 ejus
3054 388 3401 443 auctoritatis

186 489 293 525 non
328 472 451 526 dico
491 473 786 543 gratiarum
835 474 1075 543 Spiritus
1128 490 1239 528 non
1290 474 1736 538 subsistentium,

188 562 287 615 hac
301 563 445 615 enim
469 564 774 618 abutuntur
799 565 865 617 ad
899 564 1078 617 omnia
1106 564 1485 633 hujuscemodi
1513 578 1743 631 respon-

184 652 337 707 sione
366 670 381 705 :
412 653 507 707 sed
557 654 729 723 ipsius
749 652 1008 724 personae
1040 653 1281 722 Spiritus
1329 654 1525 708 sancti.
1559 654 1740 708 Primo

184 742 367 811 itaque
400 743 735 800 Athanasius
782 745 837 798 in
868 761 964 799 sua
1012 754 1201 799 contra
1236 746 1466 800 Arianos
1494 746 1739 800 oratione

184 818 317 886 illud
342 834 539 887 Psalmi
574 851 588 885 :
617 834 884 899 Quoniam
921 836 1063 902 apud
1089 842 1139 886 te
1156 846 1231 895 est
1259 836 1376 903 fons
1403 836 1541 894 vitta.
1572 847 1740 901 expo-

182 937 343 986 nens,
392 922 610 977 Sciebat
635 914 861 989 etenim,
895 923 1089 991 inquit,
1124 925 1283 977 Pater
1306 924 1557 977 videlicet
1588 922 1730 991 apud

183 1027 243 1065 se
295 1012 500 1067 habens
546 1013 743 1067 Filium
792 1014 999 1070 fontem
1049 1014 1287 1080 Spiritus
1333 1014 1529 1089 sancti.
1581 1014 1736 1067 Patet

183 1099 349 1167 igitur
377 1101 521 1169 quod
559 1102 728 1170 ipsam
760 1118 1046 1171 personam
1083 1104 1324 1171 Spiritus
1351 1105 1437 1157 hic
1460 1104 1594 1159 dicit
1625 1121 1733 1158 non

180 1190 408 1257 gratiam
440 1206 546 1243 non
591 1191 1012 1258 subsistentem;
1042 1194 1310 1248 habemus
1353 1196 1497 1247 enim
1537 1210 1565 1247 a
1611 1210 1736 1248 san-

180 1287 270 1331 cto
305 1279 505 1332 Basilio
543 1282 793 1334 traditam
834 1284 1099 1352 regulam,
1145 1283 1289 1353 quod
1320 1298 1444 1336 cum
1482 1283 1736 1336 audimus

180 1358 446 1429 Spiritum
500 1381 623 1418 cum
657 1367 935 1422 adilitione
962 1378 1249 1435 sanetum”
1266 1370 1340 1424 nil
1375 1370 1523 1425 aliud
1573 1386 1732 1439 quam

179 1467 467 1519 personam
508 1454 749 1523 Spiritus
783 1456 1085 1527 intelligere
1127 1459 1412 1513 debemus.
1442 1458 1578 1514 Cum
1631 1460 1735 1528 igi-

181 1553 269 1594 tur
301 1544 388 1597 hic
433 1544 601 1600 Filius
632 1545 755 1599 fons
786 1548 1022 1615 Spiritus
1068 1564 1191 1602 cum
1241 1549 1520 1604 additione
1556 1552 1731 1606 sancti

177 1631 358 1687 dictus
379 1634 469 1697 sit,
495 1645 644 1703 patet
674 1638 823 1705 quod
850 1654 1099 1706 personae
1132 1640 1250 1707 ejus
1275 1640 1395 1694 fons
1422 1641 1600 1697 dictus
1626 1650 1728 1695 est.

1846 476 2121 543 expositio
2152 477 2312 529 simul
2339 486 2396 530 et
2431 476 2634 530 solutio
2660 484 2765 531 est.
2796 475 2952 541 Quod
2985 476 3031 532 si
3077 477 3201 543 quis
3229 478 3395 532 etiam

1846 563 2058 618 diceret
2089 566 2303 619 Patrem
2341 566 2515 617 solum
2541 564 2745 618 fontem
2778 562 3153 634 generationis
3174 566 3397 631 divinae,

1844 666 1965 720 qua:
1996 666 2165 717 supra
2207 665 2426 705 omnem
2478 651 2845 705 substantiam
2876 661 2981 714 est,
3016 663 3274 722 tanquam
3306 657 3398 724 qui

1846 742 2007 806 solus,
2030 741 2152 795 Filii
2208 742 2371 795 simul
2432 756 2496 795 ac
2544 741 2783 810 Spiritus
2818 743 3148 811 principium
3203 747 3293 806 sit.
3344 756 3400 800 et

1846 829 1996 882 solus
2028 829 2151 882 fons
2197 846 2305 883 non
2339 845 2403 883 ex
2447 830 2596 884 fonte
2630 850 2642 884 :
2680 830 2851 885 Filius
2893 847 3024 884 vero
3070 834 3141 887 sit
3172 837 3394 902 quidem

1846 917 1985 979 fons.
2017 920 2342 974 doctoribus
2374 921 2449 973 ita
2481 920 2832 983 docentibus.
2862 923 2957 975 sed
2985 924 3104 977 fons
3132 940 3194 976 ex
3225 926 3392 981 lontc.

1846 1006 2017 1075 llnjus
2062 1022 2244 1063 autem
2283 1013 2573 1064 sententia:
2614 1022 2669 1064 et
2720 1010 2911 1065 beatus
2952 1015 3288 1081 Augustinus
3337 1018 3391 1068 in

1843 1113 2037 1166 quarto
2075 1100 2149 1154 De
2182 1101 2439 1155 Trinitate
2467 1112 2580 1166 est;
2610 1106 2685 1155 ait
2715 1104 2955 1158 etenim:
3000 1103 3061 1157 Et
3090 1106 3231 1173 quod
3262 1107 3395 1159 dicit

1843 1187 2107 1243 Dominus
2141 1205 2158 1246 :
2193 1190 2359 1255 Quem
2383 1209 2475 1261 ego
2510 1194 2711 1245 mittam
2756 1194 2892 1246 vobis
2919 1211 2949 1247 a
2996 1193 3172 1257 Patre,
3200 1197 3394 1263 probat

1842 1277 2105 1355 Spiritum
2140 1270 2388 1336 sanctum
2423 1293 2477 1337 et
2512 1284 2845 1360 Patris-esse
2891 1294 2944 1336 et
2997 1286 3138 1338 Filii.
3175 1288 3388 1341 Etenim

1844 1385 1966 1424 cum
1992 1371 2221 1430 dixisset
2255 1390 2267 1427 ε
2300 1372 2463 1437 Quem
2486 1376 2652 1427 mittet
2688 1374 2869 1437 Pater.
2910 1375 3121 1430 addidit
3150 1395 3161 1430 :
3194 1378 3255 1430 lu
3302 1396 3392 1431 no-

1842 1464 1981 1515 mine
2027 1480 2181 1525 meo;
2223 1480 2332 1517 non
2372 1462 2550 1518 tamen
2583 1464 2721 1518 dixit
2753 1484 2765 1518 :
2802 1467 2971 1530 Quem
3022 1467 3198 1520 mittet
3232 1467 3392 1521 Pater

1840 1568 1871 1604 a
1903 1567 2008 1615 me,
2045 1556 2508 1617 quemadmodum
2536 1556 2672 1607 dixit
2710 1575 2721 1609 :
2758 1555 2917 1620 Quem
2954 1575 3045 1626 ego
3073 1561 3273 1610 mittam
3302 1575 3389 1611 vo-

1838 1641 1913 1694 bis
1949 1657 1980 1692 α
2015 1641 2205 1703 Patre.
2232 1646 2523 1697 ostendens
2549 1646 2805 1699 videlicet
2840 1649 2986 1714 quod
3042 1648 3207 1701 totius
3248 1648 3387 1701 divi-
3458 1702 3461 1705 .

180 1723 381 1778 Deinde
412 1741 630 1795 quoque
661 1730 777 1796 ipse
806 1745 1031 1798 magnus
1058 1732 1311 1793 Basilius.
1337 1733 1425 1800 qui
1460 1733 1600 1786 hanc
1636 1748 1734 1785 nn-
1766 1748 1810 1805 Β
1840 1732 2050 1794 uitatis,
2082 1734 2164 1787 vel
2213 1744 2272 1789 ut
2318 1734 2515 1787 melius
2550 1735 2765 1787 dicatur
2790 1777 2803 1800 ,
2841 1737 3068 1791 Deitatis
3116 1738 3275 1793 Pater
3306 1749 3390 1794 est

176 1813 262 1868 bis
308 1816 533 1869 tradidit
563 1818 840 1886 regulam,
879 1820 1083 1874 fontem
1135 1821 1373 1889 Spiritus
1421 1824 1592 1875 sancti
1645 1823 1731 1875 Fi-

171 1905 309 1958 lium
348 1908 610 1972 nominat,
650 1908 841 1964 dicens
873 1927 885 1961 :
923 1910 1064 1965 Fons
1092 1912 1216 1964 vitm
1247 1912 1438 1975 Filius,
1482 1915 1556 1967 ait
1586 1914 1732 1966 cnim

158 1994 347 2071 'David
380 1998 443 2048 ad
478 1998 692 2051 Patrem
724 2015 740 2051 :
769 1999 1033 2062 Quoniam
1077 2004 1216 2069 (1pm!
1250 2012 1299 2054 te
1332 2014 1404 2056 est
1444 2005 1559 2071 fons
1590 2006 1733 2065 vitis;

173 2092 229 2137 ct
266 2100 459 2139 rursus
480 2088 619 2142 alius
665 2092 931 2158 propheta
970 2094 1097 2144 dicit
1137 2094 1203 2145 de
1254 2093 1457 2146 .lnduzis
1493 2115 1501 2143 :
1535 2093 1613 2144 ille
1646 2095 1732 2142 de-

174 2176 502 2243 reliquerunt
534 2176 728 2245 fontem
760 2197 908 2245 aqum
941 2184 1176 2234 virentis.
1204 2185 1357 2247 Aqua
1393 2199 1517 2235 vero
1544 2183 1731 2235 vivens

178 2263 385 2317 dicitur
416 2262 669 2332 Spiritus.
709 2278 948 2322 sanctus.
986 2268 1047 2318 Et
1095 2269 1394 2321 natandum
1430 2272 1573 2335 quod
1606 2272 1726 2337 Spi-

174 2355 345 2405 ritum
375 2365 623 2407 sanctum
654 2351 805 2419 dicit,
840 2354 1155 2429 signiﬁcans
1198 2358 1366 2425 ipsam
1396 2362 1513 2426 ejus
1540 2373 1731 2424 perso-

176 2454 333 2501 nam;
376 2453 603 2505 persona
644 2457 774 2497 vero
820 2443 1055 2511 Spiritus
1088 2451 1259 2500 sancti
1309 2448 1451 2501 Deus
1498 2460 1604 2509 est;
1645 2447 1727 2499 Fi-

171 2527 282 2581 lius
328 2528 494 2595 igitur
528 2544 650 2585 Cum
686 2533 758 2586 sit
802 2533 923 2589 fons
962 2534 1203 2601 Spiritus
1237 2539 1405 2589 saneti
1438 2578 1451 2597 .
1484 2540 1604 2591 lous
1645 2548 1729 2592 cst

174 2619 479 2673 divinitatis
524 2621 985 2676 manifestissime.
1021 2625 1203 2689 Quare
1233 2640 1355 2679 eum
1390 2633 1561 2681 sancti
1599 2624 1730 2682 Din}

176 2712 321 2782 nysii
358 2711 445 2764 illa
473 2713 793 2773 auctoritas.
831 2715 1005 2766 solum
1041 2715 1248 2769 fontem
1285 2718 1587 2773 divinitatis
1633 2722 1731 2774 Pa-

173 2812 318 2856 trem
342 2803 661 2871 inquientis,
692 2805 964 2872 praedictis
990 2815 1300 2861 sanctorum
1320 2810 1734 2865 auctoritatibus

179 2908 286 2946 non
342 2894 681 2947 contradicat
729 2896 905 2964 (nefas
953 2908 1032 2950 est
1080 2898 1225 2950 enim
1279 2901 1441 2951 etiam
1496 2902 1733 2968 cogitare

176 2985 325 3055 quod
360 2989 529 3039 sancti
562 2986 814 3041 doctores
849 2988 1079 3042 invicem
1119 2992 1543 3061 contradicant),
1586 2993 1733 3046 aliud

1844 1823 2190 1891 principium.
2226 1824 2335 1877 lloc
2368 1825 2682 1878 beatissimo
2709 1826 2935 1879 doctore
2993 1816 3152 1896 quem
3179 1829 3389 1896 dignio-

1836 1927 1948 1965 rem
1981 1928 2294 1981 qumremus
2324 1919 2523 1968 mentis
2548 1916 2790 1984 Dionysii
2820 1919 3227 1983 expositorcm?
3256 1920 3387 1985 Quis

1836 2008 1938 2059 hoc
1970 2005 2167 2058 melius
2196 2005 2506 2058 intellexit?
2540 2006 2592 2057 in
2626 2021 2734 2071 quo
2775 2017 2832 2059 ut
2863 2007 2955 2059 illo
3004 2008 3236 2075 Spiritus
3260 2026 3422 2073 san-~

1832 2109 1949 2152 ctus
1976 2100 2194 2151 locutus
2225 2099 2348 2149 est?
2379 2097 2534 2161 Quod
2577 2100 2721 2149 cnim
2754 2098 2842 2150 ille
2889 2098 3033 2150 dixit
3060 2100 3229 2151 solum
3265 2101 3375 2153 iou~

1832 2198 1939 2240 tetu
2006 2187 2332 2248 divinitatis,
2377 2202 2496 2252 quas
2546 2202 2713 2255 super
2761 2195 2977 2241 omnem
3026 2190 3243 2243 substan
3298 2211 3379 2243 mn

1828 2290 1909 2329 εει
1938 2314 1951 2337 ,
1992 2279 2077 2330 hic
2128 2276 2298 2331 totius
2339 2276 2567 2329 Deitatis
2621 2277 2948 2346 principium
3004 2280 3178 2347 inquit
3210 2297 3225 2334 :
3256 2299 3381 2335 cum

1830 2364 1993 2422 Pater
2022 2368 2237 2422 scilicet
2272 2382 2303 2423 a
2349 2368 2823 2436 nttllo~principi0
2862 2368 2954 2432 sit,
3010 2370 3103 2423 sed
3155 2372 3269 2440 ipse
3312 2374 3383 2427 sit

1828 2455 1949 2510 Filii
2000 2468 2054 2510 et
2102 2454 2345 2523 Spiritus
2392 2459 2564 2511 sancti
2628 2459 2979 2526 principium.
3026 2460 3195 2535 Filius
3253 2480 3382 2519 vero

1831 2548 2162 2617 principiqu
2198 2548 2406 2601 habens
2427 2550 2666 2612 Patrem,
2711 2550 2825 2619 ipse
2856 2554 3019 2606 etiam
3052 2538 3381 2623 principium

1830 2638 1898 2691 sit
1932 2637 2171 2705 Spiritus
2206 2641 2404 2691 sancti.
2439 2638 2541 2691 Sed
2593 2654 2658 2694 ne
2688 2649 2741 2694 te
2775 2641 3017 2696 offendat
3058 2659 3249 2698 rursus
3284 2660 3381 2698 no-

1834 2744 1954 2781 men
1992 2731 2156 2781 totius
2185 2729 2431 2792 Deitatis,
2464 2746 2564 2783 nec
2598 2746 2841 2797 npponas
2868 2734 2963 2786 toti
3003 2744 3231 2799 partem,
3260 2744 3381 2788 tan-

1832 2835 1995 2888 quam
2054 2820 2098 2871 si
2158 2820 2330 2871 Filius
2364 2822 2536 2887 partis
2586 2832 2731 2875 esset
2787 2824 3147 2891 principium;
3203 2818 3385 2880 Deitas

1836 2917 1980 2966 enim
2013 2930 2119 2967 non
2156 2924 2238 2968 est
2266 2916 2553 2982 partibilis.
2595 2916 2691 2968 llic
2726 2932 2855 2970 vero
2904 2916 3175 2971 defectum
3210 2920 3383 2973 imbe-

1838 3002 2079 3055 cillilatis
2121 3006 2403 3076 n0minpin
2436 3017 2541 3070 cst,
2590 3021 2748 3073 quem
2776 3008 2867 3075 qui
2897 3009 2961 3061 ad
2997 3024 3081 3062 res
3112 3010 3385 3078 s’gnilica-

172 3092 339 3145 quam
369 3078 561 3146 vulgus
596 3088 773 3147 putat,
806 3080 1100 3147 intelligit;
1134 3096 1232 3153 nec
1279 3082 1402 3135 ideo
1439 3084 1569 3137 dicit
1622 3086 1733 3137 huic
1765 3074 1806 3130 C
1842 3103 1923 3147 ius
1954 3089 2232 3158 transfert,
2258 3074 2364 3148 min
2399 3106 2543 3149 recte
2597 3113 2697 3151 nec
2729 3074 2814 3166 pié
2847 3085 2973 3167 agii,
3004 3100 3079 3153 Αι]
3108 3074 3385 3169 ρίροηρη-

172 3167 263 3219 ille
298 3168 518 3229 doctor,
552 3170 707 3237 quasi
750 3185 956 3239 negans
984 3172 1179 3239 Filium
1202 3188 1332 3243 esse
1365 3174 1567 3229 fontum
1603 3176 1729 3243 Spi-

175 3258 317 3312 ritus
350 3258 549 3323 sancti,
596 3259 690 3313 scd
726 3261 841 3330 ipse
888 3278 1106 3331 quoque
1146 3280 1250 3318 una
1280 3280 1401 3317 cum
1453 3267 1730 3333 praedictis

171 3338 492 3403 dectorihus
519 3366 643 3403 eum
677 3352 882 3405 fontem
915 3343 1038 3407 esse
1073 3353 1313 3422 Spiritus
1348 3356 1522 3409 sancti
1574 3356 1749 3420 dicit,

173 3438 279 3511 hoc
308 3451 415 3503 est,
438 3443 556 3511 ejus
589 3457 846 3508 perenne.
877 3442 974 3496 llis
1002 3444 1168 3510 igitur
1193 3443 1479 3497 declaratis
1503 3459 1729 3510 respon-

170 3533 390 3593 tletuus,
418 3531 559 3598 quod
596 3546 703 3583 non
737 3524 1105 3583 Omnimodam
1135 3530 1443 3584 divinarum
1473 3546 1726 3603 persona-

171 3634 297 3672 rum
336 3622 744 3673 distinctionem
776 3620 843 3672 ab
877 3620 1109 3672 invicem
1156 3620 1266 3684 hic,
1300 3627 1359 3671 ut
1390 3634 1457 3672 no
1496 3620 1561 3671 tri
1589 3620 1727 3673 falso

170 3711 549 3772 arbitrantur,
583 3718 803 3781 sanctus
837 3710 1029 3763 doctor
1063 3711 1278 3763 trudere
1312 3711 1634 3778 proposuit;
1670 3719 1726 3763 et

168 3810 322 3870 patet
354 3802 480 3869 quia
527 3801 729 3853 nullam
760 3800 886 3870 Filii
936 3800 1341 3854 distinctionem
1393 3810 1448 3853 et
1486 3799 1725 3869 Spiritus

164 3869 344 3947 sancti
383 3889 629 3944 tradidit.
661 3869 776 3943 Non
814 3889 978 3959 igitur
1019 3890 1263 3943 omnium
1314 3890 1479 3943 trium
1533 3906 1719 3959 perso-

163 3996 361 4034 narum
394 3981 460 4034 ab
496 3980 728 4033 invicem
771 3978 1204 4044 distinctionem,
1249 3980 1343 4034 sed
1376 3981 1550 4033 Patris
1580 3980 1722 4034 dun-

134 4081 313 4131 ,taxat
341 4072 408 4126 ad
439 4074 679 4142 reliquas
716 4072 902 4127 tradit.
934 4072 1148 4150 Patrem
1182 4073 1350 4140 igitur
1387 4073 1439 4124 in
1470 4081 1625 4141 parte
1656 4072 1721 4127 ad

162 4164 367 4220 Filium
396 4180 740 4234 comparans,
762 4175 817 4218 et
844 4180 1031 4219 eorum
1059 4166 1127 4218 ab
1154 4164 1393 4218 invicem
1416 4164 1723 4217 distinctio-

162 4275 287 4314 nem
326 4258 569 4322 tradens,
614 4260 790 4313 solum
841 4259 1045 4312 fontem
1081 4260 1299 4312 Patrem
1332 4260 1431 4323 ait,
1465 4275 1527 4312 ac
1560 4262 1602 4311 si
1636 4258 1720 4311 di-

1835 3188 1956 3240 dam
1987 3186 2157 3256 igitur
2186 3191 2568 3243 auctoritatem
2622 3191 2958 3259 pruzdiclam,
3001 3202 3056 3246 et
3086 3199 3384 3262 Oppositio-

1836 3272 1953 3330 riem
2015 3278 2143 3331 inde
2190 3278 2496 3331 submotam
2554 3280 2867 3334 solvendam
2930 3282 3031 3336 etsi
3082 3286 3232 3338 multi
3286 3288 3380 3341 alii

1832 3368 1976 3419 modi
2016 3376 2220 3429 essent,
2254 3377 2434 3422 tamen
2471 3385 2590 3435 qua:
2634 3369 2783 3422 dicta
2811 3379 2957 3431 sunt.
2990 3373 3060 3425 ita
3093 3374 3380 3429 manifesta

1830 3468 1885 3511 ct
1921 3460 2221 3512 clarissima
2248 3470 2394 3523 sunt,
2427 3472 2483 3511 ut
2510 3461 2622 3512 sola
2652 3460 2943 3517 suﬂiciant.
2978 3466 3205 3518 l’robato
3230 3469 3377 3520 enim

1827 3548 1971 3615 quod
2003 3550 2171 3604 Filius
2198 3549 2270 3602 sit
2300 3552 2463 3602 etiam
2513 3549 2633 3601 fons
2678 3550 2921 3613 Deitatis,
2958 3553 3225 3621 siquidem
3255 3556 3379 3613 fons

1828 3636 2062 3700 Spiritus
2110 3636 2288 3689 sancti
2346 3645 2430 3688 est
2463 3644 2777 3689 sanctorum
2822 3637 3046 3691 Patrum
3081 3645 3373 3705 sententis,

1828 3724 2066 3790 Spiritus
2115 3740 2249 3780 vero
2302 3734 2521 3778 sanctus
2568 3726 2709 3779 Deus
2738 3735 2829 3781 cst-
2873 3727 3099 3797 (quibus
3150 3730 3374 3787 beatum

1827 3812 2143 3882 Dionysium
2177 3815 2555 3869 contradicere
2584 3816 2769 3871 nullus
2798 3815 3039 3871 fidelium
3069 3817 3262 3891 dicet),
3290 3838 3376 3877 re-

1827 3903 1935 3958 stat
1971 3915 2030 3957 ut
2060 3906 2163 3959 hoc
2192 3906 2337 3975 quod
2382 3906 2516 3960 dicit
2569 3905 2882 3976 Dionysius,
2933 3910 3115 3964 solum‘
3163 3910 3370 3968 fontem

1828 3994 2297 4051 Deitatis'Patrem
2331 4012 2472 4062 esse,
2500 3999 2800 4055 secundum
2834 4002 3129 4069 pradictos
3159 4006 3369 4070 modos,

1827 4096 1922 4141 aut
1945 4088 2179 4142 alterum
2210 4090 2449 4153 illorum,
2477 4099 2532 4143 et
2564 4105 2670 4145 non
2699 4091 2858 4144 aliter
2887 4092 3115 4148 dixerit.

1964 4198 2148 4252 Brevis
2178 4200 2429 4270 Epilogus
2456 4204 2715 4322 7mnium.
2741 4220 2856 4273 qua
2877 4206 3016 4259 dicta
3039 4214 3161 4260 sunt
3181 4210 3233 4261 in

2472 4288 2550 4322 ioc
2586 4288 2756 4322 onere.

2472 4288 2550 4324 ioc
2586 4288 2756 4341 opere.

135 4360 313 4407 ‘ceret
355 4350 571 4403 Patrem
620 4350 839 4417 quidem
897 4349 1098 4401 fontem
1151 4345 1272 4401 Filii
1322 4363 1464 4409 esse,
1522 4347 1718 4400 Filium
1756 4379 1797 4431 ο
1897 4360 2009 4430 Ego
2038 4360 2258 4435 quidem
2288 4370 2377 4413 ωε
2407 4365 2599 4430 gratia,
2642 4363 3063 4419 clementissime
3092 4368 3193 4432 vir,
3228 4372 3371 4438 quod

162 4457 289 4496 vero
323 4441 529 4494 fontem
562 4440 737 4494 Patris
770 4440 991 4493 minime
1023 4452 1164 4492 esse.
1192 4436 1255 4489 Et
1286 4437 1430 4505 quod
1462 4438 1529 4494 de
1562 4437 1717 4489 Patre

160 4544 213 4587 et
252 4533 397 4590 Filio
440 4532 704 4585 duntaxat
738 4532 827 4583 hie
874 4529 1189 4597 speculetur
1217 4567 1233 4589 ,
1287 4542 1315 4580 a
1361 4528 1721 4595 sequentibus

161 4622 565 4685 manifestatur.
592 4620 666 4672 Ea
691 4619 919 4679 etenim,
968 4617 1167 4683 inquit,
1204 4623 1325 4682 qua!
1377 4626 1505 4669 sunt
1552 4630 1720 4683 gene-

160 4714 399 4767 rationis
427 4712 646 4771 divinze,
697 4724 821 4777 quae
868 4721 1035 4775 super
1087 4719 1303 4759 omnem
1358 4706 1718 4760 substantiam

160 4813 265 4868 est,
294 4818 410 4856 non
445 4807 841 4855 convertuntur
884 4796 951 4849 ad
996 4796 1248 4849 invicem.
1300 4795 1414 4849 Iloc
1444 4795 1589 4848 enim
1625 4811 1731 4850 no—i

110 4892 125 4908 '
164 4910 288 4949 men
325 4889 702 4963 generationis
756 4888 958 4943 divinae
986 4887 1198 4941 Patrem
1237 4896 1289 4939 et
1335 4884 1531 4939 Filium
1578 4885 1721 4938 dun-

163 4993 313 5041 taxat
354 4980 603 5050 respicit,
650 4994 773 5034 cum
829 4978 921 5032 ille
974 4985 1219 5048 generet,
1271 4975 1361 5028 hic
1407 4984 1717 5044 generetur.

163 5077 290 5133 llocv
320 5084 511 5131 autem
561 5072 905 5127 manifestius
954 5076 1201 5139 apparet,
1250 5082 1373 5121 cum
1419 5068 1717 5137 subiungit,

163 5186 285 5224 cum
316 5168 483 5221 Pater
526 5179 633 5218 non
663 5163 733 5217 sit
760 5160 1087 5224 Filius,‘nec
1129 5158 1299 5213 Filius
1331 5158 1489 5212 Pater
1520 5177 1537 5215 ;
1571 5170 1721 5228 patet

163 5262 326 5330 igitur
354 5255 507 5327 quod
550 5240 811 5325 generare
854 5262 913 5307 et
957 5253 1125 5322 ipsam
1174 5250 1558 5319 paternitatem
1616 5252 1718 5305 soii

159 5350 305 5405 Patri
340 5349 615 5411 tribuens,
650 5345 826 5400 solum
864 5343 1066 5399 fontem
1098 5357 1222 5397 eum
1269 5345 1347 5395 ait
1394 5342 1718 5407 divinitatis,

163 5455 226 5493 ac
270 5440 315 5491 si
364 5437 623 5491 diceret:
657 5435 820 5490 Solus
850 5435 1011 5488 Pater
1036 5473 1053 5498 ,
1109 5434 1260 5487 solu's
1296 5447 1567 5501 generans
1610 5443 1717 5497 est,

157 5544 259 5585 nec
286 5530 407 5599 ipse
452 5535 779 5597 generatus,
813 5541 915 5582 nec
967 5526 1136 5580 Filius
1179 5539 1469 5594 generans,
1501 5541 1625 5581 cum
1656 5540 1729 5581 ea

158 5634 277 5693 qua
304 5628 439 5678 sunt
466 5617 835 5693 generationis
858 5616 1055 5673 divina:
1089 5630 1199 5673 non
1224 5624 1618 5675 convertantur
1648 5619 1715 5674 ad

1825 4452 2028 4521 petiisti
2079 4466 2180 4519 pro
2232 4466 2389 4520 posse
2432 4454 2722 4521 complevi.
2770 4454 2899 4520 Qua:
2952 4457 3098 4510 enim
3146 4471 3263 4514 acta
3318 4463 3369 4516 in

1824 4544 2058 4597 concilio
2087 4542 2312 4598 fuerunt
2341 4559 2404 4597 ex
2453 4555 2605 4613 parte
2638 4547 2875 4609 narravi,
2911 4549 3194 4617 utriusque
3222 4564 3369 4618 quae.

1824 4633 2015 4687 Stionis
2048 4635 2289 4690 rationes
2338 4636 2578 4690 breviter
2609 4621 3019 4713 reddidi..~Quai
3060 4641 3371 4695 inferuntur
3426 4698 3431 4699 ,

1824 4723 2263 4780 inconvenientia
2305 4737 2494 4781 contra
2528 4730 2818 4783 veritatem
2865 4731 3227 4801 conclusionis
3259 4734 3370 4785 site

1822 4832 1885 4869 ex
1920 4817 2232 4871 rationibus
2272 4818 2728 4880 adversariorum,
2778 4820 2897 4873 sive
2935 4835 2998 4872 cx
3034 4823 3366 4875 auctoritati-

1822 4904 1924 4958 bus
1958 4904 2241 4958 doctorum
2289 4905 2451 4959 solvi.
2482 4905 2547 4959 Et
2576 4906 2796 4972 quidem
2831 4900 2897 4959 uti
2923 4915 3055 4975 puto
3099 4908 3370 4963 suiiicien-

1824 5002 1923 5047 ter.
1954 4995 2030 5048 Ex
2056 4994 2275 5062 quibus;
2308 4996 2362 5047 ni
2398 4996 2573 5056 fallor,
2610 4996 2734 5051 ﬁdei
2767 5006 2966 5061 nostris
3018 4998 3223 5053 veritas
3256 5002 3367 5054 cla-

1823 5086 2035 5139 rissime
2066 5085 2290 5154 probata
2342 5093 2448 5137 est.
2475 5084 2650 5137 Tuum
2705 5099 2833 5139 vero
2861 5086 2969 5138 erit
3010 5096 3063 5140 et
3106 5089 3363 5157 aliorum,

1823 5189 2053 5245 quorum
2086 5176 2138 5227 in
2180 5188 2369 5226 manus
2400 5174 2504 5226 hoc
2535 5188 2673 5241 opus
2694 5172 3001 5245 legendum
3029 5182 3363 5245 pervenerit,

1821 5272 2024 5317 attente
2061 5262 2264 5331 absque
2296 5262 2548 5332 passione
2594 5264 2811 5330 saepius.
2842 5264 3033 5318 eadem
3056 5264 3265 5332 'icgere
3310 5278 3367 5321 et

1824 5353 2175 5420 relegere;et
2202 5351 2343 5407 bene
2366 5366 2486 5420 quae
2536 5352 2589 5405 in
2633 5365 2701 5404 eo
2746 5352 2888 5415 dicta
2940 5365 3067 5409 sunt
3121 5361 3365 5415 contem-

1822 5441 1988 5508 plari;
2022 5439 2271 5495 fortassis
2300 5441 2501 5493 etenim
2552 5452 2660 5492 non
2698 5438 2927 5503 inutilis,
2962 5454 3135 5508 neque
3170 5440 3365 5496 labori

1820 5542 2010 5586 nostro
2068 5530 2459 5586 inconveniens
2509 5545 2605 5583 vos
2650 5530 2862 5591 fructus
2912 5532 3403 5601 sequetur;_sed'.

1821 5621 1994 5692 qualis
2040 5621 2263 5678 maximi
2306 5621 2701 5681 existimandus
2750 5632 2853 5677 est.
2910 5621 3191 5697 Stquidem
3247 5621 3365 5677 veri
