4122 6326
725 251 828 312 447

726 378 828 415 nec
858 360 1168 429 inquirendi
1214 358 1543 414 fructuosior
1574 360 1724 415 labor
1752 370 1857 425 est,
1912 374 2014 413 nec
2066 357 2272 411 inventi

656 492 662 497 .
725 452 1017 520 pretiosior
1041 454 1271 505 fructus.
1304 449 1405 503 Sed
1438 459 1564 503 ante
1603 451 1786 503 omnia
1814 459 2136 503 sanctorum
2169 448 2273 501 Pa-

729 547 872 590 trum
897 549 951 591 et
981 536 1262 590 doctorum
1286 537 1702 590 occidentalium
1724 538 2099 601 auctoritates,
2136 549 2276 603 quas

730 642 853 680 cum
887 628 973 679 his
1003 626 1163 681 simul
1198 626 1263 679 ad
1308 635 1359 679 te
1394 617 1572 691 mitto,
1628 627 1891 695 legentes,
1953 634 2160 679 attente
2209 638 2274 676 ex

710 719 826 796 .his
854 719 1120 785 colli-‘zetis
1161 718 1514 787 problematis
1541 719 1703 787 huius
1744 718 2097 772 clarissimam
2132 716 2277 767 veri-

1686 245 2182 310 BESSARIONIS
2217 248 2272 309 S.
2302 248 2368 305 li.
2417 245 2482 303 Ε.
2519 242 2979 303 CARDINALIS

2378 355 2599 407 Patrum
2650 353 3003 407 auctoritates
3036 338 3318 420 ‘facillime
3377 353 3664 413 arguentes
3702 359 3714 394 :
3747 341 3939 393 omnis

2382 445 2587 498 etenim
2648 442 2785 496 ratio
2838 441 2923 495 his
2974 437 3361 492 contradicens
3416 428 3762 502 reprob'anda
3820 438 3937 491 est,

2384 542 2640 601 tanquam
2668 531 2889 585 veritati
2925 529 3193 582 contraria
3214 566 3227 589 ,
3262 524 3531 593 siquidem
3566 523 3757 575 Patres
3787 520 3941 572 veri-

2383 633 2548 678 tatem
2576 623 2741 677 locuti
2772 629 2921 675 sunt.
2944 620 3025 673 Tu
3055 633 3184 670 vero
3214 632 3318 669 una
3345 631 3468 669 eum
3492 612 3933 667 Occidentalium

2382 715 2600 769 Patrum
2635 711 2965 767 testimoniis
3001 710 3162 762 etiam
3193 706 3401 774 aliquas
3432 702 3792 757 Orientalium
3832 715 3942 751 au-

2383 805 2663 858 ctoritates
2689 820 2718 856 a
2755 803 2913 855 nobis
2931 802 3138 868 accipe.
3157 808 3211 851 ut
3244 797 3406 850 etiam
3444 795 3581 848 istos
3608 792 3799 846 eadem
3828 790 3945 841 tum

2383 892 2649 954 dicentes,
2674 891 2979 958 intelligas;
3003 897 3059 940 et
3091 902 3195 939 non
3221 884 3394 938 solum
3431 880 3722 937 sententia.
3744 890 3941 930 verum

2381 982 2545 1037 etiam
2573 982 2708 1051 ipsis
2736 980 2921 1053 verbis
2952 992 3050 1032 eos
3085 978 3406 1045 plerumque
3445 988 3562 1027 esse
3610 966 3945 1023 concordes.

733 820 913 863 tatem.
947 810 1000 862 Si
1035 813 1125 878 qui
1164 825 1296 863 vero
1325 825 1434 863 non
1463 811 1738 873 veritatis,
1773 810 1868 863 sed
1905 807 2279 863 contentionis

731 897 910 961 amici,
942 907 1031 949 aut
1084 896 1218 951 meis
1250 897 1578 962 rationibus,
1620 906 1717 951 aut
1764 897 2000 966 dogmati
2053 896 2280 947 Latiuo-
2322 938 2323 943 η

732 1001 849 1039 rum
907 988 1190 1041 iastantias
1242 988 1501 1049 inferant,
1554 1002 1652 1042 eos
1688 986 2003 1040 deridentes
2065 997 2120 1039 et
2182 1000 2281 1053 per

912 1379 1781 1540 EJUSDEM
1892 1380 2437 1533 CARD.
2545 1373 3780 1532 BESSARIONIS

1658 1683 1805 1767 AD
1880 1678 2361 1769 GRAECOS
2436 1680 3020 1772 EPISTOLA

742 1888 1299 1957 EXHORTANTIS
1369 1888 1516 1949 EOS
1592 1892 1698 1950 AD
1770 1892 2317 1955 OBEDIENTIAM
2395 1893 2973 1953 SACROSANCTZE
3053 1891 3414 1951 ROMAN/E
3504 1890 3951 1962 ECCLESIE,

1484 2014 1586 2071 ET
1661 2011 2243 2071 SCSCEPTIONEM
2308 2012 2601 2072 SYNODI
2656 2010 3210 2079 FLORENTINAE,

973 2132 1068 2191 ET
1115 2133 1217 2193 DE
1267 2130 1715 2193 ELECTlONE
1753 2133 1892 2192 SUA
1929 2132 2005 2191 ΙΝ
2039 2118 2606 2202 ΡΑΊἮΙᾹΒΕΗΑΜ
2662 2129 3711 2192 (ΣΟΝΞΤΛΝΤΙΝΟΡΟῌΤΑΝΗΜ,

2023 2444 2663 2508 .ARGUMENTL'M.

820 2612 991 2669 Graeci
1026 2612 1219 2674 nostri,
1253 2622 1469 2667 mortuo
1498 2608 1735 2677 Iosepho
1767 2608 2074 2677 patriarcha
2109 2609 2715 2677 Constantinopolitano
2759 2608 3047 2662 Fiorentiaa
3071 2650 3085 2671 ,
3113 2608 3422 2661 noluerunt
3469 2609 3709 2661 alterum
3743 2611 3953 2681 eligere

747 2716 806 2758 et
832 2706 885 2757 in
911 2692 1088 2759 locum
1118 2703 1386 2757 demortui
1418 2702 1747 2756 substituere
1768 2739 1783 2763 ,
1822 2716 1984 2767 quem
2017 2699 2370 2753 conﬁrmaret
2398 2715 2643 2753 summus
2683 2700 2920 2768 pontifex
2958 2700 3228 2768 Eugenius
3265 2699 3354 2761 IV,
3383 2703 3527 2768 quod
3559 2703 3805 2758 dicerent
3834 2723 3886 2758 ιιι
3911 2722 3952 2758 ιι

750 2810 873 2848 esse
907 2796 1074 2847 moris
1114 2808 1237 2846 eum
1265 2780 1498 2860 eli'gendi
1534 2802 1685 2845 extra
1715 2790 2267 2859 Constantinopolim.
2299 2792 2511 2854 Quibus
2542 2792 2854 2843 excusando
2886 2804 2943 2841 se
2992 2792 3385 2844 humanissime
3430 2795 3667 2861 pontifex
3723 2812 3955 2865 respon-

750 2884 851 2947 dit,
880 2899 939 2935 se
974 2874 1078 2935 non
1109 2897 1269 2950 posse
1310 2883 1582 2949 deponere
1611 2881 1863 2932 Latinum
1910 2882 2269 2947 patriarcham
2324 2881 2620 2940 titularem,
2661 2880 2766 2931 nisi
2796 2880 2969 2932 Graeci
3005 2891 3377 2952 proponerent
3420 2883 3649 2937 alterum
3702 2887 3955 2939 Graecum

752 2977 825 3029 ibi
862 2975 951 3026 ubi
983 2972 1359 3027 celebrabatur
1392 2972 1684 3025 concilium
1713 3012 1726 3034 ,
1759 2987 1788 3022 a
1823 2986 1881 3024 se
1910 2971 2367 3024 conﬁrmandum.
2396 2972 2567 3035 Quem
2607 2980 2788 3047 autem
2817 2981 3006 3038 postea
3038 2970 3507 3040 ConstantinOpoli
3554 2976 3789 3042 primum
3835 2978 3955 3031 ele-

750 3069 949 3138 gerint,
983 3082 1091 3120 non
1121 3068 1256 3121 adeo
1283 3075 1517 3121 constat.
1568 3067 1623 3118 In
1680 3065 1909 3117 historia
1967 3079 2126 3132 quam
2161 3065 2379 3132 scripsit
2424 3076 2609 3118 nostra
2639 3076 2798 3119 aetate
2829 3065 3168 3120 Theodosius
3193 3067 3504 3137 Zygomalas
3540 3071 3606 3122 ad
3658 3071 3955 3125 Martinum

742 3163 1003 3217 Crusium
1054 3161 1386 3223 hereticum,
1421 3160 1589 3215 fertur
1618 3161 1785 3214 fuisse
1833 3160 2125 3229 Gregorius
2157 3160 2602 3229 Protosyngelus.
2661 3171 2721 3215 ut
2762 3161 3067 3216 notavimus
3112 3162 3169 3213 in
3212 3177 3248 3213 ιι
3300 3163 3439 3216 libro
3466 3162 3533 3217 dc
3587 3164 3966 3219 Sacramentis

754 3270 948 3308 versus
978 3256 1158 3307 liuent.
1192 3253 1549 3306 Doctissimus
1573 3252 1967 3322 Caryophyllus
1996 3254 2047 3305 in
2083 3253 2223 3305 libro
2249 3255 2493 3323 quinque
2530 3255 2790 3323 capitum,
2825 3270 2988 3324 quem
3026 3255 3078 3307 in
3110 3254 3346 3323 linguam
3379 3256 3558 3308 tritam
3592 3265 3648 3311 et
3685 3273 3965 3312 vernacu-

754 3347 860 3399 lam
895 3346 1203 3401 Graecorum
1239 3346 1421 3408 vertit,
1453 3361 1519 3398 ex
1550 3345 1669 3398 aliis
1698 3344 1977 3398 hismricis
2007 3346 2206 3414 colligit
2241 3346 2402 3401 fuisse
2430 3348 2843 3413 Bessarionem,
2885 3347 3030 3415 quod
3070 3362 3169 3416 ego
3204 3363 3309 3401 non
3335 3347 3519 3411 credo,
3553 3350 3769 3404 fecisset
3804 3355 3959 3406 enim

752 3439 950 3492 alicubi
986 3455 1048 3493 ca
1084 3438 1151 3493 de
1193 3453 1250 3492 re
1282 3437 1571 3492 Bessarion
1604 3438 1961 3491 mentionem.
1997 3438 2199 3492 Ferunt
2229 3454 2354 3492 eum
2400 3439 2579 3501 facere
2622 3439 2954 3493 mentionem
2994 3440 3047 3491 in
3099 3439 3201 3493 hac
3231 3442 3344 3508 ipsa
3379 3439 3607 3507 epistola
3640 3456 3762 3495 cum
3796 3442 3958 3506 dicit,

751 3550 811 3588 se
839 3536 1093 3591 habuisse
1124 3520 1268 3589 inter
1290 3532 1508 3589 Grecos
1541 3548 1784 3587 summos
1816 3535 2076 3588 honores.
2106 3536 2173 3587 At
2208 3534 2310 3587 hoc
2342 3534 2639 3588 verisimile
2665 3545 2749 3588 est
2781 3549 2905 3588 eum
2941 3534 3127 3588 dicere
3158 3544 3382 3603 prOpter
3413 3536 3713 3593 doctrinam
3736 3548 3792 3590 et
3826 3554 3964 3604 pru-

753 3629 990 3683 dentiam
1026 3648 1038 3681 :
1075 3627 1313 3695 alioquin
1346 3628 1509 3680 etiam
1541 3627 1837 3679 imberbem
1867 3634 1923 3680 et
1944 3627 2204 3695 juvenem
2233 3625 2374 3694 apud
2410 3627 2768 3694 imperatores
2796 3644 2905 3696 prae
2933 3630 3143 3682 caeteris
3169 3630 3400 3696 ephebis
3448 3630 3502 3683 in
3551 3630 3757 3684 honore
3800 3630 3969 3684 habi-

756 3733 869 3774 tum
900 3721 1067 3774 fuisse
1095 3727 1343 3773 testatur.
1374 3718 1479 3771 Sed
1508 3733 1658 3782 eum,
1690 3718 1843 3771 aiunt
1868 3759 1882 3782 ,
1924 3719 2239 3772 substitisse
2279 3719 2465 3771 Roma:
2495 3719 2825 3772 cardinalem
2855 3730 3122 3773 creatum.
3154 3720 3206 3774 Si
3242 3721 3544 3791 intelligant
3574 3722 3965 3777 Bessarionem

756 3820 877 3877 post
901 3810 1189 3863 concilium
1218 3822 1325 3861 non
1353 3807 1522 3861 fuisse
1555 3822 1830 3861 reversum
1859 3809 1911 3860 in
1948 3807 2233 3872 Grmciam,
2287 3808 2484 3861 falsum
2513 3820 2599 3863 est
2622 3848 2634 3870 ,
2672 3818 2731 3862 ut
2763 3819 2978 3863 constat
3009 3826 3073 3863 ex
3101 3812 3327 3880 epistola
3360 3813 3701 3869 Bessarionis
3730 3814 3796 3868 ad
3832 3816 3969 3869 Las-

725 3902 922 3971 ,carim
959 3903 1491 3969 Philanthropinum,
1519 3902 1667 3954 circa
1702 3904 2029 3968 prommium
2054 3942 2068 3965 ,
2092 3902 2201 3953 'ubi
2233 3917 2283 3954 rc

2382 3905 2581 3955 ‘iuntur
2608 3903 2718 3956 haec
2750 3905 2911 3957 verba
2933 3943 2948 3967 ,
2990 3909 3121 3973 μετὰ
3152 3908 3250 3975 τὴν
3282 3909 3763 3977 γινομένην’ἁγίαν
3797 3912 3971 3964 σύνο-

756 3995 863 4056 δον,
896 3996 990 4044 καὶ
1018 3994 1115 4062 τὴν
1148 3995 1226 4054 εἰς
1263 3990 1840 4043 Κωνσταντινοὺπολιν
1879 3991 2036 4059 ἡμῶν
2091 3992 2283 4043 ὲπάνοδ

2382 4002 2528 4060 ipost
2552 3994 2868 4047 celebratum
2918 4012 3125 4067 sacrum
3174 4000 3474 4065 concilium,
3522 4010 3569 4052 et
3611 4010 3857 4054 nostrum
3913 4004 3972 4055 in

759 4085 1258 4155 Constantinopolim
1310 4084 1553 4137 reditum.
1596 4083 1653 4136 Si
1688 4090 1869 4135 autem
1922 4083 2229 4151 intelligant
2258 4100 2381 4137 eum
2416 4085 2565 4138 brevi
2595 4087 2905 4139 substitisse
2937 4086 2990 4139 in
3040 4104 3102 4141 ea
3142 4091 3276 4143 urbe
3303 4101 3355 4143 et
3387 4106 3662 4147 reversum
3706 4096 3879 4149 fuisse
3918 4099 3971 4147 in

755 4170 997 4237 italiam.
1026 4178 1273 4246 qnamvis
1300 4190 1407 4229 non
1434 4176 1505 4229 sit
1526 4184 1760 4237 certum,
1791 4183 1972 4228 tamen
2002 4176 2118 4229 fieri
2150 4184 2349 4246 potest,
2380 4186 2433 4229 et
2470 4187 2599 4231 tunc
2633 4176 2824 4229 debuit
2852 4173 3149 4231 historicus
3174 4179 3388 4243 dicere.
3419 4187 3665 4249 quamvis
3694 4186 3977 4241 Constan-

763 4272 986 4337 tin0p0li
1039 4285 1278 4340 praesens
1324 4270 1527 4323 electus
1556 4271 1740 4331 fuerit,
1774 4270 1950 4324 noluit
2001 4279 2178 4323 tamen
2217 4278 2526 4337 acceptare.
2579 4270 2893 4323 Secundum
2935 4272 3086 4323 aiunt
3120 4272 3283 4323 luisse
3326 4271 3757 4340 Metropltanem,
3804 4295 3919 4345 quc
3948 4300 3974 4331 ,ι

761 4362 1001 4416 mordaci
1040 4369 1334 4416 scommate
1377 4376 1474 4430 per
1498 4370 1873 4429 contemptum
1905 4360 2177 4414 vocabant
2208 4377 2283 4427 μη

2382 4361 2572 4426 φόνον,
2620 4370 2675 4414 et
2710 4358 3112 4430 tppatptipxry,
3143 4363 3365 4414 tertium
3410 4361 3730 4429 Gregorium
3778 4380 3979 4433 proto-

760 4454 1038 4523 syngclum
1072 4494 1085 4517 ,
1135 4453 1225 4521 qui
1263 4453 1364 4506 fuit
1395 4468 1425 4506 a
1463 4452 1904 4508 confessionibus
1940 4454 2165 4509 Joannis
2201 4455 2483 4522 PalreOIOgi
2534 4457 2877 4526 imperatoris
2910 4493 2925 4517 ,
2987 4466 3041 4508 et
3087 4456 3262 4507 tenuit
3311 4455 3489 4508 locum
3529 4454 3885 4512 Alexandrini
3922 4462 3977 4515 in

762 4546 987 4615 synodo.
1024 4546 1087 4598 Hi
1124 4560 1313 4599 omnes
1340 4546 1565 4599 fuerunt
1588 4561 1652 4599 ex
1679 4546 1933 4600 Patribus
1961 4547 2202 4609 concilii,
2238 4547 2329 4612 q‘ui
2366 4547 2806 4615 subscripserant
2827 4589 2842 4611 ,
2869 4556 3376 4615 et.permanserunt
3402 4557 3718 4601 constantes
3752 4550 3978 4601 incon-

762 4639 947 4693 cordia
983 4645 1037 4691 et
1076 4637 1278 4690 unione
1313 4652 1434 4691 cum
1465 4636 1706 4690 Ecclesia
1740 4636 2003 4689 Romana.
2041 4637 2209 4689 Porro
2254 4638 2321 4689 de
2352 4637 2613 4706 Gregorio
2646 4641 3028 4709 protosyngelo
3068 4656 3181 4692 δῖνα
3216 4640 3379 4693 fuerit
3415 4640 3625 4707 primus
3648 4679 3662 4701 ,
3703 4642 3822 4692 sive
3861 4652 3983 4692 ιρι-ο

765 4733 891 4795 tius,
933 4732 1033 4783 hoc
1059 4738 1265 4784 certum
1297 4738 1401 4790 est,
1423 4743 1547 4782 eum
1576 4737 1768 4797 sponte
1796 4730 2033 4782 cessisse
2066 4730 2445 4796 patriarchatu
2469 4769 2484 4788 ,
2512 4743 2566 4782 et
2596 4746 2661 4783 eo
2690 4714 2915 4784 munere
2960 4716 3242 4799 dignitatis
3298 4748 3355 4787 se
3402 4732 3705 4794 abdicasse,
3756 4734 3872 4786 imo
3927 4744 3982 4787 et

765 4827 949 4879 Roma:
978 4838 1035 4877 se
1061 4822 1351 4891 recepisse,
1390 4836 1452 4873 ac
1481 4820 1813 4874 inhabitasse
1842 4821 2234 4872 monasterium
2274 4820 2332 4873 S.
2368 4812 2671 4888 Georgiiin
2722 4822 2951 4875 Velabro
2976 4864 2995 4903 η
3025 4804 3213 4890 ιιι-ὀρθ,
3258 4823 3455 4876 Forum
3521 4822 3801 4887 Boarium.
3866 4823 3982 4879 lloc

768 4926 938 4965 totum
967 4912 1191 4978 contigit
1220 4920 1463 4979 tempore
1490 4907 1693 4965 Nicolai
1725 4910 1784 4973 V,
1812 4911 1906 4978 qui
1936 4910 2097 4962 etiam
2125 4910 2316 4961 scribit
2349 4909 2413 4960 ad
2451 4909 2867 4963 Constantinum
2904 4914 3687 4979 postremum’imperatorem,
3738 4923 3795 4966 et
3837 4929 3977 4966 eum

772 5004 1041 5067 hortatur,
1074 5011 1134 5056 ut
1169 5002 1449 5071 proprium
1473 5000 1861 5077 patriarcham,
1890 5015 1997 5053 non
2030 5010 2087 5053 nt
2121 5002 2414 5067 quemdam
2438 5000 2683 5067 aliquem
2718 5004 2894 5054 tennis
2920 5001 3152 5055 fortuna:
3193 4992 3527 5059 sacerdotem
3563 5007 3761 5059 misere
3789 5006 3982 5060 vixere

770 5095 912 5148 sinat
938 5130 963 5167 ,η
988 5096 1082 5147 sed
1140 5106 1200 5147 ut
1253 5096 1412 5149 decet
1459 5091 1652 5149 verum
1704 5096 2069 5164 patriarcham
2111 5094 2797 5163 Constantinopolitanum,
2857 5110 3200 5161 summOpere
3240 5096 3338 5162 ipsi
3388 5096 3827 5150 commendando
3890 5114 3981 5152 ro-

772 5198 881 5257 gat,
914 5196 973 5242 ut
998 5202 1123 5242 eum
1150 5187 1327 5241 redire
1356 5189 1423 5241 ad
1459 5202 1619 5241 suum
1653 5190 1910 5242 thronum
1939 5198 2095 5242 curet
2131 5203 2144 5240 :
2176 5188 2339 5255 eique
2376 5202 2599 5243 reverso
2633 5191 2817 5247 cuncti
2870 5191 3134 5243 honorem
3167 5197 3221 5240 et
3249 5189 3617 5256 obedientiam
3650 5193 3975 5251 exhibeant.

771 5280 1031 5335 Eumdem
1060 5279 1239 5332 ferunt
1284 5286 1405 5346 post
1433 5279 1639 5331 obitum
1672 5278 2159 5347 θαυματουργῆσιι
2182 5316 2197 5336 .
2227 5278 2463 5331 edidisse
2494 5282 2776 5334 miracula.
2810 5281 2882 5334 De
2913 5281 3103 5333 eodem
3132 5262 3414 5351 Gregorio,
3447 5286 3515 5339 de
3547 5287 3756 5343 Isidoro
3802 5293 3980 5347 etiam

773 5374 1145 5433 Rutbenornm
1174 5372 1440 5433 antistite,
1474 5382 1528 5425 et
1560 5372 1881 5426 Bessarione
1917 5374 1997 5427 sic
2030 5358 2228 5425 scribit
2255 5370 2385 5424 Pius
2418 5376 2691 5429 secundus
2720 5375 2859 5428 libro
2891 5392 2942 5427 xi
2986 5377 3040 5427 in
3073 5377 3186 5428 suis
3218 5377 3655 5445 Commentariis,
3679 5387 3845 5437 circa
3872 5395 3985 5440 ter-

775 5467 901 5520 tiam
934 5474 1139 5535 partem
1168 5464 1295 5517 libri
1326 5481 1339 5517 :
1372 5484 1390 5515 ι
1438 5464 1589 5517 llum
1633 5482 1839 5524 annum.
1866 5468 1971 5520 viri
2022 5474 2133 5520 tres
2171 5466 2223 5517 in
2277 5464 2518 5521 Ecclesia
2569 5470 2943 5537 prmcellentes
2981 5470 3250 5537 insignem
3294 5473 3591 5527 morientes
3636 5477 3976 5531 reddidere:

777 5552 986 5621 primus
1011 5552 1111 5605 fuit
1136 5552 1374 5609 lsidorus
1405 5555 1693 5610 cardinalis
1724 5556 2008 5626 episcopus
2036 5554 2503 5627 S_ihinensis,'qui
2548 5560 2642 5615 diu
2670 5570 2827 5614 antea
2866 5574 3163 5629 percussus
3207 5562 3489 5634 a‘p0plexia
3515 5564 3836 5633 perdiderat
3859 5581 3981 5621 serv
