4122 6326
211 339 311 437 tsi

1325 358 1729 447 iamcum
1766 387 1862 446 AD
1895 389 2220 455 cumcos.

3278 392 3384 460 4ίῖ

210 488 427 554 φρονεῖν
450 488 587 556 ὑμᾶς
606 508 662 542 τε
692 493 1006 563 παρακαλῶ,
1053 498 1137 548 κατ
1166 496 1257 549 τοῦ
1290 498 1424 551 Θεοῦ
1456 500 1657 551 δεῖσθαι
1686 498 1745 550 οὐ

1846 519 1944 557 nec
1970 502 2375 574 despiciendum
2396 506 2551 561 vobis
2564 506 2751 560 volens
2767 516 2820 560 et
2838 505 3154 574 deprecans,
3177 506 3223 561 si
3240 508 3383 577 quod

210 578 512 647 παύσομαι.
540 582 687 635 Θέλω
718 585 823 655 γὰρ
854 586 1053 651 πάντας
1082 584 1217 641 εἶναι
1258 589 1335 651 ὡς
1360 588 1531 655 κάγὼ,
1566 590 1625 641 οὐ
1658 608 1743 657 μι-

207 668 340 743 κρόν
364 688 416 723 τι
447 670 603 724 τοῦτο
631 673 801 727 θέλων
832 694 913 739 τε,
964 680 1053 730 καὶ
1106 681 1391 748 εὐχόμενος
1420 680 1566 748 ὑμῖν.
1622 680 1743 733 Οὐδ’

205 759 692 833 εὐκαταφρόνητον,
721 768 953 837 ἀδελφοὶ,
992 771 1208 837 ἀγαθὸν,
1240 773 1287 823 εί
1326 772 1462 840 ὅπερ
1505 772 1742 839 ἐμαυτῷ,

204 849 363 904 τοῦτο
388 856 479 905 καὶ
511 856 641 922 ὑμῖν
664 857 913 925 ἐπιθυμῶ
957 862 1156 927 ἀγαθόν
1177 878 1189 892 ο
1225 863 1440 931 μείζονα
1466 864 1571 929 γὰρ
1604 863 1742 928 ἀγάη

203 956 314 1011 πην
341 944 441 996 οὐκ
464 944 529 997 ἂν
555 947 670 1017 ἔχοι
699 967 783 1012 τις
814 952 891 1020 τῷ
922 952 1141 1020 πλησίον
1165 952 1512 1018 ἐνδείξασθαι,
1540 953 1571 1019 ἢ
1603 953 1744 1019 άπερ

202 1032 381 1104 ἐαυτῷ
416 1037 647 1107 κάκείνῳ
668 1040 953 1110 εὐχόμενος
980 1044 1208 1111 τάγαθά.
1250 1043 1597 1110 Ἀγαπήσεις
1616 1044 1741 1111 γὰρ,

202 1125 361 1190 φησὶ.
413 1128 520 1179 τὸν
577 1132 845 1194 πλησίον
874 1132 1088 1197 σουώς
1125 1133 1355 1185 ἑαυτόν.
1396 1132 1505 1184 Καὶ
1555 1132 1741 1184 τούτου

203 1213 391 1278 μᾶζαν
434 1216 532 1269 οὐκ
575 1219 797 1272 ἀπαιτεῖ
848 1221 972 1289 παρ’
1013 1221 1182 1290 ⁴ἡμῶν
1211 1223 1238 1273 ό
1286 1220 1440 1286 Θεὸς,
1482 1221 1557 1283 ὡς
1588 1222 1744 1273 τοῦτο

201 1302 304 1368 τῆς
362 1303 533 1369 ἄκρας
588 1308 806 1377 ἀγάπης
869 1309 929 1362 δν
992 1311 1205 1378 δεῖγμα,
1274 1311 1406 1362 Οὐδὲ
1472 1311 1580 1377 γὰρ
1635 1311 1743 1363 οὐδ’

202 1391 397 1459 ἀγνοίᾳ
441 1410 497 1445 τε
556 1397 650 1449 καὶ
699 1399 906 1468 ἀμαθίᾳ
962 1402 1142 1469 φαίητ’
1171 1401 1235 1454 ἂν
1272 1403 1416 1469 ἡμᾶς
1471 1404 1569 1469 τῆς
1617 1403 1743 1464 ἀλη-

200 1478 353 1541 θείας
401 1482 725 1553 ἀποτυχεῖν,
784 1490 978 1553 εἰδότες
1037 1493 1098 1543 ἐκ
1154 1490 1358 1543 παίδων
1417 1507 1475 1541 τε
1521 1494 1613 1543 καὶ
1660 1490 1746 1544 διὰ

203 1568 378 1634 λόγων
443 1572 711 1639 ἠγμένους
774 1580 866 1631 καὶ
929 1580 988 1633 τό
1024 1598 1084 1639 γε
1132 1580 1262 1648 παρ’
1313 1583 1443 1649 ἡμῖν
1486 1581 1642 1634 τοῦτο
1686 1586 1746 1633 τὸ

203 1657 372 1746 μέρος
415 1659 625 1722 οὐδενὸς
678 1664 834 1726 ὄντας
882 1667 1195 1737 δευτέρους,
1248 1673 1447 1742 πολλήν
1487 1674 1581 1727 τε’
1620 1678 1745 1746 περὶ

201 1745 361 1797 τοῦτο
442 1749 504 1799 τὸ
560 1750 731 1817 δόγμα
795 1755 1291 1825 καταϐαλλομένους
1342 1762 1593 1833 σπουδὴν,
1652 1745 1744 1817 καὶ

204 1837 310 1902 τὴν
346 1837 622 1905 ἀλήθειαν,
651 1842 726 1907 ᾡς
755 1842 895 1907 ἐνὸν,
947 1822 1383 1914 ἀνιχνεῦσαντας.
1416 1822 1611 1904 Kal-ri
1643 1855 1744 1921 γὰρ
1773 1822 1817 1880 Β

202 1927 336 1979 ἄλλο
373 1931 517 1991 είκὸς
556 1931 767 1985 ἑλέσθαι
806 1934 1125 2003 βουληθῆναι
1181 1939 1463 2005 ἄνθρωπον
1510 1942 1572 1993 ἐκ
1623 1945 1745 1995 νέου

199 2016 292 2069 διὰ
328 2023 674 2090 μετριότητός
702 2040 759 2075 τε
804 2030 893 2077 καὶ
933 2027 1310 2089 ταπεινώσεως
1352 2029 1607 2096 ἠγμένον,
1657 2033 1745 2081 καὶ

201 2110 266 2159 ἐν
296 2110 539 2178 ὑποταγῇ
575 2115 667 2163 καὶ
715 2116 940 2182 ἀρνήσει
993 2118 1084 2168 τοῦ
1122 2119 1250 2168 ἰδίου
1300 2118 1596 2189 θελήματος
1649 2122 1746 2189 ζή-

203 2215 395 2260 σαντα,
438 2202 511 2260 ὠς
535 2202 669 2265 ἐνὸν,
701 2205 795 2254 σὺν
840 2204 983 2273 Θεῷς
1019 2200 1272 2273 (είρησθω
1295 2207 1349 2258 δὲ
1384 2208 1510 2260 ἄνευ
1538 2210 1748 2275 καυχή-

201 2288 364 2346 σεως)
426 2288 594 2339 πολλὰ
642 2292 769 2358 περὶ
819 2292 916 2358 τῆς
970 2295 1063 2345 τοῦ
1106 2296 1307 2361 κόσμου
1358 2297 1741 2363 ματαιότητος,

201 2375 378 2425 πολλὰ
414 2377 537 2443 περὶ
571 2378 712 2444 ἠθῶν
745 2380 1097 2446 βελτιώσεως,
1132 2384 1296 2434 πολλὰ
1328 2384 1452 2449 περὶ
1487 2384 1589 2434 τῶν
1616 2386 1746 2436 ἀπο-

1850 594 1979 649 mihi
2051 596 2208 661 ipse.
2257 594 2361 649 hoc
2414 596 2787 653 etiam,vohis
2847 606 2976 664 opto
3044 596 3390 651 bonum.Eto

1850 687 1995 740 enim
2038 678 2295 756 majorem
2324 686 2641 741 charitatem
2670 686 2966 759 ostendere
3002 688 3248 755 proximo
3276 702 3385 742 non

1849 776 2072 831 haberet
2103 777 2321 844 aliquis,
2347 792 2505 844 quam
2539 776 2582 828 si
2614 790 2732 844 quae
2757 776 2884 838 sibi,
2909 775 3024 830 hac
3054 786 3108 830 et
3133 777 3208 830 illi
3260 792 3386 844 pre—

1850 876 2005 923 cetur
2036 866 2197 922 bona.
2228 865 2419 936 Diliges
2448 867 2615 927 enim,
2662 864 2859 934 inquit,
2888 866 3186 931 proximum
3214 874 3386 929 luunt,

1812 1006 1815 1011 .
1848 957 1981 1009 sicut
2010 954 2247 1020 teipsum,
2287 964 2341 1008 et
2384 954 2487 1007 hoc
2527 953 2701 1021 majus
2731 966 2759 1006 a
2788 953 2940 1007 nobis
2960 950 3104 1004 Deus
3137 964 3246 1002 non
3276 952 3389 1001 exi-

1848 1047 1946 1114 git,
1985 1046 2138 1113 quasi
2170 1045 2277 1098 hoc
2300 1059 2523 1098 summa:
2544 1042 2854 1097 dilectionis
2883 1041 2957 1095 sit
2978 1040 3253 1093 indicium.
3278 1039 3387 1092 Ne-

1848 1149 1952 1199 que
1983 1134 2127 1187 enim
2161 1134 2493 1202 ignoratione
2522 1140 2576 1185 et
2610 1132 2819 1185 inscitia
2847 1129 3041 1185 dicetis
3065 1143 3163 1184 nos
3191 1129 3385 1185 verita-

1851 1234 1955 1279 tem
2017 1239 2117 1277 uou
2152 1237 2456 1286 assecutos;
2502 1238 2624 1277 cum
2667 1223 2851 1277 sciatis
2899 1237 3000 1277 nos
3050 1221 3118 1276 ab
3163 1222 3386 1275 ineunte

1846 1323 2005 1370 aetate
2031 1314 2225 1369 studiis
2246 1315 2501 1379 imbutos,
2532 1324 2587 1369 et
2615 1314 2764 1383 quod
2793 1321 3001 1382 spectat
3021 1312 3087 1366 ad
3104 1312 3244 1367 hanc
3264 1326 3387 1381 par-

1850 1417 1976 1465 tem.
2028 1422 2193 1474 penes
2222 1423 2316 1460 vos
2367 1407 2498 1461 nulli
2538 1421 2655 1461 esse
2705 1406 3019 1461 secundos:
3055 1415 3110 1459 et
3156 1406 3383 1460 multum

1849 1497 2009 1549 studii
2037 1497 2176 1550 circa
2199 1496 2298 1549 hoc
2314 1497 2503 1564 dogma
2528 1496 2862 1556 adhibuisse,
2880 1504 2935 1549 et
2965 1510 3177 1557 verum,
3200 1510 3375 1563 quan-

1850 1595 1964 1639 tum
1999 1585 2113 1639 ﬁeri
2150 1587 2346 1654 potuit,
2372 1586 2742 1656 iuvestigasse,
2769 1597 2823 1639 et
2848 1585 3106 1654 quidnam
3135 1585 3277 1638 aliud
3295 1598 3387 1636 vc-

1850 1675 2077 1730 risimile
2120 1685 2201 1730 est
2233 1677 2503 1741 hominem
2533 1676 2732 1744 eligere
2767 1676 3003 1729 voluisse
3038 1691 3066 1728 a
3098 1670 3384 1744 iuventute

1852 1766 2113 1829 modeste,
2136 1774 2187 1818 et
2210 1766 2484 1820 humiliter
2519 1766 2805 1821 educatum
2827 1774 2883 1819 et
2910 1750 3239 1831 institutum,
3265 1766 3387 1833 qui-

1845 1840 1950 1923 que
1979 1856 2081 1908 sub
2114 1855 2443 1920 obedientia,
2466 1865 2522 1911 et
2545 1855 2898 1922 abnegatione
2929 1870 3039 1910 suae
3062 1855 3379 1921 voluntatis,

1846 1958 1944 2011 pro
1979 1945 2144 2006 virili,
2177 1945 2557 2015 .Deojuvante,
2592 1944 2756 1999 vitam
2781 1945 2951 1999 vixit?
2982 1946 3074 2013 qui
3108 1944 3268 2014 (absit
3293 1960 3390 1997 au-

1846 2041 1950 2085 tem
1997 2033 2278 2101 jactantia)
2328 2034 2492 2086 multa
2522 2033 2589 2086 de
2618 2034 2855 2088 vanitate
2880 2032 3088 2098 mundi,
3125 2034 3290 2088 multa
3319 2033 3388 2088 de

1844 2122 2087 2189 profectu
2125 2137 2358 2181 morum,
2420 2123 2585 2175 multa
2616 2122 2683 2175 de
2709 2122 3038 2175 cruciatibus
3068 2130 3124 2175 et
3148 2124 3384 2189 praemiis

1844 2224 1963 2276 quae
1992 2220 2363 2277 reservantur,
2397 2212 2546 2278 legit,
2577 2220 2631 2264 et
2664 2213 2720 2264 in
2750 2211 2931 2264 animo
2964 2212 3288 2275 recondidit,
3325 2223 3386 2266 ut

1844 2298 2081 2351 animum
2103 2297 2267 2351 rectis
2279 2297 2624 2365 dogmatibus
2648 2300 3078 2367 prmatantiorem
3108 2300 3383 2365 redderet,

1841 2394 1896 2438 et
1937 2400 2115 2439 veram
2175 2386 2643 2455 investigationem
2685 2385 2738 2438 in
2787 2386 2890 2439 ﬁde
2947 2386 3381 2452 amplecteretur.

202 2454 474 2529 κειμένων
527 2467 773 2534 βασάνων
814 2470 847 2539 ἦ
883 2470 1123 2536 άμοιεῶν
1174 2474 1516 2538 άνεγνωκότα
1546 2492 1622 2539 τε,
1654 2479 1745 2529 καὶ

1841 2474 2010 2539 Quam
2037 2476 2280 2541 profecto
2308 2454 2570 2542 eoimagis
2597 2488 2740 2527 nunc
2767 2488 2923 2541 quam
2957 2474 3109 2541 prius
3139 2476 3308 2542 pluris
3328 2484 3382 2530 et

199 2555 272 2619 τῇ
330 2554 469 2623 ψυχῇ
506 2558 940 2628 ἁποθέμινονςῆ
998 2564 1108 2623 τοῖς
1154 2563 1333 2630 ὀρθοῖς
1382 2566 1615 2632 δόγμασι
1647 2568 1745 2635 τὴν

203 2642 387 2711 ψυχὴν
436 2644 741 2711 βελτιῶσαι,
797 2652 906 2701 καὶ·
929 2649 1026 2719 τὴν
1056 2653 1111 2701 ἐν
1140 2654 1216 2720 τῇ
1235 2654 1412 2706 πίστει
1453 2656 1627 2723 ωηθῆ
1651 2657 1743 2708 εῦ-

204 2748 359 2799 ρεσιν
410 2734 794 2800 ἀσπάσασθαι;
824 2737 891 2807 ἦν
917 2738 981 2809 δὴ
1014 2740 1266 2794 τοσοῦτον
1320 2744 1516 2807 μᾶλλον
1544 2747 1575 2810 ἦ
1613 2749 1746 2815 πρό-

199 2837 362 2889 τερον
399 2827 521 2890 περὶ
555 2825 806 2879 πλείστου
841 2846 895 2881 τε
953 2832 1046 2883 καὶ
1075 2832 1165 2883 τοῦ
1224 2834 1421 2895 παντὸς
1465 2836 1743 2905 ποιοῦμαι,

198 2916 313 2983 ὅσῳ
348 2915 445 2984 ήδη
470 2917 565 2968 τοῦ
595 2921 775 2989 γήρως
807 2923 1125 2985 ἐπιστάντος
1171 2925 1565 2995 ἀλλεπάλληλοι
1602 2931 1743 2982 νόσοι

198 3002 462 3056 ἐπιοῦσαι
510 3006 789 3060 ἀπειλοῦσι
846 3026 940 3069 μοι
992 3012 1221 3065 Θάνατον
1281 3016 1590 3084 ὁσημέραι,
1650 3020 1744 3071 καὶ

198 3092 436 3147 ἀϐίωτον
461 3097 670 3150 ποιοῦσι
694 3101 783 3152 τὸν
816 3102 949 3167 βίον.
979 3101 1106 3156 Οἶδα
1136 3105 1371 3166 πάντως,
1407 3108 1622 3173 ἀδελφοὶ
1651 3110 1742 3161 καὶ

200 3183 461 3252 πατέρες,
488 3184 601 3239 οἶδα
625 3191 716 3241 καί
752 3207 818 3258 με
852 3191 1073 3260 λέληθεν
1104 3196 1354 3263 οὐδαμῶς
1377 3213 1389 3226 ·
1423 3200 1520 3250 οὐκ
1550 3198 1629 3250 ἔτι
1656 3216 1743 3265 μοι

199 3275 297 3326 ἐπὶ
336 3278 469 3327 πολὺ
530 3278 767 3346 βιωτέον,
814 3285 905 3333 καὶ
945 3283 1019 3345 ὡς
1058 3286 1245 3353 καιρὸς
1293 3287 1392 3354 ἠδη
1454 3290 1748 3355 ἐφέστηκεν

200 3366 550 3429 ἀναλύσεως·
584 3370 671 3421 ὅτε
724 3372 885 3437 (καθά
928 3390 988 3438 γε
1034 3376 1081 3425 οἱ
1112 3376 1315 3428 τούτων
1354 3380 1745 3445 πεπειραμένοι

201 3458 391 3521 φασὶν)
419 3456 590 3509 ἔπεισι
636 3462 747 3521 τοῖς
780 3462 1084 3527 ἀνθρώποις
1130 3464 1189 3513 οὐ
1222 3466 1414 3532 μικρὸν
1450 3468 1585 3529 δέος,
1623 3470 1748 3533 περὶ

197 3540 279 3596 ὧν
334 3544 392 3594 οὖ
433 3547 570 3599 πάνυ
621 3564 671 3598 τι
727 3549 986 3615 πρότερον
1043 3549 1331 3611 ἐδεδίεσαν,
1386 3554 1745 3621 ἐφιστάμενον

198 3637 305 3704 ἥδη
337 3637 427 3686 τὸν
454 3636 642 3701 καιρὸν
686 3636 938 3701 βλέπουσι
986 3635 1076 3686 τοῦ
1112 3638 1267 3703 λόγον
1299 3640 1587 3693 ἀποδοῦναι
1638 3645 1744 3695 τῶν

202 3726 552 3791 βεόιωμένων
583 3728 783 3786 αὐτοῖς.
828 3726 951 3789 Ἐμὲ
976 3726 1031 3777 δὲ
1055 3729 1200 3794 ὅμως
1224 3729 1329 3796 ὅσῳ
1376 3731 1571 3795 μᾶλλον
1606 3749 1746 3798 γειτ-

196 3817 378 3877 νιάζει
410 3817 437 3865 ό
462 3816 708 3876 θάνατος,
742 3816 976 3883 τοσούτῳ
1009 3818 1166 3868 πλέον
1196 3819 1601 3885 παραμυθεῖται
1648 3824 1745 3890 τῆς

200 3908 441 3968 πίστεως
464 3907 525 3959 τὸ
558 3906 841 3974 ἀκρεφνὲς,
870 3907 1152 3969 ἐλπίζοντα
1204 3909 1264 3961 τὺ
1298 3910 1354 3974 ἐξ
1381 3896 1557 3978 ἔργων
1582 3913 1747 3966 ἐλλεῖ-

197 4016 306 4050 πον
330 4002 391 4066 τῇ
426 3998 662 4066 σωτηρίᾳ
694 3997 1255 4066 άναπληρωθήσεσθαι
1306 4003 1370 4070 τῇ
1403 4002 1507 4053 τῶν
1539 4004 1743 4071 δογμά-

197 4107 310 4141 των
336 4088 443 4140 τῶν
465 4087 635 4154 ὀρθῶν
664 4086 809 4158 δόξῃ,
837 4080 910 4139 ὧν
955 4089 1114 4141 ἕνεκα
1151 4092 1239 4142 καὶ
1287 4094 1452 4159 τιμὰς
1484 4094 1745 4160 παριδὼν,

198 4180 259 4229 εἴ
288 4195 431 4237 τινας
470 4173 614 4245 εἶχον
644 4180 770 4245 παρ’
799 4179 926 4247 ὑμῖν
974 4174 1139 4249 (εἶχον
1174 4180 1230 4232 δὲ
1265 4181 1326 4232 οὐ
1376 4183 1595 4251 μικρὰς,
1625 4185 1747 4238 οἰδέ

198 4269 415 4335 ὀλίγας)
445 4269 579 4330 ὅλως
606 4267 807 4338 ταύτης
836 4268 1097 4337 ἐγενόμην
1124 4269 1220 4337 τῆς
1262 4270 1535 4338 ἀληθείας.
1571 4271 1746 4324 Εἰδόσι

198 4364 313 4429 γὰρ
344 4361 507 4426 λέγω,
538 4362 631 4413 καὶ
660 4360 789 4425 παρ’
817 4360 1033 4411 εἰδότων
1058 4360 1328 4423 ,ἀκούσασί
1348 4376 1428 4423 τε,
1463 4364 1553 4412 καὶ
1585 4363 1765 4412 ἀκου-η

1844 2560 2061 2615 maximi
2090 2560 2247 2624 facio,
2286 2576 2395 2629 quo
2419 2562 2527 2631 jam
2551 2570 2833 2616 senectute
2864 2560 3099 2615 instante
3133 2563 3380 2616 continui

1844 2651 2019 2706 morbi
2045 2652 2357 2721 ingruentes
2389 2650 2633 2719 quotidie
2658 2651 2788 2705 mihi
2822 2659 3048 2704 mortem
3083 2652 3380 2717 minantur,

1840 2749 1902 2795 et
1937 2740 2098 2794 vitam
2130 2740 2379 2794 acerbam
2399 2739 2602 2794 faciunt
2642 2758 2655 2794 :
2682 2740 2901 2794 omnino
2934 2740 3067 2805 scio,
3100 2740 3293 2794 fratres
3327 2749 3384 2794 et

1845 2826 2049 2899 patres,
2077 2830 2190 2885 scio
2218 2840 2271 2885 et
2302 2846 2389 2885 me
2423 2832 2645 2885 minime
2673 2831 2823 2894 latet,
2855 2846 2961 2885 non
2993 2830 3226 2900 amplius
3245 2830 3381 2884 mul-

1845 2932 1956 2976 tum
1990 2922 2122 2975 mibi
2152 2936 2268 2976 esse
2316 2922 2626 2985 vivendum,
2663 2931 2717 2977 et
2748 2923 2893 2992 quod
2925 2931 3140 2990 temptas
3162 2922 3271 2992 iam
3300 2922 3380 2975 in-

1845 3022 1951 3069 stat
1980 3013 2350 3077 resolutionis,
2386 2999 2715 3083 quandotut
2741 3013 2933 3067 barum
2958 3028 3137 3067 rerum
3175 3014 3381 3082 experti

1844 3102 2015 3170 aiunt)
2052 3101 2270 3155 advenit
2311 3101 2625 3155 hominibus
2671 3116 2782 3155 non
2815 3116 3015 3169 parvus
3072 3111 3271 3165 metus,
3315 3100 3382 3155 de

1846 3192 2043 3261 quibus
2086 3191 2378 3244 nou'valde
2420 3191 2711 3245 admodum
2755 3193 2904 3259 prius
2946 3192 3242 3245 timebant:
3284 3192 3384 3245 adv

1847 3289 2065 3333 ventare
2105 3280 2213 3347 jam
2256 3290 2469 3348 tempus
2509 3282 2781 3348 aspiciunt
2810 3280 3073 3334 reddendi
3118 3282 3382 3335 rationem

1848 3379 1976 3425 actae
2001 3371 2138 3425 vitre.
2171 3371 2406 3425 ile-vero
2440 3380 2617 3443 tamen
2651 3386 2760 3438 quo
2788 3368 2955 3439 magis
2990 3373 3385 3441 appropinquat

1846 3466 2011 3519 mors,
2048 3458 2111 3512 eo
2136 3461 2365 3527 amplius
2403 3461 2712 3514 consolatur
2745 3460 2866 3513 fidei
2898 3461 3118 3519 candor,
3161 3474 3381 3527 speran-

1848 3555 1974 3607 tem,
2003 3548 2144 3611 quod
2177 3563 2240 3600 ex
2275 3549 2533 3614 operibus
2565 3549 2729 3603 deest
2748 3548 2812 3600 ad
2849 3549 3098 3607 salutem,
3128 3532 3384 3613 compen-

1847 3644 2019 3688 satum
2065 3637 2127 3687 iri
2165 3638 2419 3703 opinione
2456 3646 2727 3690 rectorum
2762 3637 3089 3703 dogmatum.
3142 3634 3379 3699 Quorum

1844 3739 2002 3785 causa
2058 3724 2220 3776 etiam
2254 3723 2485 3776 honores
2516 3734 2891 3784 contemnens,
2925 3722 2969 3775 si
3003 3736 3145 3790 quos
3166 3738 3383 3777 assecu-

1846 3822 1931 3866 tus
1985 3811 2125 3880 apud
2170 3826 2263 3865 vos
2313 3826 2458 3865 erant
2495 3811 2796 3880 (assecutus
2846 3822 3028 3879 autem
3070 3827 3218 3866 eram
3269 3829 3379 3867 non

1845 3902 2066 3971 paucos)
2098 3910 2242 3955 totus
2270 3910 2490 3955 secutus
2520 3915 2639 3955 sum
2665 3902 2804 3954 hanc
2834 3900 3138 3955 veritatem.
3187 3901 3381 3956 Scien-

1850 3993 1993 4047 tibus
2045 3992 2187 4045 enim
2233 3993 2444 4061 loquor,
2479 4001 2533 4046 et
2560 4005 2588 4044 a
2627 3991 2926 4047 scientibus
2968 3993 3275 4052 audivistis,
3325 4005 3383 4047 et

1847 4086 2086 4141 audituri
2110 4087 2266 4145 estis,
2295 4085 2340 4139 si
2371 4085 2673 4139 volueritis.
2710 4084 2859 4149 Quod
2882 4084 3067 4153 juveni
3097 4084 3301 4149 adhuc,
3326 4094 3385 4140 et

1846 4176 2084 4229 nondum
2124 4176 2433 4243 pubescenti
2466 4174 2729 4228 maximus
2750 4174 2922 4227 honor
2948 4174 3163 4227 habitus
3184 4182 3285 4235 est,
3314 4173 3383 4225 ab

1849 4264 1914 4317 iis
1953 4264 2111 4315 etiam
2146 4263 2236 4329 qui
2274 4277 2357 4315 me
2387 4277 2658 4329 nunquam
2694 4262 2961 4324 viderant,
2981 4271 3033 4315 et
3061 4271 3245 4315 notum
3265 4268 3383 4313 erat

1848 4366 2043 4404 nomen
2078 4365 2253 4402 meum
2288 4351 2540 4404 omnibus
2588 4352 2897 4416 ubicunque
2932 4350 3111 4416 lingua
3159 4349 3381 4401 (ξι-«ηερο-

199 4451 451 4520 σομένοις
477 4451 543 4503 ἄν
588 4467 639 4501 τι
677 4449 973 4517 βούλοισθε,
1005 4450 1077 4511 ὠς
1114 4449 1226 4499 νέον
1271 4465 1329 4500 τε
1368 4452 1445 4500 ἔτι
1472 4450 1563 4501 καὶ
1595 4449 1745 4502 οὔπω

1848 4456 1967 4493 rum
1997 4440 2235 4492 auditur.
2262 4438 2499 4491 Necdum
2552 4437 2864 4492 vicesimum
2896 4446 3145 4504 quartum
3177 4451 3378 4489 annum

197 4541 497 4607 γενειῶντα
548 4540 631 4591 διὰ
684 4540 941 4604 πλείστης
976 4537 1138 4602 ἦγετέ
1173 4552 1237 4604 με
1263 4540 1448 4604 τιμῆς,
1483 4540 1574 4589 καὶ
1598 4538 1749 4589 αὐτοὶ

197 4632 251 4683 οἱ
291 4629 366 4697 μὴ
418 4629 553 4688 ὅλως
609 4628 825 4685 ἰδόντες.
896 4624 1173 4691 Γνὼριμον
1226 4619 1292 4692 ἦν
1350 4624 1549 4691 τούμὸν
1579 4624 1749 4692 ὄνομα

200 4720 340 4770 πᾶσι
369 4718 481 4777 τοῖς
507 4715 813 4780 ὁπηδήποτε
870 4710 1047 4776 φωνῆς
1092 4710 1409 4779 Ἑλληνικῆς
1458 4713 1744 4764 inuisum.-

198 4808 300 4860 καὶ
332 4808 497 4871 μήπω
516 4804 744 4863 τέτταρα
769 4804 856 4854 καὶ
878 4804 1076 4853 εἴκοσιν
1096 4800 1190 4869 ἐτη
1221 4802 1529 4869 γενόμενος,
1553 4804 1747 4865 αἰδοῖος

197 4897 456 4964 ἡγεμόσι,
521 4893 611 4943 καὶ
665 4892 891 4958 ἄρχουσι
932 4893 1241 4945 καὶ,πᾶσιν
1300 4893 1426 4961 ὑμῖν
1480 4892 1744 4963 ὑπῆρχον.

199 4984 584 5041 ῐΙοθεινότανος
627 4979 958 5048 βασιλεῦσιν,
998 4983 1046 5034 οἳ
1074 4983 1134 5034 οὐ
1166 4982 1271 5033 τῶν
1317 4982 1619 5051 ἡλικιωτῶν
1652 4986 1746 5054 μόσ

196 5094 309 5135 νον,
351 5074 443 5123 καὶ
496 5071 604 5122 τῶν
636 5074 1071 5148 προβεϐηκότων,
1118 5068 1254 5125 άλλά
1301 5075 1392 5125 καὶ
1425 5075 1557 5125 τῶν
1587 5074 1746 5137 ἀξιώ-

200 5180 350 5234 ματα
379 5161 859 5230 περιδεῦλημὲνων
888 5165 1033 5230 ἡμᾶς
1067 5164 1403 5231 προετίθουν,
1448 5164 1537 5215 καὶ
1584 5162 1744 5226 ἀξιώ-

199 5254 337 5323 μασι
368 5269 427 5302 τε
458 5252 549 5303 καὶ
587 5253 800 5320 ἀρχαῖς,
833 5258 950 5313 ταῖς
982 5254 1121 5321 ὑπὲρ
1151 5254 1248 5320 τὴν
1299 5253 1513 5321 ἠλικίαν
1546 5255 1629 5322 (οὐ
1675 5253 1743 5304 δι’

193 5344 337 5411 ἐμὴν
365 5342 582 5408 ἀρετὴν,
609 5342 741 5393 ἀλλὰ
759 5343 825 5393 δι’
849 5343 982 5395 ἰδίαν
1009 5343 1428 5409 καλοκάγαθίαν)
1451 5344 1737 5409 ἐκόσμουν.

193 5434 392 5489 Καίτοι
426 5431 520 5480 καὶ
550 5433 594 5481 εί
630 5432 770 5498 μέγα
799 5432 895 5484 νῦν
938 5434 995 5481 ἐν
1016 5436 1078 5499 τῇ
1108 5431 1198 5482 τοῦ
1238 5431 1471 5500 Χριστοῦ
1514 5430 1743 5495 Ἐκκλη-

194 5523 291 5588 σία
320 5520 644 5588 περίκειμαι
682 5523 883 5588 σχῆμα,
924 5522 971 5569 εί
1022 5521 1270 5588 λαμπρὸν
1318 5522 1533 5586 ἀξίωμα.
1578 5534 1734 5585 περι·

192 5611 493 5677 ὗέὸλημαι,
530 5610 620 5659 καὶ
644 5609 721 5675 τῷ
748 5610 859 5661 δντι
896 5609 1134 5675 μεγάλας
1161 5610 1321 5679 τιμάς
1350 5610 1440 5659 καὶ
1473 5608 1744 5676 ὑπερδαλ-

190 5698 394 5761 λούσας
424 5697 759 5767 καρποῦμαι,
798 5700 888 5751 καὶ
920 5699 1038 5749 ὅσαι
1074 5698 1210 5771 ὑπὲρ
1235 5700 1351 5767 ἐμὲ,
1388 5698 1518 5752 ἀλλὰ
1548 5698 1736 5766 πρῶτα

1848 4529 2093 4597 agebam,
2133 4527 2472 4595 ducibusque
2519 4533 2574 4581 et
2620 4525 2977 4595 principibus,
3026 4533 3082 4580 ct
3128 4524 3381 4577 omnibus

1848 4616 2003 4672 vobis
2041 4617 2381 4671 venerandus
2412 4614 3019 4684 eratn,intperatoribus
3068 4611 3381 4682 acoeptissi-
3470 4647 3481 4657 .

1849 4724 1970 4761 mus
1998 4724 2011 4761 :
2040 4710 2132 4777 qui
2168 4724 2275 4761 non
2301 4707 2474 4763 solum
2505 4706 2802 4777 mqualibus
2829 4715 3059 4773 etaetate
3083 4704 3388 4773 provectis,

1848 4798 1942 4854 sed
1992 4798 2157 4852 etiam
2204 4800 2270 4852 iis
2299 4799 2390 4867 qui
2425 4799 2477 4850 in
2516 4796 2869 4867 dignitatibus
2899 4794 3177 4850 constituti
3204 4802 3381 4850 erant.

1849 4906 1947 4944 nos
1984 4890 2362 4959 praeferebant,
2399 4896 2451 4940 ct
2486 4888 2843 4955 dignitatibus
2886 4901 2949 4939 ac
3003 4884 3380 4953 potestatibus,

1846 4996 1966 5050 quae
1997 4991 2206 5034 aetatem
2249 4978 2597 5046 superabant,
2626 4992 2731 5029 non
2758 4984 2977 5044 propter
3015 4988 3185 5027 meam
3213 4973 3383 5025 virtu-

1849 5084 1979 5133 tem,
2008 5070 2099 5123 sed
2126 5069 2393 5137 propriam
2426 5067 2746 5129 bonitatem,
2778 5063 3062 5117 ornabant.
3096 5062 3161 5115 Et
3194 5076 3380 5130 quam-

1844 5162 1926 5213 vis
1959 5159 2117 5211 modo
2142 5172 2395 5225 magnum
2422 5156 2479 5209 in
2506 5155 2746 5209 Ecclesia
2775 5154 2870 5208 Dei
2896 5154 3141 5207 habitum
3173 5164 3377 5219 geram,

1842 5247 2089 5317 quamvis
2114 5245 2449 5315 splendidam
2470 5245 2786 5314 dignitatem
2810 5244 3101 5304 obtineam,
3118 5250 3376 5321 etrevera

1843 5338 2050 5408 magnis
2101 5337 2399 5391 honoribus
2446 5346 2501 5390 et
2548 5334 2939 5389 excellentibus
2982 5332 3152 5389 fruar,
3185 5335 3239 5379 et
3283 5328 3380 5392 qui

1843 5444 2021 5482 meum
2073 5428 2323 5481 meritum
2373 5434 2663 5495 superant;
2728 5422 2822 5476 sed
2874 5421 3105 5487 primum
3158 5414 3379 5481 quidem

1843 5528 2027 5586 postea
2075 5525 2448 5578 accesserunt,
2505 5526 2681 5582 neque
2726 5506 2949 5577 sperati,
2978 5513 3038 5555 ut
3086 5501 3227 5554 Deus
3255 5500 3377 5553 scit.

1841 5606 2041 5659 Deinde
2069 5605 2334 5667 fortassis,
2370 5599 2831 5677 dixerit,,aliquis,
2864 5594 3096 5663 majores
3119 5590 3261 5677 apud
3287 5602 3381 5677 vos

1840 5694 2131 5750 exstitlsSc.
2194 5693 2487 5762 Siquidem"
2527 5675 2601 5746 ibi
2641 5685 2784 5755 apud
2844 5696 2940 5737 vos
3014 5680 3193 5735 statim
3242 5675 3381 5731 inter
