4122 6326
724 215 832 277 463

1672 206 2175 269 BESSARIONIS
2219 205 2275 265 S.
2317 204 2394 264 Β.
2432 204 2498 262 Ε.
2539 198 3002 262 CARDINALIS

3834 188 3933 251 466

726 329 935 404 primos
996 325 1187 381 ordine
1243 323 1496 389 locabar,
1557 322 1647 376 hic
1701 337 1830 375 vero
1892 318 2141 389 plurimis
2189 333 2284 373 ex-

2391 315 2490 385 μὲν
2512 314 2835 387 ἐπεγένοντο
2898 308 3035 379 μετὰ
3067 308 3256 371 ταῦτα,
3293 307 3414 360 οὐδέ
3455 305 3830 373 ἰλπιζέμεται,
3862 306 3933 365 ὡς

729 416 1084 479 sistentibus,
1151 416 1260 468 imo
1309 427 1441 466 vero
1508 425 1792 465 numerum
1855 408 2279 469 excedentibus.

727 508 822 577 qul
886 514 940 561 et
990 506 1255 575 sapientia
1326 503 1721 574 prudentiaque
1773 511 1827 556 et
1876 501 2026 555 omni
2082 500 2281 553 virtute

728 598 980 661 vincunt,
1010 598 1098 651 vix
1126 612 1243 653 sum
1280 613 1419 652 unus
1441 598 1508 652 de
1547 596 1753 651 multis.
1788 594 1931 649 Dixit
1958 604 2141 649 autem
2163 593 2283 662 qui-

728 689 851 742 dam
882 704 947 742 ex
993 689 1149 742 valde
1181 687 1504 749 ambitiosis,
1546 687 1591 739 si
1626 685 1943 738 memoriam
1975 685 2190 742 tenetis,
2227 682 2279 733 in

727 778 985 847 oppidulo
1015 779 1163 832 tenui
1213 792 1277 831 ac
1312 777 1488 832 sterili
1526 775 1685 829 malle
1718 774 1924 841 primus
1948 757 2275 839 esse,'quam

726 867 907 921 natura:
959 867 1012 920 in
1046 867 1279 921 maxima
1319 876 1375 919 et
1424 864 1797 921 illustrissima
1830 860 1965 914 urbe
2012 858 2280 913 secundas

722 966 904 1026 partes
949 966 1157 1010 tenere.
1183 954 1393 1010 Habere
1434 953 1579 1008 enim
1625 950 1915 1020 quamdam
1951 949 2278 1017 voluptatem

723 1047 1040 1116 primatum,
1065 1045 1316 1115 quamvis
1336 1048 1481 1100 inter
1508 1043 1768 1097 minimos
1797 1042 1887 1095 sit.
1922 1070 1925 1075 ν

2382 406 2411 457 ὁ
2443 405 2574 466 Θεὸς
2606 402 2744 456 οἶδεν
2766 418 2780 433 ο
2816 402 2984 453 ἔπειτ’
3017 400 3147 461 ῐσως
3171 399 3314 452 είποι
3346 415 3429 460 τις
3470 397 3555 460 ἂν,
3591 399 3796 464 τρόπον
3820 398 3936 447 τινὰ

2386 496 2603 564 μείζους
2628 474 2728 557 τὰς
2771 494 2901 564 παρ’
2934 490 3087 560 ὑμῶν
3114 489 3439 557 γεγενῆσθαι
3463 506 3475 516 ·
3517 490 3631 553 εἴγε
3687 488 3804 538 ἐκεῖ
3839 486 3935 555 μὲν

2383 586 2477 637 καὶ
2504 585 2632 654 παρ’
2664 585 2792 654 ύμῖν
2821 586 2879 637 ἐν
2911 588 3022 646 τοῖς
3041 580 3279 651 πρώτοις
3309 579 3468 641 εὐθὺς
3499 577 3826 645 ἐταττὸμην,
3854 578 3934 627 ἐν·

2381 678 2554 730 ταῦθα
2588 677 2645 729 δὲ
2694 676 2929 741 πολλῶν,
2981 675 3179 744 μᾶλλον
3235 672 3290 725 δὲ
3338 668 3575 739 ἀριθμοῦ
3611 669 3935 736 κρειττόνων

2383 768 2551 821 ὅντων
2579 768 2687 821 τῶν
2720 768 2885 839 σοφίᾳ
2915 782 2972 819 τε
3001 767 3095 819 καὶ
3122 764 3382 833 φρονήσει
3425 763 3521 814 καὶ
3549 764 3612 830 τῇ
3644 760 3741 829 ὅλη
3767 760 3935 826 ἀρετῇ

2386 856 2687 923 νικώντων,
2726 858 2889 927 μόλις
2933 857 3051 925 sip).
3084 854 3398 916 πολλοστός.
3431 853 3578 919 Ἔφη
3625 851 3681 903 δὲ
3727 849 3827 903 καί
3855 866 3936 907 τις

2386 949 2494 1001 τῶν
2539 949 2680 1002 πάνυ
2734 946 3033 1016 φιλοτίμων
3082 948 3130 999 si
3183 944 3482 1017 μέμνησθε,
3531 940 3818 1011 βούλεσθαι
3873 940 3937 990 ἂν

2392 1037 2593 1105 μᾶλλον
2628 1042 2685 1089 ἐν
2738 1037 2991 1108 πολιχνίῳ
3045 1036 3235 1107 λυπρῷ
3285 1033 3507 1106 πρῶτος
3553 1027 3780 1099 είναι,ἧ
3824 1029 3937 1082 δευ-

722 1142 909 1210 τερεῖα
956 1142 1015 1192 ἐν
1048 1143 1115 1210 τῇ
1154 1139 1385 1209 μεγίστῃ
1431 1154 1491 1191 τε
1535 1137 1629 1189 καὶ
1675 1132 2039 1203 λαμπροτάτῃ
2089 1128 2275 1199 Ῥώμῃ
2315 1130 2585 1202 κατέχειν.
2620 1132 2806 1202 Ἔχειν
2843 1131 2951 1200 γάρ
3010 1146 3155 1193 τινα,
3190 1126 3290 1181 κᾶν
3324 1128 3383 1180 ἐν
3408 1124 3710 1195 ἐλαχίστοις
3738 1118 3793 1195 ᾗ,
3818 1122 3938 1191 ἡδο-

723 1233 818 1301 νὴν
850 1233 912 1286 τδ
943 1238 1229 1303 πρωτεῖον.

790 1323 1063 1379 Cancrum
1099 1336 1153 1377 et
1178 1339 1300 1393 qua
1319 1324 1462 1394 apud
1504 1338 1603 1377 vos
1631 1321 1797 1376 habui
1823 1318 2032 1373 minimi
2063 1317 2187 1381 feci,
2218 1328 2271 1371 et

724 1415 1011 1483 pnesentia
1048 1414 1209 1467 modo
1229 1414 1420 1482 (Deum
1446 1415 1635 1477 testor)
1659 1420 1717 1464 ut
1735 1419 1974 1463 stercora
1999 1408 2277 1471 ducerem,

722 1511 779 1555 et
798 1502 1027 1570 abiectis
1046 1502 1320 1562 omnibus,
1337 1500 1587 1568 quamvis
1604 1499 1776 1551 multo
1799 1496 1954 1565 plura
1977 1494 2059 1547 his
2076 1502 2278 1557 essent,

724 1606 795 1647 ne
828 1602 978 1647 retro
1001 1590 1221 1659 quidem
1266 1591 1561 1659 aspiciens,
1592 1589 1659 1643 ad
1700 1603 1795 1642 vos
1830 1604 1916 1642 me
1953 1588 2275 1650 conferrem,

2485 1312 2639 1366 Ἀλλὰ
2660 1314 2751 1366 καὶ
2775 1313 2845 1366 τὰ
2874 1310 3005 1383 παρ’
3034 1311 3159 1383 ύμῖν
3189 1307 3258 1363 δι’
3289 1309 3575 1378 ἐλαχίστου
3604 1305 3933 1374 πεποίημαι·

2386 1403 2626 1471 ἀδελφοὶ,
2669 1405 2764 1456 καὶ
2811 1403 2877 1454 τά
2912 1419 2975 1470 γε
3020 1401 3113 1455 νῦν
3168 1401 3433 1470 παρόντα,
3465 1399 3823 1470 μαρτύρομαι
3851 1396 3941 1448 τὸν

2386 1491 2540 1553 Θεὸν,
2594 1493 2668 1555 ὡς
2718 1493 2962 1545 σκύϐαλα
3015 1493 3083 1545 ἂν
3127 1492 3439 1561 ἡγησάμην,
3498 1488 3589 1542 καὶ
3640 1489 3822 1541 πάντα
3875 1485 3941 1536 ἂν

2388 1584 2717 1654 ἀπορρίψας,
2748 1586 2796 1635 εί
2823 1581 3206 1636 πολλαπλασίω
3253 1582 3458 1638 τούτων
3506 1576 3670 1650 ἦσαν,
3728 1580 3939 1645 ἀμεταο

727 1679 833 1735 nisi
867 1680 998 1733 mihi
1029 1682 1287 1735 conscius
1316 1695 1517 1743 essem,
1551 1680 1695 1749 quod
1731 1679 1984 1748 elegerim
2010 1689 2266 1747 praestan-

2387 1674 2763 1743 πρεπτὶπρδς
2795 1676 2934 1741 ὑμᾶς
2958 1673 3205 1741 ᾠχόμην,
3238 1673 3287 1723 εί
3326 1674 3401 1742 μὴ
3437 1670 3686 1741 συνῄδειν
3711 1666 3940 1737 ἐμαυτῷ

727 1770 867 1823 tiora
918 1770 1111 1839 magis,
1165 1778 1221 1825 et
1276 1769 1580 1832 salutifera,
1638 1769 1743 1823 nisi
1786 1770 1918 1821 milii
1966 1782 2282 1838 persuasum

722 1867 894 1918 esset,
949 1856 1267 1912 catholicam
1322 1865 1564 1911 sanctam
1626 1854 1928 1909 Romanam
1983 1854 2282 1909 Eoi-lesiam

727 1949 945 2012 docere,
979 1958 1035 2001 et
1067 1946 1314 2008 credere,
1343 1960 1465 2017 quas
1495 1948 1560 2001 ad
1590 1947 1756 2001 vitam
1778 1956 2033 2001 aiternam
2052 1947 2281 2001 ducunt.

725 2038 781 2093 Si
812 2038 978 2109 igitur
1008 2038 1074 2093 ad
1112 2054 1173 2094 ea
1204 2052 1299 2091 vos
1330 2037 1524 2092 hortor
1547 2047 1605 2093 et
1626 2037 1879 2101 obsecro,
1903 2052 2023 2105 qua:
2053 2037 2286 2107 preprite

723 2134 886 2188 saluti
917 2133 1163 2189 subsidia
1187 2149 1309 2188 esse
1342 2133 1618 2197 existimo,
1654 2142 1807 2203 grato
1834 2131 2109 2200 animo,et
2130 2145 2284 2198 atquo

723 2227 911 2280 audire
969 2224 1201 2290 debetis,
1252 2234 1309 2280 et
1363 2239 1486 2295 quae
1534 2223 1796 2278 dicuntur
1847 2222 2083 2276 libenter
2140 2222 2286 2276 exci'

724 2330 875 2385 pere.

794 2405 900 2460 Sed
932 2402 1271 2472 scandalum,
1301 2404 1553 2476 inquitis,
1588 2404 1748 2459 nobis
1780 2411 1884 2467 est,
1912 2418 2036 2473 quae
2079 2418 2109 2456 a
2139 2400 2283 2455 Lati-

724 2499 814 2550 nis
847 2498 991 2551 facta
1028 2508 1112 2551 est
1151 2498 1217 2553 ad
1253 2497 1575 2569 Symbolum
1601 2497 1832 2552 additio.
2138 2538 2141 2541 .

796 2585 852 2641 Si
878 2596 1024 2642 recte
1039 2587 1411 2651 considerare,
1432 2587 1648 2653 fratres,
1673 2586 1976 2648 volueritis,
2005 2600 2109 2638 non
2136 2582 2282 2635 addi-

726 2674 827 2737 tio.
866 2677 961 2730 sed
990 2677 1284 2738 explicatio
1318 2686 1374 2732 et
1402 2677 1714 2747 explanatio
1771 2686 1855 2729 est
1884 2674 2027 2742 quod
2058 2674 2281 2725 dicitur.

726 2762 937 2829 Quippe
974 2763 1185 2815 additio
1217 2772 1302 2817 est
1346 2763 1510 2816 etiam
1545 2763 1850 2817 secundum
1896 2762 2043 2827 ipsos
2072 2767 2288 2811 nostros

729 2852 984 2905 doctores
1012 2853 1417 2905 contrariorum
1439 2853 1685 2905 doctrina
1717 2852 2049 2919 dogmatnm.
2070 2850 2136 2900 At
2157 2863 2289 2902 vero

2385 1764 2719 1832 ἑλομένῳ-τὰ
2750 1763 2981 1833 κρείττω
3013 1778 3075 1813 τε
3116 1761 3210 1813 καὶ
3240 1759 3740 1827 σωτηριωδέστιρα,
3768 1758 3814 1807 εί
3859 1755 3931 1823 μὴ

2384 1856 2454 1909 τὰ
2484 1856 2621 1924 πρὸς
2646 1854 2793 1923 ζωήν
2816 1870 2875 1906 τε
2922 1852 3023 1922 τὴν
3052 1850 3269 1903 αίιίινιον
3302 1851 3537 1921 φέροντα
3579 1848 3942 1900 διδάσκουσαν

2383 1964 2445 2000 τε
2474 1950 2568 2001 καὶ
2596 1945 2967 2001 πιστεύουσαν
2999 1944 3345 2013 ἐπεπείσμην
3385 1942 3490 2010 τὴν
3513 1938 3810 2007 καθολικὴν
3841 1938 3933 1990 καὶ

2385 2038 2549 2104 ἁγίαν
2582 2035 2912 2105 Ἐκκλησίαν
2950 2034 3261 2101 Ῥωμαίων.
3286 2032 3348 2085 El
3376 2027 3469 2085 οὖν
3491 2032 3571 2091 τίς
3597 2031 3785 2082 ἐκεῖνα
3801 2030 3947 2097 sua:

2384 2128 2683 2201 προτρέπω
2713 2145 2771 2181 τε
2800 2127 2895 2180 καὶ
2931 2124 3257 2196 παρακαλῶ,
3290 2123 3328 2179 ἃ.
3361 2124 3459 2193 τῆς
3499 2123 3634 2184 ιδίας
3668 2121 3944 2190 σωτηρίας

2382 2222 2569 2285 ἐφόδια
2601 2215 2740 2273 εἶναι
2768 2220 2992 2287 νομίζω,
3025 2217 3385 2284 εὐγνωμόνως
3419 2232 3479 2268 τε
3535 2213 3760 2267 ἀκούειν
3801 2213 3945 2279 ὀφεί-

2383 2314 2525 2375 λετε,
2556 2313 2651 2364 καὶ
2674 2311 2905 2379 ἄσμενοι
2934 2309 3002 2363 τὰ
3029 2309 3306 2379 λεγόμενα
3350 2304 3730 2370 ὐποδέξασθαι.

2466 2402 2624 2453 Ἀλλὰ
2666 2400 2805 2470 μέγα
2835 2402 2966 2469 ἡμῖν
3011 2399 3195 2467 (φατὲ)
3225 2397 3521 2472 σκάνδαλον
3564 2397 3598 2465 ἡ
3650 2396 3802 2464 παρὰ
3838 2394 3943 2447 Δα-

2382 2493 2545 2545 τίνων
2575 2494 2633 2544 ἐν
2657 2491 2735 2559 τῷ
2776 2476 3191 2560 θείῳ’συμβόλῳ
3224 2489 3497 2556 γενομένη
3528 2486 3838 2556 προσθήκη.

2457 2582 2520 2636 ΕΙ
2546 2583 2721 2650 ὀρθῶς
2754 2584 2974 2635 σκοπεῖν
2998 2582 3254 2645 ἐθέλοιτε,
3281 2581 3520 2647 ἀδελφοὶ,
3540 2579 3601 2631 οὗ
3634 2577 3942 2647 προσθήκη,

2386 2649 2520 2726 ἀλλὰ
2551 2649 2843 2736 ἀνάπτυξίς
2866 2690 2923 2723 τε
2945 2673 3041 2724 καὶ
3062 2673 3390 2740 ἐπεξήγησίς
3409 2674 3522 2723 ἐστι
3547 2671 3604 2721 τὸ
3625 2669 3939 2736 λεγόμενον

2388 2765 2671 2833 προσθήκη
2706 2766 2814 2833 γάρ
2844 2766 2958 2815 ἐστι
2985 2766 3078 2815 καὶ
3113 2762 3233 2814 κατ’
3259 2765 3455 2822 αὐτοὺς
3480 2762 3609 2820 τοὺς
3641 2759 3940 2826 ἡμετέρους

2386 2854 2737 2916 διδασκάλους
2764 2856 2793 2922 ἡ
2825 2855 2929 2907 τῶν
2984 2854 3236 2905 ἐναντίων
3292 2855 3574 2921 δογμάτων
3608 2851 3941 2907 διδασκαλία.

732 2942 1049 2996 earumdem
1095 2950 1150 2995 et
1197 2942 1459 2995 similium
1514 2939 2133 3007 illustratioexplicatio
2181 2948 2285 3002 est,

2390 2943 2504 3012 ήδέ
2538 2943 2645 2995 τῶν
2686 2943 2865 2995 αὐτῶν
2901 2958 2959 2994 τε
3004 2946 3096 2994 καὶ
3149 2944 3348 3011 ρμοίων
3371 2944 3692 3010 διασὰφησις
3710 2945 3945 2997 ἀνάπτυ-

730 3047 841 3085 non
882 3030 1114 3084 additio.
1172 3032 1330 3096 Quod
1373 3034 1418 3087 si
1460 3048 1491 3086 a
1517 3033 1749 3086 veritate
1785 3041 1913 3094 stat,
1944 3042 1999 3085 et
2039 3030 2284 3100 opinioni

730 3121 1013 3175 ductorum
1044 3122 1321 3186 convenit,
1349 3123 1599 3177 timorem
1641 3124 1915 3183 timemus,
1948 3124 2039 3178 ubi
2078 3137 2186 3176 non
2206 3134 2288 3178 est

734 3212 920 3275 timor,
951 3223 1006 3266 et
1030 3213 1437 3281 superstitionis
1460 3215 1642 3282 potius
1666 3230 1826 3285 quam
1875 3216 2094 3284 pietatis
2148 3231 2288 3282 opus

739 3303 971 3371 agimus.
1010 3303 1174 3357 Multa
1211 3304 1423 3359 addidit
1466 3307 1705 3362 secunda
1736 3309 1973 3377 synodus
2009 3308 2073 3361 ad
2116 3307 2289 3361 Niem-

734 3409 864 3448 num
886 3394 1225 3466 Symbolum.
1257 3398 1470 3452 Etenim
1496 3399 1564 3453 de
1586 3400 1873 3453 divinitate
1910 3400 2081 3454 sancti
2119 3398 2288 3467 Spiri-

736 3494 845 3549 tus,
877 3486 945 3541 de
974 3487 1182 3542 unitate
1224 3476 1504 3555 Ecclesiae,
1536 3490 1605 3545 de
1660 3490 1956 3559 baptismo,
1988 3491 2055 3544 de
2097 3489 2291 3544 remis-

736 3576 889 3630 sione
949 3590 1320 3645 peccatorum,
1352 3580 1420 3635 de
1467 3582 1869 3635 resurrectione
1922 3591 2287 3647 mmtuorum,

739 3666 808 3718 de
840 3668 947 3719 vita
969 3676 1209 3734 :eterna;
1241 3671 1410 3724 multa
1448 3670 1551 3723 alia
1588 3671 1754 3723 etiam
1786 3670 1940 3735 dixit,
1968 3670 2032 3723 de
2055 3686 2287 3739 quorum

738 3756 893 3807 nullo
924 3758 1097 3823 prima
1147 3759 1389 3827 synodus
1428 3760 1747 3828 explicitum
1797 3760 1926 3813 fecit
1957 3773 2290 3813 sermonem.

739 3846 909 3901 Multa
952 3850 1284 3915 posteriores
1310 3850 1498 3905 Patres
1523 3851 1683 3903 [idem
1710 3849 2049 3903 declarantes
2070 3850 2292 3903 uberius

741 3934 1050 3991 docuerunt
1086 3947 1318 3991 :‘tamen
1383 3954 1490 3992 non
1545 3938 1791 3997 additio.
1845 3936 1939 3989 sed
2004 3937 2295 4003 explicatio

741 4027 880 4079 facta
910 4036 1012 4079 est.
1034 4025 1148 4081 Cur
1189 4027 1357 4097 igitur
1379 4029 1546 4082 etiam
1591 4027 1874 4081 catholicae
1907 4026 2164 4082 Ecclesiae
2192 4027 2296 4083 hoc

742 4117 885 4171 idem
920 4118 1097 4172 facere
1130 4133 1237 4172 non
1269 4119 1468 4173 licuit?
1499 4118 1759 4174 similiter
1787 4119 2172 4175 hereticorum
2216 4121 2298 4174 in-

742 4216 922 4263 stante
962 4209 1290 4264 necessitate
1311 4207 1335 4259 τ

809 4477 1104 4540 Quoniam.
1136 4477 1315 4545 inquit
1342 4478 1612 4547 (aliquis),
1649 4474 2042 4548 tunc'qnidem
2075 4482 2295 4549 licebat,

664 4591 672 4599 -
741 4575 930 4636 postea
957 4580 1088 4619 vero
1118 4580 1242 4620 cum
1274 4567 1431 4620 tertia
1470 4568 1713 4635 synodus
1751 4571 1921 4634 prima
1966 4570 2150 4634 fuerit,
2178 4589 2299 4641 qua:

741 4670 958 4712 omnem
1003 4654 1335 4709 additionem
1395 4656 1759 4723 prohibuerit,
1797 4659 1928 4710 nulli
1962 4659 2042 4713 fas
2093 4671 2178 4715 est
2204 4663 2299 4715 ad-

742 4748 897 4811 dere,
932 4760 1002 4800 ne
1035 4747 1253 4814 quidem
1278 4747 1453 4815 ipsam
1480 4747 1783 4801 veritatem.

737 4888 745 4899 ,
814 4835 923 4889 Sed
953 4836 1055 4890 ista
1085 4836 1225 4887 ratio
1250 4834 1381 4889 falsa
1409 4846 1513 4900 est,
1538 4838 1759 4902 fratres,
1797 4854 1985 4894 revera
2003 4852 2059 4897 et
2081 4822 2294 4911 futilis;

742 4924 908 4996 legite
939 4926 984 4977 si
1022 4924 1205 4987 vultis,
1244 4938 1407 4991 quam
1436 4927 1501 4977 de
1535 4925 1637 4979 hac
1666 4943 1727 4981 re
1750 4933 2159 4997 composuimus
2180 4949 2300 4987 ora-

742 5019 971 5080 tionem,
1006 5015 1060 5068 in
1085 5030 1188 5082 qua
1221 5016 1527 5068 luculenter
1559 5020 1870 5072 continetur
1902 5022 2015 5076 hasc
2052 5026 2255 5079 veritas
2282 5045 2297 5089 ;

744 5115 803 5162 et
845 5117 995 5163 certo
1028 5106 1162 5170 scio,
1194 5105 1340 5174 quod
1378 5105 1568 5159 eadem
1610 5108 1895 5161 nobiscum
1923 5115 2186 5168 sentietis.
2219 5115 2300 5169 Ob

750 5192 866 5253 καῖε
922 5198 1126 5266 igitur,
1180 5195 1375 5249 fratres
1444 5206 1501 5247 et
1560 5202 1762 5263 patres,
1824 5199 1989 5250 nolite
2061 5203 2299 5254 aemulari

756 5274 1159 5351 tontendentes,
1190 5300 1364 5353 neque
1413 5298 1507 5338 eos
1558 5284 1979 5353 imitan.ini,qui
2027 5287 2128 5340 hoc
2159 5290 2326 5362 ipso,_

757 5376 895 5433 ciod
930 5395 1056 5431 vera
1073 5379 1321 5446 dogmata
1342 5374 1683 5447 Oppugnant,
1710 5376 1813 5430 sibi
1837 5377 2059 5445 gloriam
2086 5395 2302 5447 compa-

758 5467 874 5527 (μω
904 5470 1237 5538 opinantur;
1268 5469 1364 5523 sed
1394 5467 1748 5521 humiliantes
1776 5469 2139 5537 vosmetipsos
2169 5469 2299 5536 Deo,

758 5556 819 5596 η
848 5568 927 5616 tot
952 5562 1093 5617 viros
1118 5561 1549 5630 sapientissimos
1577 5576 1641 5615 ac
1668 5558 1947 5629 piissimos
1980 5569 2301 5617 consectan-

762 5643 817 5686 οι

2398 3033 2477 3097 Ei;
2504 3034 2617 3085 ἐστι
2648 3035 2741 3085 καὶ
2768 3034 2828 3084 οὐ
2857 3033 3161 3100 προσθήκη.
3186 3033 3247 3085 Et
3285 3035 3339 3086 δὲ
3385 3034 3520 3102 μετά
3557 3035 3657 3096 τῆς
3697 3034 3946 3099 ἀληθείας

2388 3124 2647 3193 ἔστημεν,
2674 3126 2765 3175 καὶ
2792 3126 2856 3191 τῇ
2884 3123 3011 3194 δόξῃ
3035 3124 3143 3174 τῶν
3163 3123 3500 3176 διδασκάλων
3521 3125 3833 3193 συμϐαίνει,
3855 3129 3945 3192 φό-

2388 3214 2483 3267 ϐον
2518 3214 2719 3280 ἄφοδον
2772 3214 3042 3282 δεδίαμεν,
3109 3216 3203 3266 καὶ
3244 3213 3658 3285 δεισιδαιμονίας
3694 3219 3943 3287 μᾶλλονῆ

2390 3304 2676 3366 εὺςεόείας
2729 3305 2892 3374 ἔργον
2952 3305 3238 3372 ποιοῦμεν.
3297 3306 3474 3359 Πολλὰ
3526 3307 3864 3378 προσέθηκεν
3910 3311 3941 3377 ἡ

2392 3396 2619 3463 δευτέρα
2656 3396 2874 3459 σύνοδος
2931 3395 3007 3466 τῷ
3040 3397 3141 3463 τῆς
3170 3400 3227 3449 ὲν
3255 3396 3462 3469 Νικαίᾳ
3496 3399 3716 3451 συνόδου
3746 3398 3946 3466 συμῦόο

2394 3485 2470 3555 λῳ
2492 3501 2506 3515 ο
2534 3488 2663 3556 περὶ
2718 3487 2827 3554 γὰρ
2859 3488 2955 3556 τῆς
2990 3486 3082 3539 τοῦ
3110 3489 3267 3553 ἁγίου
3301 3489 3615 3559 ΙΙνεύματος
3672 3490 3941 3559 θεότητος.

2398 3577 2523 3644 περὶ
2540 3578 2636 3644 τῆς
2653 3577 2747 3643 τῆς
2766 3577 3089 3645 Ἐκκλησίας
3112 3577 3381 3644 ἐνότητος,
3404 3578 3527 3647 περὶ
3553 3568 3943 3647 βαπτίσματος,

2392 3667 2520 3736 περὶ
2550 3668 2834 3735 ἁμαρτιῶν
2862 3669 3131 3733 ἀφέσεως,
3168 3668 3296 3736 περὶ
3328 3669 3537 3739 νεκρῶν
3567 3671 3944 3734 ἀναστάσεωέ,

2393 3758 2521 3824 περὶ
2551 3757 2697 3825 ζωῆς
2725 3758 2968 3811 αἰωνίου.
3002 3759 3181 3810 Πολλά
3204 3774 3262 3809 τι
3296 3759 3388 3812 καὶ
3434 3758 3570 3812 ἄλλα
3598 3761 3842 3829 εἴρηκεν,
3876 3753 3947 3811 ὧν

2386 3836 2521 3915 ’περὶ
2560 3847 2773 3908 οὐδενὸς
2818 3849 2849 3916 ἡ
2886 3848 3076 3916 πρώτη
3130 3849 3349 3911 σύνοδος
3402 3851 3809 3919 ἀνεπτυγμένον
3857 3868 3951 3902 πε-

2396 3937 2619 4003 ποίηται
2646 3937 2829 4002 λόγον.
2862 3936 3039 3987 Πολλά
3082 3940 3130 3989 oi
3189 3942 3335 4007 μετὰ.
3364 3941 3535 4013 ταῦτα
3592 3924 3833 4009 Πατέρες
3855 3942 3948 4008 τὴν

2396 4025 2581 4075 πίστιν
2612 4025 3115 4093 ἐπεξεργαζόμινοι
3163 4026 3500 4095 πλατύτερον
3534 4031 3773 4093 ἐδίδαξαν
3798 4047 3813 4061 ·
3863 4029 3948 4087 καὶ

2397 4117 2547 4183 ὅμως
2572 4116 2633 4167 οὐ
2684 4114 2997 4185 προσθήκη,
3024 4115 3160 4166 ἀλλὰ
3204 4118 3502 4179 ἁνὰπτυξις
3550 4122 3759 4184 γέγονε.
3802 4118 3949 4171 Διατί

2398 4209 2491 4263 οὖν
2543 4207 2619 4277 μὴ
2688 4209 2782 4261 καὶ
2831 4211 2895 4275 τῇ
2960 4206 3221 4275 καθολικῇ
3266 4207 3561 4276 Ἐκκλησία
3592 4208 3751 4259 ταυτδ
3799 4208 3951 4259 τοῦτο

2328 4304 2372 4360 ι)
2402 4300 2624 4368 ποιῆσαι
2668 4298 2973 4366 ἐξεγένετος
3023 4295 3227 4367 ὁμοίως
3290 4297 3582 4366 αἰρετικῶν
3660 4298 3951 4364 ἐπιστάσης

2399 4392 2650 4459 ἀνάγκης
2674 4405 2694 4456 ;

2461 4483 2603 4547 Ὅτι,
2640 4481 2793 4551 φησὶ,
2826 4479 2946 4532 τότε
2996 4480 3094 4548 μὲν
3118 4479 3264 4546 ἐξῆν,
3297 4479 3596 4549 μετέπειτα
3622 4478 3680 4531 δέ
3718 4481 3815 4548 τῆς
3845 4480 3951 4549 τρί-

2395 4590 2496 4640 της
2551 4571 2769 4623 συνόδου
2806 4571 3030 4640 πρώτης
3089 4574 3273 4624 πᾶ·.αν
3336 4572 3661 4640 κωλυσάσης
3720 4574 3951 4639 προσθή-

2398 4680 2524 4733 κην,
2557 4662 2653 4714 οὐκ
2682 4661 2890 4727 ἔξεστιν
2920 4662 3092 4712 οὐδενὶ
3133 4661 3473 4729 προσθεῖναι,
3509 4663 3620 4715 οὐδ’
3655 4664 3825 4733 αὐτὴν
3860 4669 3951 4732 τὴν

2398 4756 2673 4822 ἀλήθειαν.

2484 4845 2643 4897 Ἀλλὰ
2673 4844 2872 4913 ψευδὴς
2903 4840 3055 4903 οὗτος
3080 4843 3106 4893 ὁ
3134 4841 3311 4908 λόγος,
3340 4844 3581 4914 ἀδελφοὶ,
3614 4848 3708 4900 καὶ
3741 4849 3817 4917 τῷ
3846 4848 3948 4901 ὄντι

2404 4935 2586 5005 μωρὸς
2622 4951 2679 4985 τε
2734 4934 2825 4985 καί
2889 4933 3137 5001 μάταιος.
3182 4934 3510 5001 Ἀνάγνωτε,
3573 4940 3621 4989 εί
3680 4938 3946 5006 βούλεσθε,

2400 5027 2493 5077 τὸν
2528 5025 2655 5094 περὶ
2681 5024 2873 5076 τούτου
2914 5027 3408 5093 συγγεγραμμένον
3452 5028 3583 5096 ἡμῖν
3615 5028 3791 5093 λόγον,
3826 5032 3880 5079 ἐν
3909 5020 3948 5090 ᾧ

2402 5116 2700 5185 διαρρήδην
2750 5118 2781 5182 ἠ
2821 5115 3044 5181 τοιαύτη
3092 5114 3338 5183 ἀλήθεια,
3370 5118 3466 5170 καὶ
3496 5119 3673 5187 ταρτὰ
3706 5120 3857 5185 ἡμῖν,
3895 5114 3945 5171 εὖ

2402 5200 2539 5269 οἶδα,
2579 5208 2661 5257 ὅτι
2709 5206 3032 5274 φρονήσετε.
3072 5206 3170 5258 Διὰ
3212 5207 3386 5261 ταῦτα
3435 5207 3551 5271 οὖν,
3603 5209 3823 5276 ἀδελφοὶ
3863 5210 3947 5262 καὶ

2406 5296 2658 5366 πατέρες,
2720 5298 2795 5363 μὴ
2858 5294 3086 5363 ζηλοῦτε
3130 5302 3255 5357 τοὺς
3324 5299 3633 5368 ἐρίζοντας,
3702 5301 3775 5371 μὴ
3832 5301 3946 5360 τοὺς

2404 5387 2577 5453 τούτῳ
2631 5388 2844 5447 ἑαυτοῖς
2872 5386 3039 5453 δόξανι
3070 5388 3476 5455 περιποιεῖσθαι
3521 5390 3822 5459 οἰομένους,
3877 5391 3945 5457 τῷ

2404 5478 2516 5536 τοῖς
2564 5475 2786 5545 ἀληθέσι
2851 5474 3084 5542 δογμασι
3140 5478 3433 5546 μάχεσθαι,
3472 5482 3754 5550 μιμεῖσθε.
3797 5481 3945 5534 Ἀλλὰ

2405 5564 2832 5629 ταπεινώσαντες
2864 5565 3088 5629 ἑαυτοὺς
3122 5566 3198 5636 τῷ
3247 5568 3369 5637 Θεῷ
3404 5573 3493 5623 καὶ
3546 5576 3817 5635 τοοούτοις
3862 5573 3940 5623 ἁν-
