4122 6326
3356 274 3474 334 48?

239 310 344 377 tat
1390 296 1803 385 ENCYCLfCA
1842 294 1939 355 AD
1978 292 2318 353 caecos.

354 443 857 510 SUPERIOREM
901 434 1354 527 EPISTOLAM
1397 432 1741 494 IPSEMET
1785 426 2220 490 BESSARION
2258 425 2308 485 E
2350 418 2642 483 GBECA
2683 414 3049 501 LA'UNAM
3099 408 3356 477 FECIT,

655 547 882 621 QUAM
928 524 1082 603 nos
1113 535 1414 600 POSTEA
1461 531 1859 593 asceam

1952 528 2026 588 lli
2042 526 2342 589 PRiMEN
2358 526 2451 584 DA
2464 524 2523 585 Μ
2568 520 3047 583 CURAVIMUS.

251 696 667 759 f‘ESSARION,
706 691 891 746 divina
924 683 1274 744 miseratione
1310 688 1617 748 sanctasque
1653 673 1810 729 Sedis
1841 682 1879 735 Α
1913 675 2106 743 potuit,
2143 682 2202 727 ut
2228 670 2529 724 moralibus
2564 666 2865 722 virtutibus
2893 643 3130 733 praediti,
3159 670 3217 716 et
3251 660 3469 729 sapien-

322 789 652 860 Apostolicae
695 784 891 852 gratia,
934 785 1295 834 sacrosanctae
1329 774 1585 827 Romana:
1626 768 1811 821 Eecle-
1912 770 2064 827 tiam,
2104 776 2160 820 ct
2220 765 2613 833 principatum,
2644 769 2701 815 et
2755 760 2929 829 ipsam
2985 756 3230 811 omnium
3285 769 3469 807 rerum

325 883 421 935 sia:
453 876 771 935 cardinalis,
800 873 1112 943 patriarcha
1144 862 1810 929 Constantinopolitanus.
1914 858 2287 910 dulcissimam
2320 855 2629 908 libertatem
2666 849 2988 905 amiserint?
3036 848 3155 901 Non
3183 846 3328 899 enim
3365 846 3476 897 f'or-

324 974 552 1026 Dilectis
604 970 656 1021 in
704 959 925 1020 Christo
967 961 1234 1014 fratribus
1280 966 1335 1011 et
1371 956 1502 1008 filiis
1545 950 1815 1016 archiepi-

325 1064 532 1131 scopis,
565 1056 863 1128 episcopis.
915 1049 1274 1121 presbyteris,
1318 1044 1627 1105 monachis,
1659 1052 1815 1094 caete-

330 1158 516 1222 risque
565 1145 951 1203 ecclesiasticis
999 1150 1054 1194 et
1108 1135 1464 1191 szecularibus
1506 1131 1642 1183 viris
1693 1143 1816 1197 pro-

331 1218 542 1299 vincias
561 1248 764 1294 sanctae
786 1234 903 1289 sedi
928 1224 1551 1295 Constantinopolitanae
1572 1218 1820 1272 subditas

336 1332 736 1392 habitantibus,
772 1312 1024 1395 gratiam,
1075 1333 1261 1388 pacem
1291 1328 1348 1369 et
1376 1312 1819 1368 benedictionem

335 1441 368 1481 a
403 1426 514 1479 Deo
562 1419 967 1487 omnipotente.
1002 1409 1329 1464 Volentibus
1350 1407 1642 1475 duntaxat,
1676 1416 1825 1454 eam-

338 1532 449 1586 que
505 1513 759 1568 obtinere
812 1487 1295 1559 desiderantibus,
1338 1506 1393 1550 et
1450 1511 1569 1562 qua:
1631 1491 1698 1545 ad
1757 1492 1822 1543 ilo

336 1610 446 1664 iam
515 1600 867 1658 obtinendam
924 1597 1133 1647 ducunt
1185 1590 1333 1643 omni
1390 1594 1591 1641 conatu
1661 1596 1826 1651 agen-

343 1700 518 1755 tibus.
1172 1726 1187 1745 .

342 1792 721 1845 Voluissemus
748 1780 1021 1853 profecto,
1052 1773 1237 1831 dilecti
1266 1772 1461 1827 fratres
1489 1780 1543 1823 et
1576 1767 1694 1830 tilii,
1725 1763 1827 1833 ipsi

270 1884 557 1939 vobiscum
607 1880 894 1946 loquentes
923 1872 1053 1924 dare
1082 1878 1244 1937 atque
1289 1865 1537 1943 accipere
1565 1859 1831 1912 rationem

271 1989 465 2032 eorum
503 1986 623 2041 qua:
656 1971 720 2023 ad
764 1975 998 2019 vestram
1030 1962 1259 2014 salutem
1300 1938 1615 2008 necessaria
1655 1957 1782 2002 sunt
1816 1983 1831 2007 ,

276 2079 513 2138 quaeque
537 2076 632 2116 vos
663 2066 720 2112 et
745 2057 917 2125 loqui,
950 2063 1006 2106 et
1044 2047 1479 2120 agere‘fraterno
1524 2051 1576 2094 et
1609 2048 1835 2107 paterno

276 2130 477 2213 a-ﬂectu
536 2151 934 2208 desideramus.
991 2142 1095 2195 Sed
1152 2138 1411 2208 quoniam
1478 2141 1534 2184 et
1593 2130 1838 2183 conditio

278 2247 630 2318 praesentium
682 2253 897 2297 rerum,
946 2243 1001 2287 et
1048 2240 1197 2284 tanta
1254 2228 1479 2279 vastitas
1527 2221 1726 2289 pelagi,
1777 2233 1837 2269 ac

282 2311 613 2403 interiacens
645 2326 931 2396 longitudo
957 2334 1233 2375 terrarum
1266 2319 1315 2371 id
1346 2315 1657 2385 prohibent,
1688 2311 1834 2376 quod

282 2429 558 2495 reliquum
612 2431 729 2483 est,
788 2416 985 2470 litteris
1035 2412 1270 2465 cilicium
1325 2417 1572 2460 nostrum
1616 2400 1839 2469 exsequi

282 2517 631 2577 conabimur,
659 2519 713 2563 et
744 2509 852 2563 hac,
874 2504 1101 2572 epistola
1128 2498 1446 2569 particulam
1480 2495 1721 2561 aliquam
1749 2504 1843 2542 eo-

286 2623 406 2663 rum
432 2620 552 2675 qna:
578 2616 761 2654 coram
796 2598 1149 2664 loqueremur
1188 2590 1572 2656 exprimemus.
1605 2581 1843 2636 Obsecro

284 2708 470 2751 autem
500 2694 748 2753 Domino,
796 2697 858 2741 ut
891 2700 955 2740 ea
996 2699 1092 2737 vos
1132 2681 1401 2734 charitate
1432 2674 1691 2735 audiatis,
1725 2686 1846 2741 quae

288 2789 543 2841 dieturus
589 2797 734 2841 sum,
771 2794 892 2831 cum
928 2791 1034 2844 qua
1077 2773 1193 2841 ipse
1228 2786 1329 2826 vos
1372 2769 1641 2836 alloquor.
1670 2764 1848 2819 Testis

287 2887 372 2933 est
400 2877 542 2931 enim
581 2874 713 2926 mihi
763 2869 879 2939 ipse
932 2868 1094 2929 Deus,
1128 2877 1291 2932 quem
1326 2860 1488 2914 nullae
1521 2848 1721 2911 nestm
1760 2868 1847 2908 co-

292 2969 589 3037 gitationes
627 2966 794 3017 latere
836 2967 1085 3029 possunt,
1118 2954 1260 3025 quod
1292 2952 1473 3021 primo
1514 2948 1736 3019 quidem
1766 2962 1851 2999 ze-

293 3063 381 3115 lus
411 3060 562 3128 ejus;
587 3056 785 3110 deinde
828 3051 1196 3105 arctissimum
1236 3042 1520 3099 charitatis
1547 3040 1851 3101 viticulmn,

292 3168 406 3220 quo
432 3150 638 3203 nationi
676 3154 877 3200 nostrae
909 3141 1285 3210 astringimur,
1313 3150 1404 3189 me
1462 3145 1520 3187 ut
1563 3136 1675 3186 haec
1714 3132 1853 3185 scri-

1918 962 2068 1010 tuna,
2121 949 2202 1000 vel
2257 962 2436 1009 casus,
2473 952 2568 998 aut
2620 941 2946 997 temerarius
2988 954 3174 994 rerum
3214 947 3474 996 eventus,

1918 1057 1979 1094 ac
2010 1040 2189 1093 fittxus
2219 1036 2493 1093 instabilis
2521 1044 2727 1089 tantam
2760 1032 2962 1087 nostris
2994 1031 3360 1085 calamitatem
3396 1029 3478 1080 iu-

1919 1136 2114 1194 tulere,
2144 1131 2248 1184 nisi
2278 1131 2402 1199 quis
2428 1138 2584 1198 putet
2638 1142 2728 1182 res
2775 1128 3042 1181 humanas
3072 1123 3258 1178 divina
3292 1123 3479 1175 Provi-

1922 1225 2105 1278 denlia
2140 1224 2364 1277 minime
2392 1222 2711 1292 gubernari,
2738 1218 2883 1287 quod
2908 1218 3072 1287 etiam
3103 1215 3345 1285 cogitare
3378 1213 3480 1265 im-

1926 1317 2075 1384 pium
2127 1323 2233 1379 est,
2286 1322 2450 1382 atque
2500 1311 2793 1365 nefarium.
2845 1308 2952 1363 Sed
3008 1322 3109 1361 nec
3154 1306 3479 1360 delictorum

1926 1403 2703 1460 nostrorum-«multitudinem
2756 1403 2874 1471 ejus
2926 1401 3001 1453 rei
3050 1413 3266 1453 causam
3315 1396 3486 1449 fuisse

1928 1500 2219 1552 dicendum
2250 1508 2353 1561 est,
2375 1504 2434 1548 ιιι
2462 1495 2680 1565 quidam
2706 1494 2814 1547 Deo
2845 1508 2900 1545 se
2926 1490 3281 1544 humiiiantcs
3302 1488 3484 1540 dicere

1929 1597 2350 1644 consuevi-runt.
2377 1587 2563 1657 Neque
2586 1585 2734 1639 enim
2758 1600 2859 1639 nos
2890 1584 3059 1653 magis
3085 1596 3246 1651 quant
3281 1595 3341 1636 ea
3361 1588 3486 1632 tera-

1932 1682 2370 1735 Christianorum
2401 1680 2674 1740 nationes,
2714 1692 2848 1745 quas
2883 1673 3339 1729 nuncmundana
3389 1671 3487 1722 ista

1937 1776 2196 1829 felicitate
2231 1773 2335 1825 frui
2378 1772 2649 1832 videmus,
2690 1768 2927 1837 peccatis
2964 1765 3170 1820 nostris
3206 1766 3374 1819 Deum
3414 1765 3489 1815 ir-

1936 1867 2240 1920 ritavimns.
2279 1863 2559 1932 Siquidem
2590 1871 2645 1916 et
2677 1862 2883 1915 dictum
2906 1869 3015 1927 est,
3049 1867 3104 1911 et
3130 1872 3259 1909 vere
3288 1855 3489 1908 dictum

1938 1969 2036 2020 est,
2068 1966 2125 2011 ut
2166 1956 2422 2015 arbitror.
2458 1964 2673 2023 nostros
2705 1953 2757 2006 in
2805 1953 2871 2005 iis
2914 1964 3035 2019 qua:
3081 1948 3145 2001 ad
3193 1959 3377 2000 mores
3435 1954 3487 1997 et

1938 2050 2061 2101 vitae
2096 2050 2433 2101 honestatem
2484 2045 2779 2115 pertinent,
2810 2041 2973 2096 nullis
3005 2054 3127 2093 esse
3177 2037 3489 2091 infcriori-.9.

1943 2138 2252 2193 Verendutn
2294 2139 2460 2205 igitur
2484 2151 2551 2190 ne
2580 2136 2760 2203 potius
2797 2141 2874 2187 tot
2910 2139 3299 2197 tantorumque
3330 2126 3493 2179 malo-

1943 2228 2289 2288 rum-fomes,
2344 2238 2399 2281 et
2448 2226 2674 2280 materia
2711 2224 2896 2287 fuerit,
2942 2222 3085 2292 quod
3120 2220 3294 2276 Graeci
3350 2219 3511 2299 reri:

1943 2320 2287 2387 dogmatibus
2328 2332 2426 2385 per
2480 2316 2787 2370 socordiam
2820 2314 3039 2369 omissis
3073 2315 3139 2366 ab
3175 2312 3494 2365 intemerata

1945 2410 2072 2463 fidei
2114 2410 2339 2490 veritate
2376 2416 2744 2471 secesserunt,
2780 2418 2835 2461 et
2866 2390 3250 2459 iucous‘utilem
3285 2401 3495 2454 Domini

1946 2501 2187 2554 tunicam
2216 2499 2524 2554 scindentes
2552 2514 2579 2552 a
2605 2499 2869 2554 catholica
2897 2496 3138 2551 Ecclesia
3162 2496 3292 2549 sunt
3316 2492 3497 2546 divisi.

1944 2588 2113 2659 Cujus
2141 2589 2217 2641 rei
2252 2588 2554 2643 causa‘fuit
2581 2588 2867 2641 temeritas
2893 2583 3254 2653 quorumdam
3288 2564 3503 2636 nostro-

1950 2696 2093 2744 run),
2122 2695 2188 2733 ne
2238 2679 2390 2733 alteri
2441 2678 2778 2764 principatus
2820 2679 2903 2731 stii
2950 2680 3219 2730 rationem
3272 2676 3502 2729 reldere

1950 2782 2298 2841 cogerentur.
2346 2770 2456 2824 llos
2503 2770 2700 2824 deinde
2753 2771 3083 2839 posteriores
3135 2782 3353 2836 quoque
3396 2780 3503 2819 nun

1951 2874 2061 2917 tam
2090 2879 2184 2917 sua
2227 2858 2493 2930 pravitate
2523 2864 2680 2921 moti,
2711 2876 2872 2929 quam
2904 2860 3124 2913 illorum
3167 2859 3347 2912 allecti
3388 2873 3509 2926 pcr-

1953 2955 2365 3034 versitate_sunl
2393 2953 2588 3007 secuti.
2636 2952 2746 3006 Sed
2795 2952 3071 3020 deponere
3101 2948 3417 3020 aliquando,
3447 2961 3512 3000 ac

1957 3062 2185 3116 prorsus
2216 3045 2436 3109 abigere
2468 3044 2610 3096 hanc
2659 3041 2956 3111 perniciem
2996 3040 3218 3103 decens,
3268 3053 3331 3092 ac
3371 3040 3511 3092 salu-

1958 3139 2178 3191 tiferam
2208 3145 2311 3188 est.
2340 3134 2705 3201 Quamobrem
2729 3149 2823 3188 vos
2851 3134 3041 3186 hortor
3065 3142 3121 3188 et
3146 3145 3295 3201 rogo,
3318 3132 3548 3184 fratrcs‘

294 3243 421 3297 bam
460 3247 699 3303 movent,
751 3248 926 3303 neque
974 3248 1035 3287 ea
1087 3231 1377 3301 patiuntur:
1445 3225 1697 3283 reticere.
1737 3237 1855 3290 Qum
1884 3232 1925 3289 c
1959 3237 2015 3283 et
2043 3228 2134 3281 ﬁlii
2169 3232 2221 3281 in
2255 3228 2459 3299 Spiritu
2496 3234 2685 3281 sancto
2709 3224 3192 3291 desideratissimi,
3223 3225 3371 3278 omni
3397 3233 3521 3275 stu--

295 3330 457 3384 vobis
488 3328 709 3397 cognitu
761 3323 1071 3378 necessaria
1119 3328 1267 3374 sunt.
1303 3318 1439 3371 Ante
1478 3314 1657 3367 omnia
1690 3314 1853 3380 icitur

300 3429 655 3480 mementote,
687 3419 884 3470 fratres
917 3425 971 3467 et
1023 3413 1142 3473 filii,
1188 3410 1367 3477 qualis
1400 3407 1552 3467 olim,
1584 3415 1854 3471 quamque

294 3516 571 3569 excellens
614 3510 781 3564 fuerit
834 3507 980 3559 natio
1025 3509 1233 3561 nostra,
1280 3508 1394 3550 tum
1434 3494 1703 3553 doctrina,
1740 3500 1852 3542 tum

296 3605 447 3659 omni
502 3600 782 3669 sapientiae
832 3609 1053 3664 genere,
1087 3605 1226 3647 cum
1278 3585 1490 3639 cxeteris
1536 3581 1852 3639 virtutibus,

295 3712 419 3766 quae
445 3666 703 3761 praeterea
728 3687 895 3747 vires,
927 3679 1053 3749 qusi
1077 3666 1343 3747 potentia,
1372 3675 1467 3744 qui
1515 3673 1858 3742 principatus

296 3764 616 3841 nostrorum
654 3776 879 3830 fuerint.
930 3772 1061 3837 Quis
1114 3770 1259 3823 enim
1302 3766 1515 3820 dubitet
1546 3764 1856 3818 Grtecorum

299 3860 807 3945 gentem'omnium
858 3862 1166 3917 liberalium
1216 3858 1433 3920 artium,
1466 3871 1527 3910 ac
1573 3855 1740 3909 totius
1775 3869 1893 3907 εει--

300 3965 520 4037 pientis:
556 3976 662 4013 non
700 3957 860 4011 modo
898 3953 1277 4011 inventricem,
1312 3964 1503 4005 verum
1546 3948 1710 4001 etiam
1738 3960 1860 4014 per-

303 4057 580 4112 fectrieem
610 4047 929 4103 exatitisse?
952 4046 1065 4099 illic
1098 4059 1314 4113 semper
1343 4050 1398 4096 et
1425 4041 1624 4103 virtus,
1656 4038 1711 4092 et
1736 4038 1863 4091 reli-

302 4149 425 4217 gio,
468 4154 522 4196 et
567 4139 926 4193 sanctimonia
979 4136 1249 4201 ﬂoruere;
1296 4134 1409 4209 illic
1458 4133 1659 4185 enituit
1698 4130 1867 4183 totius

304 4238 460 4290 orbis
495 4231 807 4301 imperium,
842 4241 988 4281 nunc
1020 4241 1150 4280 vero
1192 4226 1317 4292 (heu
1350 4223 1648 4283 infelicem,
1677 4229 1731 4274 et
1760 4222 1867 4273 mi-

305 4338 484 4379 seram
516 4322 698 4385 patriae
720 4329 917 4371 nostrte
939 4315 1308 4370 conditionem
1332 4313 1371 4380 l)
1402 4326 1507 4364 non
1536 4309 1696 4363 modo
1720 4302 1871 4375 prin-

315 4416 580 4482 cipatum,
622 4420 788 4478 atque
833 4406 1124 4475 imperium
1156 4404 1310 4458 orbis
1344 4400 1648 4460 amisimus,
1679 4411 1868 4451 verum

319 4510 486 4561 etiam
515 4502 830 4558 servitutem
861 4498 1121 4566 patimur,
1160 4504 1214 4547 et
1244 4497 1383 4547 hanc
1416 4491 1633 4560 quidem
1678 4487 1870 4541 erude-

316 4600 451 4659 letn,
483 4606 646 4663 atque
689 4590 1099 4660 turpissimam;
1147 4584 1500 4662 dominantgr
1530 4580 1674 4633 enim
1706 4578 1868 4630 nobis

311 4659 572 4744 homines
609 4659 813 4743 truces,
853 4659 1094 4741 barbari,
1138 4684 1305 4743 atque
1350 4659 1633 4732 inﬁdeles;
1686 4683 1866 4735 neque

306 4759 494 4836 solum
542 4779 645 4831 hoc
687 4772 834 4844 passi
885 4785 1101 4833 sumus,
1139 4768 1236 4826 sed
1269 4781 1335 4820 ne
1365 4763 1718 4841 simulacrum
1750 4762 1871 4830 qui-

313 4873 443 4926 dem
497 4867 843 4934 disciplinte,
895 4870 991 4915 aut
1042 4859 1211 4912 ullum
1257 4838 1539 4921 sapientia:
1581 4851 1883 4919 vestigium-

313 4961 463 5031 apud
506 4967 719 5012 nostros
746 4956 997 5007 relictum
1032 4958 1137 5003 est.
1160 4948 1375 5001 Solent
1399 4945 1545 4996 enim
1572 4942 1878 5011 disciplina

314 5062 375 5107 et
406 5052 563 5105 bona:
588 5058 763 5109 artes,
801 5044 1010 5113 paratis
1051 5041 1247 5107 primo,
1277 5050 1397 5104 qua:
1436 5034 1501 5087 ad
1545 5036 1743 5088 rictum
1782 5049 1877 5087 ne-

320 5141 564 5195 cessaria
606 5135 959 5205 sunt,_quteri
1025 5140 1188 5197 atque
1239 5125 1573 5193 investigari,
1605 5139 1727 5192 qua:
1750 5138 1877 5179 cum

319 5229 488 5284 nobis
517 5229 571 5281 in
604 5223 893 5295 prasentia
926 5222 994 5274 ob
1040 5218 1360 5274 servitutem
1408 5224 1462 5267 et
1500 5216 1736 5283 inopiam
1786 5216 1879 5269 de-

319 5322 455 5381 sint,
492 5317 640 5369 nulla
673 5313 913 5381 amplius
962 5311 1247 5377 sapientiae
1292 5306 1432 5359 ratio
1470 5316 1576 5368 cst,
1610 5306 1757 5361 nulla
1798 5307 1881 5361 di-

1900 4548 1945 4602 D

1956 3319 2071 3381 dio,
2120 3334 2182 3370 ac
2227 3328 2446 3379 conatu.
2495 3320 2773 3390 antiquam
2820 3318 3167 3372 nobilitatem
3215 3317 3510 3377 resumite,

1954 3409 2228 3461 vindicate
2288 3408 2448 3461 nobis
2498 3409 2783 3476 pristinam
2831 3408 3081 3478 gloriam.
3121 3407 3346 3463 Veteres
3390 3409 3514 3460 illos

1954 3516 2015 3552 ac
2040 3500 2416 3554 sanctissimos
2459 3500 2649 3553 Patres
2681 3510 2736 3553 et
2791 3501 3043 3554 doctores
3078 3508 3297 3553 nostros
3330 3482 3515 3567 sequi-

1957 3592 2113 3651 mini,
2144 3604 2379 3656 quorum
2412 3591 2604 3642 eadem
2640 3589 2919 3643 confessio
2962 3592 3111 3654 fidei,
3142 3589 3335 3646 eadem
3370 3607 3516 3646 sema

1958 3697 2059 3752 per
2088 3682 2190 3734 fuit
2221 3680 2468 3734 doctrina
2510 3681 2747 3748 pietatis,
2780 3695 2899 3733 cum
2933 3695 2993 3734 ea
3032 3695 3194 3749 quant
3229 3696 3373 3736 nunc
3406 3684 3516 3737 Ro-

1960 3790 2117 3829 mana
2173 3773 2411 3827 Ecclesia
2453 3780 2625 3836 tenet,
2674 3787 2737 3828 ac
2793 3774 3105 3839 profitetur.
3160 3774 3517 3829 nocentiores

1961 3869 2094 3922 istos
2134 3875 2241 3919 tam
2280 3864 2555 3935 pestifera:
2602 3864 2897 3919 divisionis
2944 3876 3203 3919 auctores
3248 3866 3518 3921 condent.

1961 3970 2112 4024 nate,
2163 3958 2600 4028 persequimini’,
2660 3958 3035 4013 estcrmiuate.
3093 3958 3518 4015 (Ecumenicam

1964 4052 2230 4123 synodum
2270 4051 2562 4105 Florentiae
2594 4051 2833 4106 habitam
2880 4052 3073 4107 devota
3112 4060 3291 4106 mente
3340 4054 3521 4109 susci-

1912 4200 1915 4201 ν
1970 4147 2107 4214 pile.
2155 4155 2212 4199 et
2234 4160 2353 4213 qua:
2385 4145 2457 4198 ibi
2482 4155 2670 4200 sancto
2697 4155 3029 4215 c00perante
3056 4145 3263 4216 Spiritu
3300 4147 3521 4202 decreta

1968 4246 2117 4299 sunt,
2149 4236 2362 4290 sincero
2394 4235 2559 4288 corde
2593 4236 2820 4297 credite,
2853 4248 2907 4291 et
2966 4240 3314 4307 profitemini.
3343 4239 3525 4293 Multas

1968 4326 2328 4391 efticacesque
2357 4338 2423 4376 eo
2469 4324 2521 4375 in
2570 4324 2691 4378 loco
2734 4326 2975 4378 rationes
3001 4326 3247 4379 adducite
3279 4336 3409 4379 sunt
3454 4326 3526 4379 de

1974 4413 2319 4483 processione
2345 4412 2518 4465 sancti
2549 4410 2806 4480 Spiritus.
2849 4414 3011 4468 Multa
3048 4415 3307 4482 utrinque
3342 4430 3373 4467 a
3405 4429 3526 4483 par-

1976 4503 2121 4555 tibus
2146 4502 2198 4553 in
2236 4500 2517 4569 utriusque
2544 4503 2832 4556 sententia:
2856 4502 3332 4557 confirmationem
3358 4505 3526 4560 dicta.

1972 4593 2113 4649 Vicit
2148 4586 2360 4646 tandem
2391 4593 2531 4659 apud
2566 4586 2755 4646 omnes
2817 4596 2931 4648 haec
2977 4597 3278 4655 sententia,
3310 4593 3528 4648 Patrem

1976 4693 2031 4737 et
2064 4682 2260 4735 Filium
2311 4698 2478 4733 ttnum
2525 4696 2643 4734 esse
2684 4681 2923 4750 Spiritus
2956 4683 3128 4754 sancti
3175 4681 3527 4751 principium.

1978 4770 2215 4845 eumque
2246 4784 2310 4821 es
2344 4778 2574 4835 utroque
2612 4776 2866 4837 tanquam
2892 4784 2956 4823 ex
2990 4784 3097 4821 uno
3129 4770 3371 4837 spirante
3404 4783 3531 4838 pro-

1981 4858 2197 4913 cedere.
2253 4859 2417 4911 Mulla
2474 4870 2782 4912 sanctorum
2838 4862 3146 4920 doctorum,
3205 4875 3313 4911 non
3364 4862 3528 4914 modo

1975 4949 2423 5009 Occidentalium,
2476 4962 2661 5001 verum
2717 4950 2879 5005 etiam
2927 4947 3311 5015 Orientalium,
3362 4961 3528 5021 atque

1977 5049 2285 5093 nostrorum
2338 5037 2402 5090 ad
2449 5036 2500 5089 id
2554 5036 2888 5103 probandum
2937 5039 3241 5091 testimonia
3289 5040 3527 5097 adducta

1976 5138 2123 5192 sunt,
2160 5128 2345 5181 multis
2384 5128 2436 5179 id
2487 5126 2797 5180 rationibus
2840 5127 3300 5196 demonstratum,
3346 5149 3527 5203 neque

1980 5220 2030 5273 id
2063 5228 2371 5273 nostrorum
2422 5216 2628 5270 incuria
2674 5216 2891 5279 evenit;
2929 5233 3035 5271 non
3086 5220 3230 5272 enim
3264 5224 3525 5291 segniter.

1978 5325 2153 5380 neque
2182 5310 2518 5379 negligenter
2565 5322 2685 5360 eam
2718 5306 2832 5361 rem
2870 5309 3207 5376 investigare
3228 5314 3419 5366 conati‘
3436 5328 3529 5367 su-

275 5435 294 5471 ι
328 5406 678 5475 sciplinarum
720 5417 872 5463 cura,
918 5401 1130 5453 nullum
1167 5396 1498 5463 optimarum
1527 5395 1728 5448 artium
1758 5404 1879 5448 stu-

276 5524 309 5561 c
341 5473 492 5551 lium.
525 5482 711 5547 Virtus
742 5496 880 5554 sola,
915 5505 1034 5557 quae
1059 5489 1127 5540 ad
1166 5473 1347 5539 ωσι-ει
1369 5488 1626 5551 pertinet,
1649 5500 1877 5554 quaque

274 5612 322 5651 ι.
356 5588 606 5640 utaliosos
634 5580 719 5634 sui
769 5572 945 5633 bonos
971 5578 1161 5636 efﬁcit,
1187 5590 1251 5627 ea
1286 5590 1414 5628 vero
1444 5586 1659 5640 manet;
1696 5591 1879 5630 mane-

276 5694 334 5737 ,ι
370 5688 491 5742 :que
536 5686 750 5737 semper
793 5667 933 5735 apud
979 5658 1215 5717 nostros.
1263 5662 1365 5715 Sed
1409 5678 1527 5731 qua
1562 5676 1723 5725 cauSa
1758 5680 1875 5720 csso

684 5784 957 5844 Ριτιιοι.
1001 5783 1117 5843 Gtt.
1167 5778 1376 5839 CLXI.

1976 5400 2119 5468 inus,
2150 5410 2189 5453 ὀ
2216 5400 2449 5462 fratres;
2502 5398 2702 5451 multas
2755 5405 2943 5452 noctes
2992 5400 3266 5454 insomnes
3293 5404 3523 5473 egimus,

1975 5503 2229 5557 magnam
2261 5485 2615 5556 vigilantiam,
2641 5480 2813 5540 solers
2843 5486 3108 5553 studium,
3137 5505 3407 5546 summam
3432 5508 3529 5548 cu-

1976 5594 2089 5631 ram
2134 5576 2510 5639 adhibuimus,
2560 5575 2756 5630 cedere
2808 5578 3054 5645 oportuit
3089 5581 3344 5649 veritati;
3396 5581 3551 5640 victi.

1978 5667 2203 5745 fuimus’
2231 5664 2519 5721 doctorum
2567 5666 2854 5720 sententiis
2918 5671 3071 5724 Absit
3113 5673 3259 5725 enim
3306 5690 3335 5727 a
3388 5674 3525 5729 bona

3092 5789 3167 5849 16
