4122 6326
714 331 819 395 483

1635 318 2137 413 BESSARIONIS
2192 318 2256 379 S.
2300 317 2385 413 R.’
2412 315 2483 375 E.
2523 296 2994 375 CARDINALIS
3036 323 3043 326 ‘

3829 298 3931 367 ΚΒΑ

714 454 893 507 anima
924 460 979 506 et
1012 447 1181 515 lideli,
1214 454 1274 503 ut
1301 454 1533 501 ostensa
1566 442 1788 499 veritati
1810 410 2031 511 claudat
2053 438 2265 503 oculos,
2295 410 2495 497 Adam
2521 432 2808 493 veritatem
2843 428 2954 485 dici
2984 423 3429 493 solent,~nullius
3462 436 3594 482 sane
3624 426 3926 490 momenti;

716 557 946 612 eamque
998 540 1241 596 victoriae
1294 536 1593 593 ambitione
1642 533 1927 602 despiciat.
1978 530 2265 585 Referrem

717 644 863 682 nunc
896 621 1050 683 vobis
1078 625 1399 696 particulam
1434 623 1674 692 aliquam
1719 620 1995 674 rationum
2024 616 2265 681 illarum,

717 720 821 773 nisi
879 720 965 773 lex
1012 716 1257 787 epistolas
1304 713 1667 783 prohiberet:
1713 710 1877 765 simul
1919 708 2063 778 quod
2110 708 2269 762 vobis

718 811 843 863 licet
871 808 1029 877 longe
1061 808 1217 877 plura
1250 803 1383 858 alibi
1428 801 1634 864 videre,
1663 807 1718 855 et
1742 799 1945 868 legere,
1974 812 2138 867 quam
2168 811 2270 851 nos

720 897 926 951 referre
959 896 1012 948 in
1047 892 1335 964 praesentia
1385 904 1687 961 possemus.
1725 888 1977 957 Plerique
2011 888 2157 942 enim
2203 902 2267 941 ex

724 986 808 1039 his
846 984 938 1052 qui
984 998 1083 1037 nos
1114 980 1474 1036 antecessisse
1522 976 1826 1035 doctissimi
1857 984 1914 1029 et
1941 973 2269 1029 sanctissimi

721 1076 823 1127 viri
860 1074 1032 1127 multa
1063 1080 1229 1140 atque
1264 1070 1519 1140 praeclara
1550 1065 1618 1123 de
1645 1068 1747 1121 hoc
1775 1066 2027 1136 dogmate
2069 1065 2270 1119 litteris

718 1165 1137 1219 mandaverunt.
1182 1163 1292 1216 Nos
1335 1172 1553 1230 quoque
1583 1172 1689 1213 non
1723 1171 1892 1227 pauca
1923 1157 2270 1226 scripsimus,

718 1258 914 1326 partim
950 1264 1007 1310 ut
1044 1254 1340 1309 amicorum
1372 1253 1424 1307 id
1455 1251 1654 1306 obnixe
1689 1248 2109 1318 eﬂlagitantium
2155 1263 2269 1303 mo-

717 1361 831 1401 rem
873 1358 1186 1414 gereremus
1214 1342 1504 1407 voluntati,
1543 1341 1742 1411 partim
1774 1348 1835 1393 ut
1877 1340 1963 1393 vel
1992 1353 2093 1394 nos
2129 1338 2275 1409 cogi—

718 1442 846 1498 tata,
892 1434 974 1488 vel
1008 1434 1130 1489 aliis
1173 1432 1381 1487 frustra
1414 1416 1873 1487 contendentibus
1924 1440 2184 1499 responsa
2216 1429 2270 1484 in

718 1539 1062 1599 communem
1089 1523 1379 1579 utilitatem
1406 1522 1765 1577 traderemus.
1790 1520 1920 1586 Quae
1942 1508 2123 1574 omnia
2146 1531 2272 1573 cum

720 1615 861 1684 apud
894 1631 990 1670 vos
1023 1617 1155 1680 sint,
1201 1614 1243 1667 si
1292 1613 1416 1681 quis
1460 1622 1705 1665 vestrum
1758 1611 1877 1664 sine
1923 1609 2275 1664 contentione

721 1706 805 1761 vel
849 1706 1013 1773 leget,
1046 1705 1132 1757 vel
1172 1702 1399 1757 audiet.’
1431 1701 1644 1771 Legetis
1684 1708 1866 1756 autem
1915 1699 2000 1754 vel
2039 1699 2276 1755 audietis

721 1811 915 1851 omnes
945 1795 1012 1865 (si
1058 1792 1265 1861 licebit)
1314 1807 1421 1845 non
1475 1806 1724 1861 parvam,
1752 1790 1896 1859 quod
1929 1790 1997 1845 ad
2028 1790 2121 1845 Dei
2164 1790 2277 1861 εισι

724 1890 859 1942 riam
905 1888 1108 1943 dictum
1144 1886 1250 1954 _sit,
1302 1884 1594 1939 utilitatem
1651 1890 2041 1951 consequetur.
2073 1880 2276 1938 Verum

725 1988 903 2032 tamen
942 1992 1103 2030 unam
1139 1974 1425 2041 duntaxat,
1448 1982 1500 2029 et
1532 1988 1651 2029 eam
1680 1974 2029 2042 perbrevem.
2054 1972 2098 2027 si
2125 1972 2276 2039 libet,

724 2072 989 2127 rationem
1028 2069 1391 2125 adducamus.

1042 2205 1113 2257 De
1143 2204 1367 2271 Spiritus
1403 2205 1572 2257 sancti
1606 2199 1943 2272 processione.

800 2338 1041 2410 Spiritus
1072 2349 1297 2394 sanctus
1325 2337 1562 2406 Spiritus
1592 2336 1712 2391 Filii
1748 2336 1973 2401 dicitur,
1997 2345 2134 2391 teste
2156 2336 2279 2407 ipso

726 2429 887 2497 Filio,
928 2432 1019 2501 qui
1053 2430 1316 2499 Spiritum
1352 2428 1508 2484 illum
1541 2435 1700 2483 vocat
1725 2426 1985 2495 Spiritum
2012 2426 2278 2483 veritatis.

728 2520 942 2578 Veritas
976 2535 1103 2575 vero
1152 2520 1242 2574 ille
1287 2521 1404 2588 ipse
1451 2530 1554 2574 est.
1587 2519 1653 2574 Et
1705 2517 1948 2573 Paulus:
1988 2518 2154 2583 Misit,
2189 2520 2279 2573 in-

724 2614 862 2681 quit,
906 2612 1040 2664 Deus
1077 2606 1333 2677 Spiritum
1381 2605 1513 2662 Filii
1544 2610 1625 2661 sui
1656 2609 1712 2661 in
1742 2605 1901 2661 corda
1928 2617 2109 2662 nostra
2133 2610 2151 2641 ί
2178 2622 2194 2675 θ
2227 2617 2284 2665 et

726 2715 941 2753 rursum
981 2716 996 2753 :
1039 2699 1099 2753 Si
1148 2700 1263 2768 quis
1294 2694 1547 2764 Spiritum
1580 2694 1778 2750 Christi
1807 2711 1909 2749 non
1954 2699 2128 2765 habet,
2174 2700 2284 2766 ipse

729 2802 833 2842 non
871 2790 947 2841 est
998 2788 1177 2855 ejus‘.
1221 2786 1377 2851 Quod
1426 2785 1547 2839 aliis
1595 2799 1811 2853 quoque
1860 2786 1912 2837 in
1962 2785 2097 2839 locis
2137 2786 2285 2840 idem

729 2866 1025 2948 Apostolus
1063 2875 1399 2931 creberrime
1432 2874 1684 2943 replicat.
1740 2873 1852 2927 Hoc
1896 2874 2289 2940 verbum,frae

736 2976 870 3029 tres,
904 2966 1037 3019 satis
1068 2976 1341 3033 superque
1370 2962 1433 3015 ad
1466 2962 1517 3014 id
1554 2960 1892 3028 probandum
1924 2960 1991 3014 de
2031 2973 2141 3029 quo
2176 2962 2289 3031 agi-

2370 524 2523 594 piura
2563 537 2695 578 vero
2724 520 3060 589 melioraque
3088 517 3350 574 dicuntur
3389 517 3457 572 ab
3479 514 3567 573 his
3594 518 3690 587 qui
3729 515 3930 572 verita-
3970 572 3975 575 _

2371 623 2478 670 tem
2531 622 2855 683 sequuntur.
2899 610 3030 677 Qum
3069 617 3125 664 et
3170 608 3216 663 si
3256 622 3357 663 nos
3398 607 3602 677 Optime
3652 616 3928 670 tenemus,

2371 720 2494 760 cum
2532 719 2675 774 saepe
2720 717 2949 759 numero
3000 699 3502 756 contradicentibus
3546 698 3821 753 adversati
3856 698 3933 753 si-

2371 810 2515 862 mus,
2535 794 2820 849 brevitatis
2848 800 3028 846 tamen
3047 791 3222 860 gratia
3251 787 3521 842 mittimus
3550 786 3617 840 ad
3647 787 3892 841 monitos
3917 805 3930 839 :

2373 886 2418 940 si
2463 884 2556 954 qui
2606 892 2771 938 erunt
2800 879 3192 951 investiganda:
3238 878 3485 934 veritatis
3519 877 3724 947 cupidi,
3758 887 3819 931 ut
3873 892 3933 930 ea

2373 975 2579 1045 legant,
2626 988 2747 1043 qua:
2779 973 2907 1028 olim
2958 971 3025 1027 de
3077 971 3179 1025 hac
3228 986 3287 1024 re
3331 968 3783 1036 conscripsimus.
3819 967 3933 1020 Hoc

2374 1073 2555 1120 tamen
2588 1064 2739 1119 vobis
2768 1050 3023 1127 dicimus,
3055 1070 3113 1115 et
3145 1059 3403 1128 intrepidi
3432 1059 3750 1123 asserimus,
3778 1059 3824 1113 si
3850 1072 3938 1111 res

2376 1157 2612 1220 tulisset,
2649 1168 2708 1209 ut
2740 1162 3037 1223 praesentes
3065 1153 3220 1217 dare,
3271 1157 3434 1217 atque
3465 1148 3718 1217 accipere
3771 1147 3939 1221 ratio-

2372 1260 2498 1300 nem
2528 1245 2690 1316 hujus
2718 1244 2796 1299 rei
2824 1245 3216 1315 potuissemus,
3246 1238 3589 1313 iudicaturos
3616 1252 3713 1291 vos
3739 1238 3932 1291 fuisse.

2374 1333 2490 1392 Hoc
2521 1351 2714 1403 unum,
2746 1335 2894 1406 quod
2945 1334 3207 1398 diximus,
3240 1333 3372 1388 satis
3406 1339 3681 1400 superque
3715 1342 3837 1382 esse
3870 1326 3936 1380 ad

2374 1428 2668 1483 veritatem
2708 1425 3127 1493 ostendendam,
3177 1420 3430 1492 nihilque
3460 1418 3824 1476 dubitationis
3854 1434 3939 1471 res

2374 1517 2570 1587 linqui,
2599 1516 2733 1588 quin
2779 1515 3017 1586 Spiritus
3062 1515 3136 1569 ita
3182 1528 3249 1569 ex
3290 1512 3427 1568 Filio
3474 1509 3935 1581 quemadmodum

2376 1623 2438 1663 ex
2477 1607 2663 1672 Patre,
2700 1618 2957 1677 tanquam
3000 1620 3067 1661 ex
3117 1617 3228 1659 uno
3276 1604 3548 1674 principio
3583 1611 3639 1658 et
3686 1617 3794 1656 uno
3828 1617 3943 1668 spi~

2378 1705 2532 1751 rante
2560 1698 2843 1767 procedat.
2891 1693 3057 1749 Multa
3090 1708 3309 1764 quoque
3338 1692 3447 1747 alia
3477 1702 3755 1747 sacrarum
3788 1692 3943 1745 testis

2382 1786 2562 1843 monia
2590 1798 2720 1843 sunt
2759 1787 3088 1852 litterarum,
3132 1792 3194 1839 ut
3239 1792 3370 1853 puta
3403 1784 3736 1845 Paracletus.
3788 1796 3942 1851 quem

2381 1882 2705 1949 ego'mittam
2736 1878 2877 1933 vobis
2902 1893 2933 1929 a
2958 1876 3155 1943 Patre;
3189 1883 3243 1930 et
3275 1888 3467 1930 rursus
3496 1891 3509 1927 :
3544 1873 3617 1927 De
3663 1888 3776 1927 mea
3802 1876 3944 1925 acci-

2381 1974 2503 2041 piet,
2543 1979 2591 2025 et
2630 1969 2966 2024 annuntiabit
3012 1970 3173 2023 vobis.
3223 1966 3288 2030 Et
3329 1966 3569 2021 iterum:
3606 1964 3943 2033 Quaecunque

2381 2062 2554 2115 audiet
2583 2060 2843 2131 loquetur,
2866 2069 2922 2116 et
2942 2059 3057 2127 alia
3091 2059 3157 2113 iis
3201 2057 3425 2113 similia.
3464 2054 3542 2110 Ex
3586 2056 3787 2126 quibus
3819 2069 3942 2107 om-

2380 2150 2544 2206 nibus
2574 2152 2695 2206 luce
2723 2152 2922 2205 clarius
2945 2165 3005 2204 ea
3032 2148 3158 2203 ﬁdei
3185 2150 3397 2203 veritas
3415 2148 3743 2210 ostenditur,
3777 2161 3937 2216 quam

2381 2248 2437 2295 et
2483 2248 2669 2297 sancta
2710 2239 2954 2295 Romana
3000 2236 3241 2295 Ecclesia
3297 2248 3355 2293 ut
3397 2253 3614 2308 semper
3645 2246 3825 2300 antea,
3864 2237 3939 2289 ita

2382 2346 2530 2387 nunc
2561 2339 2729 2397 tenet,
2781 2342 2838 2387 et
2885 2330 3168 2403 praedicat,
3218 2340 3275 2387 et
3318 2329 3449 2385 olim
3482 2327 3661 2382 omnis
3688 2327 3935 2383 Ecclesia

2382 2420 2678 2477 fatebatur.
2732 2420 2839 2477 Sed
2872 2419 3020 2476 dicet
3068 2419 3305 2476 fortasse
3353 2418 3553 2488 aliquis
3597 2436 3611 2473 :
3652 2417 3765 2475 Cur
3820 2419 3943 2487 ipse

2340 2502 2343 2511 λ
2386 2508 2649 2569 Dominus
2679 2527 2804 2567 cum
2838 2512 2905 2569 de
2932 2510 3141 2582 Spiritu
3172 2512 3529 2581 loqueretur:
3556 2510 3814 2581 Spiritus,
3838 2513 3941 2577 ait,

2383 2605 2473 2675 qui
2503 2620 2535 2658 α
2564 2603 2726 2659 Patre
2750 2604 3001 2673 procedit,
3031 2617 3210 2669 neque
3233 2601 3448 2657 addidit
3475 2602 3641 2656 etiam
3674 2617 3702 2655 a
3727 2617 3787 2657 se
3818 2604 3943 2670 ipso

2388 2694 2717 2763 procedere?
2746 2695 2877 2760 Quae
2916 2694 3157 2758 tandem,
3188 2704 3279 2749 aut
3304 2695 3482 2763 qualis
3507 2703 3592 2751 est
3624 2696 3741 2750 iizec
3775 2699 3943 2758 ratio,

2385 2783 2629 2839 fratres?
2657 2786 2770 2839 Etsi
2802 2785 2947 2838 enim
2987 2784 3201 2839 dixerat
3226 2800 3254 2838 a
3295 2786 3457 2839 Patre
3488 2788 3787 2855 procedere
3813 2787 3945 2856 Spia

2392 2872 2581 2935 ritum,
2622 2886 2731 2927 non
2762 2879 2942 2927 tamen
2977 2873 3193 2941 negavit
3222 2888 3346 2928 eum
3381 2889 3411 2927 a
3455 2888 3515 2929 se
3549 2891 3769 2945 quoque
3813 2893 3946 2948 pro-

2396 2961 2620 3017 cedere.
2653 2960 2788 3015 Nam
2821 2962 2868 3017 si
2900 2961 2953 3016 id
2989 2962 3238 3028 dixisset,
3280 2964 3489 3033 aliquid
3524 2966 3755 3021 fortasse
3796 2970 3950 3024 vidc-

738 3068 882 3111 mus.
914 3054 1105 3123 Neque
1134 3052 1278 3107 enim
1304 3049 1570 3105 excedere
1592 3049 1750 3103 decet
1774 3048 1992 3102 modum
2020 3050 2283 3119 epistola.
2313 3073 2361 3136 ο
2391 3058 2539 3104 retur
2572 3050 2821 3119 ingerere
2863 3050 3227 3105 difﬁcultatis.
3278 3052 3595 3122 Quanquam
3627 3070 3804 3121 neque
3839 3057 3951 3112 hoc

738 3146 826 3200 Est
861 3146 1045 3214 itaque
1084 3140 1318 3211 Spiritus
1352 3149 1572 3195 sanctus
1598 3138 1801 3194 Christi
1847 3138 2086 3208 Spiritus
2131 3149 2289 3196 natu-

734 3236 925 3291 raliter
955 3242 1012 3289 et
1037 3231 1431 3297 essentiaiiter,
1458 3244 1567 3286 non
1601 3231 2029 3285 accidentaliter.
2058 3229 2117 3295 id
2157 3247 2288 3289 vero

731 3326 891 3395 cujus
921 3322 1127 3393 aliquid
1161 3324 1266 3377 hoc
1298 3321 1460 3376 modo
1490 3327 1597 3387 est,
1635 3322 1963 3375 auctoritate
2010 3322 2189 3391 aliqua
2234 3331 2289 3378 et

731 3410 1051 3466 excellentia
1076 3409 1129 3463 id
1154 3408 1387 3463 excellat
1413 3422 1641 3465 necesse
1670 3415 1774 3473 est,
1801 3409 1947 3479 quod
1988 3425 2145 3465 suum
2168 3426 2288 3468 esse

734 3499 955 3556 dicitur.
999 3501 1121 3556 Haec
1144 3514 1274 3555 vero
1306 3500 1607 3557 auctoritas
1640 3499 1887 3569 profecto
1917 3517 2026 3556 non
2060 3503 2178 3558 talis
2200 3503 2287 3558 di-
2331 3528 2338 3537 ·

732 3593 900 3647 cenda
953 3601 1058 3658 est,
1101 3592 1287 3663 qualis
1337 3602 1420 3647 est
1466 3590 1683 3647 Domini
1736 3591 1805 3647 ad
1854 3607 2098 3649 servum.
2154 3593 2285 3661 Quis

734 3686 878 3740 enim
922 3685 1147 3739 auderet
1198 3691 1504 3738 creatorem
1572 3683 1628 3736 in
1690 3690 1997 3737 creaturam
2042 3692 2283 3749 vertere,

734 3776 878 3842 quod
906 3776 1069 3828 etiam
1099 3774 1339 3844 cogitare
1372 3773 1693 3844 sacrilegum
1729 3774 1851 3828 est?
1896 3773 2153 3845 Superest
2184 3775 2286 3843 igi-

735 3873 825 3917 tur
848 3863 1253 3929 auetoritatem,
1301 3873 1466 3933 atque
1491 3863 1871 3919 excellentiam
1908 3864 2133 3933 originis
2166 3879 2287 3919 esse

734 3955 851 4024 ejus
881 3956 973 4023 qui
1002 3956 1195 4023 spirat,
1223 3954 1290 4007 ad
1327 3954 1579 4021 spiritum
1610 3953 1708 4020 qui
1740 3953 2001 4021 spiratur.
2033 3955 2098 4008 Et
2138 3964 2287 4010 certe

735 4044 880 4097 aliud
904 4057 1149 4099 asserere
1183 4041 1451 4095 nefarium
1485 4050 1594 4095 est.
1624 4040 1759 4093 Nam
1798 4041 1943 4108 quod
1977 4052 2287 4097 nostrorum

739 4135 904 4201 aliqui
946 4148 977 4185 a
1008 4132 1237 4185 veritate
1279 4130 1640 4193 declinantes,
1670 4129 1793 4183 ideo
1821 4129 1926 4184 dici
1959 4130 2078 4185 Filii
2115 4133 2288 4200 Spiri-

744 4230 856 4272 tum
888 4216 1247 4281 contendunt,
1287 4219 1429 4285 quod
1458 4217 1699 4284 ejusdem
1731 4217 1801 4270 sit
1830 4231 1952 4270 cum
1997 4234 2063 4273 eo
2107 4234 2292 4274 essene

742 4311 849 4372 tiae,
888 4309 968 4362 vel
1022 4307 1167 4375 quod
1221 4322 1285 4361 ex
1331 4322 1395 4359 eo
1435 4308 1703 4371 mittatur,
1740 4324 2061 4364 aranearum
2112 4313 2291 4381 potius

2388 3138 2455 3193 ad
2482 3139 2765 3194 tutandam
2793 3148 3034 3194 vestram
3062 3138 3381 3209 opinionem
3427 3141 3728 3199 sufficeret.
3766 3145 3955 3215 Siqui-

2389 3230 2513 3286 dem
2560 3231 2680 3301 ipse
2729 3231 2978 3288 Salvator
3013 3248 3029 3285 :
3064 3229 3144 3285 De
3192 3233 3276 3305 dis
3312 3233 3411 3287 illa
3460 3242 3511 3289 et
3557 3237 3708 3301 liora,
3743 3237 3951 3307 inquit,

2388 3337 2538 3377 nemo
2566 3323 2726 3388 norit,
2756 3338 2922 3392 neque
2952 3322 3152 3394 angeli,
3180 3339 3343 3397 neque
3376 3324 3544 3385 Filius
3569 3330 3816 3396 hominis,
3842 3328 3953 3386 nisi

2387 3412 2529 3467 solus
2569 3410 2749 3466 Pater.
2779 3412 2841 3468 Et
2874 3430 3060 3469 rursus
3090 3427 3106 3464 :
3145 3410 3266 3469 Hea
3290 3413 3535 3471 doctrina
3563 3434 3669 3471 non
3696 3428 3772 3473 est
3803 3439 3949 3483 mea.

2386 3502 2476 3558 sed
2524 3504 2638 3573 ejus
2680 3506 2771 3575 qui
2798 3506 2939 3559 misit
2984 3522 3065 3561 me
3105 3506 3311 3562 Patris.
3365 3507 3434 3562 Et
3477 3509 3680 3564 iterum
3716 3527 3729 3565 :
3774 3511 3953 3568 Nemo

2388 3597 2527 3649 novit
2570 3595 2771 3651 Filium
2800 3598 2899 3651 nisi
2922 3598 3106 3654 Pater.
3135 3597 3377 3665 Quorum
3412 3603 3657 3657 omnium
3686 3620 3785 3659 nos
3818 3621 3953 3676 pro-

2388 3686 2477 3741 cul
2511 3682 2683 3741 dubio
2711 3689 3049 3744 contrarium
3095 3699 3152 3745 et
3183 3692 3473 3758 sentimus,
3501 3704 3557 3748 et
3598 3696 3945 3764 proﬁtemur.

2386 3779 2464 3830 Ac
2499 3770 2697 3831 Filium
2736 3777 2849 3842 Dei,
2879 3777 3104 3847 perinde
3133 3777 3279 3835 diem
3316 3767 3471 3837 illum
3517 3792 3575 3838 et
3629 3784 3822 3841 horam
3855 3791 3950 3843 eo;

2390 3878 2677 3933 guoscere,
2714 3876 2775 3919 ut
2798 3866 3012 3921 Patrem
3037 3868 3438 3928 existimam'us.
3461 3872 3847 3945 Eumdemque
3880 3880 3954 3931 ita

2392 3970 2450 4008 se
2486 3970 2671 4021 nosse,
2706 3964 2766 4010 ut
2788 3957 2949 4013 Pater
2980 3972 3106 4013 eum
3137 3962 3313 4027 novit,
3341 3950 3763 4037 doctrinamque
3801 3970 3954 4023 illius

2392 4059 2544 4100 suam
2598 4047 2872 4115 praecipue
2930 4048 3236 4104 doctrinam
3268 4061 3412 4109 esse.
3443 4054 3502 4109 Si
3549 4057 3719 4125 igitur
3750 4075 3951 4116 eorum

2391 4145 2511 4204 qua:
2552 4145 2743 4204 aperte
2778 4137 3298 4212 negavitCiiristus,
3331 4156 3432 4197 nos
3464 4144 3687 4212 quidem
3731 4158 3886 4205 recte
3925 4166 3954 4205 e

2391 4225 2611 4280 diverso
2659 4226 2956 4291 credimus,
2990 4242 3090 4281 cur
3135 4244 3244 4282 non
3279 4232 3443 4285 etiam
3478 4233 3606 4297 hoc,
3639 4237 3790 4304 quod
3843 4256 3953 4295 non

2396 4316 2631 4385 negavit,
2665 4316 2752 4386 pie
2782 4318 3091 4392 credimus?
3126 4319 3421 4375 Enimvero
3452 4322 3590 4377 illud
3645 4326 3700 4379 iu
3750 4331 3953 4397 primis

741 4402 861 4453 telae
894 4408 1040 4461 sunt,
1090 4413 1253 4466 quam
1303 4397 1557 4461 rationes,
1607 4407 1667 4451 ut
1704 4413 1843 4467 saepe
1895 4399 2284 4455 demonstravi-

2396 4410 2762 4465 attentissime
2802 4390 3271 4468 considerandum
3317 4423 3421 4478 est,
3450 4415 3647 4472 fratres
3676 4426 3732 4472 et
3752 4390 3868 4475 Elii
3904 4423 3955 4476 iu

740 4507 881 4544 mus.
916 4490 967 4543 Si
996 4491 1142 4542 enim
1178 4497 1399 4557 pr0pter
1425 4488 2045 4543 consubstantialitatem
2075 4490 2291 4546 dicatur

741 4581 995 4649 Spiritus,
1036 4578 1155 4632 Filii
1208 4577 1469 4647 Spiritus,
1512 4586 1739 4647 propter
1780 4580 2025 4633 eamdem
2070 4595 2291 4636 causam

736 4683 791 4725 et
814 4670 987 4743 Pilius
1018 4669 1229 4723 dicetur
1258 4668 1499 4738 Spiritus
1545 4668 1718 4723 sancti
1752 4669 1944 4735 Filius,
1969 4671 2115 4739 quod
2151 4688 2293 4729 nun-

740 4776 899 4829 quam
932 4764 985 4814 in
1017 4761 1185 4814 sacris
1216 4759 1420 4814 litteris
1462 4759 1709 4815 auditum
1739 4768 1845 4814 est.
1881 4758 1936 4815 Si
1988 4777 2121 4817 vero
2164 4766 2289 4832 quia

736 4870 801 4906 ex
832 4851 969 4906 Filio
1002 4853 1259 4916 mittitur,
1290 4852 1363 4906 ita
1400 4851 1623 4915 dicitur,
1654 4841 1718 4907 ea
1757 4861 1907 4908 certe
1944 4854 2082 4909 ratio
2119 4857 2289 4925 magis
2321 4901 2325 4904 .

738 4946 957 4996 roborat
998 4945 1327 4998 sententiam
1381 4951 1643 4999 nostram.
1686 4941 1841 5009 Quod
1876 4943 2021 4999 enim
2076 4945 2291 4999 mittere

738 5034 905 5091 istud.
931 5040 986 5085 et
1012 5033 1304 5095 scaturire,
1345 5042 1400 5085 et
1439 5034 1734 5107 proﬂuere,
1763 5042 2068 5105 ceteraque
2094 5035 2291 5089 similia

739 5118 1115 5188 spiratiuncm,
1142 5136 1204 5175 ac
1234 5120 1647 5177 substan'tialem
1670 5122 1962 5192 quamdam
1991 5125 2287 5192 processio-

738 5226 861 5264 nem
892 5220 1345 5281 prasuppouant;
1368 5213 1620 5281 quodque
1643 5206 1977 5282 impossibile
2000 5213 2291 5267 sit‘Filium

740 5301 954 5356 mittere
988 5301 1251 5369 Spiritum
1283 5310 1553 5366 sanctum,
1582 5304 1688 5358 nisi
1719 5303 1885 5359 etiam
1916 5303 2069 5360 illum
2099 5304 2288 5373 spiret,

739 5390 1009 5459 plerisque
1059 5394 1115 5445 iu
1165 5391 1301 5445 locis
1341 5393 1681 5465 ostendimus
1733 5394 1917 5449 multis
1968 5386 2289 5463 idoneisque

743 5476 1067 5531 rationibus.
1104 5479 1223 5551 Alia
1248 5496 1465 5550 quoque
1500 5481 1669 5537 multa
1706 5500 1735 5538 e
1771 5485 1972 5540 nostris
1998 5483 2065 5538 ad
2100 5486 2286 5539 velan-

814 5656 831 5687 ⁸
863 5658 1031 5712 Calai.
1064 5675 1135 5727 tv,
1164 5661 1217 5714 6.
1247 5665 1267 5694 ¹
1299 5663 1455 5717 Rom.
1488 5664 1539 5731 8,
1574 5663 1627 5718 9.

2392 4498 2611 4562 Christo
2657 4500 3132 4558 desideratissimi.
3199 4502 3459 4557 Promisit
3513 4504 3645 4559 olim
3694 4506 3958 4565 Christus

2392 4605 2557 4660 super
2586 4591 2929 4657 confessione
2966 4595 3116 4649 Petri
3141 4591 3412 4667 aediﬁcare
3435 4594 3735 4652 Ecclesiam
3767 4615 3952 4667 suam,

2391 4688 2447 4735 et
2483 4678 2630 4751 quod
2682 4684 3073 4753 portaeinferi,
3109 4684 3213 4739 hoc
3257 4694 3365 4749 est,
3397 4684 3787 4743 haereticorum
3841 4694 3957 4746 bia-

2391 4772 2652 4840 spliemiae
2707 4789 2988 4844 nunquam
3024 4774 3412 4847 praevalerent
3479 4774 3746 4831 adversus
3807 4796 3954 4835 eam.

2392 4858 2755 4923 Quaerendum
2784 4872 2907 4932 est,
2926 4864 3141 4931 fratres,
3170 4872 3420 4935 quaenam
3446 4868 3552 4923 ista
3579 4870 3653 4925 sit
3681 4871 3953 4926 Ecclesia.

2346 5028 2351 5032 ἡ
2383 4945 2525 5032 Nam
2559 4967 2741 5008 veram
2788 4966 3105 5027 certamque
3138 4947 3312 5014 fuisse
3355 4961 3780 5029 promissionem
3833 4963 3957 5017 nul-

2393 5028 2480 5094 lus
2512 5044 2657 5097 ausit
2697 5058 2899 5110 negare
2942 5046 3311 5103 Christianus.
3361 5028 3473 5105 Aut
3517 5051 3684 5121 igitur
3734 5051 3955 5116 Latina,

2302 5194 2315 5203 α
2397 5138 2489 5182 aut
2514 5130 2703 5188 Graeca
2733 5134 2985 5191 Ecclesia
3019 5147 3126 5192 est.
3155 5137 3341 5193 Tertia
3374 5141 3532 5201 enim
3563 5141 3682 5195 dari
3712 5157 3827 5197 non
3863 5159 3954 5213 po-

2400 5227 2524 5274 test.
2560 5220 2987 5287 Siquidem-alia:
3021 5241 3211 5280 omnes
3237 5227 3547 5283 basresibus
3570 5240 3699 5285 sunt
3736 5233 3953 5302 plent;

2396 5324 2533 5377 quas
2564 5313 2737 5366 sancti
2765 5313 2974 5378 Patres,
3001 5325 3057 5369 et
3078 5316 3361 5383 generales
3392 5318 3583 5387 synodi
3614 5322 3951 5377 condemur

2395 5410 2544 5456 runt.
2578 5400 2632 5455 Si
2654 5417 2783 5473 ergo
2810 5404 2949 5459 hanc
2971 5405 3268 5461 Ecclesiam
3296 5398 3611 5465 Grecorum
3646 5411 3951 5467 Ecclesium

2396 5490 2554 5561 dicis,
2588 5493 2642 5547 in
2686 5503 2973 5563 augustum
3019 5498 3182 5553 nimis
3213 5508 3425 5554 arctam
3478 5501 3804 5567 Eeclesiam,
3842 5504 3951 5557 imo
