4122 6326
778 387 879 450 48⁸1
1714 378 2135 445 BESSARION
2150 378 2218 437 lS
2252 376 2313 437 S.

2468 373 2540 437 Ε.
2581 372 2913 437 CARDINA
2926 372 3042 433 LIS
3248 386 3253 391 ·
3322 402 3323 405 η
3879 370 3960 435 L58

775 500 1033 569 fulgeam,
1076 509 1404 569 magnosque
1458 504 1513 551 et
1546 493 1707 565 longe
1752 508 1914 563 supra
1952 492 2147 547 merita
2209 502 2325 543 mea
2357 494 2407 557 Α
2429 486 2557 541 olim
2588 486 2655 541 de
2681 486 2783 540 hac
2811 501 2867 539 re
2898 481 3530 549 orationem_cdidimus,
3552 484 3958 543 manifestissime

781 591 1009 658 adeptus
1041 588 1140 644 sim
1190 587 1445 650 honores,
1476 592 1675 641 tamen
1731 583 2083 642 haec'omnia
2134 593 2321 654 postea
2428 576 2539 631 illic
2591 576 2873 631 verin
2908 575 3217 638 invenietis,
3273 583 3331 628 ct
3383 574 3485 628 nisi
3522 575 3783 641 fallimur,
3843 577 3959 633 idem

779 692 910 738 sunt
934 690 1138 746 secuta,
1186 686 1241 732 et
1271 688 1325 732 ut
1375 676 1514 732 Deus
1542 678 1788 733 omnium
1845 690 2028 731 rerum
2074 675 2325 729 conscius
2428 668 2716 723 nobiscum
2748 666 3078 723 fatebimini.
3107 665 3285 719 Nolite
3325 666 3563 721 amulari
3618 668 3961 723 contentiosa:

781 769 983 838 optime
1014 766 1182 831 novit,
1219 767 1398 833 neque
1425 773 1735 835 exspectata
1779 780 1809 819 a
1842 779 1951 827 me,
1997 779 2175 834 neque
2203 779 2328 834 spe.
2424 755 2702 824 homines,
2727 772 2904 828 neque
2955 756 3152 812 imitari
3195 757 3316 811 illos
3367 755 3614 825 quicum
3668 758 3827 811 aliter
3875 774 3961 812 nun

783 865 918 911 rata.
954 855 1027 908 At
1056 854 1200 909 enim
1230 854 1458 909 fortasse
1493 853 1600 907 dici
1649 868 1756 906 non
1785 851 2063 906 immerito
2111 866 2327 921 possem
2406 850 2662 920 possint,
2716 850 2908 905 saltem
2955 848 3252 919 pugnando
3283 848 3591 911 veritatem,
3618 849 3847 917 gloriam
3890 864 3963 903 au-

772 946 986 1015 -majora
1019 945 1110 1000 illa
1144 960 1265 1015 quae
1308 944 1451 1014 apud
1494 959 1595 999 vos
1641 943 1829 998 habui.
1875 941 2325 1012 Quandoquidem

783 1039 897 1093 illic
926 1037 1081 1093 facile
1127 1036 1268 1091 inter
1311 1036 1519 1106 primos
1563 1033 1983 1099 adnumerabar,
2036 1034 2129 1089 hic
2174 1048 2326 1099 vero,

784 1144 905 1183 cum
938 1128 1091 1183 multi
1115 1127 1261 1187 sint;
1290 1126 1414 1180 imo
1454 1140 1592 1197 pene
1627 1125 2075 1190 innumerabiles,
2104 1125 2198 1194 qui
2246 1138 2332 1179 me

780 1220 1071 1289 sapientia,
1123 1216 1779 1305 doctrinaqcaeterisque
1826 1216 2125 1273 virtutibus
2180 1226 2333 1286 antea

785 1312 1006 1375 cellunt,
1034 1310 1121 1363 vix
1156 1309 1298 1364 inter
1341 1318 1648 1381 postremos
1675 1307 1853 1363 habeo
1900 1308 2103 1361 locum.
2132 1308 2331 1362 Notum

784 1417 868 1461 est
897 1416 1075 1461 autem
1108 1404 1239 1459 illud
1270 1403 1500 1458 Romani
1535 1403 1794 1472 principis
1829 1396 2057 1464 dictum,
2091 1403 2181 1471 qui
2211 1416 2333 1454 cum

780 1505 931 1552 esset
958 1494 1630 1552 honorisstudiosissimus
1655 1492 1813 1547 malle
1844 1508 1902 1547 se
1925 1492 2140 1546 dicebat
2163 1491 2217 1551 in
2240 1507 2337 1560 0p-

784 1588 931 1659 pido,
964 1588 1213 1657 quamvis
1240 1586 1437 1640 humili
1501 1593 1664 1653 atque
1698 1583 1939 1638 obscuro
1969 1576 2203 1653 primum
2238 1584 2336 1653 ha.

779 1681 922 1733 “bere
946 1679 1341 1746 locum,~quam
1376 1676 1432 1729 in
1480 1674 1868 1744 gloriosissima
1888 1679 1915 1736 ,‘
1947 1681 2108 1743 atque
2158 1676 2335 1727 excel-

778 1770 1088 1823 lentissima
1121 1768 1257 1822 urbe
1288 1765 1456 1821 Roma
1483 1765 1787 1819 secundum
1814 1778 1955 1819 esse.
1990 1764 2162 1818 Habet
2192 1765 2335 1818 enim

2431 941 2617 1011 cupari
2636 947 2927 995 conantur.
2947 939 3267 994 Humilitate
3290 953 3391 994 vos
3411 938 3545 1008 Deo,
3563 949 3618 993 et
3645 947 3724 993 tot
3748 941 3963 1007 talesque

2429 1024 2578 1088 viros
2620 1030 2898 1102 singulari
2931 1030 3190 1100 praeditos
3234 1028 3549 1092 devotione,
3584 1044 3649 1114 ac
3695 1030 3958 1098 sapientia.

2434 1125 2687 1179 Romana:
2714 1125 2969 1180 Ecclesim
3015 1123 3265 1206 alumnos
3296 1123 3491 1187 secuti,
3530 1122 3687 1177 (idem
3723 1122 3843 1192 ejus
3870 1138 3964 1175 sus-

2430 1216 2619 1285 cipite,
2652 1215 2962 1285 pontiﬁcem
3000 1216 3302 1270 Romanum
3348 1229 3539 1269 verum
3590 1214 3765 1283 ipsius
3810 1226 3962 1281 pastoc

2435 1324 2574 1369 rem,
2614 1309 2781 1362 totius
2799 1316 2960 1377 caput
2983 1306 3275 1367 Ecclesiae.
3308 1306 3593 1360 ductorem
3649 1304 3796 1367 ﬁdei,
3829 1316 3964 1371 atque

2438 1399 2751 1466 magistrum
2785 1395 3072 1449 credentes
3100 1392 3463 1457 veneramini,
3497 1401 3552 1447 et
3581 1392 3743 1451 viam,
3775 1407 3889 1459 qua:
3914 1391 3964 1442 ad

2434 1498 2693 1543 :eternam
2726 1486 2875 1543 ducit
2899 1486 3065 1539 vitam
3092 1494 3484 1547 ostentantem,
3514 1483 3830 1552 sequimini.
3857 1482 3966 1536 Nam

2435 1579 2615 1632 ethoc
2649 1573 3029 1631 unum'eorum
3046 1585 3153 1637 est,
3182 1592 3303 1645 quae
3324 1575 3389 1630 ad
3421 1577 3653 1630 salutem
3691 1574 3967 1628 necessaria

2438 1679 2586 1735 sunt,
2655 1666 2931 1739 proprium
2974 1685 3134 1724 nosse
3173 1680 3446 1738 pastorem
3472 1707 3488 1732 ,
3519 1678 3573 1723 et
3610 1680 3971 1737 recognoscere

2442 1763 2774 1831 principem._
2797 1773 2851 1817 et
2896 1761 3031 1816 scire
3066 1770 3227 1829 atque
3268 1760 3546 1814 honorare
3569 1756 3971 1813 ductore-milhi

790 1859 1122 1930 principatus
1143 1858 1435 1928 quamdam
1468 1856 1570 1911 etsi
1611 1857 1667 1911 in
1721 1857 1987 1922 minimis,
2040 1857 2334 1910 maximam
2368 1850 2409 1903 Β
2439 1852 2581 1905 enim
2610 1861 2825 1904 nonest
2858 1849 3127 1918 princeps,
3177 1849 3254 1902 ibi
3302 1847 3680 1913 inordinatio;
3726 1846 3818 1901 ubi
3853 1845 3974 1899 inor-

791 1962 969 2004 tamen
1001 1963 1061 2003 ac
1085 1947 1455 2002 dulcissimam
1492 1947 1843 2015 voluptatem.
1877 1948 1946 2001 At
1972 1962 2069 2001 nos
2090 1987 2104 2011 ,
2138 1955 2193 2001 et
2221 1962 2341 2017 quae

791 2041 933 2110 apud
967 2055 1063 2095 vos
1108 2039 1442 2095 habebamus
1472 2054 1582 2093 non
1613 2040 1790 2109 magni
1825 2034 2075 2104 fecimus,
2127 2047 2183 2092 et
2221 2052 2340 2106 quae

790 2150 937 2190 nunc
992 2133 1253 2189 habemus
1306 2142 1496 2189 testem
1546 2133 1863 2186 invocamus
1919 2130 2131 2196 Deum,
2188 2145 2339 2200 aeque

791 2225 1269 2296 parvii'ecissemus
1292 2263 1307 2287 ,
1345 2224 1475 2292 quin
1507 2224 1687 2293 potius
1735 2225 1954 2292 Spretis,
1981 2224 2337 2291 contemptis-

794 2332 903 2386 que
936 2316 1231 2377 'omnibus,
1279 2314 1444 2369 etiam
1478 2315 1523 2367 si
1576 2312 1746 2368 muito
1789 2314 1943 2382 plura
1989 2306 2334 2377 haberemus,

795 2409 860 2462 ad
889 2420 987 2461 vos
1010 2421 1173 2476 quam
1208 2407 1497 2461 celerrime
1542 2405 1960 2468 deiecissemus,
2017 2407 2122 2461 nisi
2179 2404 2339 2459 nobis

793 2512 1036 2553 essemus
1062 2497 1267 2554 conscii
1303 2496 1532 2568 elegisse
1564 2497 1814 2563 meliora,
1842 2497 1949 2552 nisi
1995 2497 2336 2568 exploratum

794 2588 1121 2645 haberemus
1174 2588 1313 2644 hanc
1368 2599 1610 2644 sanctam
1667 2595 1723 2643 et
1775 2588 2098 2645 catholicam
2145 2589 2335 2644 Eccle-

792 2681 933 2735 siam
970 2680 1059 2735 illa
1091 2679 1338 2743 credere,
1370 2680 1460 2734 illa
1494 2678 1729 2744 tradere,
1771 2688 1825 2734 et
1855 2679 2073 2745 docere,
2119 2696 2240 2749 qua:
2270 2681 2337 2734 ad

793 2770 962 2823 vitam
1004 2777 1260 2823 aeternam
1310 2765 1414 2822 iter
1448 2765 1676 2821 iaciunt.
1706 2766 1763 2822 Si
1796 2768 1965 2838 igitur
2013 2768 2079 2821 ad
2133 2784 2196 2822 ea
2241 2784 2339 2824 vos

797 2855 1010 2919 hortor,
1063 2868 1181 2923 qua:
1212 2854 1373 2909 saluti
1413 2859 1607 2908 vestra
1646 2855 1930 2924 profutura
1982 2870 2090 2908 non
2131 2856 2340 2919 dubito,

799 2955 924 2995 eum
972 2941 1296 3005 humilitate,
1336 2950 1392 2993 et
1425 2940 1730 2993 reverentia
1774 2940 1969 2993 audire
2009 2938 2242 3001 debetis,
2276 2952 2341 2993 ac

798 3043 921 3083 cum
958 3026 1183 3097 gaudio,
1238 3036 1295 3079 et
1344 3028 1625 3082 alacritate
1680 3027 1848 3080 animi
1897 3026 2102 3081 monita
2156 3035 2339 3081 nostra

798 3121 1076 3185 suscipere
1111 3117 1392 3172 salutaria.
1881 3103 1884 3106 ’
1964 3108 1967 3115 ’

2446 1940 2673 2002 dinatio,
2703 1940 2774 1993 ibi
2808 1940 3030 2003 solutio,
3066 1948 3124 1993 ut
3155 1937 3450 2007 Gregorius
3472 1938 3847 1992 Nazianzenus
3876 1936 3973 1997 ait;

2448 2041 2503 2083 et
2527 2040 2673 2085 certe
2702 2030 2815 2083 sive
2849 2030 3081 2091 divinas,
3119 2045 3214 2084 seu
3244 2029 3512 2083 humanas
3543 2043 3631 2083 res
3662 2028 3974 2082 considerale

2446 2118 2745 2183 volueritis,
2779 2119 2991 2183 fratres,
3025 2116 3310 2172 idvenietis
3336 2132 3504 2171 unum
3542 2117 3785 2171 omnium
3802 2116 3976 2170 debere

2446 2224 2563 2263 esse
2592 2209 2937 2278 principium,
2971 2221 3073 2261 nec
3128 2214 3275 2259 recte
3299 2206 3457 2260 aliter
3498 2221 3586 2261 res
3613 2221 3769 2275 posse
3796 2205 3975 2275 guber-

2432 2294 2561 2354 nari
2586 2318 2601 2367 ;
2628 2316 2750 2353 nam
2786 2310 2845 2353 ut
2872 2315 2902 2354 a
2932 2300 3136 2355 divinis
3187 2300 3535 2369 incipiamus,
3564 2300 3976 2353 Christianorum

2448 2392 2713 2461 theologia
2746 2409 2913 2446 unum
2941 2395 3032 2465 qui
3072 2407 3236 2462 supra
3264 2406 3455 2447 omnes
3492 2402 3596 2455 est,
3645 2391 3801 2444 docet
3832 2389 3975 2470 perun

2445 2498 2583 2547 esse,
2612 2484 2702 2552 qui
2738 2498 2861 2536 cum
2894 2483 2947 2537 in
2989 2484 3166 2538 tribus
3194 2483 3441 2553 personis
3481 2483 3557 2537 sit
3584 2482 3659 2536 uti
3702 2482 3861 2535 illzesa
3886 2496 3977 2534 ser-

2444 2585 2604 2627 vetur
2629 2573 2825 2632 unitas.
2853 2573 3100 2643 ejusdem
3121 2574 3428 2643 similisque
3454 2574 3771 2627 substantiae
3802 2573 3975 2626 divinat

2446 2664 2550 2716 illa:
2584 2672 2862 2732 ponuntur
2889 2677 3010 2719 esse
3040 2678 3309 2732 personae.
3332 2662 3628 2720 Gentilium
3664 2676 3797 2716 vero
3824 2676 3888 2715 ex
3920 2662 3975 2715 iis

2446 2756 2813 2823 sensibilibus,
2831 2766 3053 2824 accepta
3071 2755 3314 2821 scientia,
3340 2754 3455 2823 ipsa
3486 2754 3701 2825 quoque
3728 2756 3833 2811 hoc
3855 2755 3974 2809 idem

2446 2844 2668 2899 fatetur.
2698 2845 2927 2911 Quidam
2953 2847 3092 2899 enim
3144 2846 3282 2900 inter
3324 2854 3547 2901 caeteros
3574 2863 3765 2901 eorum
3822 2848 3977 2915 philo-

2448 2934 2648 3002 sophos
2674 2934 2928 3000 nobilior,
2947 2950 3106 2988 unam
3135 2950 3255 2988 esse
3296 2936 3522 3003 primam
3556 2951 3797 2997 causam.
3832 2950 3977 2991 unum

2452 3021 2695 3075 omnium
2742 3037 2921 3075 rerum
2980 3024 3174 3076 asserit
3239 3022 3592 3089 Creatorem;
3654 3037 3708 3077 ct
3755 3023 3981 3091 quamvis

2449 3111 2649 3166 multos
2699 3113 2860 3166 etiam
2907 3122 3031 3189 post
3084 3114 3234 3167 illum
3289 3115 3490 3180 gradus
3527 3115 3735 3168 entium
3790 3116 3979 3176 creda;

865 3184 1209 3278 Atintagnutn
1238 3208 1377 3277 apud
1409 3224 1502 3263 vos
1534 3208 1843 3264 scandalum
1874 3210 2122 3279 genuisse
2153 3209 2340 3264 dicitis
2366 3184 2412 3246 θ
2449 3220 2612 3257 unum
2667 3184 3017 3273 principium,
3054 3213 3110 3259 et
3154 3204 3320 3281 multa
3342 3204 3646 3273 principia,
3686 3207 3865 3260 omnia
3916 3219 3981 3258 ta-

791 3298 1124 3353 odditionem
1148 3297 1462 3354 Latinorum
1490 3301 1545 3355 in
1578 3300 1855 3371 Symbolo.
1873 3295 1985 3356 Cur
2016 3301 2088 3355 ita
2114 3300 2349 3355 fratres?
2448 3308 2571 3348 men
2607 3295 2708 3347 sub
2753 3296 2931 3362 primo
2974 3295 3067 3349 illo
3096 3294 3401 3349 constituit.
3436 3296 3588 3351 Alius
3615 3311 3764 3359 ,vero
3820 3298 3981 3351 multis

794 3378 955 3443 Certe
984 3387 1030 3443 si
1064 3398 1209 3442 recte
1251 3389 1603 3445 considerare
1632 3390 1935 3457 volueritis,
1983 3407 2091 3445 non
2142 3393 2345 3447 additio

794 3478 887 3533 illa
916 3477 1036 3539 fuit.
1060 3478 1153 3532 sed
1180 3480 1465 3549 expositio,
1515 3480 1613 3536 seti
1656 3483 1984 3551 explanatio,
2020 3484 2112 3539 sed
2165 3485 2342 3539 decla-

797 3569 951 3622 ratio.
996 3569 1213 3623 Additio
1257 3584 1489 3640 namque
1537 3570 1702 3626 etiam
1730 3571 1879 3641 juxta
1911 3571 2195 3627 doctorum
2246 3590 2344 3629 no-

793 3670 1022 3717 atrorum
1069 3662 1393 3716 sententiam
1456 3660 1547 3715 illa
1590 3670 1697 3725 est,
1728 3676 1848 3731 quae
1898 3665 2168 3719 contraria
2215 3664 2342 3734 dog-

796 3764 935 3808 mata
994 3752 1330 3808 introducit:
1389 3767 1510 3821 quat
1566 3767 1695 3813 vero
1747 3752 1979 3819 eadem,
2032 3754 2341 3824 similiaque

794 3843 1094 3913 proﬁtetur.
1145 3843 1462 3906 declaratio,
1494 3858 1606 3898 non
1662 3842 1868 3897 additio
1924 3855 2026 3899 est.
2056 3844 2263 3913 Quippe
2297 3846 2342 3901 si

796 3950 981 3989 rerum
1034 3949 1143 3987 non
1188 3943 1354 3996 esset,
1387 3933 1531 4003 quod
1575 3932 1801 3998 dicitur,
1847 3933 2101 4003 fugienda
2156 3936 2343 4005 utique

796 4027 910 4081 hac
929 4021 1132 4081 additio
1158 4024 1317 4080 foret.
1349 4023 1504 4089 Quod
1535 4023 1580 4079 si
1617 4038 1805 4078 verum
1833 4033 1938 4088 est,
1972 4033 2029 4079 et
2057 4025 2193 4078 ﬁdei
2223 4040 2345 4078 san-

796 4123 1005 4169 ctorum
1031 4127 1356 4177 consonans,
1390 4112 1463 4165 ibi
1508 4113 1762 4165 timemus
1802 4111 2072 4176 timorem,
2116 4112 2209 4165 ubi
2236 4128 2340 4165 non

796 4213 879 4256 est
908 4203 1090 4264 timor,
1140 4212 1196 4253 et
1222 4200 1597 4268 superstitioni
1626 4200 1815 4269 magis,
1846 4216 2007 4269 quam
2035 4201 2223 4271 pietati
2264 4202 2346 4255 in-

797 4292 1099 4360 dulgemus.
1123 4290 1284 4346 multa
1313 4289 1526 4346 Νεοκηο
1558 4289 1815 4360 Symbolo
1840 4292 2077 4348 secunda
2105 4293 2343 4363 synodus

797 4381 1007 4435 addidit
1057 4381 1124 4435 de
1177 4381 1458 4437 divinitate
1506 4378 1974 4457 Spiritus‘sancti,
2004 4384 2071 4438 de
2135 4385 2341 4438 unitate

801 4472 1071 4536 Ecclesiae,
1092 4472 1158 4525 de
1180 4472 1524 4540 baptismate,
1540 4471 1608 4527 de
1635 4472 1949 4529 remissione
1967 4484 2337 4544 peccatorum,

799 4563 864 4616 de
907 4563 1299 4616 resurrectione
1341 4570 1677 4618 mortuorum
1734 4562 1804 4617 de
1852 4564 1963 4617 vita
2012 4575 2232 4619 aeterna.
2266 4566 2341 4621 De

796 4652 990 4722 quibus
1020 4655 1251 4723 primum
1285 4652 1574 4709 concilium
1605 4654 1807 4708 nullam
1839 4654 2063 4709 omnino
2092 4657 2342 4723 expedite

796 4746 1126 4800 mentionem
1176 4744 1395 4800 fecerat.
1446 4745 1611 4798 Multa
1662 4753 1922 4813 praterea
1982 4744 2073 4797 alii
2130 4760 2343 4815 quoque

795 4836 1061 4897 doctores,
1089 4836 1179 4904 qui
1239 4836 1345 4890 illis
1392 4842 1770 4889 successerunt
1820 4832 2021 4898 Latini,
2076 4848 2236 4902 quam
2271 4836 2345 4889 ilii

796 4925 1070 4991 iecerant,
1109 4926 1421 4989 tradidere;
1472 4940 1591 4996 quae
1629 4934 1808 4980 tamen
1825 4940 1961 4996 ,non
2016 4925 2341 4991 additiones,

798 5016 891 5068 sed
920 5015 1312 5070 declarationes
1363 5016 1601 5071 fuerunt.
1640 5015 1751 5072 Cur
1781 5015 1945 5086 igitur
1982 5025 2038 5071 et
2063 5016 2341 5071 catholica:

799 5102 1047 5157 Ecclesiae
1080 5119 1183 5157 non
1211 5106 1426 5158 licuerit
1467 5106 1570 5161 hoc
1603 5105 1745 5159 idem
1794 5108 1994 5172 facere,
2024 5106 2184 5160 simili
2236 5109 2345 5160 hae-

799 5191 1084 5246 reticorum
1110 5195 1427 5250 necessitate
1467 5205 1691 5265 urgente
1714 5196 1737 5248 i
1757 5196 1890 5250 Nam
1923 5196 2069 5265 quod
2119 5211 2345 5265 respon-

797 5282 925 5337 dere
980 5283 1181 5347 soletis,
1242 5294 1371 5339 tunc
1402 5286 1653 5353 quidem,
1710 5286 1955 5351 licuisse,
2013 5302 2164 5350 nunc
2202 5301 2384 5350 vero;

797 5382 1081 5444 postquam
1113 5375 1267 5427 tertia
1316 5375 1555 5444 synodus
1602 5390 1816 5430 omnem
1847 5378 2182 5433 additionem
2217 5392 2344 5447 pro-

798 5465 991 5525 hibuit.
1030 5482 1097 5522 ne
1140 5467 1311 5536 ipsam
1344 5467 1562 5535 quidem
1616 5468 1897 5524 veritatem
1928 5469 2129 5523 addere
2154 5469 2342 5532 licere,

798 5555 957 5607 stulta
987 5571 1113 5611 sane
1143 5565 1194 5612 et
1246 5572 1381 5611 vana
1415 5559 1552 5613 ratio
1573 5568 1673 5613 est.
1707 5560 1908 5629 Legite,
1934 5559 1976 5615 si
2008 5559 2156 5625 libet,
2176 5574 2337 5628 quam

868 5737 879 5766 ‘
915 5733 1099 5789 Matth.
1132 5750 1256 5801 uti,
1293 5737 1385 5789 2|.

2447 3384 2549 3438 hoc
2609 3385 2749 3439 idem
2783 3400 3033 3441 asserens
3065 3386 3263 3453 verbis,
3316 3396 3670 3457 mutuataque
3696 3391 3905 3444 tandem
3959 3406 3979 3441 :i

2444 3475 2677 3553 quodam
2704 3477 3011 3545 antiquiore
3042 3478 3310 3531 sententia
3338 3493 3351 3528 :
3384 3478 3501 3532 Non
3534 3488 3637 3541 est,
3673 3482 3873 3551 inquit,
3898 3482 3977 3534 ho-

2443 3580 2548 3619 nus
2599 3566 2889 3620 multorum
2934 3567 3308 3637 principatus;
3343 3558 3797 3643 unusprinceps,
3855 3588 3980 3627 unus

2444 3671 2535 3709 rex
2563 3667 2701 3710 esto.
2728 3658 2917 3737 Neque
2946 3657 3091 3739 enim
3117 3659 3306 3713 volunt
3328 3662 3475 3717 entia
3509 3663 3649 3718 rivale
3681 3666 3981 3734 gubernari.

2410 3786 2411 3789 η
2442 3749 2593 3817 quasi
2630 3736 2769 3801 male
2792 3736 3079 3818 gubernari
3107 3750 3418 3815 videantur,
3454 3754 3558 3808 nisi
3596 3770 3739 3811 unus
3777 3759 3866 3821 sit,
3902 3759 3982 3824 qui

2442 3841 2623 3907 praesit
2665 3839 3053 3894 universisrln
3087 3841 3253 3897 rebus
3284 3842 3463 3898 autem
3511 3845 3788 3909 humanis.
3838 3861 3982 3914 atque

2442 3929 2691 3983 civilibus
2713 3929 2872 3984 iidem
2904 3930 3025 3998 ipsi,
3080 3930 3314 3999 quorum
3350 3915 3686 3993 mentionem
3746 3938 3981 4001 fecimus,

2440 4019 2728 4087 ceterique
2754 4034 2960 4084 omnes,
2991 4029 3044 4074 et
3079 4033 3203 4077 ante
3230 4038 3329 4079 eos
3353 4024 3599 4081 Salvator
3625 4040 3818 4085 noster
3837 4031 3980 4087 Iesus

2440 4107 2687 4163 Christus
2708 4110 3002 4177 legitimam
3029 4115 3633 4177 monarchiatmczteris
3658 4120 3981 4189 gubernandi

2441 4199 2617 4259 modis
2653 4208 3002 4266 anteponunt.
3053 4199 3294 4262 Reddite.
3348 4204 3524 4272 inquit
3570 4208 3685 4272 ille,
3714 4226 3837 4278 quc
3879 4218 3983 4262 sunt

2441 4286 2665 4341 Censoris
2696 4286 2909 4352 (λειω-ἰ,
2937 4296 2990 4341 et
3019 4304 3132 4356 qua:
3162 4288 3260 4341 Dei
3293 4290 3396 4343 Deo
3416 4294 3431 4322 ¹
3458 4308 3474 4355 ;
3530 4297 3684 4362 quasi
3715 4314 3863 4352 unus
3887 4300 3986 4365 qui-

2442 4379 2562 4430 dem
2603 4378 2673 4431 sit
2710 4377 2851 4431 Deus
2900 4380 2953 4432 in
2981 4379 3153 4442 ccelis,
3185 4387 3240 4432 et
3271 4395 3410 4433 unus
3449 4385 3703 4452 princeps
3734 4388 3790 4440 in
3814 4391 3983 4446 terris;

2444 4469 2535 4523 hic
2585 4455 2856 4538 vero'qui
2908 4472 3065 4525 inter
3105 4471 3461 4541 philosophos
3518 4471 3985 4544 primum'obtinet

2445 4562 2643 4624 locum,
2678 4561 2812 4615 illud
2837 4562 3145 4631 reipublicae
3182 4579 3352 4633 genus
3386 4581 3495 4620 non
3524 4569 3684 4622 modo
3714 4576 3988 4639 generibus

2444 4654 2674 4719 caeteris,
2706 4653 2801 4708 Sed
2830 4654 2991 4729 etiam
3038 4656 3365 4723 optimatum
3411 4661 3745 4728 principatui
3782 4673 3986 4727 antepo-

2444 4744 2545 4807 nit,
2586 4754 2642 4799 et
2682 4738 2869 4799 divino
2921 4758 3082 4814 quam
3140 4748 3475 4803 simillimum
3536 4766 3657 4806 esse
3707 4755 3868 4810 dicit.
3901 4754 3983 4808 [ibi

2444 4850 2607 4903 unus,
2636 4838 2727 4905 qui
2763 4838 3056 4892 virtutibus
3088 4848 3337 4904 _c:eteros
3392 4845 3705 4911 antecellat,
3748 4851 3984 4904 omnibus

2446 4926 2776 4989 dominetur.
2832 4928 2989 4984 Alius
3032 4937 3214 4983 antem
3268 4913 3432 5000 hujus
3478 4936 3697 4990 auditor
3752 4942 3986 4994 omnibus

2447 5018 2647 5087 politiae
2671 5017 3005 5075 enumeratis
3052 5022 3376 5090 generibus,
3414 5028 3663 5081 eumdem
3714 5031 3868 5083 hunc
3913 5045 3989 5097 gu-

2412 5141 2417 5146 -
2448 5108 2715 5163 bernandi
2744 5110 2965 5165 modum
2990 5123 3115 5165 ante
3137 5128 3325 5168 omnes
3351 5108 3991 5186 constituit,perfectissi-

2451 5213 2597 5254 mum
2627 5214 2851 5267 regnum
2880 5204 3177 5271 appellans.
3218 5205 3371 5259 Hunc
3398 5207 3560 5275 igitur
3590 5220 3622 5259 a
3658 5204 3779 5261 Deo
3802 5194 3986 5261 bonum
4052 5248 4053 5255 η

2450 5298 2506 5343 et
2556 5289 2875 5357 perfectum,
2923 5303 2979 5345 et
3030 5295 3397 5347 necessarium
3453 5296 3706 5350 ordinem
3763 5299 3822 5352 in
3852 5298 3991 5353 rebus
4052 5292 4053 5331 ἓ

2446 5376 2761 5446 ﬂuentibus,
2784 5368 2945 5450 atque
3005 5382 3238 5435 terrenis
3276 5380 3647 5450 servabimus,
3672 5387 3917 5445 fratres:
3948 5392 3987 5441 in

2447 5483 2770 5526 eternarum
2796 5486 2926 5527 vero
2955 5473 3280 5537 animarum,
3308 5483 3363 5528 et
3386 5485 3588 5529 sanctae
3623 5475 3720 5532 Dei
3757 5480 3991 5537 Ecclesia
4052 5473 4053 5537 ἶ

2446 5563 2837 5631 gubernatione
2890 5564 3346 5647 contemnemur}?
3394 5564 3662 5624 lndecens
3717 5583 3871 5629 certe
3902 5583 3986 5629 est.
