4122 6326
168 248 273 306 439

1210 250 1305 313 ne
1343 235 1627 316 VERBIS
1664 250 2335 315 CONSECRATIONIS.

3270 244 3380 307 490

168 374 220 418 et
244 365 311 419 ab
350 365 498 420 omni
524 367 736 423 ratione
757 368 1018 425 alienum.
1046 369 1146 426 llic
1169 372 1318 427 enim
1346 374 1578 427 maxime
1600 384 1718 425 om-
1744 375 1792 433 Α
1820 367 2144 439 pontiﬁcalis
2170 365 2442 423 sententia
2480 363 2694 419 roboris
2746 361 3024 416 habuisset
3050 396 3067 421 ,
3115 374 3222 414 non
3265 359 3374 415 illis

166 456 311 508 nium
349 464 433 511 est
456 454 591 511 ordo
619 459 941 519 servandus.
994 458 1280 530 Siquidem
1316 469 1579 531 perpetua
1630 461 1717 515 di-

165 544 345 613 gniora
377 555 502 601 sunt
550 546 733 613 ﬂuxis,
782 552 1223 616 momentaneis,
1277 561 1441 621 atque
1474 551 1715 609 caducis.

166 632 300 689 llinc
347 637 627 706 legislator
654 649 863 703 noster,
895 651 951 694 et
984 639 1247 695 Dominus
1273 642 1433 697 Jesns
1462 640 1714 698 Christus

163 741 377 793 omnem
404 726 695 782 humanam
713 729 1056 798 sapientiam,
1084 734 1240 801 cujus
1267 735 1383 801 ipse
1421 733 1578 785 dator
1609 742 1715 798 est,

162 816 447 880 excedens,
480 820 744 886 optimum
768 804 1102 889 gubernandi
1128 819 1353 876 modum
1367 836 1479 876 sum
1495 823 1716 891 reliquit

160 904 433 971 Ecclesia,
455 920 577 961 (mm
608 908 791 972 Petro,
818 918 871 963 et
899 923 997 978 per
1014 902 1139 963 eum
1168 911 1577 964 successoribus
1597 911 1718 981 ejus

161 995 521 1065 prinq'patum
542 998 686 1053 illius
708 998 956 1054 tradidit.
985 999 1058 1053 Tu
1092 1016 1169 1062 es,
1193 999 1392 1068 inquit,
1423 998 1633 1065 Petrus,
1662 1011 1716 1055 et

158 1101 311 1153 super
358 1087 495 1139 hanc
524 1070 728 1155 petram
758 1088 1027 1160 adiﬁcabo
1060 1088 1353 1143 Ecclesium
1396 1107 1566 1144 meam
1586 1092 1623 1146 ι.
1649 1092 1719 1147 Et

160 1190 348 1230 rursus
374 1194 387 1229 :
416 1176 528 1231 Tibi
557 1178 688 1231 dabo
710 1179 879 1232 claves
897 1180 1043 1247 regni
1066 1180 1309 1233 caelorum
1327 1182 1368 1234 ‘.
1386 1181 1455 1237 Et
1483 1182 1713 1235 iterum:

159 1264 322 1321 Pasce
348 1282 463 1320 oves
498 1284 660 1329 meas.
680 1284 835 1335 pasce
872 1284 1032 1336 agnos
1056 1284 1192 1323 meos
1213 1271 1255 1327 ³.
1278 1270 1344 1325 Et
1366 1271 1493 1323 alibi
1519 1269 1541 1323 τ’
1571 1270 1636 1324 Et
1660 1280 1717 1324 tu

159 1358 442 1425 aliquando
468 1375 741 1413 conversus
776 1361 1027 1428 conﬁrma
1073 1364 1262 1429 fratres
1288 1373 1402 1417 tuos
1422 1365 1463 1417 ⁸.
1494 1363 1605 1418 Nec
1631 1379 1717 1419 me

158 1447 359 1513 putetis
384 1447 583 1502 fratres
638 1464 833 1503 novam
884 1450 1056 1519 legem
1107 1452 1477 1517 introducere,
1513 1469 1719 1508 novum

159 1538 350 1605 dogma
383 1538 599 1593 docere.
633 1539 885 1608 Repetite
924 1540 1185 1595 memoria
1211 1580 1224 1602 ,
1264 1544 1355 1611 qui
1388 1545 1591 1612 priscas
1637 1546 1721 1597 hi-

156 1627 419 1688 storicas,
452 1629 545 1697 qui
597 1629 954 1683 conciliorum
997 1640 1113 1684 acta
1166 1618 1408 1701 legistis,
1450 1642 1715 1701 quantum

1825 459 2097 514 attulisset
2142 448 2688 517 detrimentum.'nisi
2732 452 2974 507 Romano
3004 450 3383 520 praesulisub—v

1825 549 1923 603 diti
1955 548 2309 603 exstitissent.
2341 545 2596 600 Photium
2648 544 2845 599 deinde
2878 541 3381 610 Constantinopoli-

1823 647 2003 693 tanam
2052 637 2239 693 sedem
2289 646 2685 702 occupantem,
2723 635 2816 703 qui
2857 631 3204 687 sanctissimo
3254 632 3392 687 viro-

1822 730 2030 799 lgnatio
2074 730 2249 798 ejecto
2288 717 2587 783 Ecclesiam
2638 725 2741 781 sibi
2790 723 3005 807 ‘viribus
3069 723 3379 793 subegerat,

1821 834 2006 874 nonne
2054 818 2310 876 Nicolaus
2356 818 2631 873 Romanus
2659 814 2907 885 pontifex
2939 812 3180 867 fidelium
3225 827 3376 867 com-

1823 910 2077 966 munione
2104 898 2355 979 privavit,
2390 918 2447 962 et
2496 908 2747 962 restituto
2798 894 3001 975 lgnatio
3028 904 3095 958 ab
3133 903 3380 959 Ecclesia

1823 1000 2064 1070 repulit?
2097 995 2213 1066 Qua
2270 1000 2481 1053 ratione
2510 998 2564 1052 id
2606 997 2718 1067 egit
2763 996 3036 1060 Nicolaus,
3085 993 3189 1049 nisi
3248 994 3379 1063 quia
3420 1030 3425 1037 .

1824 1106 1990 1159 super
2025 1104 2216 1145 omnes
2248 1088 2516 1143 Ecclesiae
2562 1094 2885 1157 potestatein
2920 1083 3178 1139 habebat.
3222 1082 3379 1137 Post-

1826 1194 1987 1249 quam
2018 1193 2148 1233 vero
2175 1179 2258 1232 vir
2300 1188 2518 1234 sanctus
2571 1176 2812 1246 lgnatius
2834 1175 2901 1229 ad
2950 1171 3238 1228 Dominum
3280 1173 3379 1229 mi-
3412 1190 3415 1201 λ

1823 1270 2044 1338 gravit.
2102 1283 2305 1322 nonne.
2364 1267 2722 1335 imperatores
2789 1263 3376 1333 Constantinopolitani

1828 1359 2033 1419 multis.
2063 1373 2126 1411 ac
2157 1358 2365 1412 crebris
2397 1357 2650 1435 precibus
2690 1355 2744 1409 in
2779 1354 3021 1409 favorem
3050 1354 3229 1407 Photii
3269 1353 3377 1407 Ro-

1827 1462 1989 1501 mano
2012 1446 2255 1515 pontillci
2287 1445 2738 1515 interpellarunt?
2775 1445 2965 1498 Nonne
2993 1442 3251 1507 Joannes,
3281 1440 3378 1509 qui

1825 1546 1949 1605 post
1988 1537 2291 1599 Nicolaum,
2333 1544 2389 1592 et
2418 1536 2716 1591 Adriannm
2745 1532 3069 1587 universalis
3122 1530 3379 1586 Ecclesia

1788 1658 1789 1661 η
1826 1626 2197 1703 gubernacula
2229 1634 2563 1694 susceperat,
2597 1627 2651 1678 in
2692 1622 3111 1693 patriarcbalem
3140 1620 3379 1675 restituit

157 1730 372 1785 semper
402 1719 678 1772 Romanus
706 1720 946 1788 pontifex
971 1736 1135 1788 super
1168 1738 1381 1775 omnem
1416 1723 1713 1777 Ecclesiam
1740 1714 1792 1769 Β
1823 1716 2026 1777 sedem,
2057 1715 2390 1784 palliumque
2422 1716 2498 1769 illi
2548 1714 2716 1773 misit.
2747 1713 2799 1765 in
2846 1728 2953 1782 quo
2985 1713 3212 1781 refulget
3244 1724 3381 1777 pon-

156 1810 533 1862 auctoritatem
603 1811 819 1865 habuit.
877 1810 1206 1867 leeStinns
1280 1828 1415 1882 papa
1484 1815 1714 1883 primam

157 1894 486 1963 Ephesinam
520 1899 786 1966 synodum
821 1900 968 1952 solus
988 1902 1317 1968 reprobavit,
1348 1902 1715 1971 irritavitque.

154 1985 408 2051 quamvis
440 1986 619 2039 omnis
662 1984 953 2042 Orientalis
977 1989 1243 2052 Ecclesia,
1268 1998 1324 2044 et
1351 1990 1453 2059 ipsi
1492 1991 1718 2057 patriar-

151 2074 268 2125 cha
314 2074 598 2127 unanimes
652 2076 707 2127 in
757 2091 820 2128 ea
871 2079 1272 2132 convenissent.
1313 2079 1510 2132 Leonis
1540 2079 1713 2147 Magni

151 2159 441 2226 epistolam
479 2160 667 2214 Patres
689 2160 1163 2218 Chalcedonenses
1194 2180 1424 2217 numero
1448 2162 1712 2227 sexcenti,

152 2258 208 2303 et
256 2249 478 2317 triginta
519 2250 760 2318 episcopi
790 2251 964 2305 instar
1001 2253 1143 2307 sacri
1182 2252 1459 2321 Evangelii
1494 2269 1714 2320 recepe-

154 2349 304 2405 runt,
329 2354 557 2407 eamque
589 2340 906 2395 orthodoxe
948 2340 1075 2395 ﬁdei
1105 2342 1413 2396 columnam
1462 2344 1713 2397 nomina-

154 2437 321 2493 runt;
367 2442 578 2481 necnon
614 2429 765 2497 jnxta
795 2430 913 2499 ejus
938 2431 1290 2495 sententiam,
1330 2445 1472 2491 eam,
1502 2432 1567 2484 de
1607 2446 1716 2499 qua

151 2518 434 2586 agebatur,
484 2520 848 2572 terminarunt
890 2520 1265 2587 quaestionem.
1298 2519 1466 2575 [idem
1524 2521 1714 2576 Patres

151 2607 520 2661 Alexandrino
538 2606 1201 2678 Constantinopolitanum
1233 2626 1329 2680 per
1354 2611 1714 2667 imitationem

150 2697 380 2751 secundi
429 2697 648 2752 concilii
700 2696 1137 2767 praeposuerunt,
1165 2715 1266 2755 nec
1298 2709 1478 2755 tamen
1520 2701 1719 2756 fecisse

151 2802 209 2841 se
268 2787 479 2856 aliquid
523 2800 874 2856 censuerunt,
908 2793 1012 2859 nisi
1062 2792 1164 2846 hoc
1195 2792 1338 2846 idem
1364 2790 1472 2846 Leo
1518 2793 1716 2846 contir-

151 2889 329 2932 maret
351 2896 366 2933 :
387 2879 532 2948 quod
561 2890 619 2934 ut
638 2882 1015 2946 impetrarent,
1040 2882 1224 2937 multis
1242 2892 1296 2936 et
1323 2883 1710 2953 legationibus,

150 2976 205 3022 et
229 2970 489 3035 precibus
516 2970 939 3037 contenderunt,
955 2972 1163 3040 quibus
1182 2980 1363 3027 tamen
1383 2973 1464 3028 vir
1492 2985 1713 3029 sanctus

1823 1802 1988 1857 titicis
2016 1802 2273 1871 dignitas.
2322 1802 2458 1867 Quid
2508 1801 2722 1855 tandem
2760 1801 2873 1855 haec
2916 1801 3096 1854 omnia
3125 1797 3387 1867 praesefe-'

1823 1900 1979 1955 runt,
2014 1892 2230 1956 fratres,
2258 1892 2362 1946 nisi
2398 1907 2664 1946 summam
2698 1906 2819 1945 esse
2855 1889 3081 1944 Romani
3110 1888 3379 1958 pontiﬁcis

1823 1996 1986 2050 super
2045 1964 2261 2039 omnem
2316 1982 2610 2036 Ecclesium
2663 1981 3063 2041 auctoritatem,
3102 1993 3371 2033 summam

1822 2073 2186 2139 potestatem?
2216 2072 2338 2126 Haec
2369 2073 2532 2141 igitur
2561 2073 2741 2126 omnia
2764 2073 3083 2139 cogitantes,
3104 2069 3218 2123 haec
3248 2083 3373 2123 cum

1820 2162 1988 2214 animi
2018 2163 2322 2217 attentione
2348 2163 2759 2216 considerantes
2787 2175 3006 2215 onmem
3042 2175 3234 2213 vanam
3261 2160 3379 2229 opi-

1819 2251 2038 2302 nionem
2067 2244 2251 2305 exuite
2282 2289 2298 2315 ,
2330 2267 2493 2307 omne
2518 2253 2853 2305 immeritum
2887 2251 3073 2304 odium
3098 2251 3376 2319 deponite,

1818 2351 1979 2391 omne
2010 2338 2141 2390 illud
2174 2339 2241 2393 de
2278 2339 2488 2393 Latinis
2519 2354 2625 2391 non
2654 2348 2871 2392 rectum.
2890 2338 3155 2407 judicium
3177 2340 3233 2392 in
3266 2354 3379 2393 me-

1819 2427 1925 2481 lius
1952 2430 2189 2491 mutafe;
2220 2429 2611 2496 amplectimini
2654 2429 2975 2493 veritatem;
3009 2430 3374 2497 integritatem

1820 2516 1942 2568 lidei
1984 2531 2089 2568 una
2115 2530 2237 2568 cum
2269 2516 2540 2569 catholica
2569 2524 2622 2568 et
2648 2523 2835 2569 sancta
2868 2517 3108 2570 Romana
3134 2516 3373 2570 Ecclesia

1821 2605 1919 2674 ipsi
1973 2621 2191 2674 quoque
2236 2605 2453 2659 maximi
2494 2606 2870 2660 existimantes
2896 2606 3180 2660 nobiscum
3241 2620 3373 2659 con-

1824 2698 2021 2751 venite.
2058 2696 2250 2750 Missos
2299 2696 2457 2751 facite
2488 2710 2581 2751 eos
2639 2695 2731 2764 qui
2781 2693 3151 2751 contentionis
3192 2692 3374 2764 potius

1821 2790 2013 2855 gratia,
2043 2802 2205 2856 quam
2232 2787 2478 2843 veritatis
2518 2801 2655 2841 vana
2697 2786 3000 2855 loquentes,
3036 2799 3187 2840 vosa
3222 2793 3370 2841 recta

1824 2879 1929 2935 [ide
1952 2879 2240 2935 seducunt.
2268 2878 2549 2935 Pastorem
2587 2878 2840 2934 Ecclesia:
2870 2880 3126 2934 Romanas
3156 2878 3375 2932 univer-

1822 2972 1986 3026 salem
2046 2972 2281 3034 Patrem,
2315 2980 2475 3041 atque
2504 2971 2818 3041 magistrum
2865 2972 3188 3037 existimate.
3220 2974 3376 3030 Hunc

148 3073 401 3113 anuere
425 3060 731 3125 recusavit;
780 3072 835 3115 et
867 3062 970 3115 nisi
998 3072 1184 3131 postea
1237 3065 1304 3118 ab
1330 3065 1437 3120 alio
1468 3064 1712 3121 Romano
1737 3038 1781 3097 ο
1816 3063 1962 3117 enim
1997 3062 2227 3127 honore,
2257 3062 2417 3116 laude
2473 3076 2537 3116 ac
2569 3062 2920 3117 veneratione
2960 3064 3371 3132 prosequimini.

144 3150 420 3207 Pontiﬂce
448 3165 769 3207 concessum
793 3152 1117 3217 exstitisset.
1143 3156 1348 3211 nullius
1370 3157 1565 3210 fuisset
1584 3171 1711 3211 sane

145 3244 595 3299 momentiaAnte
621 3249 766 3301 hunc
792 3248 1141 3300 Innocentius
1170 3248 1451 3300 Romanus
1472 3246 1711 3316 pontifex

147 3328 447 3383 Arcadium
496 3336 552 3383 et
588 3331 886 3386 Eudoxiam
956 3348 1131 3400 reges,
1185 3335 1329 3401 quod
1357 3333 1617 3387 Joannem
1654 3349 1714 3389 os

146 3432 379 3470 aureum
412 3418 594 3485 inique
619 3419 685 3476 de
709 3420 946 3489 Ecclesia
982 3423 1337 3489 pepulissent,
1359 3424 1705 3477 anathemate

144 3506 331 3569 feriit,
395 3516 467 3559 et'
500 3498 937 3564 Christianorum
1001 3512 1387 3565 communione
1460 3498 1711 3580 privavit.

145 3597 302 3663 Quod
339 3607 491 3653 certe
524 3612 636 3651 non
684 3597 920 3661 fecisset.
956 3599 1250 3662 nisisupra
1279 3615 1495 3655 omnem
1526 3602 1711 3655 Eccle-

148 3688 279 3740 siam
339 3685 624 3741 habuisset
685 3686 997 3756 imperium.
1028 3686 1236 3758 Quippe
1282 3689 1330 3742 si
1369 3705 1478 3743 non
1524 3689 1717 3745 luisset

150 3776 475 3830 universalls
507 3786 712 3845 pastor,
742 3787 798 3832 et
850 3778 1113 3847 pontifex,
1154 3791 1209 3835 et
1252 3774 1556 3834 communis
1605 3795 1718 3834 om-

147 3864 297 3917 nium
356 3863 794 3920 Christianorum
829 3867 1006 3935 Pater,
1065 3878 1117 3923 et
1174 3870 1451 3940 magister.
1487 3868 1543 3925 Si
1579 3869 1721 3925 Con-

98 3966 101 3967 '
146 3957 630 4039 stantinopolitana
662 3958 797 4012 urbs
851 3966 905 4012 et
946 3959 1307 4028 imperatores
1369 3961 1447 4015 illi
1501 3961 1569 4016 de
1601 3962 1721 4033 ejus

149 4063 307 4118 grege
328 4063 442 4102 non
465 4047 716 4114 fuissent,
749 4065 858 4105 non
880 4060 1295 4121 separasseteos
1321 4053 1442 4108 talis
1471 4052 1719 4122 pontifex

148 4140 215 4203 ab
259 4140 496 4203 unitate.
554 4150 609 4194 et
646 4141 1032 4197 communione
1083 4141 1347 4197 fidelium.
1394 4142 1542 4197 Nihil
1571 4142 1718 4196 enim

1813 3150 1925 3206 Nos
1966 3166 2097 3206 vero
2120 3163 2435 3220 quanquam
2472 3151 2811 3218 immeritos,
2858 3162 3035 3206 tamen
3077 3148 3244 3223 gratia
3276 3150 3374 3209 Dei

1814 3256 1913 3310 per
1937 3239 2293 3309 apostolicam
2324 3241 2506 3295 sedem
2541 3250 2595 3294 et
2622 3257 2895 3296 summum
2928 3242 3238 3312 pontiﬁcem
3267 3243 3373 3297 Do-

1818 3332 2030 3384 minum.
2052 3341 2318 3393 nostrum,
2352 3333 2504 3385 vobis
2527 3333 2580 3385 in
2618 3333 2977 3400 patriarcham
3010 3327 3245 3403 legitime
3270 3334 3370 3388 da-

1818 3428 1955 3481 tum,
1990 3428 2168 3487 utpar
2190 3430 2292 3482 est,
2323 3422 2606 3487 suscipite.
2656 3421 2859 3474 Monita
2898 3429 3081 3474 nostra
3115 3429 3367 3489 tanquam

1815 3519 2066 3575 paternas
2092 3509 2501 3563 adhortationes
2525 3508 2728 3570 audite,
2767 3509 3022 3562 Eamdem
3055 3525 3266 3563 mecum
3294 3524 3371 3571 ,et

1814 3600 2133 3653 sententiam
2185 3606 2240 3650 et
2268 3596 2426 3651 ﬁdem
2459 3598 2642 3658 colite,
2681 3605 2738 3650 ut
2774 3598 2829 3650 in
2859 3599 3050 3651 eodem
3091 3600 3283 3668 spiritu
3311 3611 3370 3656 et

1817 3698 1997 3743 mente
2026 3688 2332 3752 credentes,
2356 3688 2609 3755 idemque
2640 3687 2706 3741 de
2739 3688 2842 3741 fide
2872 3688 3169 3743 sentientes
3196 3705 3370 3759 quan-

1812 3778 1907 3832 diu
1936 3778 2038 3833 hac
2067 3778 2348 3848 fungimur
2381 3777 2488 3831 vita
2521 3778 2755 3833 invicem
2788 3779 3100 3849 diligamus,
3136 3781 3367 3835 invicem

1814 3870 2182 3925 consolemur.
2217 3871 2348 3924 Post
2393 3884 2521 3925 vero
2553 3869 2717 3939 hujus
2751 3870 2997 3924 mortalis
3030 3870 3250 3925 sarcinae
3276 3870 3372 3926 de-

1816 3963 2143 4032 positionem
2170 3960 2417 4017 eamdem
2443 3963 2498 4017 in
2518 3960 2736 4017 Christo
2754 3961 2975 4030 gloriam
3005 3962 3367 4025 obtineamus,

1813 4062 1870 4107 et
1898 4052 2264 4108 desideratum
2290 4055 2451 4107 linem
2482 4050 2691 4124 adepti,
2726 4054 2836 4108 vita
2868 4053 3113 4108 fruamur
3142 4062 3365 4109 aeterna.

1815 4141 2007 4197 Amen.

218 4230 461 4336 "Matth.
497 4296 611 4349 xu,
664 4281 751 4336 l8.
821 4283 841 4312 ’
869 4281 1009 4337 Ibid.
1044 4283 1132 4339 l9.
1211 4283 1231 4313 ⁸
1260 4282 1416 4335 Joan.
1451 4295 1594 4347 xm,
1636 4280 1825 4335 15-17.
1900 4280 1921 4311 ⁸
1955 4278 2089 4334 Luc.
2120 4294 2252 4347 χιιι,
2289 4279 2379 4333 52.

921 4454 1747 4653 GBAECORUM
1833 4540 2615 4655 CONFESSIO

622 4746 722 4805 DE
753 4735 1037 4805 VERBIS
1073 4744 1735 4806 CONSECRATIONIE

1819 4746 1884 4804 ιτ
1920 4744 2457 4804 TRANSSUBSTA
2478 4745 2598 4799 NTl
2616 4750 2654 4799 ,λι
2666 4742 2931 4817 TIONE,

511 4870 566 4930 Α
621 4867 1154 4930 BESSARIONE
1211 4865 1640 4928 EXPOSITA
1694 4866 1796 4926 IN
1854 4865 2249 4927 CONCILIO
2307 4862 2844 4923 FLORENTINO
2905 4860 3011 4940 (1).

1194 4988 1486 5050 (Ηυιιιοκ,
1514 4990 1753 5037 Musaeum
1778 4984 2019 5045 Italicum,
2048 4986 2087 5045 Ι,
2124 5000 2175 5041 u,
2202 4985 2332 5044 iis.)

216 5235 310 5291 Die
341 5232 651 5299 Dominica,
672 5230 858 5300 quinta
887 5229 1015 5284 Julii
1053 5228 1102 5282 Μ
1121 5224 1290 5283 CCCC
1313 5218 1621 5293 XXXVII“,
1657 5229 1708 5281 in

146 5325 390 5398 generali
444 5321 899 5391 congregatione,
937 5319 1256 5389 prasidente
1287 5322 1341 5374 in
1376 5319 1561 5375 eadem
1590 5336 1709 5371 san-

147 5415 393 5477 ctissimo
445 5412 672 5466 domino
718 5420 905 5465 nostro
955 5410 1175 5465 domino
1229 5410 1489 5477 Eugenio,
1527 5407 1707 5460 divina

217 5519 294 5603 (ἢ
351 5527 850 5603 Ημιιὶιιε-νοι-ξίριὶι
900 5525 1296 5603 autu_grapltum
1344 5524 1395 5575 in
1430 5523 1703 5603 .thcsanro

150 5593 492 5661 serenissimi
524 5594 698 5666 Magni
738 5593 966 5649 Etruria:
1013 5594 1174 5649 Ducis
1204 5598 1535 5659 asservatur,
1582 5609 1703 5647 cum

1720 5120 1790 5132 ο..-

1818 5226 2152 5295 providentia
2191 5238 2575 5292 papaqumto,
2621 5228 2975 5293 praesentibus
3024 5230 3360 5287 reverendis-

1816 5318 1967 5371 simis
2012 5317 2430 5385 reverendisque
2482 5316 2725 5370 Panibus
2776 5328 2828 5369 ct
2884 5316 3117 5387 dominis
3162 5330 3360 5375 sanctae

1817 5409 2072 5464 Romanae
2096 5407 2349 5461 Ecclesiae
2376 5407 2760 5463 cardinahbus,
2788 5406 3125 5474 patriarchis,
3148 5412 3359 5466 archie-

1813 5522 2140 5581 authenticis
2198 5522 2395 5575 litteris
2449 5522 2691 5591 ortionis,
2741 5517 3153 5591 Latinosiinter
3200 5534 3361 5591 atque

1812 5599 2025 5649 ﬁrmus
2055 5592 2209 5645 factae
2238 5592 2294 5645 in
2324 5590 2555 5644 conetlio
2599 5589 2935 5645 Florentino.
2976 5590 3123 5648 lianc
3159 5589 3360 5649 versio-
