4122 6326
226 210 334 277 £93

1200 214 1301 277 DE
1352 216 1853 280 SACRAMENTO
1905 214 2465 282 RUCHABISTLE.

3330 218 3449 284 49L

226 339 353 382 cum
420 324 895 381 reverendissimis
946 325 1374 399 rcverendisque
1416 328 1678 386 Patribus
1727 335 1855 395 οιΑ
1883 326 2121 399 quisitus
2168 326 2224 380 in
2263 326 2420 387 iidem
2469 335 2525 382 et
2582 328 2954 384 testimonium
3010 328 3433 399 prmmiasornm.

226 416 467 471 dominis
514 415 753 485 praefatis
786 430 853 471 ac
880 403 1204 474 connotario
1231 432 1357 475 meo
1396 421 1774 490 suprascripto

224 519 466 575 umens
510 505 756 570 interfui.
782 521 958 577 eaque
995 506 1078 564 sic
1125 505 1244 564 ﬁeri
1294 508 1406 563 vidi
1456 517 1512 565 et
1557 509 1779 567 audivi:

226 595 347 651 ideo
375 594 489 652 hoc
505 610 745 667 pra-scus
773 597 1053 666 publicum
1084 601 1532 671 instrumentum,
1565 615 1665 672 per
1693 601 1779 658 in-

226 693 519 754 terpretem
546 684 884 756 hujus'sscri
915 688 1223 759 ycumeaici
1270 688 1490 753 concilii
1537 690 1780 748 subscri-

225 784 398 842 ptum,
433 789 540 828 una
565 788 691 829 cum
724 774 877 832 dicto
901 776 1223 834 conuotsrio
1268 778 1567 850 subscripsi
1593 819 1609 845 ,
1637 789 1695 837 et
1719 782 1777 838 in

230 864 366 920 hanc
413 865 689 935 publicam
738 864 969 921 fortnam
1021 865 1230 937 redegi,
1263 867 1420 939 signo
1464 877 1525 924 et
1555 871 1777 928 nomine

231 956 365 1012 meis
393 957 573 1013 solitis
601 966 657 1013 et
708 958 989 1014 consuetis
1032 958 1243 1029 signari
1300 966 1523 1030 rogatus
1585 970 1642 1016 et
1685 976 1776 1018 re-

249 1112 3120 1143 mm

1954 419 2068 489 Ego
2116 418 2406 485 Julianus,
2452 418 2853 481 tltnli,8:nctze
2892 420 3111 475 Sabina:
3156 418 3464 490 presbyter-

1889 508 2205 575 cardinaiis,
2242 509 2432 566 Sancti
2464 509 2656 578 Angeli
2702 511 2999 580 vulgariter
3045 505 3393 578 nuncupatus
3420 545 3439 577 ,

1882 615 2125 672 presens
2161 599 2241 657 fui
2270 600 2527 656 omnibus
2547 599 2855 670 praedictis;
2887 608 2945 656 et
2982 613 3314 670 recognosco
3347 598 3438 655 iit.

1881 699 2058 746 teram
2099 691 2358 761 scriptam
2406 705 2571 754 manu
2602 690 2814 762 praiatl
2858 689 3066 746 Nicolai
3098 689 3393 761 Sagudinei
3420 732 3437 759 ,

1881 781 2189 838 communis
2216 780 2529 852 interpretis
2554 780 2872 835 Latinorum
2900 788 2957 834 et
2980 776 3295 834 Graecorum
3336 795 3352 834 :
3381 790 3440 836 et

1880 873 1951 928 ad
1998 881 2316 943 perpetuam
2363 872 2444 929 rei
2492 870 2815 927 memoriam
2843 869 3067 941 propria
3098 881 3262 924 manu
3302 867 3439 925 sub-

1840 984 1843 993 ι
1879 961 2089 1032 scripsi.

1092 1224 1093 1227 Ὺ
1200 1292 2452 1484 BESSARIONIS

1400 1557 1754 1645 EPISCOPI
1798 1544 2262 1635 TUSCULANI,
2588 1576 2591 1579 '
2896 1640 2897 1647 η

454 1708 786 1777 SANCTJE
834 1708 1199 1773 ROMANE
1252 1703 1655 1773 ECCLESIJE
1700 1659 2200 1786 CARDlNALIS,
2241 1710 2665 1774 CPOLITANI
2710 1708 3239 1796 PATRIARCHE

711 1880 889 1989 DE
968 1876 1915 1993 SACRAMENTO
1992 1876 2991 1994 EUCHARISTl/E

736 2079 855 2139 ET
900 2078 1201 2153 QUIBUS
1250 2079 1554 2142 VERBIS
1595 2077 1940 2142 CHRISTI
1978 2050 2290 2144 coeptis
2331 2079 2729 2145 comam
2737 2081 2913 2142 wn.

914 2182 1108 2288 (Claudf
1138 2226 1380 2285 Satnctes,
1414 2225 1643 2290 suum
1664 2226 1760 2275 SS.
1782 2227 2007 2277 Patrum.
2032 2229 2351 2293 Antwerpim.
2386 2230 2523 2278 1882.
2545 2228 2765 2289 Latine.)

1785 2378 1857 2396 ρ

300 2501 533 2557 Sacrum
568 2498 918 2569 divinumque
949 2506 1034 2555 est
1064 2500 1425 2556 Eucharistim
1450 2501 1793 2573 mysterium,
1822 2514 1865 2571 Β
1895 2505 2360 2579 praesumpsissem
2380 2542 2395 2566 ,
2428 2501 2530 2557 nisi
2563 2517 2649 2556 me
2677 2512 2731 2557 et
2756 2500 2905 2572 juste
2935 2501 3275 2571 precantium
3302 2505 3450 2573 peti—

228 2610 326 2665 per
358 2593 503 2662 quod
550 2590 644 2646 ﬁlii
678 2590 810 2658 Dei,
840 2599 898 2645 et
929 2590 1207 2659 hzeredes,
1262 2600 1319 2648 et
1348 2592 1663 2649 coheredes
1686 2634 1700 2657 ,
1732 2604 1788 2648 et

229 2686 481 2756 ejusdem
518 2698 646 2740 cum
684 2683 919 2739 Domino
953 2683 1200 2753 corporis
1236 2685 1506 2741 eiiicimur
1537 2701 1663 2743 cum
1702 2686 1799 2741 did

230 2795 336 2849 gne
369 2793 441 2834 eo
471 2778 887 2847 participamus.
924 2776 1030 2834 Sed
1068 2777 1241 2846 quaeri
1271 2778 1415 2834 inter
1442 2779 1790 2835 Christianos

228 2871 413 2934 solet,
447 2870 650 2940 quibus
688 2868 1033 2937 potissimum
1074 2868 1299 2934 verbis,
1332 2869 1480 2926 intra
1518 2870 1791 2927 solemnes

228 2962 523 3018 Missurum
564 2962 705 3017 ritus
732 2998 749 3025 ,
788 2972 1198 3020 sacrosanctum
1237 2961 1451 3018 Domini
1490 2976 1691 3032 corpus
1737 2970 1796 3017 et

230 3052 466 3118 sanguis
521 3051 863 3108 conﬁciatur.
926 3052 1035 3108 Alii
1089 3052 1239 3108 enim
1290 3052 1395 3107 hoc
1450 3051 1629 3107 facere
1688 3050 1794 3106 alia

232 3144 620 3198 existimantes
644 3182 660 3207 ,
719 3142 899 3199 Latini
954 3143 1307 3200 Ambrosium
1336 3186 1349 3209 ,
1392 3142 1793 3213 Augustinum,

232 3230 567 3302 Gregorium
592 3271 610 3295 ,
651 3233 899 3301 aliosque
934 3232 1189 3288 doctores
1225 3247 1358 3288 suos
1396 3233 1615 3295 secuti,
1670 3247 1792 3288 cum

228 3323 489 3381 doctrina
515 3362 529 3386 ,
566 3331 681 3376 tum
712 3323 837 3376 vita:
867 3323 1153 3378 sanctitate
1185 3332 1537 3392 pressantes,
1569 3322 1659 3377 illa
1687 3322 1796 3377 Do-

234 3413 376 3466 mini
420 3413 587 3466 verha
625 3413 678 3465 id
720 3412 901 3465 facere
958 3411 1397 3467 manifestissime
1448 3419 1799 3478 asseverant,»

230 3500 346 3552 Hoc
386 3506 464 3552 est
503 3515 692 3567 corpus
731 3515 939 3570 meum;
978 3508 1053 3564 et,
1100 3498 1201 3553 Hic
1253 3508 1327 3553 est
1362 3500 1580 3570 sanguis
1612 3516 1792 3565 meus,

232 3601 545 3655 vanamque
584 3601 810 3654 prorsus
844 3588 964 3657 sine
1000 3587 1068 3642 iis
1107 3603 1229 3643 esse
1269 3570 1575 3645 orationem
1614 3604 1795 3645 sacer-

232 3674 382 3731 d0tis
414 3679 731 3745 opinantur.
766 3678 947 3733 Graeci
982 3691 1113 3733 vero
1139 3716 1153 3740 ,
1188 3679 1488 3747 prssertim
1524 3679 1803 3733 recentio-

234 3782 325 3820 res
354 3808 370 3830 ,
409 3782 539 3823 cum
567 3767 768 3823 Jacobo
803 3768 969 3823 fratre
1002 3768 1250 3834 Domini,
1283 3768 1483 3825 Basilio
1522 3779 1578 3826 et
1621 3771 1797 3841 Chry-

232 3872 483 3915 sostomo
522 3861 858 3926 sentientes,
891 3861 1184 3932 singularis
1222 3862 1452 3932 exempli
1494 3873 1547 3919 et
1587 3829 1796 3934 sancti-
1823 3829 1869 3891 ο

236 3952 443 4006 monia
498 3950 665 4019 viris,
720 3967 828 4008 non
883 3954 993 4009 illis
1046 3952 1347 4009 Salvatoris
1393 3952 1570 4010 nostri
1616 3954 1801 4010 verbis

238 4045 456 4100 Christi
498 4058 696 4114 corpus
732 4055 789 4100 ct
827 4046 1146 4116 sanguinem
1188 4044 1389 4101 conﬁci
1428 4052 1661 4115 putant,
1703 4045 1799 4101 sed

232 4137 568 4206 quihusdam
610 4153 731 4207 quae
768 4149 1077 4207 sequuntur
1114 4136 1372 4207 precibus
1430 4137 1796 4192 sacerdotum.

232 4230 453 4295 Quibus
504 4230 558 4283 in
600 4229 885 4284 Missarum
927 4227 1162 4293 ofﬁciis,
1204 4241 1324 4295 quae
1364 4226 1560 4295 singuli
1600 4226 1803 4295 quique

234 4335 437 4373 eorum
481 4334 599 4372 com
614 4332 847 4386 posuere
868 4355 884 4379 ,
920 4316 1014 4369 diu
1053 4325 1174 4383 post
1206 4313 1583 4369 recitationem
1617 4315 1803 4366 verbo-

236 4426 357 4463 rum
416 4408 683 4469 Domini,
742 4422 862 4475 quae
910 4420 1071 4472 supra
1122 4403 1577 4465 memoravimus,
1626 4403 1803 4458 adhuc

236 4517 439 4566 iur-tem
484 4506 537 4549 ct
575 4497 764 4550 vinum
801 4496 982 4550 oblata
1015 4492 1127 4546 Deo
1157 4506 1384 4545 munera
1416 4492 1720 4559 appellant,
1745 4500 1804 4545 et

237 4594 513 4660 Spit-itum
552 4596 838 4656 sanctum,
882 4595 942 4641 ut
975 4602 1138 4655 super
1176 4603 1239 4641 ea
1269 4585 1597 4650 descendat,
1632 4585 1800 4638 bene-

236 4684 427 4743 dicat,
459 4674 765 4734 sanctiﬁcet
786 4719 801 4743 ,
829 4694 892 4731 ac
926 4693 1124 4747 corpus
1153 4685 1207 4731 et
1238 4678 1559 4748 sanguinem
1584 4671 1800 4729 Domini

236 4776 484 4837 efﬁciat,
530 4774 788 4826 invocant
827 4781 883 4826 et
921 4783 1238 4841 precantur.
1278 4771 1416 4824 Cum
1457 4768 1579 4823 talis
1620 4768 1801 4833 itaque

1890 2598 2101 2662 tiones,
2148 2609 2213 2650 ac
2250 2593 2449 2678 cupido
2483 2592 2734 2649 utilitatis
2768 2602 3088 2647 nostrorum
3118 2594 3443 2660 hominum,

1892 2707 2127 2764 quorum
2178 2690 2369 2746 salutis
2398 2696 2452 2744 et
2482 2688 2666 2758 gloriae
2696 2701 2913 2756 semper
2942 2685 3297 2742 avidissimus
3325 2683 3402 2741 lui
3424 2724 3441 2745 ,

1899 2762 1965 2839 ad
2018 2782 2075 2839 id
2119 2781 2226 2836 mei
2273 2779 2449 2850 ipsius
2491 2776 2719 2834 oblitum
2760 2775 3185 2846 compulissent,
3222 2782 3281 2830 et
3323 2772 3449 2833 ille
3545 2762 3551 2767 ’

1901 2876 2048 2932 inter
2081 2887 2139 2928 se
2170 2869 2473 2927 concordes
2502 2867 2734 2924 reddere
2755 2905 2771 2932 ,
2803 2865 2989 2923 divino
3016 2865 3192 2921 fretus
3217 2862 3453 2928 auxilio,

1894 2978 2192 3036 sperarem.
2222 2962 2295 3021 Ut
2331 2962 2497 3033 igitur
2527 2968 2678 3017 recte
2716 2969 2905 3016 nostra
2938 2959 3199 3029 procedat
3232 2955 3443 3020 oratio,

1902 3062 1958 3110 et
1990 3053 2189 3109 veritas
2224 3051 2306 3109 rei
2347 3067 2508 3122 quam
2554 3050 2850 3121 quaerimus
2889 3048 3101 3104 facilius
3125 3047 3444 3117 elucescat,

1898 3146 2080 3215 aliqua
2116 3144 2280 3200 altius
2314 3140 2609 3213 repetenda
2637 3150 2796 3204 sunt,
2844 3147 3132 3208 antequam
3179 3136 3443 3192 institutae

1898 3235 2219 3305 quaestionis
2252 3234 2450 3288 seriem
2485 3217 2882 3302 aggrediamur.

1966 3324 2107 3379 Ante
2135 3324 2323 3377 omnia
2360 3321 2528 3391 igitur
2566 3320 2850 3375 sciendum
2893 3325 3011 3383 est,
3047 3328 3153 3371 tam
3198 3315 3303 3370 hoc
3348 3327 3445 3367 sa-
3476 3340 3479 3341 ν

1897 3424 2245 3471 crosanctum
2280 3413 2681 3468 communionis
2702 3453 2718 3478 ,
2755 3411 2824 3466 de
2855 3425 2965 3479 quo
3001 3412 3246 3479 agimus,
3280 3422 3445 3476 quam

1897 3514 2090 3559 caetera
2121 3502 2381 3557 Ecclesia:
2413 3510 2751 3555 sacramenta
2800 3502 2922 3553 ideo
2967 3506 3305 3553 sacramenta
3346 3510 3453 3549 vos

1896 3590 2097 3657 citari,
2127 3591 2386 3659 quoniam
2419 3588 2567 3643 aliud
2602 3588 2659 3642 in
2693 3602 2751 3641 se
2788 3588 2989 3642 habent
3018 3586 3164 3655 quod
3204 3585 3445 3648 videtur,

1896 3679 2043 3733 aliud
2072 3678 2217 3748 quod
2244 3693 2355 3733 non
2387 3677 2636 3745 corporis
2662 3676 2861 3742 oculis,
2894 3675 2990 3731 sed
3017 3676 3132 3729 solo
3162 3674 3439 3729 intellectu

1896 3769 2400 3839 comprehenditur.
2449 3767 2577 3833 Quae
2620 3768 2898 3829 videntur,
2947 3764 3229 3820 sensibiiia
3278 3774 3442 3830 sunt;

1901 3875 2021 3931 quae
2055 3876 2185 3917 vero
2222 3859 2500 3918 intellectu
2536 3858 2931 3928 percipiuntur,
2965 3854 3225 3924 spiritalia
3253 3872 3265 3908 :
3303 3855 3448 3908 unde

1900 3954 2125 4025 spiritus
2175 3962 2230 4009 et
2284 3953 2391 4007 vita
2445 3948 2725 4006 dicuntur.
2769 3948 2930 4001 Verba
2970 3955 3148 3998 autem
3182 3960 3296 4012 quae
3337 3944 3447 3996 dixi

1899 4046 2041 4101 vobis
2066 4086 2082 4111 ,
2118 4045 2295 4114 inquit
2324 4044 2582 4099 Dominus
2605 4082 2619 4106 ,
2664 4042 2877 4111 spiritus
2918 4045 3036 4093 sunt
3080 4046 3127 4091 et
3174 4038 3303 4089 vita.
3338 4034 3450 4088 Ho-

1904 4151 2022 4190 rum
2092 4146 2357 4204 pmterea
2419 4143 2885 4188 sacranmntorum
2947 4128 3156 4196 singula
3219 4139 3448 4194 quaeque

1901 4224 2116 4279 duobus
2142 4224 2480 4293 accipiuntur
2508 4222 2686 4279 modis
2712 4239 2724 4273 :
2756 4228 2847 4272 aut
2876 4218 3021 4272 enim
3052 4226 3447 4271 sacramentum

1900 4316 2112 4385 signum
2170 4324 2289 4374 est,
2351 4321 2444 4366 aut
2478 4313 2529 4365 id
2587 4311 2730 4379 quod
2789 4309 3143 4377 signiﬁcatur.
3207 4307 3449 4360 Primum

1901 4404 2118 4473 quidem
2151 4404 2367 4471 signum
2400 4387 2775 4457 tantummodo
2807 4409 2861 4453 et
2893 4405 2978 4454 est
3012 4411 3063 4452 et
3095 4398 3309 4451 dicitur.
3349 4395 3451 4449 Se-

1902 4494 2138 4547 cundum
2189 4506 2319 4544 vero
2340 4520 2341 4523 η
2364 4506 2450 4545 res
2482 4499 2564 4545 est
2590 4532 2604 4556 ,
2640 4506 2769 4559 quae.
2792 4504 2857 4541 eo
2888 4490 3044 4557 signo
3073 4485 3409 4555 signiﬁcatur
3433 4501 3451 4537 :

1903 4586 2091 4640 Omnis
2122 4585 2269 4640 enim
2310 4585 2612 4653 theologica
2645 4583 2895 4637 doctrina
2918 4623 2932 4643 ,
2967 4587 3098 4633 teste
3124 4576 3450 4644 Augustino,

1904 4677 2071 4747 signis
2102 4686 2315 4730 constat
2348 4685 2403 4730 et
2437 4677 2620 4729 rebus.
2650 4675 2717 4727 Et
2744 4689 2830 4727 res
2866 4672 3083 4740 quidem
3132 4674 3295 4728 sunt,
3330 4678 3451 4731 quas

1904 4776 1961 4822 ut
2010 4766 2324 4837 signiﬁcata:
2374 4764 2738 4832 accipiuntur,
2789 4764 2940 4829 signa
2997 4774 3157 4821 vero,
3212 4770 3445 4824 quorum

237 4870 505 4934 tantaque
545 4863 614 4916 sit
650 4863 717 4916 de
768 4880 825 4917 re
861 4864 1093 4917 maxima
1128 4864 1275 4915 inter
1303 4862 1526 4914 Latinos
1555 4857 1801 4913 Grmcos—
1834 4836 1877 4891 Ῑ)
1905 4836 2081 4910 omnis
2128 4858 2181 4908 in
2226 4853 2580 4922 signiﬁcando
2622 4860 2706 4905 est
2750 4865 2902 4904 usus.
2951 4848 3064 4902 Etsi
3106 4846 3251 4900 enim
3283 4859 3447 4899 omne

235 4973 343 5026 que
388 4954 703 5015 dissensio,
738 4954 784 5006 si
816 4954 1031 5021 quidem
1071 4953 1212 5005 inter
1258 4962 1553 5018 praesentes
1596 4950 1800 4999 tantam

238 5063 301 5101 ac
341 5057 550 5099 nostrae
584 5045 759 5100 atatis
792 5046 938 5098 viros
971 5042 1342 5096 controversia
1380 5040 1554 5103 foret,
1590 5036 1802 5090 facilius

237 5138 303 5190 de
330 5137 419 5189 "iis
472 5146 658 5202 posset
707 5133 888 5204 quivis
932 5147 1031 5201 pro
1068 5147 1165 5184 sua
1200 5127 1457 5198 Opinione
1488 5128 1798 5184 disserere:

236 5242 360 5281 cum
398 5240 538 5278 vero
572 5228 712 5279 inter
748 5237 1063 5278 communes
1108 5220 1359 5276 Ecclesiae
1390 5221 1669 5275 doctores,
1707 5228 1800 5267 ve-

239 5327 503 5383 teresque
547 5328 602 5369 et
650 5313 1023 5369 sanctissimos
1057 5311 1242 5366 Patres
1275 5320 1489 5364 nostros
1520 5304 1797 5361 contentio

234 5408 487 5479 agitetur
522 5404 595 5473 (ii
631 5418 759 5459 sunt
798 5404 943 5457 enim
976 5404 1068 5471 qui
1112 5412 1163 5458 et
1196 5400 1487 5456 dissentire
1528 5395 1759 5451 invicem
1783 5433 1797 5456 ,

236 5512 291 5553 et
318 5508 377 5551 ut
410 5497 506 5549 alii
537 5511 752 5563 quoque
780 5495 1108 5547 dissentiant
1130 5534 1143 5556 ,
1174 5494 1353 5547 facere
1384 5488 1659 5557 videntur)
1686 5486 1800 5553 ipse

235 5608 323 5646 mc
356 5592 511 5645 inter
543 5600 638 5641 eos
688 5585 976 5639 arbitrium
1030 5586 1367 5638 constituere
1410 5580 1550 5632 haud
1598 5588 1802 5632 temere

1901 4948 2113 5014 signum
2150 4959 2236 4997 res
2264 4945 2333 4995 sit
2365 4941 2527 5012 (nam
2578 4939 2724 5007 quod
2766 4954 2874 4991 non
2919 4949 3005 4991 est
3052 4952 3171 5001 res,
3205 4945 3264 4990 ut
3303 4935 3444 4989 idem

1899 5030 2231 5099 Augustinus
2262 5029 2462 5094 inquit,
2492 5027 2628 5077 nihil
2657 5026 2878 5079 omnino
2904 5036 2989 5081 est
3010 5068 3025 5092 ,
3046 5034 3101 5080 et
3129 5026 3209 5081 sic
3230 5024 3445 5093 signum

1898 5136 2016 5174 esse
2050 5135 2156 5173 non
2203 5117 2456 5187 potest),
2497 5116 2598 5169 huc
2643 5125 2827 5170 tamen
2869 5118 2989 5171 loco
3041 5118 3260 5183 signum
3298 5111 3443 5165 acci-

1900 5210 2064 5277 pitur,
2120 5225 2227 5265 non
2277 5217 2335 5261 ut
2379 5223 2461 5262 res
2495 5208 2794 5276 signiﬁcata
2817 5248 2835 5272 ,
2869 5207 2962 5260 sed
2996 5214 3055 5258 ut
3088 5204 3299 5271 signum
3330 5214 3444 5254 rem

1906 5302 2074 5368 ipsam
2126 5300 2471 5370 significans,
2516 5308 2784 5368 quatenus
2830 5297 3033 5350 scilicet
3080 5294 3289 5360 signum
3330 5298 3445 5357 est,

1905 5402 1960 5444 et
2009 5407 2116 5445 non
2167 5401 2439 5459 quatenus
2492 5404 2579 5443 res
2618 5389 2799 5456 aliqua
2844 5394 2945 5439 est.
2982 5380 3445 5447 Quemadmodum

1907 5496 2032 5535 cum
2090 5482 2473 5534 ascendentem
2527 5478 2800 5532 cernimus
2852 5474 3100 5538 fumum,
3158 5487 3265 5525 non
3314 5485 3452 5539 qua-

1913 5583 2069 5626 tenus
2105 5570 2405 5625 substantia
2432 5569 2610 5635 aliqua
2644 5566 2758 5620 sive
2789 5578 2873 5616 res
2909 5574 3025 5627 cst,
3059 5562 3153 5615 sed
3190 5572 3455 5627 quat.in
