4122 6326
644 293 753 356 ωδ

1592 302 2091 367 BESSARIONIS
2126 309 2186 368 S.
2226 309 2300 369 Β.
2341 308 2410 372 Ε.
2454 308 2919 375 CARDINALIS

3747 316 3862 386 495

645 412 825 463 solum
874 420 961 463 est
1017 411 1233 481 signum
1278 406 1707 487 iguis,'signum
1756 433 1878 473 esse
1926 416 2200 482 dicimus',
2231 424 2275 479 Α
2306 421 2735 484 cramentaliter.
2788 435 2847 478 et
2894 441 3001 480 non
3054 427 3433 499 spiritualiter,
3478 432 3523 487 ii
3583 440 3712 487 sunt
3762 436 3862 504 qui

643 500 772 571 quia
804 502 1106 557 substantia
1139 520 1194 558 et
1229 520 1318 561 res
1351 507 1538 575 aliqua
1573 518 1679 563 est.
1715 507 1851 563 Nam
1886 524 2047 562 omne
2076 507 2200 577 qni-

643 590 767 645 dem
803 592 1015 671 signum
1053 611 1139 650 res
1172 597 1348 665 aliqua
1380 610 1498 663 est,
1539 615 1648 653 non
1689 609 1873 654 tamen
1902 601 2085 652 omnis
2116 612 2202 651 res

643 684 867 739 alterius
893 687 968 740 rei
1000 698 1082 742 est
1113 686 1351 755 signum.
1383 690 1522 744 Sunt
1543 689 1690 745 enim
1724 703 1813 742 res
1840 688 2034 757 aliquas
2063 688 2204 742 dun-

644 787 790 833 taxat
830 791 889 833 ut
938 782 1290 850 signiﬁcata,
1326 797 1436 837 non
1473 791 1656 837 autem
1689 791 1750 837 ut
1785 782 1939 849 signa
1973 782 2196 849 aliquid

648 869 795 923 aliud
825 870 1184 940 signiﬁcantia
1206 914 1219 936 ,
1242 873 1389 942 quod
1422 872 1475 926 in
1506 872 1629 927 aliis
1661 871 2015 953 sacramentis
2044 870 2200 943 facile

642 959 1031 1026 comprehendi
1066 970 1268 1028 potest.

717 1050 931 1103 Etenim
966 1050 1019 1103 in
1046 1062 1387 1106 sacramento
1412 1051 1757 1120 baptismatis
1783 1043 1991 1103 ablutio
2014 1047 2201 1101 carnis

640 1156 739 1209 per
770 1157 965 1209 aquam
1003 1142 1074 1195 ita
1112 1153 1196 1196 est
1228 1150 1692 1213 sacramentum,_
1720 1152 1780 1195 ιιι
1824 1141 2087 1194 duntaxat
2127 1137 2201 1191 si-

641 1248 805 1300 gnum
854 1234 921 1285 sit
969 1231 1269 1286 ablutionis
1312 1235 1685 1300 peccatorum.
1738 1230 1858 1299 Ipsa
1889 1229 2037 1283 enim
2074 1239 2200 1296 pec-

640 1332 888 1375 catorum
924 1321 1178 1375 remissio
1217 1337 1307 1375 res
1356 1332 1443 1375 est
1491 1320 1833 1390 signiﬁcata,
1878 1318 2015 1370 nihil
2058 1316 2201 1371 ultra

644 1412 986 1483 signiﬁcans.
1051 1410 1165 1464 Hoc
1226 1409 1370 1463 idem
1432 1410 1485 1462 in
1542 1408 1770 1477 reliquis
1820 1404 2199 1461 sacramentis.

644 1503 789 1573 Ergo
822 1513 875 1557 et
912 1505 965 1555 in
1004 1510 1348 1556 sacramento
1393 1499 1784 1559 Eucharistiaz,
1835 1498 2067 1552 alterum
2116 1506 2202 1548 est

646 1593 827 1648 solum
867 1592 1083 1659 signum
1113 1629 1128 1653 ,
1165 1603 1224 1644 ut
1256 1588 1414 1659 panis
1440 1597 1498 1642 et
1531 1586 1643 1640 vini
1678 1584 1927 1671 visibilis‘
1942 1584 2155 1653 species
2186 1600 2198 1636 :

644 1680 879 1735 alterum
926 1694 1011 1736 res
1051 1676 1354 1746 signiﬁcata
1378 1714 1394 1738 .
1443 1684 1503 1729 ut
1548 1674 1725 1744 ipsum
1762 1688 1950 1727 verum
1985 1672 2200 1725 Domini

2302 510 2526 580 indigne
2556 517 3008 571 communicant:
3041 530 3267 575 sumunt
3294 522 3440 577 enim
3490 539 3682 579 verum
3735 542 3865 581 cor~

2301 613 2403 666 pus
2432 598 2678 665 Christi,
2709 618 2818 659 non
2854 614 3032 661 tamen
3063 610 3394 665 sacramenti
3424 611 3679 668 eﬁ‘ectum
3712 617 3867 670 acci—

2303 686 2489 754 piunt,
2524 703 2625 745 nec
2649 690 2870 746 Christo
2932 694 3229 751 .uniuntur.
3269 697 3347 753 De
3390 698 3458 752 iis
3497 699 3676 769 inquit
3719 704 3866 770 Apo-

2301 775 2510 841 stolus,
2543 781 2981 848 quodjudicium
3027 784 3133 840 sibi
3162 787 3498 842 manducauit
3540 798 3597 844 et
3638 792 3860 846 bibunt.

2299 864 2419 920 Non
2448 870 2597 923 enim
2642 872 2913 941 judicium
2958 882 3013 929 et
3054 879 3582 936 condemnationem
3627 883 3865 938 mandu-

2304 970 2495 1011 carent
2549 971 2605 1013 et
2649 960 2936 1026 biberent,
2989 968 3032 1020 si
3082 968 3407 1037 spiritaliter
3455 980 3864 1030 communicas-

2299 1057 2454 1109 sent,
2502 1050 2611 1103 imo
2633 1052 2742 1121 jam
2791 1053 3012 1110 Christo
3061 1060 3374 1115 unircntur.
3402 1061 3573 1117 ‘Sunt
3600 1065 3693 1118 alii
3726 1069 3817 1133 qui
3844 1107 3862 1130 ,

2298 1140 2401 1193 etsi
2434 1155 2542 1193 non
2578 1141 2715 1198 ﬁunt
2747 1150 3220 1204 sacramentaliter
3264 1154 3582 1222 participes,
3633 1157 3862 1225 spirita-

2301 1229 2426 1282 liter
2458 1242 2637 1286 tamen
2681 1238 3127 1301 communicant,
3171 1245 3634 1310 quemadmodum
3681 1249 3727 1301 si
3775 1250 3861 1303 rei

2268 1312 2283 1339 δ’
2303 1319 2481 1375 infans
2509 1335 2633 1390 post
2664 1325 2992 1394 baptismum
3018 1369 3031 1391 ,
3068 1333 3151 1384 vel
3181 1343 3340 1389 :etate
3370 1348 3689 1404 provectus.
3721 1354 3866 1395 non-

2303 1408 2462 1474 dum,
2498 1412 2567 1464 ob
2592 1413 2833 1481 aliquam
2878 1416 3251 1474 inevitabilem
3302 1426 3687 1481 necessitatem
3712 1469 3727 1492 ,
3776 1445 3865 1482 re-

2300 1511 2457 1567 cepto
2503 1493 2717 1559 Christi
2754 1522 2980 1576 corpore
3008 1552 3020 1573 ,
3055 1515 3338 1580 repentina
3375 1529 3548 1573 morte
3579 1520 3859 1578 deﬁciant.

2302 1588 2451 1643 Nihil
2486 1593 2655 1646 'cnim
2713 1594 2895 1665 minus
2945 1604 3276 1656 sacramenti
3329 1609 3629 1678 participes
3680 1613 3861 1677 ﬁunt,

2304 1694 2467 1747 quam
2525 1684 2569 1763 si
2625 1690 3063 1744 communionem
3100 1695 3447 1763 ‘cepiSsent:
3511 1701 3649 1756 ﬁunt
3707 1706 3862 1759 enim

642 1788 844 1839 corpus
896 1782 951 1827 et
998 1771 1240 1840 sanguis,
1293 1767 1437 1838 quod
1490 1782 1553 1822 ex
1607 1761 1990 1823 immaculatis‘
2027 1763 2199 1818 beatae
2233 1761 2273 1816 Β
2304 1762 2555 1823 membra
2575 1771 2779 1831 Christi
2806 1785 2863 1830 et
2895 1779 3044 1844 regni
3078 1761 3321 1837 caelestis
3351 1785 3619 1843 hatredes.

644 1864 885 1935 Virginis
931 1862 1291 1932 sanguinibus
1333 1859 1649 1927 assumpsit.
1686 1858 1887 1912 Verum
1930 1856 2034 1912 hoc
2075 1871 2203 1925 pro-

645 1958 819 2026 prium
846 1956 1012 2010 habet
1046 1963 1242 2023 praeter
1262 1952 1366 2006 alia
1395 1950 1639 2005 divinum
1672 1948 1776 2003 hoc
1802 1956 2199 2005 sacramentum

644 2034 1038 2110 Eucharistize,
1085 2044 1233 2113 quod
1282 2045 1338 2097 in
1384 2060 1450 2097 eo
1495 2058 1584 2096 res
1624 2040 1926 2111 signiﬁcata
1976 2039 2201 2095 alterius

641 2142 809 2197 etiam
846 2142 921 2193 rei
954 2139 1167 2207 signum
1200 2143 1307 2189 est.
1344 2135 1523 2211 ipsum
1568 2133 1714 2187 enim
1756 2122 1945 2187 verum
1986 2131 2199 2185 Domini

642 2243 845 2297 corpus
872 2238 928 2281 et
957 2227 1212 2296 sanguis,
1248 2239 1372 2279 cum
1406 2240 1494 2279 res
1521 2226 1593 2279 sit
1626 2223 1783 2293 signo
1814 2224 1972 2292 panis
2003 2231 2056 2277 et
2090 2220 2200 2274 vini

642 2319 948 2387 signiﬁcata
976 2356 988 2377 ,
1022 2324 1081 2370 ιιι
1108 2332 1227 2369 mos
1265 2315 1653 2379 ostendemus,
1703 2323 1790 2369 est
1837 2323 2014 2368 tamen
2065 2313 2199 2366 alte-

644 2410 760 2461 rius
810 2408 889 2461 rei
922 2407 1135 2475 signum
1162 2444 1175 2469 .
1211 2420 1335 2461 cum
1372 2405 1645 2475 signiﬁcet
1678 2404 1966 2475 mysticum
1995 2402 2195 2458 Christi

641 2512 879 2568 corpus,
910 2510 967 2553 et
1000 2497 1259 2552 Ecclesiae
1293 2500 1347 2551 in
1384 2496 1595 2566 Spiritu
1642 2503 1837 2551 sancto
1885 2495 2151 2548 unitatem
2180 2512 2193 2547 :

646 2591 774 2655 hoc,
799 2604 929 2645 vero
964 2604 1070 2642 non
1116 2588 1353 2657 amplius
1382 2588 1545 2641 aliam
1590 2602 1704 2641 rem
1745 2585 2056 2657 signiﬁcat,
2103 2583 2198 2639 sed

643 2691 854 2742 tantum
902 2678 1261 2748 signiﬁcatur.
1304 2678 1382 2733 lta
1421 2677 1481 2745 ﬁt
1533 2686 1594 2746 ut
1643 2677 1878 2745 visibilis
1923 2675 2083 2730 simul
2137 2688 2201 2729 ac

642 2758 923 2835 sensibilis
956 2772 1168 2843 species
1200 2772 1359 2839 panis
1384 2779 1441 2826 et
1475 2770 1624 2838 vini,
1656 2768 1886 2836 duplicis
1921 2766 2000 2819 rei
2034 2763 2200 2833 signi-

646 2861 859 2929 ticatris
907 2862 979 2915 sit
1008 2877 1023 2915 :
1072 2860 1347 2929 signiﬁcat
1372 2859 1519 2913 enim
1548 2868 1604 2915 et
1634 2850 1832 2912 verum
1854 2869 2058 2924 corpus
2090 2853 2197 2906 Do-

647 2952 781 3021 mini
805 2990 820 3015 ,
854 2960 910 3005 et
944 2964 1043 3005 res.
1062 2948 1369 3017 signiﬁcata
1401 2956 1455 3001 et
1482 2948 1699 3027 signum
1740 2962 1958 3002 sacrum
2002 2958 2118 3010 est,
2145 2953 2201 2999 et

645 3045 938 3112 mysticum
970 3040 1228 3095 Ecclesia:
1257 3054 1476 3109 corpus.
1519 3026 1700 3114 Quare
1746 3040 1901 3109 panis
1930 3049 1985 3094 et
2013 3038 2199 3093 vinum

644 3133 858 3202 signum
891 3124 977 3184 est
1006 3129 1298 3190 duntaxat,
1331 3127 1508 3196 ipsum
1542 3138 1729 3184 autem
1763 3142 1947 3182 verum
1994 3126 2198 3183 Christi

647 3238 850 3293 corpus
897 3232 953 3278 et
986 3221 1244 3293 sanguis,
1282 3221 1429 3291 quod
1459 3224 1562 3275 sub
1586 3219 1779 3275 .umbra
1815 3218 2015 3290 tegitur
2039 3217 2199 3291 panis

612 3307 702 3372 ἐι
743 3315 855 3370 vini
877 3356 893 3381 ,
938 3314 1305 3385 signiﬁcatum
1352 3313 1572 3383 quidem
1606 3326 1634 3366 a
1670 3327 1809 3382 pane
1840 3321 1896 3367 et
1928 3310 2057 3367 vino
2078 3350 2095 3376 ,
2124 3311 2199 3367 si-

647 3406 916 3478 gniﬁcans
945 3417 1125 3462 autem
1158 3405 1445 3477 mysticum
1480 3403 1737 3469 Ecclesia
1766 3400 1962 3474 corpus
1987 3446 2001 3470 ,
2029 3412 2086 3459 et
2112 3418 2199 3486 res

647 3506 732 3555 est
767 3506 822 3552 et
850 3497 1065 3568 signum
1097 3514 1111 3567 ξ
1144 3497 1436 3564 mysticum
1466 3510 1595 3550 vero
1629 3510 1693 3549 es
1729 3504 1962 3564 utroque
1994 3492 2199 3563 signiﬁ-

644 3601 824 3646 catum
849 3632 863 3653 .
897 3606 982 3645 res
1020 3599 1227 3644 tantum
1262 3598 1349 3647 est
1368 3631 1383 3655 ,
1412 3605 1512 3646 nec
1540 3589 1681 3657 ultra
1714 3588 1939 3655 alterius
1961 3588 2197 3659 signum.

628 3680 917 3739 Praeterea
948 3679 1095 3750 quod
1129 3690 1339 3735 tantum
1365 3682 1578 3749 signum
1605 3688 1689 3735 est
1708 3718 1722 3745 ,
1752 3679 1982 3735 duarum
2016 3693 2199 3735 rerum

642 3782 727 3827 est
779 3772 990 3840 signum
1025 3811 1041 3833 .
1098 3771 1211 3827 veri
1272 3770 1485 3825 scilicet
1540 3780 1597 3825 et
1656 3769 1867 3837 mystici
1925 3769 2196 3837 corporis.

642 3862 797 3927 Quod
853 3872 1034 3917 autem
1095 3876 1183 3915 res
1238 3869 1365 3923 est,‘
1412 3871 1468 3913 et
1509 3873 1621 3912 non
1672 3857 1904 3925 amplius
1951 3860 2197 3925 signum.

644 3957 878 4009 duorum
923 3965 1207 4024 sacrorum
1243 3946 1527 4018 signorum
1561 3961 1647 3999 res
1674 3958 1794 4006 est.
1829 3947 1930 3999 hoc
1962 3956 2045 4000 cst
2074 3930 2200 3998 visi-

646 4044 774 4098 bilis
802 4020 1013 4112 speciei.
1037 4020 1192 4107 panis
1221 4049 1277 4093 et
1308 4040 1421 4095 vini
1450 4076 1467 4102 ,
1497 4046 1554 4093 et
1586 4038 1699 4091 veri
1731 4038 1785 4092 in
1829 4039 1911 4091 eis
1957 4038 2200 4092 cotttetiti

621 4134 896 4203 corporis
928 4132 1161 4184 Domini.
1192 4130 1390 4184 Verum
1422 4139 1605 4184 autem
1639 4143 1839 4199 corpus
1863 4138 1919 4183 et
1948 4129 2197 4199 sanguis,

645 4223 693 4279 si
723 4220 792 4274 ad
823 4221 1057 4288 alterum
1090 4219 1325 4287 aspicias
1357 4218 1611 4273 invisible
1639 4228 2042 4273 sacramentum
2065 4258 2081 4283 ,
2113 4235 2201 4275 res

644 4322 767 4378 est;
802 4313 845 4370 si
877 4315 940 4371 ad
975 4312 1262 4382 mysticum
1306 4324 1538 4381 corpus,
1578 4319 1663 4393 est
1704 4310 1938 4381 signum.
1989 4310 2202 4367 Rursus

2372 1858 2498 1916 Haec
2533 1854 2695 1932 igitur
2725 1880 2850 1922 cum
2895 1871 3149 1925 omnibus
3196 1876 3482 1932 manifesta
3533 1882 3644 1934 sint
3692 1884 3862 1952 (quis

2303 1952 2448 2006 enim
2494 1966 2692 2024 neget,
2727 1973 2792 2012 ex
2839 1959 2923 2013 his
2970 1962 3064 2028 qui
3111 1968 3551 2024 communionem
3599 1984 3858 2039 sumunt,

2302 2043 2437 2115 alios
2465 2047 2686 2114 quidem
2714 2050 2920 2107 nullam
2945 2055 3172 2122 gratiam
3196 2097 3211 2122 ,
3241 2060 3350 2113 imo
3399 2076 3533 2115 vero
3560 2079 3662 2132 pro
3683 2071 3860 2135 gratia

2293 2134 2564 2201 judicium
2590 2148 2643 2193 et
2668 2154 2888 2210 pmnsm
2911 2183 2925 2207 ,
2958 2144 3095 2202 alios
3124 2163 3256 2203 vero
3283 2154 3516 2220 gratiam
3544 2134 3860 2226 largissime

2302 2230 2622 2297 consequi:
2684 2234 2953 2302 quosdam
3013 2238 3178 2294 etiam
3237 2242 3358 2297 sine
3419 2236 3857 2315 communione,

2300 2315 2598 2374 dummodo
2632 2322 2685 2375 id
2716 2337 2824 2379 non
2855 2335 3173 2399 contemptu
3197 2372 3212 2397 ,
3246 2333 3331 2387 vel
3361 2323 3689 2406 negligentia
3714 2381 3729 2405 ,
3758 2342 3860 2398 sed

2298 2412 2624 2467 necessitate
2652 2411 2780 2480 ﬁat,
2811 2415 3054 2473 divinam
3079 2424 3276 2477 mereri
3302 2427 3541 2495 gratiam
3568 2428 3661 2498 ηε
3692 2448 3813 2489 cum
3840 2476 3859 2498 ,

2286 2500 2552 2571 inquam,
2616 2504 2731 2559 haec
2768 2506 2907 2563 adeo
2943 2508 3087 2563 clara
3126 2521 3180 2565 et
3220 2517 3509 2584 perspicua
3546 2520 3694 2583 sint,
3756 2524 3860 2577 tri-

2300 2592 2556 2659 partitam
2614 2594 2756 2651 hanc
2797 2596 3109 2653 divinorum
3153 2608 3621 2663 sacramentorum
3665 2612 3858 2667 distri-

2303 2678 2587 2735 butionem
2626 2698 2810 2740 veram
2843 2698 2901 2741 et
2930 2691 3292 2744 necessariam
3317 2703 3450 2749 esse
3478 2701 3745 2767 probant,
3786 2720 3853 2759 es

2300 2770 2389 2824 his
2440 2772 2599 2839 sequi
2633 2775 2851 2829 videtur
2887 2779 3087 2835 Christi
3139 2800 3355 2853 quoque
3400 2803 3603 2854 corpus
3652 2791 3853 2859 duplex

2300 2874 2458 2923 esse,
2491 2876 2680 2916 verum
2717 2865 2948 2920 alterum
2976 2907 2991 2931 ,
3030 2870 3260 2936 alterum
3297 2875 3610 2940 mysticum.
3654 2878 3719 2932 Et
3756 2896 3857 2933 ve-

2302 2965 2422 3003 rum
2456 2952 2674 3020 quidem
2703 2964 2788 3010 est
2809 2997 2822 3020 ,
2855 2960 2999 3027 quod
3032 2961 3089 3015 in
3124 2961 3228 3016 hoc
3264 2964 3452 3018 divino
3492 2965 3853 3023 Eucharistia:

2301 3056 2644 3101 sacramento
2672 3061 3037 3105 consecratur
3070 3064 3237 3124 atque
3269 3058 3557 3113 conﬁcitur
3587 3060 3691 3116 sub
3710 3049 3853 3117 'risi-

2308 3133 2403 3188 bili
2460 3139 2640 3204 specie
2696 3138 2849 3207 panis
2893 3151 2948 3194 et
2993 3144 3129 3198 vini.
3169 3145 3283 3201 Hoc
3320 3147 3466 3203 idem
3502 3161 3588 3205 est
3620 3167 3743 3208 cum
3784 3169 3856 3208 eo

2299 3230 2528 3297 corpore
2566 3229 2712 3297 quod
2752 3230 2857 3285 fuit
2889 3247 2954 3287 ex
2990 3233 3145 3290 beata
3167 3235 3386 3307 Virgine
3414 3239 3655 3308 Spiritus
3682 3246 3854 3299 sancti

2300 3321 2719 3378 obumbratione
2767 3334 3115 3395 conceptum.
3170 3329 3243 3383 De
3292 3346 3403 3399 quo
3436 3331 3552 3401 ipse
3594 3333 3858 3390 Dominus

2300 3411 2355 3484 in
2388 3413 2726 3470 exhibitione
2770 3420 3096 3474 sacramenti
3121 3460 3136 3485 ,
3173 3437 3296 3475 cum
3340 3424 3497 3480 nobis
3538 3425 3853 3483 sensibilein

2301 3522 2492 3575 panem
2530 3507 2821 3589 sinumque
2856 3512 3224 3579 ostendisset,
3257 3515 3334 3571 ait
3362 3534 3375 3571 :
3408 3517 3518 3571 Hoc
3547 3527 3627 3573 est
3660 3536 3848 3589 corpus

2299 3613 2507 3662 meum;
2537 3607 2590 3651 et
2609 3586 2635 3663 ,’
2657 3598 2756 3653 Hic
2787 3611 2864 3657 est
2899 3608 3113 3675 sanguis
3149 3623 3333 3674 meus;
3363 3608 3569 3667 deinde
3599 3586 3811 3667 addidit
3836 3656 3851 3676 ,

2301 3689 2445 3757 quod
2470 3706 2566 3763 pro
2592 3692 2746 3747 vobis
2774 3693 3028 3759 traditur,
3048 3707 3101 3751 ει
3134 3700 3225 3767 qui
3255 3706 3355 3768 pro
3378 3702 3533 3756 vobis
3558 3704 3859 3760 eﬁ‘unditur

2302 3781 2356 3834 in
2391 3783 2772 3838 remissionem
2806 3798 3187 3851 peccatorum.
3209 3790 3494 3861 Mysticum
3530 3805 3710 3850 autem
3737 3798 3858 3868 ejus

2302 3883 2620 3955 corpus'est
2652 3874 2914 3939 Ecclesia,
2940 3885 2995 3929 et
3024 3883 3371 3949 congregatio
3402 3882 3672 3939 ﬁdelium.
3706 3886 3859 3941 Hanc

2301 3958 2451 4009 enim
2487 3972 2685 4029 negare
2716 3975 2912 4028 corpus
2934 3961 3135 4016 Christi
3166 3980 3327 4019 nemo
3352 3969 3531 4035 ausit,
3560 3973 3857 4038 przesertitn

2304 4046 2533 4101 audiens
2596 4048 2916 4116 Apostolum
2980 4052 3634 4119 dicentem,.Ecclesia
3693 4073 3861 4131 caput

2302 4136 2579 4191 Christum
2607 4153 2747 4192 esse.
2776 4138 2949 4209 Caput
2975 4144 3120 4195 enim
3146 4143 3265 4197 sine
3320 4147 3579 4221 membris
3622 4166 3731 4204 non
3775 4170 3861 4207 eor

2303 4243 2384 4283 set
2412 4240 2597 4295 caput.
2624 4228 2964 4299 Quapropter
2986 4232 3225 4287 membra
3249 4233 3449 4288 Christi
3482 4250 3584 4290 nos
3614 4253 3808 4293 sumus
3843 4281 3862 4307 ι

2302 4328 2357 4372 ει
2416 4328 2596 4387 caput
2656 4328 2900 4377 nostrum
2957 4316 3042 4374 est
3106 4320 3377 4377 Christus.
3439 4321 3591 4379 Undc
3663 4328 3864 4384 clamat

646 4405 885 4470 primum
933 4404 1185 4472 quidem,
1230 4408 1374 4474 quod
1412 4406 1628 4475 signum
1680 4406 2059 4459 tantummodo
2086 4414 2203 4467 est,
2232 4409 2284 4469 ι)
2307 4410 2598 4477 Apostolus
2619 4393 2645 4462 ἐ
2690 4408 2790 4463 Vos
2825 4413 2946 4465 estis
2980 4429 3167 4481 corpus
3202 4413 3395 4467 Christi
3435 4424 3485 4468 et
3537 4418 3767 4471 ntembra
3796 4435 3865 4472 es:

647 4496 825 4553 oculis
861 4494 1088 4558 subest;
1120 4496 1419 4549 secundum
1441 4535 1455 4556 .
1489 4495 1635 4564 quod
1672 4510 1759 4551 res
1790 4505 1872 4549 est
1901 4503 1955 4549 et
1986 4494 2197 4566 signum

647 4588 835 4643 animo
886 4585 1523 4653 exceditur;.tertium,
1579 4586 1721 4656 quod
1783 4600 1869 4640 res
1916 4587 2029 4640 sola
2081 4594 2200 4650 est,

648 4680 813 4736 corde
863 4677 1184 4747 percipitur.
1235 4676 1315 4729 Ad
1372 4676 1485 4731 haec
1536 4678 1771 4746 primum
1820 4677 2041 4746 quidem
2093 4691 2201 4729 non

649 4773 811 4827 modo
843 4770 1143 4842 signiﬁcat,
1180 4768 1278 4822 sed
1311 4768 1473 4821 etiam
1503 4771 1749 4823 continet
1781 4768 2105 4854 secundum.
2140 4768 2197 4821 lu

649 4863 834 4931 specie
876 4861 1021 4914 enim
1070 4856 1223 4927 panis
1268 4865 1324 4911 et
1352 4856 1464 4910 vini
1496 4859 1693 4912 veritas
1722 4860 1964 4928 corporis
1995 4869 2048 4911 et
2079 4873 2203 4909 san-

651 4951 833 5021 guinis
866 4949 1200 5007 continetur,
1236 4961 1359 4998 cum
1396 4947 1448 5003 in
1485 4942 1575 4999 illa
1605 4949 1908 5002 substantia
1942 4949 2100 5015 panis
2126 4947 2204 5000 vi—

650 5045 819 5112 nique
869 5050 1133 5094 mutetur.
1185 5038 1426 5093 Tertium
1477 5053 1608 5091 vero
1661 5054 1972 5106 quanquam
2031 5041 2203 5109 signi.

653 5138 813 5190 licet.
870 5147 980 5183 non
1033 5141 1210 5182 tamen
1259 5129 1525 5181 continet.
1577 5127 1698 5181 Hyc
1748 5145 1872 5181 cum
1922 5130 2202 5184 verissima

653 5230 764 5282 sint
790 5269 807 5293 ,
844 5224 975 5278 illud
1009 5223 1173 5291 etiam
1213 5220 1483 5288 sequitur,
1516 5234 1579 5270 es
1624 5218 1689 5271 iis
1732 5220 1823 5285 qui
1873 5220 2041 5273 divini
2085 5236 2205 5275 cor-

651 5320 800 5383 poris
830 5317 1123 5386 participes
1167 5312 1339 5375 ﬁunt,
1386 5309 1524 5363 alios
1570 5308 1790 5377 quidem
1836 5322 2201 5365 sacramenta-

652 5411 777 5466 liter
808 5406 1275 5475 spiritualiterque
1306 5401 1601 5472 participes
1645 5399 1795 5461 ﬁeri,
1848 5400 2033 5467 quales
2076 5412 2203 5454 sunt

650 5499 744 5573 qui
779 5476 936 5563 digne
969 5497 1409 5552 communionem
1446 5493 1757 5559 accipiunt,
1791 5492 1921 5543 alio.
1960 5506 2087 5543 vero
2118 5507 2201 5545 sa-

724 5679 940 5741 1lCor.
978 5696 1069 5747 sit,
1104 5680 1193 5735 :27.
1238 5684 1254 5711 ³
1296 5681 1316 5735 ι
1348 5681 1473 5735 Cor.
1518 5695 1566 5743 ι,
1628 5678 1707 5730 lb‘.
1742 5676 1759 5705 ³
1794 5675 1925 5729 ibid.
1973 5672 2055 5725 i7.

2304 4509 2459 4567 parte
2492 4500 2532 4553 ¹.
2565 4500 2631 4554 Ει
2669 4516 2896 4557 rursus:
2931 4502 3096 4557 Panis
3134 4521 3288 4573 quem
3320 4505 3648 4574 frangimus,
3684 4526 3864 4563 nonne

2301 4593 2706 4655 communicatio
2750 4596 2980 4663 corporis
3033 4594 3239 4648 Domini
3286 4606 3364 4650 est
3396 4596 3469 4651 ’τ
3512 4598 3577 4652 Et
3616 4601 3816 4653 iterum
3848 4620 3863 4655 ;

2306 4680 2453 4738 Ultus
2502 4685 2689 4753 panis,
2727 4686 2836 4749 ait,
2871 4696 2919 4739 et
2973 4703 3133 4739 unum
3172 4703 3359 4755 corpus
3405 4690 3559 4741 mstiti
3602 4707 3783 4743 sumus
3819 4693 3865 4745 ³.

2308 4775 2372 4828 Et
2398 4776 2631 4829 reddens
2684 4777 2803 4845 ejus
2849 4778 3116 4832 rationem
3160 4779 3349 4832 addit:
3398 4778 3586 4834 Omnes
3622 4784 3763 4834 enim
3795 4800 3865 4835 ea:

2306 4882 2411 4920 uno
2444 4882 2582 4935 pane
2616 4868 3020 4936 participamus.
3066 4867 3195 4932 Qua:
3223 4868 3386 4921 'verba
3417 4871 3545 4923 dum
3580 4886 3866 4939 exponere

2299 4958 2491 5009 nititur
2518 4956 2935 5025 Chrysostomus
2969 4968 3175 5020 noster,
3208 4958 3281 5010 ita
3314 4958 3492 5026 inquit
3520 4978 3533 5012 :
3560 4959 3699 5025 Quid
3731 4960 3864 5014 dico

2298 5046 2978 5114 communionemﬁpsum
3027 5046 3159 5100 illud
3207 5062 3407 5113 corpus
3453 5064 3666 5102 sumus.
3714 5050 3865 5116 Quid

2298 5134 2449 5189 enim
2483 5133 2783 5201 est_panis,
2826 5132 2930 5186 nisi
2968 5150 3159 5203 corpus
3188 5134 3423 5188 Christi?
3464 5152 3571 5190 non
3623 5154 3865 5209 corpora

2307 5226 2497 5289 multa,
2553 5223 2648 5278 sed
2706 5237 2904 5290 corpus
2945 5238 3136 5275 unum.
3186 5221 3649 5287 Quemadmodum
3711 5233 3867 5286 enim

2309 5312 2492 5382 panis,
2542 5327 2607 5366 es
2658 5310 2855 5387 multis.
2883 5320 3137 5365 constans
3170 5314 3353 5382 granis
3375 5355 3389 5378 ,
3413 5312 3497 5369 "ita
3526 5322 3871 5388 compositus

2308 5412 2409 5466 est,
2437 5413 2497 5456 ut
2534 5415 2796 5471 nusquam
2853 5416 3016 5469 grana
3051 5401 3365 5470 vidcantur;
3393 5416 3449 5460 et
3476 5421 3606 5462 sunt
3634 5411 3863 5479 quidem

2309 5507 2494 5559 grana,
2518 5494 2609 5548 sed
2642 5500 2863 5562 propter
2892 5492 3327 5560 conjunctionth
3358 5498 3508 5552 nullo
3535 5501 3868 5558 oiscrintine
