4122 6326
1241 192 1280 249 α

188 292 294 356 497

1171 292 1271 354 DE
1319 286 1820 355 SACRAMENTO
1865 289 2419 381 EUCHABISTUE.

3239 372 3243 375 ,
3302 295 3411 357 ωδ

187 411 582 465 discernuntur
618 427 633 464 ε
666 408 737 463 ξω
788 423 886 463 nos
922 424 1140 478 quoque
1172 418 1229 464 ει
1264 409 1499 463 invicem
1544 408 1597 462 in
1637 401 1738 477 [αἱ.
1765 396 1814 456 Δ
1843 404 2107 459 vinitatis.
2142 405 2299 473 Quod
2344 405 2591 475 apertius
2630 415 2689 462 et
2735 405 3033 477 Gregorius
3057 380 3407 487 dicit,’.rquod

187 503 269 574 et]
295 501 515 558 Christo
557 501 959 573 conjungimur.
994 500 1363 555 Damascenus
1409 516 1622 570 quoque
1653 499 1745 554 ubi

187 592 259 648 de
288 592 652 649 sacrosanctis
679 588 949 663 mysteriis
983 601 1179 648 tractat
1207 612 1221 647 :
1250 593 1606 650 Honoremus.
1647 590 1745 653 ait,

186 685 390 742 Christi
427 702 626 755 corpus
677 684 822 741 omni
870 687 1035 740 animi
1079 687 1429 755 corporisque
1482 685 1745 753 puritate,

188 780 393 852 duplex
425 781 635 836 etenim
657 792 757 836 est.
792 781 1126 849 Augustinus
1164 783 1351 841 etiam,
1386 778 1749 834 Occidentalis
1832 805 1836 811 -

191 869 449 924 Ecclesia!
476 871 662 925 lumen
698 888 713 923 :
750 870 1253 935 Quemadmodum,
1292 856 1579 935 inquit,'ex
1612 864 1749 917 mul-

194 962 265 1017 tis
316 962 501 1032 granis
548 978 688 1014 unus
727 961 1014 1014 conﬁcitur
1051 960 1249 1026 panis,
1296 967 1353 1012 et
1402 974 1470 1012 ex
1519 959 1748 1032 racemis

194 978 265 1017 US
316 979 349 1032 ε
380 978 501 1015 IIIIS
548 978 688 1014 unus
727 978 1014 1014 CODIICIIIII'
1060 978 1213 1026 panis
1236 1000 1249 1021 ,
1296 978 1353 1012 Cl.
1402 978 1470 1012 ex
1519 978 1748 1038 racemis

191 978 381 1107 multis
402 1067 543 1107 unus
567 1051 705 1106 calix
730 1052 1077 1118 exprimitur‘,
1103 1052 1181 1104 sic
1206 1066 1270 1103 ex
1297 1050 1480 1103 multis
1504 1050 1749 1103 ﬁdelibus

135 1200 141 1203 ἠ
194 1159 362 1197 unum
412 1133 613 1211 corpus
648 1142 930 1214 mysticum
985 1144 1303 1211 integratur.
1345 1141 1636 1196 Enimvero
1676 1142 1751 1195 si-

192 1245 287 1293 cut
317 1251 383 1291 ει
419 1236 605 1293 multis
644 1237 900 1291 membris
928 1249 980 1291 ct
1029 1239 1272 1305 partibus
1323 1240 1750 1306 unumquodque

190 1343 395 1397 corpus
422 1337 658 1393 constat,
684 1328 750 1381 ita
781 1326 1036 1383 Ecclesia:
1063 1329 1245 1382 unitas
1273 1344 1337 1382 ex
1363 1329 1594 1383 diversis
1626 1344 1750 1396 per-

195 1421 350 1475 sonis
382 1419 695 1485 conﬁcitur,
735 1420 987 1474 videlicet
1016 1437 1081 1473 ex
1110 1420 1372 1487 prwscitis
1396 1461 1408 1483 ,
1469 1419 1752 1486 prmdesti-

194 1513 358 1575 natis,
382 1512 613 1573 vocatis,
635 1512 968 1580 justiﬁcatis,
992 1521 1046 1565 et
1074 1511 1414 1580 gloriﬁcatis.
1438 1510 1579 1574 Quos
1604 1511 1749 1562 enim

192 1604 454 1671 prcscivit
487 1603 650 1665 Deus,
690 1606 778 1657 hos
805 1614 855 1656 et
884 1604 1302 1673 prwdestinavit;
1356 1612 1404 1654 et
1459 1618 1585 1670 quos
1611 1616 1750 1671 prte-

1850 515 1997 554 nunc
2040 499 2259 567 quidem
2320 499 2707 570 participamus
2741 501 2943 567 corpus
2995 513 3050 555 et
3088 501 3407 569 sanguinem

1851 592 1956 646 sub
1980 592 2267 660 speciebus
2293 592 2450 662 panis
2482 602 2539 645 et
2568 592 2677 646 vini
2706 630 2722 657 ,
2744 601 2752 604 ‘
2776 600 2907 645 tunc
2940 606 3121 645 autem
3151 592 3297 647 clara
3328 594 3409 646 vi-

1857 684 2034 747 sione,
2068 694 2124 737 et
2157 681 2299 737 sicut
2329 699 2457 758 vere
2488 693 2591 747 est,
2620 683 2928 738 videbimus
2953 684 3107 756 illud,

1922 774 2242 829 Cavendum
2277 787 2510 839 autem,
2550 790 2619 830 ne
2654 776 2779 843 quis
2808 785 3099 843 propterea
3128 773 3273 841 quod
3308 789 3406 827 eu-

1853 868 2126 922 charistite
2172 869 2489 938 mysterium
2522 868 2691 938 ﬁgura
2719 882 2839 921 esse
2863 850 3085 928 dicitur,
3106 866 3285 918 dicere
3314 873 3409 918 aut

1852 960 2076 1014 omnino
2115 956 2388 1028 suspicari
2428 942 2648 1024 audeat,
2680 974 2787 1014 non
2819 974 2944 1014 esse
2973 974 3164 1012 verum
3189 958 3406 1012 Domini

1851 1066 2072 1121 corpus.
2095 1052 2248 1106 Absit
2271 1063 2418 1106 tanta
2441 1051 2775 1120 blasphemia
2797 1066 2825 1104 a
2850 1050 3085 1106 ﬁdelium
3112 1050 3408 1105 mentibus.

1853 1143 1968 1198 Hoc
1997 1144 2162 1197 modo
2213 1154 2268 1199 et
2313 1145 2547 1212 pretiosa
2585 1158 2731 1199 mors
2760 1145 2881 1214 ejus
2919 1158 3028 1196 non
3075 1152 3220 1197 esset
3279 1157 3408 1195 vera

1853 1251 2022 1298 murs,
2072 1235 2219 1303 quod
2254 1230 2451 1303 partim
2487 1235 2785 1289 ablutionis
2824 1235 3148 1288 delictorum
3177 1243 3407 1289 nostro-

1854 1342 1999 1390 rum,
2038 1326 2236 1395 partim
2269 1324 2678 1394 justiﬁcationis
2709 1334 2911 1379 nostra:
2940 1328 3108 1393 tigura
3159 1323 3250 1379 sit.
3301 1323 3408 1376 Vas

1856 1431 2091 1483 namque
2121 1416 2410 1469 electionis
2450 1424 2535 1469 est
2562 1415 2657 1485 qui
2689 1414 2822 1469 dicit
2850 1432 2865 1467 :
2903 1413 3136 1467 Christus
3173 1420 3407 1465 mortuus

1856 1518 1932 1561 est
1962 1524 2059 1577 pro
2088 1508 2313 1577 peccatis
2360 1510 2570 1568 nostris,
2603 1514 2652 1558 et
2700 1506 2987 1559 resurrexit
3023 1511 3233 1572 “apter
3252 1502 3411 1571 justi-

1855 1602 2160 1668 ﬁcationem
2187 1600 2481 1653 nostram”.
2515 1600 2582 1653 Et
2611 1599 2805 1653 Petrus
2830 1618 2837 1649 :
2864 1596 3104 1653 Christus
3131 1601 3410 1664 passus‘sst

191 1694 497 1755 destinavit,
530 1696 620 1748 hos
655 1696 889 1759 vocavit;
917 1704 968 1746 et
993 1710 1117 1763 quos
1147 1696 1374 1755 vocavit,
1407 1696 1497 1747 hos
1527 1702 1574 1746 et
1590 1693 1754 1763 justi-
1790 1724 1833 1778 Β
1858 1712 1951 1765 pro
1980 1697 2123 1749 nobis
2169 1696 2469 1765 relinquens
2514 1693 2662 1748 nobis
2691 1691 2988 1763 exemplum
3010 1689 3033 1721 ⁸
3073 1687 3217 1743 Mors
3246 1688 3411 1757 igitur

190 1787 374 1855 ﬁcari:
400 1803 417 1849 ;
448 1796 492 1838 et
515 1802 640 1855 quos
656 1785 995 1854 justiﬁcavit,
1024 1788 1113 1838 hos
1148 1796 1195 1838 et
1220 1784 1553 1856 gioriﬁcauit,
1580 1784 1758 1853 inquit

192 1877 489 1945 Apostolus
513 1878 552 1930 ¹.
590 1876 845 1930 Elliciens
880 1891 1005 1930 vero
1037 1876 1199 1946 hujus
1230 1876 1440 1947 mystici
1485 1876 1755 1944 Corporis,

192 1978 283 2021 est
315 1970 491 2037 ipsum
522 1982 707 2041 verum
743 1968 942 2021 Christi
982 1983 1178 2034 corpus
1206 1979 1259 2020 et
1298 1968 1415 2036 ejus
1456 1966 1759 2042 communi-

200 2061 374 2121 catio,
411 2061 454 2111 si
488 2059 651 2128 digne
680 2060 786 2112 ﬁat.
818 2060 973 2123 Quod
1009 2059 1317 2125 signiﬁcant
1348 2061 1505 2114 verba
1538 2062 1754 2113 illorum

168 2149 295 2217 .qui
341 2148 527 2201 dicunt
559 2166 574 2202 :
615 2149 847 2203 Oramus
888 2161 945 2202 ut
977 2152 1077 2202 hoc
1109 2165 1307 2217 corpus
1340 2161 1488 2201 tuum
1541 2159 1757 2217 praestet

198 2238 658 2311 participantibus
710 2241 1058 2293 sobrietatem
1089 2242 1286 2293 anima:
1312 2284 1325 2303 ,
1379 2241 1760 2294 remissionem

194 2341 587 2402 peccatorum,
631 2334 1067 2386 communionem
1124 2343 1325 2386 tecum.
1395 2333 1535 2399 Quid
1608 2336 1754 2389 enim

195 2422 347 2477 aliud
374 2430 459 2477 e'st
486 2424 820 2484 communio,
846 2439 1007 2493 quam
1033 2425 1208 2478 unitas
1239 2440 1361 2478 cum
1391 2423 1629 2489 Christo,
1661 2441 1758 2481 an-

197 2518 362 2569 nexio
400 2515 763 2569 membrorum
799 2516 865 2569 ad
901 2526 1080 2583 caput,
1113 2517 1491 2573 convenientia
1520 2519 1756 2587 partium

195 2605 270 2659 ad
304 2606 513 2659 totum?
547 2605 689 2661 unde
715 2616 767 2660 et
800 2609 1111 2661 communio
1149 2618 1373 2664 vocatur
1407 2610 1623 2680 [nuptie
1653 2610 1759 2667 hoc

193 2707 628 2753 sacramentum.
658 2699 721 2752 Et
750 2701 969 2769 synaxis
1001 2700 1145 2770 apud
1176 2700 1495 2773 Dionysium
1533 2703 1755 2771 dicitur,

193 2792 308 2847 hoc
332 2803 413 2847 est
440 2792 695 2847 collectio.
719 2793 933 2863 Colligit
957 2796 1100 2848 enim
1132 2810 1250 2865 quae
1277 2796 1421 2865 apud
1444 2812 1501 2851 se
1533 2795 1757 2862 distant,

192 2896 259 2939 et
292 2885 459 2941 multa
508 2900 677 2940 unum
732 2886 881 2953 facit,
911 2898 961 2941 et
1004 2888 1286 2944 dissimiiia
1338 2881 1534 2958 aquai,
1589 2898 1645 2943 et
1702 2891 1762 2950 in

196 2989 374 3047 ωηιξη
404 2990 589 3044 sparsa
626 2976 860 3032 reducit.
902 2976 1264 3041 Quamobrem
1299 2980 1440 3035 idem
1475 2982 1760 3037 Damasce-

192 3084 310 3124 nus
347 3084 411 3122 eo
440 3086 549 3139 quo
576 3083 741 3140 supra
787 3072 1208 3131 memoravimus
1248 3074 1389 3138 loco,
1438 3044 1837 3130 Communio'c

197 3157 404 3224 inquit,
436 3156 659 3223 dicitur,
694 3168 751 3213 et
783 3168 868 3213 est
898 3161 1041 3219 ideo.
1069 3161 1193 3230 quia
1225 3178 1322 3227 per
1348 3177 1466 3216 eam
1513 3178 1759 3218 commuv

194 3247 451 3301 nicamus
472 3263 596 3302 cum
625 3249 863 3314 Christo.
896 3260 950 3306 et
975 3231 1157 3306 carnis
1186 3253 1602 3324 divinitatisque
1644 3257 1762 3325 ejus

193 3343 500 3408 participes
544 3357 756 3406 sumus,
803 3351 859 3395 et
898 3343 1129 3397 invicem
1177 3345 1557 3412 conjungimur
1600 3357 1762 3413 atque

195 3429 445 3485 unimur.
498 3432 632 3486 Cum
679 3434 823 3486 enim
876 3448 943 3486 ex
993 3449 1100 3486 uno
1166 3448 1305 3501 pane
1353 3435 1758 3503 participamus,

195 3534 393 3573 omnes
422 3537 587 3594 unum
629 3521 830 3599 Christi
864 3537 1086 3591 corpus,
1133 3534 1189 3575 et
1225 3539 1364 3578 unus
1418 3526 1659 3593 sanguis,
1707 3536 1761 3581 et

196 3609 472 3672 membra,
500 3611 639 3664 alter
663 3612 908 3670 alterius,
934 3611 1179 3680 ejusdem
1234 3628 1355 3665 cum
1387 3609 1608 3669 Christo
1636 3630 1763 3668 cor-

194 3700 357 3771 poris
383 3699 663 3754 eﬁicimur.
698 3702 763 3755 Et
793 3710 983 3757 rursus
1010 3703 1213 3757 ibidem
1240 3720 1253 3756 :
1279 3703 1380 3758 Per
1408 3704 1611 3758 Christi
1643 3719 1766 3759 cor-

197 3806 313 3861 pus
334 3798 388 3845 et
415 3793 737 3862 sanguinem
780 3795 1017 3864 purgati,
1053 3794 1275 3848 unimur
1305 3797 1520 3863 corpori
1550 3796 1760 3868 Domini

195 3894 267 3939 et
296 3885 510 3952 spiritui
546 3886 685 3954 ejus,
724 3895 781 3939 et
815 3902 1014 3956 corpus
1062 3888 1263 3942 Christi
1300 3888 1583 3942 etlicitnur.
1611 3888 1762 3943 Unde

197 3985 267 4029 et
298 3974 544 4045 Messias,
572 3992 669 4030 seu
707 3985 764 4031 et
798 3976 1082 4049 Mediator,
1115 3992 1170 4033 et
1196 3981 1333 4047 lapis
1373 3982 1651 4047 angularis
1680 3982 1765 4036 di-

197 4068 352 4123 citur
384 4065 669 4132 Dominus,
691 4071 842 4139 quasi
866 4073 1204 4144 conjungens
1222 4083 1463 4129 extrema
1488 4084 1543 4129 et
1570 4077 1766 4131 uniens

199 4160 403 4217 divisa.
457 4162 719 4218 Mediator
750 4167 913 4221 unius
941 4181 1050 4221 non
1088 4178 1171 4222 est
1195 4211 1208 4234 ,
1246 4168 1338 4222 sed
1373 4169 1642 4236 duorum,
1678 4171 1762 4223 in-

198 4254 332 4324 quit
376 4255 575 4312 Paulus
622 4265 678 4313 et
721 4259 862 4327 lapis
910 4260 1181 4328 anguiaris
1215 4261 1451 4315 duorum
1500 4262 1763 4332 parietum

1858 1787 2061 1841 Christi
2098 1787 2294 1841 mortis
2348 1795 2551 1840 nostra
2596 1784 2895 1840 secundum
2927 1790 3205 1853 peccatum
3249 1789 3303 1834 et
3329 1794 3412 1845 re—_

1859 1880 2129 1933 surrectio
2173 1878 2297 1947 ejus
2339 1879 2464 1932 vitat
2526 1884 2726 1932 nostra!
2783 1889 2882 1944 per
2925 1874 3413 1943 justiﬁcatiouem,

1852 1972 2007 2040 juxta
2044 1970 2431 2036 primariorum
2456 1967 2827 2035 apostolorum
2858 1965 3205 2027 sententiam,
3228 1978 3412 2017 exem-

1857 2060 2091 2127 plumet
2129 2059 2301 2127 ﬁgura
2346 2057 2470 2113 fuit.
2498 2057 2608 2113 Nec
2639 2067 2818 2110 tamen
2860 2056 2996 2109 adeo
3029 2068 3174 2107 mors
3218 2062 3272 2106 et
3322 2068 3441 2105 rev.

1858 2150 2129 2203 surrectio
2162 2138 2280 2217 ejus
2314 2165 2421 2201 non
2456 2148 2559 2203 fuit
2600 2163 2723 2200 vera
2748 2162 2908 2201 'mors
2935 2156 2988 2200 et
3032 2146 3359 2198 resurrectio
3393 2164 3407 2199 :

1857 2247 1940 2291 est
1974 2236 2139 2306 igitur
2164 2238 2515 2291 eucharistia:
2556 2248 2981 2300 sacramentum,
3024 2244 3079 2289 et
3108 2236 3328 2321 veritas,
3356 2242 3412 2288 et

1860 2331 2065 2399 ﬁgura;
2097 2346 2162 2383 ex
2184 2344 2293 2399 quo
2322 2330 2458 2384 nihil
2493 2329 2714 2383 absurdi
2746 2328 2900 2397 sequi
2933 2327 3172 2382 videtur.
3196 2325 3409 2379 Etenim

1860 2424 2037 2492 ipsum
2084 2439 2304 2492 quoque
2352 2423 2681 2478 sacramenti
2732 2437 2926 2477 nomen
2976 2421 3111 2474 nihil
3146 2420 3416 2489 signiﬁcat

1859 2513 2004 2565 aliud
2036 2528 2198 2580 quam
2233 2512 2455 2582 ﬁguram
2481 2512 2715 2578 alicujus
2743 2521 2798 2566 et
2818 2512 3032 2580 signum
3051 2511 3298 2565 alterius.
3330 2509 3415 2563 Si-

1866 2604 2086 2672 quidem
2125 2614 2525 2658 sacramentum
2562 2613 2761 2657 tectum
2802 2602 3078 2673 mysteriis
3120 2611 3415 2656 secretum-

1862 2711 1970 2783 que
2000 2710 2118 2750 esse
2150 2686 2329 2760 decet,
2361 2706 2417 2750 et
2457 2694 2604 2748 aliud
2636 2694 2982 2749 extrinsecus
3014 2708 3132 2761 prae
3159 2706 3216 2746 se
3244 2692 3414 2754 ferre,

1864 2791 2009 2845 aliud
2042 2792 2244 2846 habere
2279 2792 2425 2860 quod
2457 2791 2794 2861 intelligatur
2826 2785 3175 2844 intrinsecus.
3224 2788 3408 2843 Nemi-
3450 2797 3454 2800 ‘

1864 2900 1988 2939 nem
2017 2894 2198 2938 autem
2235 2869 2564 2938 conturbare
2608 2881 2772 2936 debet
2803 2894 3002 2935 nomen
3036 2878 3174 2933 istud
3210 2877 3413 2946 ﬁgurae,

1865 2977 2051 3039 nec,id
2105 2975 2249 3045 quod
2282 2976 2358 3029 ait
2397 2975 2767 3029 Damascenus
2813 2973 2970 3041 panis
3004 2983 3060 3026 et
3086 2971 3271 3025 vinum
3305 2985 3413 3024 non

1864 3078 1949 3124 est
1978 3068 2078 3122 nisi
2113 3066 2281 3135 ﬁgura
2316 3068 2564 3135 corporis
2593 3079 2648 3120 et
2671 3066 2952 3134 sanguinis
2974 3063 3197 3118 Christi.
3223 3062 3413 3117 Absit!

1864 3161 1958 3217 sed
1989 3163 2166 3231 ipsum
2191 3174 2391 3229 corpus
2423 3157 2636 3213 Dcmini
2670 3158 2977 3213 deiﬁcatum
3000 3197 3015 3221 ,
3050 3156 3166 3224 ipso
3190 3154 3419 3207 Domino

1863 3253 2100 3313 dicente.
2130 3253 2240 3307 Hoc
2277 3260 2354 3306 est
2398 3269 2587 3322 corpus
2618 3268 2785 3306 meum
2809 3289 2826 3310 ,
2853 3260 2908 3304 et
2936 3264 3067 3312 non,
3103 3247 3267 3314 ﬁgura
3297 3261 3419 3300 cor-

1862 3342 2012 3411 poris
2036 3342 2149 3395 nici
2174 3359 2188 3405 ;
2219 3352 2295 3405 ct,
2327 3340 2421 3394 llic
2444 3349 2518 3392 est
2558 3340 2772 3411 sanguis
2802 3354 2965 3400 meus,
3003 3345 3063 3389 et
3091 3335 3417 3402 non,,ﬁgum

1863 3433 2145 3503 sanguinis
2177 3432 2302 3484 mei.
2340 3432 2525 3485 Primo
2557 3430 2700 3482 enim
2736 3430 2892 3496 panis
2918 3438 2975 3483 et
3007 3426 3119 3482 vini
3166 3427 3412 3483 nomine.

1861 3536 1969 3574 non
2022 3521 2193 3588 ipsam
2233 3518 2503 3571 visibilem
2552 3517 2789 3583 speciem
2831 3517 2989 3585 panis
3027 3528 3080 3568 et
3122 3514 3257 3575 vini,
3316 3514 3410 3568 sed

1862 3611 2297 3668 substantialiter
2331 3617 2745 3664 transmutatam
2782 3609 2834 3661 in
2860 3620 3062 3675 corpus
3105 3614 3162 3660 et
3190 3607 3417 3673 sanguio

1866 3721 1986 3761 nem
2025 3705 2300 3771 intelligit.
2335 3703 2541 3758 Deinde
2594 3701 2821 3771 ﬁguram
2866 3698 2971 3755 hoc
3010 3699 3133 3753 loco
3166 3699 3419 3767 intelligit

1865 3800 2112 3854 umbram
2144 3798 2291 3851 illam
2314 3838 2328 3863 ,
2355 3812 2475 3867 quae
2502 3796 2634 3850 nihil
2658 3794 2805 3848 aliud
2853 3790 3211 3863 praeterquam
3246 3791 3416 3861 ﬁgura

1864 3897 1968 3954 est,
1998 3888 2323 3957 simpliciter
2355 3886 2503 3941 aliud
2548 3886 2891 3955 signiﬁcans,
2937 3884 3140 3939 nullam
3191 3883 3417 3935 omnino

1866 3981 2105 4037 faciendi
2125 3983 2235 4034 vim
2264 3988 2321 4036 et
2352 3987 2672 4049 potestatem
2702 3977 2926 4031 habens.
2952 3972 3416 4042 Quemadmodum

1867 4087 2205 4141 sacramenta
2236 4072 2434 4127 veteris
2482 4070 2648 4139 legis,
2680 4068 2815 4130 Novi
2864 4067 3195 4122 Testamenti
3235 4080 3419 4118 sacra-

1869 4177 2177 4221 mentorum
2208 4164 2376 4234 ﬁgura
2410 4163 2649 4225 fuerunt,
2674 4170 2731 4215 ut
2758 4160 3102 4215 circumcisio
3128 4156 3420 4225 baptisma-

1870 4259 1962 4321 tis,
1991 4258 2212 4325 sanguis
2252 4257 2529 4309 hircorum
2564 4265 2618 4307 et
2656 4254 2951 4307 vitulorum
3001 4248 3264 4302 Dominiri
3296 4264 3419 4303 san-

199 4347 494 4401 vinculum
529 4359 585 4405 et
613 4351 926 4418 conjunctio
955 4361 1055 4405 est.
1090 4351 1218 4405 Post
1246 4354 1358 4407 haec
1390 4354 1521 4408 iliud
1549 4368 1764 4422 quoque
1791 4362 1846 4423 Β
1871 4349 2052 4420 guinis
2097 4349 2151 4401 in
2198 4362 2327 4399 arca
2373 4346 2554 4401 crucis
2583 4346 2772 4406 effusi.
2807 4358 2864 4398 ct
2909 4359 3132 4415 serpens
3180 4345 3423 4413 pendens

196 4442 377 4503 {tertio
405 4441 525 4495 loco
554 4442 861 4496 addendum
911 4453 1013 4504 est,
1070 4444 1213 4511 quod
1275 4443 1499 4495 verbum
1553 4443 1765 4497 Domini

199 4545 413 4601 corpus
452 4543 506 4588 et
540 4534 737 4587 veritas
766 4541 849 4585 est
883 4544 934 4585 et
966 4534 1156 4600 ﬁgura.
1187 4532 1465 4603 Siquidem
1490 4545 1766 4589 ostensum

199 4634 319 4682 est.
350 4623 805 4691 quemadmodum
838 4623 993 4692 panis
1038 4634 1094 4677 et
1132 4624 1242 4679 vini
1282 4608 1513 4681 visibilis
1538 4616 1766 4695 species,

203 4715 387 4782 ﬁgura
420 4730 514 4767 seu
545 4713 757 4782 signum
780 4714 862 4769 est
895 4716 1007 4769 veri
1040 4728 1094 4770 et
1126 4717 1177 4771 in
1211 4718 1293 4773 eis
1317 4718 1559 4782 contenti
1592 4718 1773 4772 Domi-

201 4806 320 4859 nici
360 4806 604 4873 corporis
633 4816 686 4859 et
714 4807 876 4860 etiam
914 4810 1122 4879 mystici
1158 4812 1401 4879 corporis
1424 4778 1545 4874 ,λέώ
1573 4824 1772 4877 corpus

200 4910 402 4949 verum
428 4898 650 4963 ﬁguram
674 4897 880 4964 mystici
898 4906 953 4949 et
981 4898 1334 4951 ecclesiastici
1360 4896 1603 4963 corporis
1629 4909 1771 4948 esse.

205 4986 293 5044 Ad
334 4987 450 5040 haec
482 5001 670 5039 verum
697 4988 912 5043 Domini
962 5006 1160 5057 corpus
1190 4989 1334 5057 quod
1366 4989 1419 5040 in
1453 4987 1610 5040 altari
1641 5002 1771 5038 con-

202 5092 481 5140 secratur,
523 5080 829 5135 futurorum
858 5082 1084 5151 ﬁgurant
1120 5082 1225 5137 dici
1252 5121 1267 5145 ,
1312 5080 1676 5135 Damascenus
1703 5094 1767 5132 eo

204 5190 322 5244 quo
349 5190 514 5241 supra
565 5178 988 5243 memoravimus
1021 5178 1165 5241 loco,
1200 5183 1450 5229 testatur.
1486 5171 1774 5239 Signiﬁca-

208 5270 347 5327 tiva,
390 5264 590 5331 inquit,
626 5256 937 5321 futurorum
972 5268 1251 5331 dicuntur,
1297 5279 1405 5319 non
1436 5266 1561 5333 quia
1587 5279 1774 5317 verum

204 5362 330 5414 sint
389 5371 589 5425 corpus
629 5364 957 5429 sanguisque
1003 5359 1203 5412 Christi
1259 5373 1456 5421 verus,
1505 5356 1597 5411 sed
1650 5359 1774 5426 quia

209 5465 368 5506 nunc
389 5432 619 5519 quidem
633 5465 730 5518 per
751 5449 839 5503 illa
862 5450 1167 5504 divinitatis
1190 5449 1487 5517 participes
1511 5431 1776 5501 eﬁicimur

210 5553 356 5611 tunc
382 5555 512 5597 vero
544 5555 641 5609 per
672 5540 1003 5595 intellectum
1039 5542 1154 5594 sola
1182 5541 1387 5593 visione
1417 5539 1661 5591 l'rueuzur
1691 5540 1776 5593 di-

292 5721 311 5755 ¹
344 5722 651 5799 Βοιιμνλιι,
681 5721 767 5777 '50.
846 5719 901 5772 ἰ
938 5720 1063 5774 Cor.
1111 5732 1195 5783 sv,
1227 5716 1278 5769 3.
1335 5716 1375 5794 V’
1400 5716 1420 5766 ι
1450 5713 1594 5770 Pctr.
1635 5730 1689 5781 ll,
1727 5714 1815 5766 :‘l.

1873 4445 1926 4497 in
1957 4456 2141 4497 eremo
2168 4439 2414 4509 corporis
2443 4438 2658 4507 Domini
2691 4440 2742 4490 in
2773 4453 2943 4509 cruce
2970 4437 3279 4507 pendentis.
3324 4436 3425 4490 Ve-

1872 4552 1989 4589 rum
2026 4534 2116 4587 illa
2144 4532 2364 4600 quidem
2405 4530 2591 4598 ﬁgura:
2639 4538 2846 4595 tantum
2872 4542 3049 4590 erant.
3092 4539 3148 4583 et
3192 4531 3419 4582 aliorum

1871 4628 2248 4698 signiﬁcativa,
2297 4640 2407 4679 non
2451 4624 2724 4686 ell‘ectiva,
2772 4632 2827 4675 et
2877 4636 3155 4675 sacrorum
3203 4620 3423 4688 quidem

1871 4714 2270 4784 signiﬁcativa,
2323 4727 2432 4765 non
2483 4711 2599 4779 ipsa
2653 4724 2829 4765 sacra.
2890 4710 3079 4762 Nostra
3133 4722 3259 4759 vero
3316 4723 3423 4762 non

1874 4806 2037 4859 modo
2069 4804 2426 4872 signiﬁcativa
2460 4811 2515 4855 et
2562 4801 2749 4870 ﬁgurae
2792 4799 2985 4857 salutis
3019 4807 3181 4859 sunt,
3236 4813 3423 4852 verum

1873 4896 2035 4948 etiam
2061 4894 2337 4949 salutifera
2357 4933 2372 4955 ,
2401 4891 2504 4945 hoc
2550 4899 2635 4944 est
2687 4888 2939 4942 eﬁ‘eetiva
2962 4888 3171 4970 salutis,
3203 4888 3423 4956 ipsaque

1874 5002 2029 5041 sacra
2061 4996 2118 5038 et
2156 5000 2326 5038 sacra:
2372 4998 2649 5037 sacrarum
2679 4997 2861 5036 rerum
2894 4972 3095 5049 ﬁgurae.
3130 4980 3243 5035 Hoc
3277 4981 3421 5035 enim
3512 4998 3523 5009 ι

1876 5080 2105 5132 interest
2132 5070 2300 5128 inter
2350 5076 2549 5128 veteris
2578 5084 2631 5127 et
2668 5088 2821 5128 novae
2867 5074 3002 5145 legis
3044 5084 3382 5129 sacramenta
3410 5112 3422 5133 ,

1870 5168 2016 5237 quod
2053 5168 2143 5221 illa
2181 5162 2403 5236 quidem
2439 5166 2702 5221 duntaxat
2744 5167 3128 5237 signiﬁcabant
3170 5150 3422 5229 salutem,

1871 5261 1987 5315 hac
2014 5260 2180 5315 etiam
2208 5260 2470 5329 prabent,
2505 5269 2571 5315 et;
2592 5258 2681 5311 illa
2735 5259 2953 5327 quidem
2986 5272 3094 5309 non
3125 5270 3300 5317 sacra,
3326 5254 3423 5307 sed

1872 5366 2152 5408 sacrarum
2176 5348 2581 5425 \tantummodo
2628 5365 2807 5402 rerum
2858 5346 3207 5415 signiﬁcativa
3254 5362 3269 5398 :
3308 5344 3425 5398 haec

1872 5458 2053 5500 autem
2087 5455 2145 5499 et
2190 5443 2545 5513 signiﬁcativa
2590 5455 2865 5508 sacrarum
2899 5451 3079 5488 rerum
3129 5444 3289 5503 atque
3346 5435 3425 5488 et—

1874 5540 2068 5593 t‘ectiva
2114 5546 2261 5595 sunt.
2318 5534 2455 5591 Hine
2502 5516 2719 5589 sanctus
2769 5529 3003 5585 Hilarius
3053 5528 3171 5581 ait:
3211 5529 3422 5596 Corpus
