4122 6326
668 186 777 252 499

1618 186 2113 250 BESSARIONIS
2150 188 2212 251 S.
2253 186 2329 248 Β.
2372 190 2442 251 Ε.
2490 121 2953 253 (ΞΛΗΒΙΝᾸΗΒ

3801 185 3910 252 [ω

670 302 874 356 Christi
908 315 1018 370 quo
1051 300 1103 354 in
1148 298 1304 354 altari
1347 297 1741 370 participamus
1765 341 1778 364 ,
1808 301 1976 371 ﬁgura
2018 300 2234 370 quidem
2266 284 2312 360 λ
2341 300 2475 356 Nam
2512 303 2558 358 si
2591 303 2845 359 humanae
2876 319 3068 374 preces
3121 305 3228 361 hoc
3256 313 3500 376 possent,
3531 289 3910 374 potius‘viro-

669 401 776 456 est,
802 402 1074 462 quatenus
1108 393 1268 461 panis
1293 401 1352 448 et
1378 393 1563 446 vinum
1611 393 1976 448 exterioribus
2009 406 2234 462 apparet

674 483 965 545 sensibus,
1013 483 1217 537 veritas
1253 491 1434 536 autem
1466 490 1572 548 est,
1623 492 1888 551 quatenus
1933 498 2135 553 corpus
2179 478 2236 538 οε

675 573 897 642 sanguis
926 573 978 625 in
1013 573 1243 627 veritate
1271 574 1434 628 corde
1463 571 1729 626 creditur.
1761 571 1828 628 Et
1858 571 2231 643 Augustinus:

675 664 875 721 Christi
909 681 1125 735 corpus.
1149 666 1346 735 inquit,
1381 675 1437 721 et
1467 665 1667 720 veritas
1696 675 1750 718 et
1776 665 1955 736 figura
1985 675 2070 721 est
2101 676 2240 720 rve-

681 757 814 810 ritas
850 757 1097 827 quidem,
1133 757 1186 810 in
1221 765 1488 825 quantum
1531 757 1730 810 virtute
1758 756 1982 824 _spiritus
2004 772 2070 812 ex
2105 757 2239 812 sub-

681 847 874 901 stantia
909 849 1064 917 panis
1109 857 1165 902 et
1210 847 1321 900 vini
1351 861 1554 916 corpus
1580 846 1846 912 cilicitur;
1896 849 2062 918 ﬁgura
2110 861 2241 902 vero

681 945 765 991 est
792 937 921 992 illud
961 940 1104 1008 quod
1136 938 1499 992 exterioribus
1526 941 1774 995 sensibus
1799 941 2096 1016 subiaceat.
2127 941 2240 1000 Nos

684 1026 866 1096 itaque
895 1029 1122 1099 ﬁguram
1149 1029 1251 1083 hoc
1276 1030 1399 1083 loco
1426 1031 1499 1089 ita
1529 1031 1845 1101 accipimus.
1888 1048 2007 1101 quae
2031 1031 2245 1086 scilicet

684 1119 862 1187 quoad
894 1120 1187 1185 sensibiles
1222 1122 1431 1190 species
1461 1122 1616 1191 panis
1658 1134 1712 1178 et
1746 1123 1856 1178 vini
1883 1162 1896 1186 ,
1933 1121 2081 1198 aliud
2107 1123 2247 1176 dun-

687 1219 832 1275 taxat
853 1211 1121 1280 signiﬁcet
1142 1210 1320 1279 quoad
1343 1227 1531 1266 verum
1557 1227 1754 1282 corpus
1774 1213 2000 1276 Christi,
2023 1223 2078 1266 et
2100 1212 2248 1266 aliud

689 1299 992 1365 signiﬁcet,
1042 1307 1097 1353 et
1145 1307 1325 1353 tamen
1374 1302 1580 1355 veritas
1629 1303 1718 1355 sit.
1781 1301 2248 1366 Quemadmodum

691 1387 1059 1444 Damascenus
1103 1404 1320 1459 quoque
1350 1431 1362 1454 ,
1401 1392 1561 1446 sicuti
1601 1393 1761 1460 paulo
1814 1402 1937 1445 ante
1987 1406 2252 1444 memora-

690 1481 890 1541 vimus,
920 1490 1133 1534 veteres
1168 1490 1386 1534 secutus
1429 1483 1699 1544 doctores,
1737 1496 1925 1535 verum
1976 1495 2172 1548 corpus
2201 1490 2255 1535 et

693 1571 1010 1637 sanguinem
1037 1570 1242 1623 Christi
1285 1570 1562 1640 figurativa
1598 1573 1904 1626 futurorum
1936 1572 2253 1626 nominavit.

2342 409 2461 448 rum
2495 395 2766 451 bonorum
2806 412 3015 465 preces,
3049 397 3155 453 etsi
3189 411 3296 460 non
3323 396 3700 461 sacerdotum,
3738 408 3907 464 quam

2343 496 2637 554 pravorum
2665 487 3010 542 sacerdotum
3041 489 3143 543 hoc
3162 485 3410 541 divinum
3442 502 3583 556 opus
3603 485 3911 542 edicerent.

2342 577 2508 647 Atqui
2540 577 2803 634 indecens
2829 586 2996 644 esset,
3022 586 3187 651 atque
3210 577 3277 633 ab
3298 578 3537 633 humana
3561 577 3736 632 salute
3767 576 3910 630 alie-

2344 683 2498 731 num,
2543 670 2862 724 existimare
2910 678 3121 725 tantum
3156 679 3559 734 sacramentum
3590 684 3621 722 a
3650 684 3710 724 re
3742 667 3914 723 dubia

2346 757 2694 828 dependere:
2744 759 2943 832 quippe
2988 759 3216 815 dubium
3247 768 3411 831 atque
3458 759 3773 828 ambiguum
3804 767 3916 818 est,

2348 865 2416 904 an
2465 837 2655 920 preces
2691 867 2756 906 ac
2800 847 3224 923 supplicationes
3259 861 3460 907 nostra:
3512 849 3625 904 Deo
3675 855 3916 924 accepta

2350 940 2460 996 sint
2491 939 2687 1001 futura:
2728 959 2743 995 :
2779 956 2846 996 ex
2878 955 2986 1011 quo
3014 939 3188 1008 ﬁeret,
3233 949 3296 994 ut
3324 947 3381 996 et
3428 939 3575 995 salus
3610 933 3770 992 nobis
3799 937 3918 990 vir-

2352 1039 2470 1085 tute
2519 1031 2682 1102 hujus
2716 1031 2960 1102 mysterii
2991 1039 3305 1101 exspectata
3351 1029 3517 1085 dubia
3567 1028 3728 1083 foret.
3759 1026 3918 1093 Quod

2352 1137 2421 1181 ne
2458 1123 2691 1188 accidat,
2729 1123 2838 1176 imo
2871 1123 3017 1178 salus
3051 1130 3261 1186 nostra,
3291 1135 3454 1190 quam
3489 1118 3652 1187 digne
3699 1117 3923 1186 partici-

2355 1212 2608 1278 pantihus
2649 1212 2753 1266 hoc
2803 1219 3201 1289 sacramentum
3237 1210 3446 1282 pratbet
3483 1250 3497 1276 ,
3551 1219 3704 1265 certa
3757 1217 3923 1275 atque

2359 1299 2580 1355 indubia
2604 1306 2694 1368 sit,
2720 1318 2946 1359 necesse
2973 1298 3057 1358 e’st
3089 1303 3390 1359 Dominicis
3421 1302 3602 1356 verbis
3633 1301 3924 1358 duntaxat.

2359 1399 2415 1445 et
2437 1393 2598 1447 nullis
2620 1394 2742 1449 aliis
2764 1403 2975 1449 tantum
3001 1396 3193 1450 conﬁci
3219 1402 3646 1450 sacramentum.
3675 1393 3756 1447 Ad
3786 1393 3923 1453 haec,

2363 1482 2619 1550 precibus
2671 1485 2889 1553 quidem
2923 1486 3127 1543 nostris
3157 1499 3268 1538 non
3301 1484 3638 1553 perﬁcimus,
3673 1481 3767 1536 sed
3805 1494 3924 1535 tan-

2368 1576 2646 1628 tummodo
2699 1589 2952 1643 rogamus
2999 1583 3074 1632 -ut
3131 1573 3446 1643 perﬁciatur
3498 1585 3922 1630 sacramentum.

696 1656 796 1723 Ubi
827 1659 970 1710 enim
1017 1657 1297 1727 ﬁgurativa
1341 1660 1498 1725 dixit,
1532 1670 1587 1715 et
1634 1661 1857 1729 figuram
1905 1661 2020 1715 sine
2067 1659 2257 1717 discri-
2289 1637 2330 1696 Β
2360 1662 2538 1716 Verba
2571 1679 2702 1717 vero
2726 1680 2848 1733 quae
2879 1666 2982 1718 hoc
3007 1665 3251 1718 divinum
3278 1681 3477 1730 corpus
3503 1671 3820 1734 Operantur,
3844 1665 3930 1718 ef-

698 1749 844 1802 mine
870 1749 1055 1804 “dicere
1087 1752 1370 1819 potuisset.
1403 1752 1505 1806 Sed
1544 1752 1611 1806 de
1636 1752 1700 1806 iis
1729 1754 1879 1819 satis,
1912 1762 1968 1806 ut
2000 1753 2255 1818 arbitror,

699 1842 1078 1906 disseruimus,
1103 1859 1248 1898 nunc
1269 1845 1411 1913 quod
1444 1845 1712 1914 reliquum
1741 1853 1825 1897 est
1857 1845 2256 1914 aggrediamur.

702 1928 818 1981 Erit
849 1940 1025 1984 autem
1059 1940 1239 1984 nostra
1275 1933 1448 1985 omnis
1491 1935 1666 1987 oratio
1697 1934 1986 2002 tripartita.
2015 1932 2260 1987 Primum

703 2020 848 2072 enim
895 2021 1220 2074 conabimur
1269 2023 1556 2079 ostendere
1605 2024 2002 2086 divinissimum
2063 2040 2264 2095 corpus

705 2106 903 2161 Christi
937 2119 990 2162 et
1020 2112 1356 2180 sanguinem,
1387 2113 1549 2168 nullis
1579 2113 1701 2177 aliis
1733 2114 1936 2179 verbis,
1962 2123 2052 2169 aut
2078 2130 2262 2170 sacer-

709 2197 896 2251 dotum
945 2201 1198 2268 precibus
1233 2203 1448 2268 conﬁci,
1486 2219 1645 2273 quam
1682 2205 1748 2266 iis
1782 2220 1903 2272 quae
1954 2220 2114 2274 supra
2150 2220 2265 2260 me-

712 2294 1044 2348 moravimus
1088 2295 1301 2348 Domini
1351 2297 1568 2350 verbis:
1607 2295 1712 2352 Hoc
1737 2305 1809 2352 est
1842 2312 2027 2366 corpus
2055 2310 2265 2364 meum;

713 2393 788 2449 et,
824 2383 916 2437 llic
946 2395 1017 2438 est
1043 2388 1256 2455 sanguis
1289 2403 1450 2454 meus.
1493 2387 1621 2442 Post
1653 2388 1767 2441 haec
1811 2398 2122 2442 sanctorum
2167 2387 2269 2441 Ec-

717 2477 892 2530 l‘ieSiZB
941 2476 1224 2531 doetorum
1277 2493 1336 2531 ac
1389 2477 1606 2537 Patrum
1657 2486 1967 2532 nostrorum
2021 2494 2181 2532 unam
2215 2487 2272 2532 et

718 2569 958 2620 eamdem
998 2570 1114 2621 esse
1148 2570 1473 2623 sententiam
1520 2569 1941 2635 declarabimus.
1989 2570 2272 2623 Postremo

722 2672 840 2722 quae
869 2659 992 2711 huic
1008 2659 1251 2725 opinioni
1276 2659 1554 2714 adversari
1575 2660 1846 2722 videntur,
1866 2661 2001 2711 duce
2024 2657 2272 2719 Domina,

726 2749 881 2812 cuius
909 2763 995 2800 res
1023 2748 1232 2815 agitur,
1263 2748 1642 2811 dissolvemus.

798 2835 950 2900 Quod
989 2838 1151 2906 igitur
1179 2839 1510 2905 impossibile
1541 2839 1610 2892 sit
1635 2838 1758 2892 aliis
1787 2850 1948 2905 quam
1984 2834 2281 2901 Dominicis

2361 1750 2600 1805 ficientia
2634 1755 2962 1808 sacramenti
3011 1770 3129 1809 esse
3181 1755 3402 1817 debent,
3445 1771 3551 1809 non
3588 1755 3930 1808 utconficia-

2362 1853 2452 1898 tur
2483 1842 2860 1911 deprecantia.
2893 1845 3035 1914 Ergo
3059 1860 3166 1898 non
3201 1846 3404 1899 nostris
3435 1845 3616 1898 verbis
3652 1860 3772 1913 quae
3817 1860 3930 1898 non

2363 1935 2681 2002 coniiciunt,
2716 1937 2810 1990 sed
2859 1945 2916 1990 ut
2947 1939 3270 1992 conficiatur
3299 1946 3478 2000 orant,
3526 1947 3741 1991 tantum
3790 1951 3934 2005 Opus

2366 2026 2744 2094 tribuendum,
2776 2028 3079 2084 sedverbis
3131 2029 3428 2083 Dominicis
3463 2043 3592 2083 vere
3635 2027 3933 2083 conﬁcien-

2364 2119 2534 2185 tibus,
2566 2133 2632 2173 eo
2665 2118 2826 2175 modo
2870 2135 2978 2191 quo
3014 2122 3272 2177 Dominus
3306 2121 3421 2191 ipse
3453 2121 3775 2190 pereadem
3807 2135 3935 2173 ver-

2367 2211 2458 2277 ba,
2493 2221 2551 2266 ut
2583 2211 2785 2282 legitur
2817 2214 2868 2267 in
2904 2213 3198 2283 Evangelio
3223 2253 3238 2278 ,
3269 2213 3630 2269 consecravit.
3665 2210 3934 2266 Praeterea

2370 2303 2536 2356 verba
2581 2301 2798 2357 Domini
2860 2304 3213 2372 proferuntur
3247 2319 3276 2357 a
3321 2305 3641 2368 sacerdote,
3674 2311 3935 2371 tanquam

2371 2401 2695 2461 potestatem
2733 2394 2973 2472 habente
3004 2383 3079 2451 ea
3129 2380 3448 2464 perﬁciendi
3480 2409 3601 2465 quae
3627 2395 3744 2461 ipsa
3769 2392 3936 2447 verba

2372 2485 2697 2552 signiﬁcant.
2754 2485 3017 2545 Precibus
3062 2501 3191 2542 vero
3251 2487 3366 2542 suis
3418 2495 3738 2555 potestatem
3801 2484 3938 2553 petit

2374 2575 2514 2627 idem
2552 2577 2806 2631 sacerdos
2835 2587 3089 2646 tanquam
3144 2578 3386 2630 nondum
3437 2577 3667 2634 habens.
3713 2576 3937 2628 Atenirn

2377 2667 2573 2719 melius
2622 2668 2936 2733 certiusque
2978 2681 3066 2718 res
3114 2667 3182 2720 ab
3213 2681 3278 2719 eo
3303 2674 3626 2733 potestatem
3675 2665 3937 2727 habente,

2377 2766 2539 2822 quam
2568 2768 2599 2806 a
2628 2753 2870 2807 nondum
2906 2755 3164 2817 habente,
3200 2753 3292 2807 sed
3321 2763 3380 2809 ut
3409 2767 3525 2809 eam
3577 2751 3798 2814 habeat,
3849 2766 3940 2806 ro-

2381 2852 2560 2910 gante,
2590 2840 2891 2910 perﬁcitur,
2915 2841 3240 2910 faciliusque
3263 2842 3312 2895 id
3339 2841 3448 2910 agit
3472 2842 3566 2910 qui
3586 2842 3696 2911 jam
3733 2849 3940 2910 potest,

729 2927 914 2982 verbis
945 2926 1297 2982 Eucliaristiae
1328 2936 1724 2988 sacramentum
1754 2926 1946 2983 conﬁci
1980 2927 2278 2983 evidentis—
2301 2957 2345 3021 α
2386 2945 2545 3001 quam
2579 2932 2672 3000 qui
2708 2946 2866 3000 posse
2897 2927 2958 2986 se
3003 2940 3202 3000 sperat.
3236 2930 3353 2987 Non
3405 2929 3572 2999 igitur
3603 2929 3943 2999 supplicibus

732 3023 866 3076 sime
905 3032 958 3074 et
991 3021 1110 3074 luce
1161 3019 1356 3074 clarius
1389 3029 1634 3089 apparet.
1670 3019 1962 3074 Enimvero
1991 3033 2152 3074 nemo
2196 3026 2280 3073 est

733 3130 892 3183 quem
930 3114 1130 3176 lateat,
1177 3097 1629 3182 quemadmodum
1663 3113 1818 3183 panis
1849 3120 1903 3168 et
1945 3111 2056 3167 vini
2088 3127 2285 3183 corpus

736 3213 789 3259 et
816 3206 1130 3276 sanguinem
1151 3205 1350 3260 Christi
1377 3208 1429 3259 in
1463 3205 1685 3262 instanti
1714 3205 1850 3260 facta
1880 3205 2256 3260 transsubstan
2280 3235 2286 3244 -

739 3297 976 3360 tialitas,
1006 3297 1297 3350 humanam
1329 3312 1543 3356 omnem
1587 3297 1898 3353 facultatem
1927 3295 2164 3362 excedit,
2201 3297 2287 3362 in-

740 3404 980 3458 gensque
1028 3404 1166 3458 opus
1223 3399 1344 3454 est,
1390 3398 1445 3443 et
1495 3399 1640 3449 certe
1693 3378 1937 3444 divinum
1974 3405 1988 3441 :
2021 3387 2094 3442 ita
2125 3386 2288 3448 etiam

741 3481 904 3549 huius
930 3482 1248 3536 sacramenti
1279 3481 1562 3544 efﬁcientia
1590 3480 1778 3543 verba,
1813 3481 1984 3536 instar
2007 3478 2180 3550 ipsius
2203 3493 2292 3534 sa-

744 3569 1000 3621 cramenti
1028 3608 1040 3630 ,
1073 3569 1283 3640 eximiae
1314 3569 1593 3638 cujusdam
1641 3570 1863 3622 virtutis
1905 3583 2024 3629 esse
2071 3567 2293 3627 debere.

745 3658 940 3736 Christi
989 3673 1114 3711 vero
1159 3659 1360 3712 divinis
1393 3660 1574 3711 verbis
1603 3696 1615 3718 ,
1659 3660 1796 3711 nihil
1827 3672 1948 3712 esse
1994 3659 2292 3726 potentius,

751 3750 885 3802 nihil
909 3748 1175 3802 efﬁcacius
1203 3763 1321 3802 esse
1342 3763 1499 3815 posse
1528 3748 1870 3802 manifestum
1897 3757 1998 3802 est.
2029 3749 2299 3813 Quamob-

755 3855 863 3893 rem
919 3838 1071 3894 fateri
1126 3852 1346 3892 necesse
1393 3851 1505 3899 est,
1537 3839 1830 3892 Dominicis
1864 3839 1970 3893 illis
2000 3840 2207 3902 verbis,
2248 3849 2302 3893 et

754 3931 918 3985 nullis
946 3930 1062 3984 aliis
1079 3931 1319 3983 divinum
1345 3929 1450 3983 hoc
1474 3917 1870 3988 sacramentum
1891 3929 2086 3984 confici
2122 3943 2298 3999 posse.

756 4024 865 4076 Nec
894 4022 1036 4073 enim
1072 4018 1407 4072 divinissima
1444 4035 1538 4086 per
1578 4019 1818 4073 divinam
1849 4020 2143 4086 potentiam
2175 4034 2304 4075 con-

761 4116 844 4170 tiwi
889 4108 1167 4180 negaverit
1213 4109 1500 4177 quispiam,
1555 4125 1655 4163 nec
1701 4111 1882 4163 verbis
1913 4110 2118 4165 Christi
2166 4111 2304 4165 nihil

759 4223 983 4260 oman
1011 4203 1283 4260 efﬁcacius
1310 4218 1451 4268 esse,
1496 4219 1616 4257 cum
1670 4218 1774 4256 non
1811 4207 1969 4258 modo
2002 4206 2186 4269 homo,
2219 4218 2307 4257 ve-

763 4316 882 4353 rum
928 4299 1091 4352 etiam
1125 4296 1267 4350 Deus
1294 4297 1379 4352 Sii.
1413 4310 1730 4365 creatorque
1763 4300 2029 4359 omnium,
2068 4297 2160 4366 qui
2192 4298 2307 4352 SOiO
2342 4308 2381 4361 Β
2413 4301 2689 4356 Salvatore
2713 4308 2866 4352 nocte
2895 4312 2995 4364 qua
3023 4293 3335 4348 tradebatur
3365 4290 3562 4359 perfer

765 4404 896 4445 nutu
932 4399 1123 4445 cuncta
1174 4388 1460 4456 produxit,
1514 4391 1603 4455 qui
1655 4389 1819 4441 verbo
1876 4405 2045 4456 aegros
2080 4390 2309 4452 curavit,

766 4493 1008 4552 prortuos
1040 4477 1353 4548 suscitavit,
1387 4488 1684 4545 ereteraquc
1725 4478 1977 4531 miracula
2013 4479 2156 4541 fecit,
2193 4494 2312 4547 qua:

770 4558 820 4626 in
851 4569 1144 4639 Evangeliis
1176 4568 1488 4631 recitantur.
1517 4569 1774 4621 Prmtcrea
1810 4571 2056 4623 humana:
2105 4586 2308 4638 preces,

771 4672 900 4715 tunc
947 4663 1089 4730 quod
1142 4665 1296 4711 orant
1339 4658 1592 4710 facillime
1633 4668 2074 4727 consequuntur,
2114 4679 2231 4715 cum
2261 4663 2314 4717 id

774 4733 977 4824 incritze
1008 4752 1157 4810 "sint,
1207 4758 1262 4804 et
1309 4764 1336 4801 a
1385 4749 1733 4802 bc'iemcritis
1789 4750 2103 4817 effunditur.
2156 4755 2315 4821 Atqui

777 4845 928 4912 panis
963 4854 1016 4896 et
1046 4844 1154 4894 vini
1190 4843 1242 4895 iu
1275 4855 1466 4907 corpus
1495 4849 1549 4892 et
1574 4842 1883 4908 sanguinein
1913 4846 2314 4909 transmutatio,

780 4948 885 4984 non
948 4936 1242 4999 petentium
1293 4933 1523 4993 meritis,
1564 4931 1655 4983 sed
1691 4932 1807 4996 ejus
1847 4934 2084 4999 potentia
2134 4931 2223 5001 Qui
2258 4949 2321 4988 ex

781 5023 952 5075 nihilo
989 5033 1180 5074 cuneta
1224 5007 1520 5089 produxit,
1564 5036 1656 5087 per
1691 5022 2021 5074 sacerdotem
2070 5031 2322 5090 tanquam

785 5129 880 5182 per
935 5113 1354 5166 instrumentum
1405 5112 1678 5181 quoddam
1730 5109 1980 5163 efﬁcitur.
2028 5111 2179 5164 Unde
2218 5129 2325 5166 non

784 5204 961 5277 minus
1009 5204 1077 5257 ab
1125 5201 1360 5272 indignis
1407 5199 1783 5257 sacerdotibus
1829 5207 1990 5267 atque
2036 5203 2325 5267 perversis,

788 5309 946 5360 quam
973 5309 1003 5369 al
1043 5293 1198 5347 bonis
1229 5297 1536 5363 sanctisque
1564 5301 1935 5346 consecratur.
1970 5290 2047 5354 Ex
2074 5309 2181 5360 quo
2216 5309 2330 5347 ma-

791 5383 1044 5436 nifestum
1089 5394 1190 5451 cst,
1223 5402 1326 5439 non
1361 5387 1568 5440 orantis
1597 5385 1969 5444 sanctitatem,
2019 5383 2110 5436 sed
2155 5384 2329 5455 ipsum

795 5478 1078 5531 Dominum
1111 5483 1342 5550 propriis
1371 5485 1482 5535 suis
1504 5481 1704 5543 verbis,
1727 5495 1752 5532 a
1786 5478 2063 5534 sacerdote
2093 5477 2333 5546 prolatis,

800 5584 986 5634 panem
1018 5580 1068 5620 et
1097 5571 1276 5623 vinum
1311 5571 1362 5622 in
1405 5569 1677 5638 proprium
1712 5581 1905 5638 Corpus
1955 5574 2331 5619 transmittare.

2387 3022 2757 3088 sacerdotum,
2806 3025 2897 3081 sed
2936 3022 3291 3080 enuntiativis
3337 3022 3551 3077 Domini
3587 3022 3770 3076 verbis
3802 3019 3942 3075 emci

2387 3113 2724 3168 credendum
2754 3121 2838 3169 est
2857 3113 2986 3167 'hrcc
3012 3128 3166 3167 sacra
3211 3111 3492 3183 mysteria.
3525 3109 3657 3166 item
3687 3111 3819 3165 dum
3857 3123 3944 3165 ro-

2387 3213 2476 3275 gat
2507 3204 2768 3261 sacerdos
2788 3245 2801 3268 ,
2829 3210 2925 3262 aut
2949 3200 3085 3273 petit
3109 3201 3357 3264 obtinere
3407 3208 3731 3270 potestatem
3777 3197 3948 3253 confi-

2390 3299 2571 3375 ciendi
2600 3299 2866 3369 mysterii,
2892 3308 2987 3355 aut
3011 3309 3155 3362 non;
3183 3295 3228 3351 si
3262 3294 3418 3365 petit,
3446 3307 3554 3348 non
3579 3292 3745 3361 igitur
3774 3291 3947 3344 inerat

2391 3390 2690 3466 saecrdoris
2731 3389 2986 3460 precibus
3019 3404 3081 3442 ea
3117 3386 3359 3456 potentia
3392 3385 3536 3456 (quis
3560 3384 3705 3439 enim
3739 3389 3950 3453 peteret

2394 3483 2539 3553 quod
2565 3483 2676 3552 jam
2701 3482 2914 3547 tenet?)
2952 3479 3108 3546 Quod
3141 3479 3323 3541 sinon
3350 3476 3508 3547 petit,
3539 3475 3742 3531 frustra
3778 3485 3946 3543 rogat.

2394 3573 2738 3644 Quapropter
2766 3589 2873 3628 non
2905 3573 3048 3641 ipsas
3073 3569 3418 3626 sacerdotum
3463 3583 3675 3638 preces,
3703 3568 3803 3622 sed
3857 3567 3950 3620 Do-

2397 3667 2531 3720 mini
2557 3665 2721 3720 verba
2755 3664 3139 3718 eucharistiam
3177 3660 3448 3715 conﬁcere
3473 3660 3824 3713 manifestum
3852 3667 3948 3711 est.

2399 3754 2552 3808 Adde
2579 3754 2722 3821 quod
2749 3752 3037 3808 verborum
3071 3766 3187 3819 quae
3213 3751 3328 3805 haec
3352 3749 3605 3820 mysteria
3634 3748 3949 3807 conﬁciunt,

2401 3846 2547 3898 nulla
2605 3842 2895 3897 diversitas
2923 3882 2937 3903 ,
2988 3842 3136 3893 nulla
3176 3841 3404 3894 mutatio
3454 3853 3576 3894 esse
3607 3838 3767 3893 debet
3803 3855 3816 3889 :
3855 3851 3953 3887 una

2402 3934 2547 3990 enim
2582 3933 2846 4002 cuiusque
2875 3939 2931 3986 et
2977 3931 3328 3985 immutabilis
3362 3930 3533 3984 forma
3567 3939 3669 3992 est,
3700 3943 3810 3994 qua
3842 3943 3950 3978 mu-

2403 4035 2515 4082 tata
2543 4033 2713 4079 totum
2749 4024 2910 4077 etiam
2942 4031 3202 4076 mutatur.
3235 4019 3390 4082 Unde
3429 4017 3714 4071 Mattheus
3744 4027 3804 4070 et
3831 4016 3956 4070 Mar-

2406 4132 2503 4171 cus
2533 4125 2586 4172 et
2631 4115 2841 4176 Lucas,
2874 4123 2928 4167 et
2976 4128 3096 4168 eum
3144 4111 3210 4170 iis
3251 4108 3528 4179 apostolus
3565 4108 3764 4162 Paulus
3789 4148 3802 4170 ,
3841 4119 3952 4157 cum

2409 4211 2573 4280 hujus
2615 4206 3039 4262 consecrationis
3094 4208 3421 4257 mentionem
3475 4198 3718 4264 faciunt,
3755 4214 3880 4266 quae
3933 4211 3954 4246 ει

3774 4290 3955 4341 eadem

2414 4394 2575 4446 verba
2594 4407 2780 4444 omnes
2804 4390 2988 4442 eodem
3014 4386 3172 4439 mod-3
3204 4383 3554 4450 pronuntiant
3595 4401 3602 4430 ;
3639 4399 3665 4447 εί
3695 4380 3885 4431 :amvis
3911 4386 3958 4428 et

2414 4484 2464 4537 in
2498 4480 2874 4548 superioribus
2905 4487 2959 4529 ct
2991 4477 3043 4527 in
3093 4471 3446 4544 sequentibus
3497 4469 3602 4519 div
3627 4470 3696 4519 rsi
3745 4467 3958 4518 diverso

2415 4575 2579 4628 modo
2629 4579 2755 4623 sunt
2798 4567 2986 4621 locuti.
3038 4566 3128 4615 llir
3185 4562 3389 4631 pariter
3420 4575 3608 4614 onmcs
3658 4560 3958 4610 uixerunt:

2418 4666 2524 4719 Hoc
2548 4674 2618 4715 est
2648 4677 2830 4728 corpus
2860 4675 3022 4711 meum
3050 4677 3060 4719 ;
3097 4668 3168 4718 ei,
3196 4655 3288 4708 Hic
3314 4664 3386 4708 est
3415 4657 3626 4724 sanguis
3658 4667 3820 4703 meus.
3844 4649 3959 4702 Pre-

2418 4771 2508 4810 ces
2533 4769 2658 4808 vero
2693 4763 2743 4804 et
2768 4751 3190 4820 supplicationes
3220 4746 3585 4806 sacerdotum,
3611 4745 3816 4812 quibus
3842 4757 3962 4795 non—

2421 4846 2555 4899 nulli
2586 4842 2898 4896 existimant
2923 4840 3026 4893 hoc
3066 4836 3380 4908 mysterium
3409 4833 3623 4898 confici,
3671 4832 3805 4885 aiias
3833 4828 3960 4898 apud

2424 4936 2557 4990 alios
2594 4944 2647 4985 et.
2677 4935 2833 4986 inme
2885 4929 3099 4999 quidem
3131 4929 3373 4982 diversas
3408 4940 3524 4980 esse
3559 4924 3836 4976 videmus.
3869 4919 3960 4974 Alii

2423 5027 2569 5080 enim
2602 5022 2837 5092 Optanda
2861 5062 2875 5085 ,
2909 5022 3001 5074 alii
3030 5017 3346 5086 imperando
3387 5016 3437 5068 id
3473 5026 3657 5082 agunt.
3693 5011 3960 5082 Siquidem

2425 5113 2676 5166 Clemens
2709 5121 2762 5164 et
2791 5109 3025 5164 Iacobus
3051 5125 3064 5161 :
3087 5109 3380 5177 Rogamus,
3408 5102 3701 5168 inquiunt,
3743 5112 3804 5154 ut
3855 5099 3963 5153 mit-

2431 5214 2508 5257 tas
2542 5202 2805 5272 Spiritum
2839 5208 3082 5258 Sanctum
3115 5185 3268 5250 tuum
3307 5208 3471 5262 super
3497 5192 3602 5248 hoc
3625 5191 3961 5249 sacriﬁcium.

2431 5294 2524 5364 qui
2556 5292 2750 5345 efliciat.
2774 5293 2920 5344 hunc
2952 5302 3141 5359 panem
3177 5300 3373 5355 corpus
3400 5283 3602 5338 Christi
3636 5285 3737 5346 tui,
3760 5294 3816 5339 et
3836 5279 3964 5350 quod

2435 5383 2491 5435 in
2526 5384 2627 5434 hoc
2655 5383 2818 5436 calice
2852 5388 2966 5445 est,
3001 5377 3317 5447 sanguinem
3353 5374 3552 5430 Christi
3600 5377 3698 5428 tui.
3747 5371 3964 5427 Iacobus

2435 5486 2564 5524 vero
2600 5491 2613 5526 :
2652 5475 2941 5542 Rogamus,
2975 5470 3169 5539 inquit,
3207 5477 3264 5521 ut
3297 5455 3532 5536 Spiritus
3558 5475 3782 5520 sanctus
3824 5460 3962 5513 adve-

2416 5543 2595 5621 ni'cns
2633 5571 2838 5629 sancta,
2877 5566 3010 5622 bona
3046 5558 3473 5639 atque'gloriosa
3514 5558 3632 5626 eius
3695 5549 3960 5624 prxseniia
