4122 6326
272 255 377 325 εῦι

1249 255 1350 316 DE
1391 249 1896 316 SACRAMENTO
1935 252 2499 316 EUCHARISTLE.

3381 251 3483 323 562

266 373 606 442 sanctiﬁcat,
652 381 708 428 et
757 370 918 427 faciat
947 370 1098 426 hunc
1124 370 1350 442 quidem
1399 385 1594 442 panem
1623 382 1826 440 corpus
1851 369 1897 428 Α
1926 381 2035 423 non
2061 370 2116 426 in
2148 384 2268 439 ens,
2295 373 2388 428 sed
2420 371 2476 427 in
2518 385 2627 427 non
2656 386 2757 428 ens
2787 381 3115 429 mutaretur.
3145 371 3301 428 Hunc
3351 383 3482 424 vero

264 466 439 526 sancti
469 462 673 520 Christi
702 460 807 528 tui,
833 472 890 517 et
910 461 1152 532 calicem
1186 463 1334 518 hunc
1367 462 1664 534 pretiosum
1695 474 1824 515 san-

264 555 484 626 guinem
529 553 738 612 Christi
790 554 890 610 tui.
937 555 1009 609 At
1046 569 1270 624 magnus
1317 555 1509 610 doctor
1544 553 1818 634 Basilius;

265 645 570 720 Rogamus,
601 644 802 714 inquit,
836 652 897 698 ut
937 644 1128 698 veniat
1156 643 1397 714 Spiritus
1423 651 1651 698 sanctus
1696 651 1824 696 tuus

264 751 434 805 super
462 749 586 800 nos,
616 745 672 789 et
705 734 1013 804 superbae
1047 733 1326 802 proposita
1352 746 1616 806 munera,
1650 739 1706 786 et
1730 730 1826 787 be-

265 812 487 883 nedicat
513 843 600 908 ea,
648 827 953 883 sanetiticet
982 834 1034 880 et
1068 825 1252 891 faciat,
1285 826 1434 882 hunc
1466 824 1688 895 quidem
1722 839 1838 893 pa:

263 934 415 982 netn,
447 919 623 989 ipsum
650 918 949 986 pretiosum
979 929 1201 983 corpus,
1225 922 1281 969 et
1311 915 1497 968 vinum
1525 913 1822 982 pretiosum

264 1009 586 1080 sanguinem
639 1005 877 1071 Domini,
926 1015 984 1059 et
1028 1004 1144 1066 Dei,
1195 1014 1253 1062 et
1301 1003 1604 1064 Salvatoris
1651 1002 1822 1057 nostri

264 1100 396 1157 Jesu
431 1096 656 1160 Christi,
686 1097 780 1167 qui
810 1096 1018 1151 edusus
1044 1105 1129 1150 est
1160 1109 1260 1164 pro
1290 1095 1480 1156 mundi
1515 1095 1647 1152 vita.
1675 1086 1826 1166 Divi-

267 1199 372 1240 nus
405 1193 585 1238 autem
626 1182 1052 1254 Chrysostomus
1082 1201 1096 1237 :
1127 1183 1354 1245 Emitte,
1405 1183 1504 1247 ait,
1555 1181 1824 1253 Spiritum

269 1286 446 1340 tuum,
475 1283 532 1331 et
585 1276 732 1330 hunc
771 1289 966 1344 panem
1018 1275 1322 1344 pretiosum
1370 1289 1572 1343 corpus
1620 1275 1823 1330 Christi

270 1364 371 1428 tui,
410 1361 556 1432 quod
587 1376 718 1417 vero
741 1362 795 1415 in
828 1362 932 1417 hoc
960 1363 1130 1417 calice
1155 1371 1262 1425 est,
1287 1365 1587 1432 pretiosum
1612 1365 1828 1433 sangui-

265 1469 390 1508 nem
427 1452 633 1509 Christi
664 1453 768 1508 tui.
797 1461 1169 1508 transmutans
1211 1468 1273 1508 ea
1319 1453 1530 1522 Spiritu
1573 1463 1666 1507 tuo
1702 1470 1829 1508 san-

265 1555 380 1599 cto.
413 1544 549 1598 Cum
584 1543 754 1612 igitur
783 1552 931 1597 tanta
970 1545 1041 1597 sit
1088 1544 1142 1596 in
1195 1545 1262 1598 iis
1307 1543 1615 1598 diderentia
1665 1555 1828 1612 atque

264 1632 521 1696 uarietas.
547 1631 712 1687 verba
738 1643 920 1686 autem
947 1633 1273 1687 sacramenti
1297 1631 1609 1698 efﬁcientia,
1632 1633 1826 1692 immu-

268 1726 456 1797 tabilis
483 1718 603 1782 esse
646 1725 904 1790 debeant,
961 1725 1212 1795 profecto
1255 1725 1366 1778 nou
1412 1725 1507 1780 illa
1556 1740 1678 1794 qua
1722 1726 1824 1787 alia

270 1816 416 1890 apud
447 1817 586 1872 alios
612 1827 760 1879 sunt,
787 1815 881 1870 sed
917 1816 1030 1869 hinc
1060 1815 1271 1869 Domini
1304 1815 1496 1877 verba,
1531 1831 1651 1883 qua
1683 1814 1829 1884 apud

268 1921 464 1976 omnes
495 1905 686 1980 eadem
714 1915 884 1972 sunt,
933 1915 986 1958 et
1026 1911 1093 1957 ab
1148 1907 1402 1960 omnibus
1438 1904 1634 1960 eodem
1668 1907 1829 1960 modo

264 1996 648 2063 proteruntur,
671 1997 810 2050 tanti
838 1997 1079 2067 mysterii
1117 1996 1346 2066 formam
1381 2011 1524 2059 esse,
1556 2005 1610 2049 et
1636 1997 1702 2050 iis
1735 1998 1830 2049 tri-

268 2087 552 2161 buendum
575 2102 694 2141 esse
747 2086 1066 2163 perﬁciendi
1132 2087 1431 2154 potentiam
1485 2087 1825 2141 manifestum

265 2184 351 2238 est
385 2191 400 2226 :
434 2189 532 2242 per
553 2189 617 2228 ea
659 2173 804 2237 enim
844 2172 900 2231 tit
933 2182 993 2225 ut
1026 2174 1095 2226 sit
1123 2174 1270 2240 quod
1297 2182 1401 2227 est.
1440 2173 1577 2227 Illud
1610 2187 1828 2240 quoque

265 2262 727 2334 considerandum
755 2271 862 2327 est,
894 2277 957 2316 ea
991 2277 1109 2321 esse
1135 2262 1370 2332 alicujus
1402 2262 1479 2317 rei
1516 2262 1823 2330 emcientia,

264 2368 365 2423 per
393 2368 516 2423 qua:
561 2364 650 2407 res
694 2352 784 2406 illa
833 2352 900 2407 ad
935 2367 1059 2406 esse
1089 2353 1434 2423 producitur,
1483 2352 1550 2406 ab
1599 2353 1827 2422 aliisque

265 2443 655 2513 distinguitur:
695 2441 871 2512 Hujus
920 2452 1102 2496 autem
1146 2442 1322 2510 divini
1374 2443 1619 2512 mysterii
1679 2443 1827 2496 nulla

265 2536 370 2588 alia
404 2549 565 2604 quam
595 2535 763 2587 verba
815 2534 1029 2588 Domini
1056 2532 1346 2589 euidentia
1393 2548 1514 2588 esse
1549 2533 1825 2594 videntur.

265 2626 410 2696 Ergo
455 2627 570 2696 ipsa
612 2624 914 2691 duntaxat,
965 2635 1023 2680 et
1069 2641 1177 2680 non
1230 2627 1594 2704 sacerdotales
1639 2641 1828 2695 preces

269 2703 480 2781 tantum
511 2731 650 2787 opus
677 2716 946 2782 coniicere
972 2718 1200 2771 dicenda
1229 2703 1375 2781 sunt.
1400 2717 1575 2787 Hujus
1604 2717 1830 2772 rationis

267 2809 445 2881 prima
473 2810 694 2879 quidem
733 2824 863 2879 pars
902 2824 1000 2879 per
1029 2824 1086 2863 se
1119 2809 1396 2878 ipsa_n0ta
1428 2818 1536 2876 est,
1565 2825 1738 2879 quare
1769 2825 1829 2864 ea

267 2901 475 2964 omissa
501 2901 770 2969 minorem
817 2900 1200 2970 probabimus.
1225 2897 1407 2969 Ipsum
1438 2909 1589 2956 certe
1638 2917 1831 2957 conse-

1931 459 2227 515 terminum
2263 461 2559 532 dupliciter
2588 462 2940 518 considerare
2990 477 3284 529 possumus
3328 477 3342 514 :
3385 461 3486 514 ali-

1925 549 2146 620 quando
2178 550 2395 620 quidem
2432 550 2606 620 ipsum
2647 565 2849 620 corpus
2879 559 2934 605 et
2980 553 3300 620 sanguinein
3327 551 3486 605 intel-

1925 643 2180 712 ligentes,
2210 645 2262 697 in
2291 657 2411 713 quae
2453 641 2890 698 substantialitas
2925 643 3019 702 tit;
3051 649 3108 695 et
3153 641 3259 696 boc
3311 643 3484 712 signi-

1927 735 2122 802 ﬁcatur
2153 751 2281 790 cum
2308 736 2530 802 dicitur,
2576 753 2763 806 corpus
2807 746 2859 789 et
2895 738 3144 807 sanguis;
3191 734 3486 805 aliquando

1924 828 2062 881 vero
2086 826 2139 882 id
2165 827 2598 895 considerantes.
2636 837 2697 892 ut
2733 828 2847 888 haec
2894 826 3485 881 transsubstantialitas

1926 916 2287 972 determinata
2316 926 2372 971 et
2397 919 2749 986 particularis
2773 919 2845 973 sit
2876 926 2933 975 et
2968 932 3094 970 una.
3122 915 3487 981 Quemadmo-

1924 1006 2055 1062 dum
2087 1007 2155 1072 iis
2181 1007 2345 1062 etiam
2379 1023 2499 1076 qua:
2534 1023 2632 1077 per
2661 1020 2833 1063 artem
2869 1008 3035 1072 dunt,
3069 1015 3216 1083 sunt,
3246 1021 3354 1058 una
3382 1002 3504 1058 cu-’

1921 1095 2120 1164 jusque
2149 1095 2327 1155 forma
2365 1103 2421 1150 et
2453 1096 2668 1165 species
2697 1106 2778 1151 est
2809 1115 2824 1152 :
2862 1097 2934 1150 ita
2963 1085 3124 1152 etiam
3158 1094 3322 1150 unius
3354 1107 3484 1162 ope-

1926 1185 2157 1239 rationis
2209 1200 2353 1253 unus
2400 1185 2632 1241 en‘ectus
2679 1195 2782 1252 est,
2816 1198 3043 1267 propter
3076 1187 3222 1259 quod
3263 1186 3484 1239 additur

1894 1339 1897 1343 _
1926 1293 2117 1331 meum.
2153 1276 2398 1334 Tertium
2438 1292 2568 1332 vero
2606 1287 2771 1347 atque
2805 1289 3162 1347 postremum,
3194 1292 3316 1346 per.
3338 1275 3483 1345 quod

1927 1367 2123 1422 modus
2145 1369 2775 1431 transsubstantialitatis
2808 1369 3151 1438 exprimitur,
3194 1369 3326 1429 satis
3360 1375 3486 1437 apte

1925 1461 2254 1530 exprimitur
2286 1475 2384 1530 per
2417 1461 2643 1516 verbum
2677 1471 2770 1515 est.
2813 1461 2969 1528 Quod
3003 1460 3149 1514 enim
3177 1459 3232 1514 in
3257 1459 3483 1517 instanti

1941 1552 2020 1618 (lt,
2059 1553 2171 1622 jam
2208 1567 2320 1608 non
2375 1552 2641 1620 futurum,
2699 1553 2792 1610 sed
2825 1552 2978 1621 quasi
3036 1550 3236 1606 factum
3274 1560 3330 1606 et
3380 1551 3485 1618 iatn

1928 1644 2087 1712 plane
2133 1645 2444 1710 exsistens,
2500 1662 2611 1700 non
2649 1645 3008 1712 imperativo,
3061 1659 3172 1706 non
3223 1642 3484 1711 Optativo,

1929 1750 2041 1789 non
2070 1732 2313 1800 cujusvis
2346 1737 2573 1790 alterius
2606 1737 2752 1790 modi
2788 1737 2956 1803 verbo
2976 1779 2991 1803 ,
3026 1751 3126 1790 nec
3156 1735 3341 1795 futuro
3368 1735 3490 1802 qui-

1929 1824 2052 1879 dem
2092 1835 2356 1893 tempore,
2388 1841 2508 1894 qua:
2538 1826 2704 1880 dubia
2733 1837 2878 1892 sunt,
2916 1841 3016 1880 nec
3060 1825 3116 1878 id
3178 1825 3324 1895 quod
3382 1835 3485 1891 est,

1929 1905 2024 1973 sed
2054 1917 2201 1986 quod
2232 1915 2478 1973 futurum
2512 1928 2613 1982 est,
2637 1917 2782 1987 quod
2811 1918 2970 1976 etiam
3003 1933 3110 1982 non
3136 1915 3255 1969 ﬁeri
3285 1924 3486 1983 posset,
3539 1951 3542 1954 .

1930 2009 2220 2078 signiﬁcat,
2265 2009 2362 2065 sed
2409 2010 2528 2078 ipso
2554 2011 2721 2064 verbo
2753 2018 2825 2064 est
2875 2008 3136 2076 temporis
3178 2009 3484 2076 prtesentis,

1927 2109 1983 2178 et
2018 2099 2164 2152 modi
2196 2098 2497 2166 indicativi,
2531 2101 2673 2168 quod
2711 2099 2887 2168 ipsum
2912 2101 3021 2168 jam
3045 2112 3167 2155 esse
3196 2096 3486 2164 signilicat,

1927 2189 2261 2244 sufﬁcienter
2309 2191 2671 2260 exprimitur:
2721 2191 2833 2249 imo
2888 2205 3020 2246 vero
3058 2190 3339 2246 duntaxat
3387 2189 3493 2241 hoc

1931 2279 2093 2333 modo
2122 2280 2355 2346 exprimi
2390 2288 2569 2348 potest
2599 2291 2655 2334 et
2680 2296 2790 2335 non
2818 2281 3001 2337 aliter.
3027 2280 3150 2335 Haec
3178 2281 3346 2350 igitur
3375 2294 3493 2335 ome

1926 2367 2040 2432 nia,
2078 2367 2215 2421 adeo
2249 2368 2306 2420 in
2350 2367 2452 2421 hac
2488 2369 2721 2422 naturali
2753 2368 3371 2426 transsubstantialitate
3396 2380 3492 2420 ne-

1925 2453 2184 2517 cessaria,
2218 2467 2356 2507 "cum
2395 2455 2559 2507 nuliis
2607 2455 2730 2509 aliis
2777 2462 3138 2524 praeterquam
3195 2455 3493 2510 Dominicis

1926 2543 2110 2597 verbis
2136 2544 2544 2607 contineantur,
2575 2545 2737 2597 sicuti
2784 2553 3063 2598 ostensum
3094 2529 3197 2608 e'st,
3243 2544 3490 2611 profecto

1927 2634 2241 2688 existimare
2273 2635 2516 2705 cegimur
2575 2642 2738 2703 atque
2763 2633 2940 2699 fateri,
2979 2634 3068 2687 illa
3098 2633 3214 2702 ipsa
3254 2634 3492 2698 elﬁcien-

1876 2781 1883 2788 ,
1929 2729 2002 2780 tia
2032 2741 2158 2782 esse
2197 2735 2304 2779 tam
2361 2731 2498 2780 sacri
2541 2726 2824 2797 mysterii,
2865 2727 3067 2795 quibus
3104 2725 3241 2780 nihil
3281 2727 3485 2791 deficit,

1929 2820 2067 2874 nihil
2094 2829 2364 2888 superest,
2398 2829 2454 2873 et
2480 2833 2586 2873 non
2636 2832 2824 2886 preces
2868 2819 3138 2872 humanas
3167 2817 3367 2886 quibus
3394 2817 3495 2871 ali-
3567 2872 3570 2876 ,

1930 2928 2036 2982 qua
2080 2911 2279 2966 desunt
2311 2927 2430 2980 qua:
2480 2911 2651 2980 magis
2696 2911 3003 2966 necessaria
3048 2912 3250 2964 forent.
3291 2910 3494 2965 Praeter

269 2991 532 3061 erationis
572 3005 732 3060 opus.
767 3001 822 3046 et
849 3006 948 3061 per
980 2994 1451 3047 consecrationem
1475 2991 1708 3048 edicitur
1738 3010 1825 3048 sa-

1929 3003 2044 3060 batc
2076 3002 2279 3069 omnia,
2311 3018 2434 3056 cum
2465 3003 2567 3054 boc
2615 3002 3022 3057 immaculatum
3055 3002 3381 3057 sacriﬁcium
3435 3002 3490 3054 in
3566 2990 3573 2997 ’

267 3096 424 3141 crum
460 3080 778 3155 mysterium
809 3081 864 3133 in
911 3091 1154 3151 extrema
1199 3081 1508 3153 prolatione
1537 3083 1828 3145 verborum

270 3169 682 3247 ponticientium
709 3211 727 3237 ,
774 3185 1117 3240 quaecunque
1143 3171 1234 3233 illa
1285 3170 1376 3236 sit,
1423 3179 1480 3226 et
1512 3172 1569 3228 in
1607 3172 1831 3227 instanti

276 3262 359 3317 lit.
391 3261 675 3329 Siquidem
710 3261 870 3336 panis
897 3269 954 3314 et
1001 3260 1112 3314 vini
1161 3261 1466 3314 substantia
1501 3261 1555 3313 in
1585 3275 1683 3327 sua
1709 3276 1832 3331 per-

272 3359 459 3414 manet
489 3359 708 3414 natura,
739 3351 913 3422 donec
943 3350 1124 3416 omnia
1170 3349 1263 3402 illa
1291 3363 1632 3417 quacunque
1679 3362 1830 3414 sunt,

275 3455 398 3515 qua:
426 3448 825 3508 sacramentum
868 3438 1160 3505 perﬁciunt
1186 3437 1354 3490 verba
1392 3437 1687 3506 dicantur:
1714 3442 1834 3510 qui-

274 3532 378 3583 bus
411 3531 578 3587 dictis
596 3543 719 3590 mox
747 3528 1089 3582 consecratio
1135 3529 1218 3600 lit,
1241 3528 1832 3586 transsubSLantialitas

271 3619 577 3693 perﬁcitur.
604 3627 1014 3692 consummatur
1043 3627 1471 3679 sacramentum.
1501 3619 1658 3685 Quod
1687 3631 1739 3674 et
1767 3621 1833 3675 de

270 3699 601 3778 baptismate
630 3705 824 3775 beatus
851 3704 1189 3775 Augustinus
1216 3703 1295 3759 ait
1331 3722 1345 3758 :
1387 3706 1580 3782 Aufer,
1633 3707 1830 3775 inquit,

203 3803 215 3810 '
271 3804 472 3863 verba,
507 3807 566 3854 et
609 3797 742 3867 quid
778 3811 915 3866 aqua
963 3799 1065 3849 nisi
1101 3798 1282 3866 aqua?
1312 3798 1552 3864 Accedat
1604 3799 1831 3853 verbum

275 3892 568 3955 elemento,
602 3897 659 3942 et
706 3887 941 3941 edicitur
995 3899 1420 3944 sacramentum.
1478 3889 1630 3945 Unde
1688 3901 1832 3946 tanta

273 3981 521 4051 putentia
548 3993 705 4047 aqua:
731 3984 790 4031 ut
816 3993 938 4031 cum
967 3980 1209 4047 tetigerit
1236 3995 1457 4048 corpus.
1492 3995 1688 4049 purget
1716 3999 1830 4045 cor,

271 4065 383 4126 nisi
411 4087 478 4133 ex
507 4086 573 4124 eo
606 4071 694 4140 qui
732 4073 900 4124 verbo
937 4070 1037 4124 hoc
1084 4072 1248 4128 facit?
1273 4073 1409 4127 Cum
1463 4076 1628 4143 igitur
1657 4077 1833 4129 mani-

270 4163 476 4240 festum
525 4162 616 4228 sit,
664 4177 762 4232 per
797 4161 963 4223 verba
1012 4162 1116 4217 hoc
1164 4148 1560 4237 sacramentum
1613 4165 1828 4225 conﬁci,

271 4260 434 4314 decet
475 4274 595 4329 quae
623 4260 690 4312 ad
720 4259 860 4313 hanc
890 4273 955 4314 ex
999 4258 1299 4311 substantia
1353 4260 1406 4310 in
1470 4259 1829 4320 substantiam

1930 3093 2016 3147 sui
2042 3092 2362 3155 memoriam
2400 3092 2515 3144 ﬁeri
2545 3092 2773 3161 jusserit
2816 3092 3121 3146 Dominus:
3164 3089 3277 3143 Hoc
3317 3090 3489 3156 enim,

1931 3184 2114 3252 inquit
2143 3223 2160 3246 ,
2202 3183 2362 3253 facile
2403 3183 2457 3236 in
2502 3197 2675 3240 meam
2713 3183 3287 3237 commemorationem
3319 3224 3333 3244 ,
3374 3195 3495 3235 cer-

1933 3280 1985 3326 te
2025 3274 2345 3341 expressior
2385 3275 2501 3342 ejus
2559 3277 2818 3329 memoria
2857 3274 2955 3339 ﬁt,
2998 3289 3127 3327 cum
3165 3275 3312 3327 illius
3351 3289 3481 3326 ver-

1932 3361 2001 3415 ba
2063 3377 2130 3414 ex
2188 3363 2559 3416 sacratissimo
2610 3363 2702 3414 illo
2743 3377 2836 3416 ore
2890 3363 3096 3430 prolata
3155 3365 3489 3429 repetimus,

1931 3465 2093 3519 quam
2133 3450 2176 3513 si
2213 3449 2315 3518 alia
2353 3463 2690 3516 quzecuuque
2736 3451 3056 3509 referamus.
3085 3450 3240 3516 Quod
3281 3452 3484 3504 contir-

1937 3545 2052 3590 mat
2089 3536 2374 3604 apostolus
2431 3534 2650 3599 Paulus,
2697 3536 2825 3607 dum
2885 3537 3019 3604 dicit
3078 3540 3290 3593 Domini
3347 3556 3494 3594 mor-

1935 3634 2040 3680 tem
2080 3626 2134 3678 in
2181 3625 2284 3678 hoc
2339 3626 2614 3679 sacriﬁcio
2661 3626 2996 3694 adnuntiari.
3037 3628 3154 3693 Quo
3189 3630 3335 3681 enim
3376 3646 3491 3683 nlo-

1932 3715 2001 3770 do
2063 3715 2376 3768 annuntiari
2438 3718 2750 3785 expressius
2804 3725 2980 3784 potest
3009 3733 3168 3785 quam
3203 3719 3330 3772 dum
3366 3736 3488 3774 cor—

1932 3821 2040 3874 pus
2063 3817 2117 3860 et
2148 3805 2372 3875 sanguis
2405 3807 2524 3875 ejus
2558 3807 2792 3875 propriis
2821 3807 2939 3876 ejus
2975 3807 3158 3862 verbis
3179 3825 3337 3877 quam
3366 3814 3489 3879 qui-

1936 3896 2127 3973 busvis
2176 3896 2298 3950 aliis
2341 3903 2544 3949 tat-itum
2579 3896 2774 3950 conﬁci
2803 3907 3230 3952 sacramentum.
3263 3900 3492 3952 Verum-

1938 3991 2116 4060 tamen
2166 4001 2494 4042 concurrerc
2544 3988 2753 4041 Patrem
2812 4001 2892 4057 ac,
2932 3988 3195 4056 Spiritum
3241 3999 3489 4044 sanctum

1936 4080 2074 4149 Filio
2102 4078 2154 4129 in
2191 4079 2293 4131 hoc
2318 4079 2501 4130 divino
2533 4093 2696 4144 onere
2734 4081 3365 4133 transsubstantialitatis
3396 4097 3491 4151 p:t-_

1937 4167 2021 4220 nis
2048 4177 2102 4219 et
2125 4167 2235 4218 xini
2284 4166 2336 4218 in
2370 4181 2571 4233 corpus
2601 4177 2654 4217 et
2687 4168 3004 4235 sanguinem
3036 4169 3261 4235 Chrisni,
3306 4172 3382 4224 ias
3410 4183 3495 4231 est
3564 4203 3567 4207 -

1936 4273 1964 4310 τι
2005 4257 2256 4310 lidelibus
2297 4257 2470 4320 credi.
2530 4258 2719 4309 Omnia
2763 4259 2906 4310 enim
2929 4271 3086 4324 Opera
3128 4262 3182 4311 in
3227 4265 3489 4317 crcamris

271 4352 809 4421 transmutationem,
849 4350 1267 4402 similitudinem
1299 4349 1534 4416 aliquam
1569 4350 1824 4413 habeant,
1860 4324 1904 4377 θ
1935 4344 2184 4403 Trinitaii
2244 4349 2553 4401 communia
2605 4357 2765 4410 sunt,
2831 4348 3074 4416 nihilque
3135 4351 3191 4403 lit
3243 4353 3486 4418 Omnino,

268 4446 434 4514 eique
459 4441 756 4506 conformis
792 4439 924 4492 sint.
953 4439 1108 4491 UiltiS
1145 4439 1398 4505 quoniam
1436 4438 1489 4490 in
1526 4442 1623 4490 hac
1658 4448 1833 4492 trans-

269 4535 573 4591 mutatione
610 4530 714 4584 tria
745 4529 860 4582 hac
888 4544 1005 4582 esse
1034 4544 1259 4582 necesse
1289 4538 1395 4592 est,
1453 4533 1744 4584 terminum
1801 4549 1830 4585 a

269 4639 400 4697 quo,
431 4621 719 4697 terminum
753 4620 818 4678 ad
859 4635 1017 4698 quem
1061 4622 1174 4687 ipsa
1209 4624 1590 4675 transmutatio
1630 4623 1724 4687 tit,
1777 4634 1830 4677 et

269 4713 491 4786 modum
527 4710 1195 4780 ipsius‘transmutationis
1218 4751 1232 4777 ,
1261 4728 1378 4780 quin
1416 4715 1596 4768 omnia
1629 4715 1716 4766 illa
1757 4717 1828 4770 si-

198 4826 200 4828 τ
268 4803 561 4884 ςηὶῧωηις
599 4801 725 4856 talia
748 4817 880 4856 vero
908 4818 1029 4858 esse
1062 4803 1226 4856 verba
1271 4800 1484 4856 Domini
1512 4803 1670 4858 facile
1703 4822 1828 4874 pro~

268 4894 456 4957 batur,
483 4891 539 4946 in
573 4890 645 4947 iis
665 4892 811 4947 enim
845 4893 1161 4946 continetur
1204 4891 1471 4946 terminus
1507 4907 1536 4944 a
1572 4909 1702 4962 quo,
1732 4911 1828 4962 per

267 4980 503 5045 verbum
535 4979 688 5048 Hoc;
716 4996 842 5036 nam
869 4981 976 5037 nisi
1005 4983 1061 5036 in
1092 4995 1152 5034 ea
1182 4989 1326 5036 esset
1353 4982 1616 5034 terminus
1640 4999 1667 5036 a
1695 4999 1824 5051 quo,

267 5087 380 5126 non
414 5079 562 5126 esset
595 5068 1014 5136 transmutatio;
1047 5079 1099 5123 at
1145 5071 1198 5123 in
1230 5084 1294 5123 ea
1322 5071 1388 5123 de
1419 5070 1722 5124 substantia
1773 5074 1824 5124 in

269 5149 633 5218 substantiam
665 5161 1046 5217 transmutatio
1103 5159 1162 5213 tit
1194 5176 1208 5213 :
1256 5159 1401 5212 hunc
1431 5159 1599 5227 igitur
1644 5161 1827 5214 termi-

270 5265 404 5306 num
463 5252 740 5322 significat
790 5251 923 5306 illud
957 5251 1089 5304 Hoc.
1131 5248 1303 5302 Simili
1363 5249 1524 5301 modo
1563 5249 1830 5303 terminus

273 5344 345 5396 acl
377 5336 538 5411 quem
567 5344 753 5399 iisdem
781 5342 1157 5406 verbisinest;
1188 5352 1314 5392 nam
1344 5338 1463 5399 sine
1502 5354 1567 5393 eo
1596 5341 1827 5395 termino

275 5445 384 5485 non
416 5433 562 5486 esset
591 5434 996 5497 transmutatiO,
1041 5431 1136 5485 sed
1185 5429 1369 5499 potius
1418 5431 1719 5497 corruptio,
1782 5435 1826 5486 si

1928 4438 2035 4490 nisi
2060 4446 2279 4491 creante
2318 4437 2475 4502 Filio,
2525 4438 2865 4506 bencplacito
2915 4439 3024 4491 Pnl-
3067 4457 3109 4505 ςς,
3154 4452 3207 4494 et
3253 4443 3487 4510 Spiritus

1927 4529 2100 4582 sancti
2138 4530 2431 4582 minutalia.
2471 4529 2552 4581 E:
2584 4531 2692 4597 ipso
2730 4531 2888 4592 enim,
2925 4543 2970 4582 et
3017 4523 3106 4590 per
3133 4534 3326 4602 ipsum,
3359 4544 3403 4585 et
3436 4537 3488 4588 in

1929 4621 2040 4689 ipso
2072 4622 2243 4673 omnia
2277 4621 2315 4680 ⁸,
2353 4620 2509 4687 juxta
2559 4621 2860 4687 apostolum
2891 4622 2998 4674 l’at'
3033 4639 3139 4675 "tu.
3172 4627 3233 4676 Et
3262 4642 3486 4678 rursus:

1936 4708 2038 4763 Per
2088 4726 2239 4779 qutm
2288 4717 2338 4759 et
2381 4709 2572 4761 .sa‘rulu
2617 4711 2733 4776 fecit
2767 4712 2808 4763 ³.
2860 4712 2924 4764 Et
2971 4712 3163 4764 itczum
3201 4729 3213 4762 ξ
3262 4714 3486 4766 I’ortans

1935 4804 2111 4854 omnia
2136 4801 2284 4852 verbo
2318 4807 2586 4867 potestatis
2611 4818 2719 4853 sua:
2751 4803 2792 4854 ³.
2825 4803 2887 4855 E't
2922 4804 3155 4856 Joannes
3189 4808 3484 4873 evangelis-

1935 4904 2007 4956 ta,
2034 4892 2222 4948 Omnia
2259 4908 2351 4957 per
2375 4895 2542 4958 ipsum
2575 4895 2713 4960 facta
2739 4907 2858 4948 sunt
2888 4896 2927 4948 ⁸.
2967 4898 3231 4949 Elidem:
3263 4902 3485 4960 bpiritus

1932 4991 2004 5035 est
2038 4982 2127 5065 qui
2162 4980 2390 5048 viviﬁcat
2424 4982 2464 5034 ⁵.
2490 4983 2552 5036 Ει
2585 4984 2823 5039 Paulus:
2858 4986 2920 5040 Si
2948 4992 3082 5041 enim
3120 4990 3343 5046 θέει-ηας
3374 4995 3512 5062 ejua'

1928 5074 2017 5138 qui
2057 5075 2380 5124 resuscitatiit
2409 5072 2589 5127 Jesum
2636 5075 2899 5131 Christum
2941 5098 2970 5132 α
3005 5095 3243 5148 mortuis,
3286 5087 3482 5139 habitat

1926 5167 1979 5216 in
2015 5164 2178 5224 nobis.
2215 5165 2306 5232 qui
2351 5169 2616 5220 suscitavit
2655 5168 2836 5223 Iesum
2869 5171 3131 5227 Christum
3183 5194 3208 5226 α
3242 5180 3477 5241 mortuis,

1927 5253 2206 5320 uiviﬁcabit
2243 5264 2291 5306 et
2322 5257 2567 5312 mortalia
2597 5276 2818 5328 corpora
2857 5273 3035 5316 nostra
3062 5282 3152 5330 per
3182 5268 3478 5321 inhabitan-

1927 5356 2028 5397 tem
2063 5347 2115 5397 in
2141 5348 2282 5398 nobis
2320 5346 2572 5415 Spiritum
2600 5353 2709 5418 ejus
2735 5354 2776 5404 ‘.
2801 5353 2866 5405 Et
2896 5353 3089 5406 iterum
3117 5372 3127 5404 :
3224 5360 3346 5409 szuLa
3382 5377 3480 5410 att-

1929 5448 2029 5489 lem
2058 5438 2165 5488 lucc
2195 5448 2440 5502 aperatur
2465 5441 2601 5505 idem
2630 5452 2784 5511 atque
2812 5459 2942 5495 unus
2969 5443 3196 5509 Spiritus
3245 5450 3472 5502 (tridens

344 5611 363 5643 ι
396 5609 552 5666 Rom.
588 5627 658 5681 xl,
686 5612 771 5669 56.
848 5617 870 5663 .'
906 5616 1067 5672 Hebr.
1096 5634 1130 5680 ι,
1166 5616 1220 5670 2.
1286 5617 1303 5647 ³
1336 5615 1473 5670 ibid.
1518 5617 1566 5670 5.
1641 5617 1658 5648 ‘
1687 5618 1816 5673 Joan

1927 5666 1930 5676 .
1978 5609 2045 5674 ὃς
2116 5624 2134 5653 ⁸
2170 5622 2320 5677 Joan.
2358 5638 2425 5684 γι,
2463 5616 2550 5676 64.
2630 5626 2647 5653 ε
2687 5601 2840 5677 Boni.
2882 5638 2992 5686 γιιι,
3035 5624 3118 5678 ll.
