4122 6326
640 276 747 342 503

1592 269 2090 331 BESSARIONIS
2132 271 2193 332 S.
2228 271 2304 333 Β.
2346 270 2415 333 Ε.
2452 271 2918 335 CARDINALIS

3775 276 3881 339 ΒΜ

640 340 925 456 unicuique
970 393 1122 457 prout
1155 385 1266 439 uult
1294 340 1335 439 ί.
1369 384 1432 439 Et
1479 384 1669 439 David.
1707 385 1898 439 Emitte
1937 383 2197 454 Spiritum
2302 400 2443 454 quae,
2476 384 2580 441 etsi
2604 382 2680 436 ad
2710 398 2833 439 esse
2860 384 2940 440 rei
2969 383 3198 438 minime
3228 385 3537 440 necessaria
3566 386 3701 452 sint,
3734 390 3875 443 mul-

643 489 790 531 tatum
810 485 857 529 et
887 476 1207 530 creabantur
1236 478 1275 527 ².
1306 473 1442 527 lllud
1473 489 1604 527 sane
1636 474 1953 541 simpliciter
2006 482 2199 528 tenen-

643 571 796 631 dum,
827 577 881 621 et
908 584 1006 635 pro
1036 568 1273 636 generali
1301 566 1530 635 quadam
1566 564 1747 631 regula
1772 564 2195 628 observandum,

641 663 837 717 divina:
878 659 1162 713 Trinitatis
1207 659 1577 727 operationes,
1609 657 1654 709 si
1701 658 1823 724 quis
1868 656 2199 710 intrinsecus

640 767 757 806 eam
790 752 958 819 ipsam
985 758 1213 819 Speetet,
1245 748 1537 801 distinctas
1564 748 1785 800 omnino
1818 763 1879 799 ac
1920 759 2199 815 separatas

640 859 781 905 esse,
814 842 1107 911 aliquando
1134 842 1297 893 etiam
1324 839 1471 892 nullo
1492 838 1650 891 modo
1683 840 1911 893 invicem
1949 854 2197 892 commu-

642 936 848 997 nicare,
882 932 1343 1002 quemadmodum
1392 945 1447 982 se
1479 929 1680 981 habent
1728 943 1986 998 generare
2015 935 2068 980 et
2103 942 2198 993 ge-

640 1023 845 1084 nerari,
881 1024 1089 1089 Spirare
1123 1028 1181 1072 et
1206 1018 1422 1085 spirari,
1457 1027 1515 1070 et
1540 1016 1644 1069 alia
1688 1017 1932 1084 quaedam
1972 1015 2192 1068 similia.

638 1114 992 1167 Extrinsecus
1016 1125 1165 1172 vero,
1190 1121 1243 1163 et
1262 1120 1528 1178 quatenus
1554 1108 1618 1161 ad
1639 1118 1940 1160 creaturam
1965 1116 2192 1173 spectat,

640 1221 748 1275 una
795 1216 878 1258 est
911 1204 1186 1273 operatio,
1213 1211 1267 1255 et
1314 1202 1455 1254 idem
1503 1214 1641 1268 opus
1679 1199 1854 1252 Patris
1896 1207 1946 1249 et
1996 1197 2113 1250 Filii
2142 1206 2195 1248 et
2236 1198 2237 1201 “

642 1296 878 1361 Spiritus
911 1292 1108 1352 sancti,
1153 1290 1400 1357 nihilque
1432 1297 1516 1343 est
1552 1303 1743 1341 eorum
1776 1301 1896 1353 qua:
1932 1288 1985 1338 in
2034 1286 2196 1337 nobis

638 1360 794 1449 fiunt;
846 1382 989 1453 quod
1032 1396 1141 1433 non
1175 1394 1240 1432 ex
1274 1389 1381 1433 tota
1416 1378 1688 1433 Trinitate
1721 1383 1957 1439 emanet,
1984 1390 2089 1426 una
2118 1384 2196 1426 ta-

636 1488 760 1526 men
817 1473 1169 1541 (speratione,
1218 1486 1323 1523 una
1376 1468 1656 1538 potentia,
1723 1481 1831 1520 una
1894 1466 2187 1519 voluntate.

635 1563 815 1629 Quare
844 1579 984 1616 unus
1004 1562 1169 1615 etiam
1206 1559 1405 1614 dicitur
1435 1566 1669 1620 creator.
1707 1566 1762 1611 et
1792 1571 1960 1609 unum
1992 1556 2193 1623 princi-

636 1656 786 1721 pium
821 1668 1009 1705 eorntn
1040 1651 1311 1712 omnium,
1341 1664 1461 1717 qua-
1489 1657 1787 1716 sunt..quaa
1826 1650 1989 1709 iiunt,
2009 1646 2191 1700 Trini-

2304 487 2420 529 tum
2464 484 2646 529 tamen
2677 475 2968 529 cbni‘erult
2988 476 3060 528 ad
3084 475 3336 530 decorem
3371 478 3874 548 perfectionequ

2304 564 2587 635 mysterii;
2619 581 2687 619 ex
2710 567 2912 634 quibus
2944 566 2988 621 si
3018 566 3148 636 quid
3177 566 3474 635 aliquando
3498 570 3644 637 justa
3678 583 3871 622 neces-

2302 656 2465 711 sitate
2497 660 2973 726 praetermittatur,
3001 660 3147 713 nulla
3184 662 3397 728 jactura
3430 659 3500 713 sit
3533 674 3547 711 :
3588 660 3868 730 bujusmo-

2300 749 2354 803 di
2386 760 2515 803 sunt
2549 751 2864 818 mysterium
2900 767 3068 822 super
3094 752 3250 804 altari
3283 751 3579 816 coniicere,
3611 754 3866 806 sacerdo-

2300 840 2499 893 talibus
2542 841 2784 893 vestibus
2818 841 2991 904 indui,
3024 841 3389 902 sacerdotem,
3442 842 3606 895 multa
3653 850 3709 896 et
3743 854 3868 896 ante

2300 922 2465 981 verba
2504 930 2715 982 Domini
2756 939 2812 983 et
2845 939 2967 998 post
2995 931 3046 983 in
3082 930 3298 984 laudem
3346 930 3461 1013 Dpi,
3510 932 3561 983 in
3598 932 3867 984 narratio-

2299 1034 2422 1072 nem
2451 1035 2674 1087 Operum
2705 1035 2951 1084 suorum,
2988 1021 3041 1074 in
3075 1022 3523 1088 impetrationem
3556 1020 3681 1076 vita
3706 1030 3867 1075 ater-

2298 1125 2400 1169 nze.
2452 1112 2646 1179 partim
2692 1121 2718 1164 a
2770 1113 3169 1177 sacerdotibus,
3198 1115 3395 1181 partim
3426 1128 3456 1166 a
3485 1112 3691 1184 populo
3731 1112 3865 1166 dici.

2302 1196 2453 1253 Unde
2487 1212 2541 1254 et
2570 1203 2672 1253 alia
2705 1202 2845 1264 apud
2877 1202 3015 1257 alios
3037 1204 3320 1267 dicuntur,
3343 1204 3567 1273 etapnd
3596 1202 3867 1273 quosdam

2299 1291 2476 1357 plura,
2519 1294 2659 1358 apud
2697 1293 2832 1345 alios
2856 1293 3133 1361 pauciora.
3161 1292 3304 1349 illnc
3325 1302 3413 1350 est
3433 1278 3581 1362 quod
3609 1293 3865 1358 Basilius,

2296 1379 2480 1434 Jacobi
2508 1421 2523 1445 ,
2562 1382 2986 1452 Chrysostomus
3001 1399 3131 1440 rem
3153 1383 3339 1440 Basilii
3360 1386 3560 1440 missas
3579 1385 3867 1440 breviores

2254 1470 2261 1475 ’
2296 1470 2565 1536 fecerunt,
2618 1474 2762 1541 quod
2812 1488 2921 1529 non
2951 1474 3262 1530 necessaria
3305 1475 3489 1530 forent
3522 1476 3707 1529 omnia
3740 1490 3866 1543 quae.

2293 1564 2634 1618 dicebantur.
2695 1566 2867 1621 Nemo
2915 1570 3081 1622 renim
3137 1570 3513 1624 necessarium
3561 1568 3864 1637 quidquam

2296 1654 2603 1709 detrahere.
2628 1657 3079 1726 praesmnpsisset.
3111 1658 3265 1724 Quod
3312 1660 3357 1712 si
3400 1658 3523 1728 quis
3562 1674 3709 1714 nunc
3748 1674 3863 1713 non

637 1718 719 1797 tas
786 1757 906 1796 esse
964 1742 1230 1795 creditur.
1273 1739 1488 1806 Quibus
1530 1750 1712 1793 autem
1770 1738 1952 1793 verbis
2007 1738 2189 1807 potius
2219 1718 2265 1777 Β
2297 1757 2393 1811 per
2424 1718 2793 1815 contemptum
2845 1718 3287 1815 E'cclesiaeiquae
3334 1718 3729 1814 ita.ordinavit,
3760 1765 3867 1805 nec

633 1835 947 1887 consentire
977 1834 1134 1887 decet
1160 1834 1372 1887 Patrem
1392 1839 1449 1886 et
1470 1830 1735 1901 Spiritum
1759 1840 2008 1885 sanctum
2029 1845 2192 1900 quam

636 1926 779 1985 Filii.
815 1928 907 1994 qui
944 1926 1187 1995 ejusdem
1217 1936 1304 1981 est
1333 1936 1567 1988 natura.
1590 1923 1948 1993 ejusdemque
1980 1937 2101 1977 cum
2125 1937 2192 1976 eo

631 2017 1001 2071 substantiae?
1048 2018 1390 2072 Manifestum
1429 2017 1532 2070 hoc
1563 2014 1818 2069 omnibus
1849 2023 1931 2069 est
1957 2023 2190 2067 conten-

632 2113 765 2164 dere
809 2110 1141 2164 nolentibus.
1175 2110 1269 2164 Est
1300 2119 1481 2163 autem
1512 2108 1577 2164 ad
1624 2107 1737 2161 haec
1766 2106 2107 2161 necessarius
2136 2115 2191 2161 et

636 2202 867 2254 idoneus
901 2211 955 2254 et
976 2201 1249 2255 suiliciens
1277 2202 1545 2254 minister.
1576 2199 1861 2255 Suiiiciens
1887 2186 2067 2252 autem
2107 2206 2191 2251 est

634 2292 729 2371 qui
763 2301 1081 2360 potestatem
1108 2308 1201 2361 per
1225 2295 1692 2354 consecrationem
1719 2288 1905 2345 habuit
1929 2300 1985 2345 et
2006 2303 2188 2345 sacer-

635 2386 733 2437 dos
763 2383 935 2439 factus
968 2397 1071 2439 est.
1101 2384 1210 2439 Nec
1236 2386 1381 2440 enim
1404 2400 1781 2461 aquocunque
1807 2384 2016 2452 prolata
2040 2383 2188 2455 ejus-

636 2475 783 2528 modi
838 2475 1005 2531 verba
1035 2477 1248 2532 eiIicere
1296 2490 1523 2547 possunt
1564 2479 1709 2548 quod
1750 2478 2035 2544 quaritur,
2079 2477 2188 2531 imo

634 2582 764 2619 vero
793 2568 928 2620 nihil
968 2570 1192 2623 omnino
1230 2578 1481 2638 possunt,
1517 2572 1619 2622 nisi
1654 2583 1684 2621 a
1733 2569 2014 2623 secerdote
2061 2582 2189 2638 pro-

636 2657 902 2709 ferantur.
936 2658 1065 2727 Ejus
1088 2660 1166 2712 rei
1201 2661 1336 2715 ratio
1387 2670 1469 2714 est
1501 2660 1645 2726 quod
1684 2660 1757 2712 ita
1786 2658 1896 2712 Deo
1930 2657 2188 2726 placitum

634 2753 743 2807 est,
770 2746 842 2797 ita
884 2747 1177 2810 ordinavit,
1215 2750 1357 2801 hanc
1390 2750 1515 2801 tulit
1546 2750 1739 2815 legem.
1774 2744 2189 2814 Transgressori

637 2836 806 2902 igitur
843 2837 975 2903 legis
1001 2846 1057 2888 et
1094 2837 1392 2889 voluntatis
1420 2837 1788 2905 ejusdignum
1817 2841 2068 2901 paratum
2106 2843 2190 2887 est

637 2928 913 2980 meritum.
947 2940 1015 2978 ne
1036 2925 1163 2993 quid
1189 2925 1363 2979 facere
1397 2926 1587 2993 possit.
1612 2923 1838 2993 Oportet
1877 2932 2056 2998 autem
2104 2937 2191 2978 sa-

2297 1842 2552 1903 tanquam
2593 1850 2789 1890 novam
2822 1837 3230 1892 introducendo
3265 1838 3522 1904 hmresin,
3560 1840 3655 1893 sed
3688 1840 3863 1893 inevi-

2296 1922 2446 1977 tabili
2504 1923 2685 1992 aliqua
2727 1924 3057 1979 necessitate
3114 1934 3358 1990 coactus,
3409 1926 3526 1981 sola
3577 1925 3865 1980 Dominica

2294 2013 2456 2068 verba
2492 2028 2617 2067 cum
2648 2012 2839 2069 debita
2881 2016 3184 2071 intentione
3214 2016 3530 2086 protulerit,
3558 2015 3677 2084 ipsa
3709 2016 3859 2070 dun-

2294 2103 2438 2161 tax'at
2467 2121 2587 2175 quae
2618 2106 2709 2161 ille
2739 2107 2876 2161 dixit
2901 2116 2956 2165 et
2979 2108 3128 2173 fecit,
3149 2108 3339 2162 dicens
3364 2117 3418 2163 et
3439 2107 3665 2172 iaciens,
3694 2107 3821 2159 dum
3840 2136 3858 2147 -

2292 2198 2452 2251 modo
2514 2198 2771 2253 sacerdos
2824 2200 2933 2265 sit,
2986 2194 3859 2278 convenientemquemateriam

2290 2289 2509 2354 habeat,
2547 2290 2793 2358 profecto
2825 2306 3011 2346 verum
3044 2291 3249 2346 Christi
3275 2306 3475 2360 corpus
3503 2292 3862 2359 sanguinem-

2288 2396 2394 2451 que
2443 2380 2690 2451 perfecit.
2714 2381 2912 2437 Contra
2947 2399 3080 2438 vero
3108 2384 3153 2438 si
3185 2384 3310 2453 quis
3341 2395 3535 2439 extera
3566 2381 3771 2446 omnia,
3800 2390 3865 2441 et.

2287 2472 2391 2526 alia
2425 2486 2565 2540 pene
2610 2470 2817 2527 inﬁnita
2842 2474 3150 2545 proferens,
3195 2476 3373 2529 verba‘
3394 2474 3609 2529 Domini
3657 2473 3861 2528 omise-

2299 2566 2398 2630 rit,
2432 2564 2568 2620 lusit
2595 2580 2839 2635 operam,
2880 2578 2939 2620 ut
2975 2569 3150 2632 aiunt,
3184 2569 3430 2635 nihilque
3455 2567 3685 2637 peregit.
3740 2563 3749 2573 '

2357 2654 2511 2719 Quod
2560 2656 2607 2709 si
2658 2657 2797 2711 forte
2836 2659 3101 2726 quispiam
3148 2646 3233 2712 iis
3292 2659 3516 2711 minime
3565 2666 3861 2711 contentus

2290 2744 2676 2799 auctoritatem
2730 2755 2953 2813 quam,
3004 2758 3059 2802 et
3113 2748 3245 2817 quid
3304 2749 3555 2801 doctores
3605 2746 3863 2802 Ecclesia

2292 2835 2565 2888 senserint
2608 2836 2804 2891 audire
2849 2837 3147 2901 desideret,
3196 2838 3250 2891 in
3288 2838 3483 2906 primis
3519 2838 3707 2891 videat
3733 2839 3865 2891 Am-

2291 2926 2532 2979 brosium
2580 2935 2739 2981 actate
2767 2928 2988 2997 quidem
3045 2928 3439 2998 pracedentem
3474 2939 3719 2991 czeteros,
3771 2944 3859 2981 sa-

638 3015 915 3067 cerdotem
966 3029 1089 3067 cum
1118 3014 1298 3067 debita
1346 3014 1651 3067 intentione
1682 3014 1747 3066 ad
1770 3029 1832 3067 ea
1864 3028 1985 3079 qua
2010 3014 2190 3067 Domi-
2217 3041 2262 3099 ο
2294 3018 2496 3087 pientia
2521 3034 2651 3074 vero
2668 3035 2730 3074 ac
2755 3021 2878 3075 vitae
2897 3022 3181 3076 sanctitate
3208 3021 3368 3087 nulli,
3392 3022 3474 3075 vel
3498 3020 3863 3074 Orientalium

643 3124 750 3162 nus
777 3106 1055 3161 mandavit
1080 3107 1361 3161 accedere.
1397 3106 1679 3175 Siquidem
1716 3106 1991 3160 mandavit
2034 3106 2193 3161 nobis

641 3210 701 3253 ut
747 3200 800 3253 in
848 3200 969 3269 ejus
999 3201 1567 3253 commemorationem
1623 3199 1737 3253 haec
1782 3213 2085 3267 ageremus,
2135 3206 2192 3251 ut

637 3292 875 3347 sciamus
896 3307 1095 3361 corpus
1118 3292 1234 3358 ejus
1260 3301 1313 3345 et
1339 3291 1654 3361 sanguinem
1682 3291 2195 3357 (instrumentaliter

636 3384 741 3452 ipsi
778 3384 1058 3451 facientes,
1104 3401 1225 3439 cum
1279 3386 1391 3439 hrec
1444 3388 1755 3454 Operamur)
1800 3396 2029 3438 mortem
2077 3386 2194 3455 ejus

638 3480 989 3531 annuntiare.
1033 3477 1087 3531 Si
1135 3480 1259 3545 quis
1310 3478 1455 3530 enim
1499 3480 1583 3532 vel
1628 3477 1791 3531 verba
1830 3478 2065 3540 Domini,
2111 3479 2193 3532 vel

641 3570 743 3621 alia
783 3569 1063 3636 quaelibet,
1104 3570 1306 3637 quibus
1346 3569 1623 3623 existimet
1672 3568 1978 3638 hujusmodi
2009 3582 2195 3621 sacra-

645 3670 891 3712 mentum
927 3659 1144 3721 coniici,
1188 3660 1522 3724 pronuntiet,
1556 3674 1661 3711 non
1700 3659 1766 3711 ad
1791 3674 1854 3712 ea
1888 3673 2009 3725 qua
2050 3660 2197 3713 dicta

647 3758 776 3800 sunt
806 3748 1118 3811 intendens,
1153 3763 1320 3814 seque
1356 3747 1408 3799 id
1445 3762 1603 3814 agere
1631 3748 1779 3816 quod
1814 3748 1904 3800 ille
1930 3748 2197 3817 jussitar-

646 3836 899 3895 bitretur,
930 3835 1065 3886 nihil
1106 3836 1330 3886 omnino
1358 3833 1500 3901 agit;
1533 3835 1628 3887 sed
1662 3849 1761 3887 suo
1788 3834 2083 3889 frustratus
2099 3834 2198 3890 tle-

644 3928 849 3980 sidcrio
886 3926 1113 3979 fallitur.
1147 3924 1425 3978 Materiem
1464 3932 1722 3992 prmtorea
1774 3924 1840 3978 ad
1873 3925 1987 3977 tunc
2018 3933 2199 3993 aptam

644 4027 701 4072 et
731 4020 1147 4071 convenientem
1205 4030 1325 4067 esse
1361 4012 1581 4067 necesse
1628 4022 1730 4067 est.
1782 4012 2014 4083 Oportet
2049 4014 2201 4067 enim

647 4122 839 4176 pain-tn
869 4122 933 4159 ex
961 4108 1256 4167 frumento,
1290 4108 1475 4177 vinum
1505 4116 1573 4157 ex
1610 4105 1717 4158 vite
1747 4102 1887 4157 ﬁeri.
1923 4101 2039 4157 Nisi
2063 4104 2203 4157 enim

644 4214 867 4266 granum
897 4197 1163 4260 frumenti,
1197 4196 1333 4250 dicit
1381 4194 1658 4258 Dominus,
1704 4195 1893 4267 cedens
1923 4195 1975 4247 in
2006 4204 2203 4247 terram

648 4296 909 4341 mortuum
940 4274 1337 4355 fuerit,'nullum
1370 4286 1594 4353 fructum
1613 4288 1791 4356 aﬂ'eret
1820 4287 1861 4339 ⁸.
1886 4287 1950 4339 Et
1972 4300 2199 4339 rursus:

2298 3104 2859 3174 vel‘Occident-alium,
2892 3112 3201 3167 cedentem.
3222 3110 3393 3167 liicin
3423 3125 3678 3165 sermone
3701 3126 3860 3179 quem

2294 3200 2361 3255 de
2397 3202 2752 3256 sacramentis
2783 3202 3022 3272 scripsit,
3060 3203 3131 3257 ita
3156 3202 3336 3273 inquit
3366 3217 3383 3259 :
3412 3200 3701 3268 Quomodo
3717 3201 3863 3255 enim

2296 3295 2451 3362 panis
2504 3303 2683 3363 potest
2733 3308 2854 3349 esse
2890 3309 3093 3364 corpus
3144 3291 3398 3350 Christi?
3437 3292 3649 3359 Quibus
3680 3291 3863 3345 verbis

2296 3397 2391 3442 aut
2417 3391 2647 3457 Quorum
2696 3387 2878 3441 verbis
2914 3386 3031 3442 haec
3067 3394 3410 3441 sacramenta
3458 3384 3811 3455 perﬁciuntur
3840 3384 3869 3435 ?

2298 3478 2364 3533 Et
2392 3479 2543 3532 addit
2575 3496 2589 3531 :
2620 3478 2759 3546 ipsis
2789 3476 3004 3533 Domini
3039 3475 3209 3531 nostri
3242 3476 3372 3531 .lesu
3418 3473 3647 3530 Christi.
3691 3474 3753 3527 Et
3782 3472 3868 3527 in-

2296 3569 2379 3625 fra
2414 3587 2429 3623 :
2466 3572 2600 3624 Cum
2635 3582 2817 3624 autem
2856 3570 2960 3625 hoc
3010 3576 3413 3623 sacramentum
3460 3566 3696 3635 perlicit,
3751 3579 3869 3618 non

2298 3661 2534 3730 propriis
2562 3661 2746 3713 verbis
2772 3658 3051 3724 sacerdos,
3086 3658 3181 3713 sed
3219 3659 3393 3727 ipsius
3419 3656 3623 3710 Christi
3652 3655 3819 3710 utitur
3844 3670 3863 3704 :

2298 3751 2463 3806 verba
2508 3751 2656 3805 enim
2701 3751 2910 3806 Christi
2958 3752 3065 3806 hoc
3096 3757 3501 3804 sacramentum
3546 3747 3870 3802 coniiciunt.

2298 3839 2368 3894 Et
2393 3851 2517 3909 post
2540 3856 2714 3907 pauca
2742 3860 2755 3896 :
2782 3842 2921 3897 Ante
2943 3844 3413 3897 consecrationem
3445 3842 3604 3911 panis
3622 3850 3726 3905 est,
3743 3850 3879 3892 ver-

2300 3930 2387 3985 bis
2415 3929 2596 3984 autem
2636 3932 2838 3985 Christi
2888 3931 3074 3995 dictis,
3110 3926 3244 3986 πηοί
3265 3948 3463 4000 corpus
3503 3933 3707 3987 Christi
3738 3938 3821 3983 est
3858 3948 3877 3982 :

2304 4021 2534 4089 Accipite
2570 4021 2741 4083 enim,
2778 4021 2976 4088 inquit,
3033 4024 3281 4075 comedite
3317 4039 3381 4076 ea:
3431 4039 3490 4075 eo
3535 4039 3733 4083 omnes,
3778 4020 3883 4074 hoc

2303 4120 2378 4163 est
2410 4125 2595 4177 corpus
2619 4125 2815 4162 meum.
2845 4109 3109 4163 Similiter
3137 4110 3191 4162 in
3222 4111 3393 4165 calice
3428 4123 3557 4164 ante
3588 4110 3883 4165 verbabo-

2306 4202 2437 4255 mini
2471 4202 2659 4254 vinum
2699 4206 2786 4253 est
2817 4214 2957 4266 aqua
2992 4197 3245 4259 mistum,
3284 4197 3488 4252 Christi
3529 4199 3715 4253 verbis
3740 4215 3883 4268 ope—

2308 4291 2557 4345 rantibus
2582 4292 2807 4360 sanguis
2831 4290 3087 4345 ellicitur.
3130 4289 3346 4342 Rursus
3375 4288 3520 4342 idem
3550 4290 3885 4345 Ambrosius

646 4378 760 4448 Ego
780 4394 897 4430 sum
930 4380 1047 4431 vitis
1071 4394 1191 4431 sera
1212 4380 1253 4429 δ.
1286 4379 1436 4443 Quod
1468 4379 1510 4431 si
1545 4379 1701 4433 aliter
1736 4362 2007 4437 saeerdOs.
2039 4379 2196 4431 etiam

2310 4400 2434 4440 cum
2472 4385 2642 4439 multa
2667 4384 2819 4453 signa
2842 4392 2898 4437 et
2936 4381 3200 4435 miracula
3229 4389 3738 4435 commemorasset.
3756 4395 3887 4448 qua

646 4484 771 4524 cum
797 4468 982 4533 debita
1020 4468 1342 4529 attentione,
1384 4468 1466 4519 vel
1507 4469 1619 4537 ipsa
1674 4470 1833 4522 verba
1868 4467 2084 4521 Domini
2116 4468 2201 4522 vel

646 4561 753 4615 alia
784 4570 1121 4626 qtiwcunque
1158 4559 1492 4623 pronuntiet,
1514 4574 1681 4611 vanus
1709 4568 1791 4611 est
1811 4558 1989 4611 omnis
2004 4558 2197 4624 labor;

650 4666 747 4705 nec
794 4651 935 4703 enim
970 4662 1204 4714 unquam
1232 4664 1295 4700 ex
1348 4649 1555 4702 hordeo
1599 4651 1819 4703 miliove
1853 4660 1946 4702 aut
1975 4649 2081 4703 alio
2116 4665 2200 4705 se-

647 4743 853 4795 minum
887 4756 1085 4811 genere
1140 4739 1293 4805 panis
1322 4740 1513 4801 laetus.
1545 4756 1717 4809 neque
1752 4742 1925 4795 siccra
1957 4746 2051 4792 aut
2088 4740 2193 4805 lac,

645 4842 740 4886 aut
782 4832 887 4885 mel
922 4832 974 4882 in
1011 4844 1208 4897 corpus
1238 4840 1292 4882 et
1324 4832 1640 4895 sanguinem
1674 4829 1883 4891 Domini
1925 4833 2198 4885 transmu-

648 4933 870 4977 taretur.
906 4922 1020 4975 iloc
1054 4936 1293 4975 canones
1322 4922 1713 4987 apostolorum,
1738 4922 1843 4976 hoc
1868 4924 2201 4992 posteriores

643 5017 898 5070 doctores
932 5014 1215 5066 afiirmant.
1273 5011 1634 5075 Quamobrem
1658 5014 1800 5068 hoc?
1821 5015 2083 5081 Quoniam
2108 5016 2199 5071 ille

646 5108 826 5176 opifex
874 5117 1056 5159 rerum
1103 5105 1175 5157 ita
1208 5104 1399 5166 voluit,
1430 5103 1500 5155 ita
1531 5102 1844 5157 constituit:
1894 5106 2199 5172 transgredi

648 5206 829 5249 autem
870 5204 927 5249 et
954 5198 1125 5248 vitare
1148 5194 1441 5263 quidquam
1472 5209 1661 5248 eorum
1696 5210 1818 5263 qua
1853 5195 1946 5249 ille
1979 5196 2202 5249 ordina-

656 5288 751 5349 vit,
786 5287 939 5342 nefas
969 5296 1071 5341 est.
1111 5286 1233 5341 Haec
1258 5302 1388 5353 ergo
1416 5285 1481 5337 ad
1511 5287 1650 5338 sacri
1687 5285 1930 5354 mysterii
1956 5303 2206 5339 consum-

657 5378 951 5433 mationem
995 5380 1297 5433 necessaria
1334 5391 1557 5445 prorsus
1598 5384 1746 5439 sunt,
1782 5387 1839 5430 et
1872 5376 1991 5441 sine
2015 5377 2210 5443 quibus

660 5466 791 5519 nihil
828 5473 1050 5524 omnino
1076 5470 1195 5528 ﬁeri
1230 5482 1427 5540 potest.
1461 5470 1599 5523 Sunt
1624 5480 1805 5523 autent
1826 5467 1932 5522 alia
1966 5467 2215 5538 quaedam

730 5658 748 5689 ⁸
781 5654 954 5712 lCor.
986 5670 1077 5721 an,
1113 5652 1201 5708 ll.
1277 5650 1296 5680 ²
1322 5648 1460 5705 l’sal.
1495 5661 1611 5713 cur,
1638 5644 1729 5699 ‘50.

2310 4479 2426 4532 solo
2464 4478 2677 4533 Domini
2709 4477 2877 4531 verbo
2904 4476 3041 4530 facta
3071 4474 3247 4539 fuere,
3269 4474 3699 4538 universumque
3721 4484 3888 4522 mun-

2308 4570 2438 4622 dum
2470 4568 2638 4622 verbo
2663 4567 2853 4622 eodem
2882 4582 2947 4620 ex
2977 4566 3147 4620 nihilo
3163 4578 3281 4619 esse
3302 4561 3654 4632 productum,
3680 4560 3886 4612 multa-

2308 4676 2417 4729 que
2457 4646 2564 4713 alia
2618 4658 2984 4720 orationibus.
3020 4666 3075 4711 et
3115 4653 3597 4710 benedictionibus
3622 4649 3888 4705 humanis

2304 4751 2449 4804 facta
2492 4744 2847 4812 osteitdisset,
2908 4758 3188 4816 postremo
3228 4746 3345 4800 hac
3372 4744 3527 4799 addit
3561 4762 3575 4799 :
3622 4742 3678 4797 Si
3711 4741 3888 4810 igitur

2307 4852 2521 4894 tantum
2576 4840 2753 4910 potuit
2795 4841 3029 4892 humana
3065 4838 3372 4891 benedictio
3404 4836 3469 4889 ad
3501 4843 3889 4889 transmutan-

2304 4931 2426 4984 dam
2462 4946 2641 4984 rerum
2673 4940 2947 4991 naturam,
2981 4928 3109 4996 quid
3136 4928 3203 4979 de
3237 4927 3338 4979 hac
3367 4926 3553 4980 divina
3586 4938 3887 4978 consecra-

2302 5019 2450 5071 tione
2482 5020 2746 5081 dicemus,
2766 5018 2857 5071 ubi
2886 5020 2999 5083 ipsa
3023 5015 3184 5068 verba
3206 5013 3501 5067 Salvatoris
3522 5021 3831 5079 operantur
3860 5013 3887 5063 τ

2302 5109 2415 5164 Hoc
2444 5114 2589 5162 enim
2622 5117 3024 5161 sacramentum
3056 5102 3201 5173 quod
3231 5103 3455 5171 accipis,
3482 5100 3653 5155 verbo
3668 5099 3884 5155 Christi

2304 5200 2609 5253 coniicitur.
2652 5200 2783 5252 Aliis
2836 5196 3054 5267 quidem
3100 5192 3235 5247 locis
3283 5192 3427 5245 idem
3470 5192 3667 5245 doctor
3701 5192 3885 5244 multo

2312 5289 2462 5356 pium
2517 5290 2566 5339 in
2631 5289 2773 5342 hanc
2826 5285 3153 5340 sententiam
3210 5281 3654 5335 manifestissime
3718 5283 3882 5335 dicit.

2315 5380 2650 5447 Augustinus
2672 5394 2799 5434 vero
2825 5375 3201 5435 Sanctissimns
3221 5381 3278 5428 et
3304 5374 3416 5441 ipse
3447 5372 3661 5439 doctor,
3696 5372 3884 5428 Divini

2318 5470 2566 5536 corporis
2609 5468 2975 5533 consecratio,
3014 5465 3212 5535 inquit,
3244 5479 3275 5520 a
3310 5464 3588 5543 catholica
3631 5464 3885 5520 Ecclesia

1809 5645 1827 5675 ³
1854 5642 2013 5700 Joan.
2044 5657 2139 5711 sn,
2165 5640 2256 5695 24.
2329 5641 2528 5702 ‘Joau.
2577 5659 2665 5711 xv,
2699 5646 2749 5702 l.
2827 5639 2839 5649 ’
