4122 6326
232 250 357 312 505

1187 256 1191 263 “
1231 246 1331 309 DE
1372 245 1891 309 SACRAMEINTO
1928 243 2480 309 EUCHARISTI/E.

2890 188 2929 231 κ

3372 252 3480 315 505

224 340 470 424 creditur
504 383 611 424 non
645 368 823 439 magis
852 382 881 422 a
908 369 1076 435 bono,
1111 381 1223 422 non
1252 367 1436 421 minus
1464 381 1499 421 a
1534 366 1681 421 malo
1711 378 1815 421 sua.
1845 372 1890 430 Α
1920 353 2096 432 ipsum
2127 365 2304 433 inquit
2330 364 2667 419 Salvatorem
2702 368 2818 421 haec
2841 365 3126 437 perﬁcere,
3159 365 3333 436 ipsum
3362 382 3481 419 om-

223 461 451 516 oerdote
480 460 679 515 conﬁci
711 480 726 515 :
763 476 943 529 neque
976 460 1124 514 enim
1171 459 1371 514 merito
1403 456 1811 521 eonsecrantis,

222 552 320 606 sed
347 550 621 607 Creatoris
644 549 876 605 elicitur
898 551 1091 606 verbo.
1119 550 1188 604 Et
1212 551 1346 605 alibi
1384 568 1398 605 :
1429 548 1809 613 Credendum,

222 637 429 693 Christi
479 640 663 695 verbis
716 649 1119 696 sacramentum
1166 640 1361 694 conﬁci
1402 640 1606 707 :cujus
1650 637 1809 691 enim

220 728 465 798 potentia
496 731 649 797 prius
679 740 857 784 creata
889 738 1017 784 sunt
1049 745 1117 784 ea
1147 745 1272 798 qua
1294 740 1443 793 sunt,
1471 730 1637 799 hujus
1650 740 1807 782 certe

221 818 396 872 verbo
421 818 487 873 ad
520 820 715 874 melius
738 826 1040 873 mutantur.
1066 819 1212 873 fdem
1240 820 1294 872 in
1326 819 1359 871 2
1386 820 1453 871 de
1477 819 1660 872 verbis
1688 817 1795 870 Do-

224 910 360 963 mini
392 926 406 962 :
441 909 579 963 Ante
633 910 801 977 verba
855 910 1091 975 Domini,
1150 910 1348 978 inquit,
1385 924 1527 976 quae,
1560 910 1676 961 Hoc
1715 917 1797 961 est

224 994 413 1071 Corpus
448 1018 645 1065 meum,
678 1002 893 1066 dicunt,
926 1002 1083 1071 panis
1115 1001 1320 1056 dicitur
1344 1000 1492 1069 quod
1524 1001 1790 1066 oﬂ'crtur;

223 1093 411 1147 verbis
470 1100 652 1147 autem
700 1092 811 1146 illis
855 1093 1040 1157 dictis,
1079 1106 1189 1146 non
1223 1078 1457 1160 amplius
1484 1092 1663 1160 panis,
1695 1092 1791 1144 sed

226 1198 431 1253 corpus
488 1195 730 1239 vocatur.
780 1185 847 1238 Et
889 1201 1078 1240 rursus
1131 1186 1189 1239 in“
1231 1184 1575 1253 expositione
1626 1198 1793 1251 super

222 1274 489 1330 Joannem
530 1282 755 1329 vocatur
801 1290 1001 1344 corpus
1026 1286 1083 1328 et
1107 1276 1473 1338 caroCbristi,
1493 1272 1637 1342 quod
1666 1287 1794 1325 caro

223 1366 513 1419 continere
543 1380 651 1419 non
688 1375 887 1434 potest.
940 1364 1254 1420 Conﬁciunt
1281 1376 1462 1428 autem
1498 1364 1633 1419 illud
1673 1379 1792 1419 car-

224 1454 315 1508 nis
342 1454 530 1517 verba,
564 1471 683 1524 qua:
705 1456 878 1525 ipsius
906 1456 1088 1511 carnis
1112 1455 1317 1511 Christi
1351 1453 1789 1511 verba't‘uerunt.

206 1545 320 1623 ‘Ait
359 1546 527 1601 enim;
588 1548 699 1602 Hoc
742 1557 818 1602 est
856 1565 1045 1617 corpus
1077 1564 1268 1602 meum.
1300 1548 1440 1613 Quid
1467 1548 1669 1603 clarius
1707 1547 1793 1602 his

228 1638 602 1694 testimoniis?
633 1640 763 1709 quid
796 1641 1139 1694 manifestius
1189 1654 1308 1694 esse
1345 1638 1557 1707 potest?
1600 1639 1790 1708 Neque

1916 454 2005 507 nia
2028 457 2242 522 operari
2271 475 2283 509 :
2321 472 2425 510 nec
2458 457 2606 509 addit
2634 458 2892 527 precibus
2913 458 3257 515 sacerdotum
3286 457 3337 511 id
3359 455 3478 511 ﬁeri

1912 546 2059 613 quod
2112 556 2263 601 certe
2315 546 2633 609 addidisset,
2688 546 2734 601 si
2788 547 3037 602 scivisset
3096 547 3471 601 necessarium

1910 634 2048 700 fore,
2097 636 2363 691 subticuit
2396 648 2577 692 autem
2618 649 2885 709 tanquam
2932 654 3037 691 non
3076 640 3469 692 necessarium.

1837 774 1846 778 -
1910 722 2009 788 Qui
2042 726 2190 779 enim
2215 730 2397 781 omnia
2430 729 2582 793 facit,
2610 732 2759 785 nullo
2788 731 2994 801 indiget
3028 738 3336 795 operatorc.
3374 729 3472 783 Ve-

1908 830 2025 867 rum
2060 831 2123 868 ex
2148 818 2253 871 illis
2288 818 2684 889 Chrysostomi,
2717 834 2835 889 quae
2858 836 3020 887 supra
3045 818 3473 873 memoravimus

1904 908 2087 967 verbis
2134 909 2369 966 discitur
2392 913 2640 980 quaedam
2676 912 2824 966 haud
2854 914 3251 965 contemnenda
3284 909 3469 962 consi-

1870 992 1882 997 ’
1902 997 2134 1052 deratio.
2168 1001 2257 1055 Ait
2286 1003 2455 1067 enim,
2485 1020 2596 1058 non
2620 1006 2897 1072 accepisse
2926 1005 3153 1059 Paulum
3182 1020 3215 1058 a
3246 1001 3467 1057 Christo

1902 1086 2041 1142 hanc
2073 1093 2441 1159 traditionem,
2465 1109 2589 1148 cum
2626 1103 2807 1150 tamen
2832 1096 2948 1165 ipse
2973 1112 3042 1151 se
3068 1096 3344 1162 accepisse
3374 1108 3466 1145 as-

1896 1188 2063 1230 serat.
2104 1178 2171 1233 Et
2226 1190 2372 1249 recte
2409 1183 2630 1251 quidem
2672 1185 3113 1254 ChrySostomm.
3153 1186 3287 1242 Erat
3313 1183 3461 1238 enim

1898 1275 2011 1319 tum
2052 1266 2256 1325 Paulus
2292 1286 2611 1340 persecutor
2658 1285 2712 1330 et
2758 1277 2930 1329 hostis
2958 1277 3197 1331 noninis
3227 1276 3459 1341 Christi,

1893 1366 1948 1411 et
1976 1360 2149 1432 multo
2173 1372 2293 1429 post
2330 1366 2709 1419 ascensionem
2736 1367 3119 1421 Salvatoris‘ia
3153 1369 3345 1435 cmlos,
3382 1382 3466 1421 sa-

1894 1461 2043 1502 cram
2081 1448 2247 1505 ﬁdem
2274 1453 2340 1505 ab
2374 1462 2434 1506 to
2467 1456 2558 1521 qui
2585 1457 2685 1511 sibi
2711 1458 2765 1511 in
2807 1456 2892 1511 via
2915 1458 3087 1511 fuerat
3115 1459 3330 1521 obvius,
3385 1457 3466 1510 di-

1893 1537 2123 1593 dicerat.
2159 1542 2372 1630 Quibus
2396 1546 2558 1615 igitur
2594 1550 2935 1604 tradentibus
2962 1551 3216 1616 accepit?
3252 1550 3461 1614 Nempe

1894 1632 2154 1698 apostolis
2182 1641 2238 1685 et
2263 1635 2327 1687 iis
2357 1637 2577 1703 quidem
2620 1654 2731 1697 non
2762 1641 2931 1694 verbo
2958 1649 3169 1694 tantum
3204 1641 3457 1695 docenti-

225 1728 374 1783 enim
426 1729 522 1783 hos
569 1729 819 1783 doctores
874 1730 1161 1797 quisquam
1211 1730 1410 1782 mentis
1452 1744 1699 1797 compos,
1734 1736 1790 1782 et
1820 1716 1862 1773 Β
1889 1717 2012 1781 bus,
2047 1722 2142 1774 sed
2185 1723 2689 1781 demonstrantibus
2734 1744 2918 1797 opere.
2957 1729 3157 1783 Paulus
3183 1745 3309 1784 vero
3344 1739 3461 1781 tra-

226 1814 575 1871 Christianus
618 1833 734 1871 esse
768 1818 1087 1895 desiderans
1132 1825 1420 1885 respueret
1461 1832 1597 1885 quos
1622 1831 1789 1872 sacra:

227 1921 421 1961 omnes
447 1908 664 1978 synodi,
700 1918 756 1962 et
792 1923 1111 1962 communes
1129 1908 1392 1986 Ecclesia:
1414 1907 1668 1963 doctores
1700 1923 1789 1961 ac-

227 2006 539 2067 eeptar'unt,
574 2015 710 2068 quos
760 2010 819 2053 ut
862 2011 1081 2055 sanctos
1126 2016 1188 2055 ac
1234 2001 1345 2055 Deo
1382 2001 1790 2069 acceptissituos

229 2088 441 2155 magnis
472 2089 758 2156 praeconiis
809 2090 1139 2152 extulerunt,
1182 2104 1414 2159 quorum
1473 2090 1787 2143 memoriam

228 2193 352 2232 cum
398 2194 609 2233 summa
658 2181 818 2233 laude
848 2196 959 2233 non
991 2181 1151 2234 modo
1181 2181 1565 2240 Occidentalis,
1598 2195 1785 2233 verum

229 2266 396 2319 etiam
428 2266 734 2320 Orientalis
771 2268 1013 2321 Ecclesia
1048 2269 1314 2323 celebrat.
1344 2270 1682 2323 ManifeStum
1704 2279 1788 2324 est

229 2358 393 2432 igitur
421 2357 522 2410 hos
552 2373 660 2410 non
693 2356 948 2433 obscure,
1018 2372 1195 2426 neque
1231 2358 1331 2411 sub
1356 2358 1543 2423 dubio,
1578 2360 1671 2413 sed
1696 2376 1788 2428 pa-

227 2449 337 2502 lam
368 2458 423 2501 ct
456 2447 746 2500 manifeste
781 2448 1043 2511 sensisse,
1072 2450 1457 2503 sacratissimis
1491 2450 1639 2504 illius
1680 2450 1786 2506 Do-

229 2539 364 2593 mini
394 2538 579 2593 verbis
608 2539 711 2592 hoc
742 2547 1147 2598 sacramentum
1179 2541 1396 2603 conﬁci,
1435 2540 1547 2595 Hoc
1576 2552 1650 2594 est
1673 2558 1789 2595 cor-

228 2648 326 2701 pus
362 2647 536 2684 meum
570 2646 583 2682 :
617 2640 695 2695 et,
726 2629 821 2683 Hic
850 2639 925 2683 est
970 2633 1184 2701 sanguis
1222 2648 1383 2685 meus.
1414 2632 1552 2698 Quid
1585 2635 1789 2703 igitur?

230 2725 293 2779 Hi
318 2722 537 2793 Quidcm
566 2722 669 2777 hoc
699 2723 862 2776 modo
892 2722 1105 2787 dicunt,
1140 2723 1445 2779 Orientales
1478 2741 1609 2779 vero
1633 2727 1790 2780 aliter

202 2804 497 2871 “sentiunt.
551 2814 619 2868 At
665 2814 772 2867 hoc
816 2814 978 2869 modo
1022 2830 1130 2869 non
1182 2814 1327 2869 idem
1371 2815 1424 2868 in
1458 2816 1538 2871 eis
1573 2817 1790 2871 locutus

226 2908 428 2972 fuisset
458 2906 698 2975 Spiritus
732 2924 747 2959 :
781 2921 884 2961 nec
932 2906 1105 2961 sancti
1147 2906 1408 2975 Spiritus,
1439 2905 1531 2959 sed
1586 2908 1791 2960 ventris

228 2977 757 3056 sui‘eructationes
792 3008 977 3054 essent
1036 3012 1316 3054 sermones
1375 3013 1579 3052 eorum.
1634 2998 1791 3053 Nunc

226 3105 361 3148 vero
399 3105 540 3146 unus
569 3098 733 3159 atque
770 3090 911 3147 idem
961 3089 1197 3158 Spiritus
1234 3087 1449 3142 locutus
1481 3098 1563 3143 est
1604 3104 1700 3158 per
1728 3104 1789 3143 os

229 3189 611 3252 utrorumque.
646 3181 714 3233 At
731 3178 1190 3249 quemadmodum
1222 3166 1277 3231 id
1299 3174 1512 3232 caeteris
1534 3178 1789 3232 omnibus

228 3274 304 3326 ita
330 3272 499 3327 etiam
531 3272 585 3325 in
624 3271 727 3325 hoc
754 3277 1103 3325 sacramento
1130 3269 1432 3323 concordes
1468 3275 1595 3321 sunt
1632 3266 1790 3319 Occi-

227 3362 538 3417 dentalibus
578 3362 902 3415 Orientales.
944 3359 1084 3413 Audi
1142 3360 1288 3412 enim
1320 3358 1449 3424 quid
1492 3368 1648 3414 antea
1696 3358 1785 3410 illa

224 3448 456 3513 Joannis
501 3451 683 3519 lingua
734 3450 788 3502 in
826 3463 973 3501 mut
1024 3461 1185 3513 super
1218 3444 1529 3497 Matthazum
1562 3444 1783 3497 homilia

230 3540 378 3594 dicat
416 3557 429 3590 :
462 3538 580 3592 Non
611 3548 759 3600 sunt,
790 3538 991 3605 inquit,
1034 3537 1283 3589 humanae
1313 3535 1569 3601 potentiae
1592 3548 1781 3601 Opera,

226 3644 349 3699 qua:
371 3629 649 3697 proposita
678 3637 804 3681 sunt
828 3644 841 3691 ;
871 3627 961 3695 qui
989 3635 1118 3680 tunc
1142 3638 1207 3677 ea
1239 3623 1365 3678 fecit
1395 3625 1449 3677 in
1475 3638 1649 3687 scena,
1670 3624 1784 3691 ipse

228 3737 377 3777 nunc
406 3736 470 3775 ea
504 3734 721 3788 quoque
752 3701 1033 3786 Operatur,
1072 3731 1171 3769 nos
1196 3715 1569 3768 ministrorum
1602 3715 1783 3769 locum

228 3822 500 3867 tenemus.
538 3808 641 3875 Qui
689 3823 819 3862 vero
874 3804 1202 3871 sanctificat,
1239 3814 1295 3859 et
1351 3818 1414 3859 ea
1443 3814 1635 3869 mutat,
1670 3805 1785 3874 ipse

211 3911 336 3957 .est.
373 3903 587 3956 Rursus
621 3900 763 3954 idem
806 3904 863 3953 in
892 3913 1040 3951 xxvn
1076 3912 1234 3963 super
1266 3895 1283 3949 ι
1311 3896 1376 3950 ad
1408 3896 1657 3951 Corinth.
1688 3896 1784 3949 ho-

227 3994 345 4048 mil.
376 3994 452 4046 ita
499 3992 676 4061 inquit
712 4009 724 4045 :
766 3989 1047 4056 Quomodo
1082 3986 1283 4040 Paulus
1306 4002 1335 4040 a
1370 3987 1598 4041 Domino
1629 4002 1784 4041 acccc

226 4087 306 4157 pit
327 4087 351 4138 Ἰ
374 4074 500 4139 Non
530 4085 684 4138 enim
715 4084 901 4138 aderat
939 4093 1089 4146 tunc,
1113 4081 1209 4134 sed
1242 4095 1381 4134 unus
1411 4089 1529 4134 erat
1563 4095 1629 4134 ex
1662 4078 1801 4149 per-5‘

228 4178 594 4243 secutoribus.
651 4174 723 4230 Ut
772 4174 1063 4243 intelligas,
1113 4172 1209 4235 ait,
1260 4172 1397 4225 nihil
1454 4172 1577 4239 plus
1638 4172 1784 4225 illam

228 4283 473 4324 mensam
509 4267 787 4328 habuisse,
835 4280 994 4333 quam
1042 4264 1275 4316 habeant
1310 4263 1390 4315 hae
1430 4263 1782 4331 posteriores.

226 4358 359 4414 Nam
386 4345 447 4414 et
466 4358 628 4413 hodie
655 4358 769 4420 ipse
790 4364 872 4410 est
900 4357 993 4423 qui
1014 4363 1295 4422 operatur,
1314 4362 1369 4405 et
1398 4354 1578 4413 tradit,
1600 4366 1788 4419 quem-

227 4452 518 4507 admodum
558 4457 618 4504 et
655 4460 807 4501 tunc.
846 4446 1076 4499 Videsne
1120 4443 1303 4510 igitur,
1364 4455 1421 4498 ut
1459 4457 1558 4495 nos
1594 4440 1788 4494 minis-

226 4552 440 4599 trorum
470 4542 647 4595 locum
676 4545 958 4599 tenemus;
1005 4535 1094 4603 qui
1130 4549 1255 4587 vere
1284 4548 1347 4587 ca
1378 4533 1681 4586 sanctiﬁcat
1734 4543 1787 4588 et

228 4642 408 4690 mutat
442 4634 554 4701 ipse
572 4626 679 4684 est.
713 4627 874 4682 Vides
912 4634 971 4679 ut
1013 4626 1127 4693 ipse
1157 4635 1260 4686 est,
1293 4625 1387 4693 qui
1418 4626 1601 4678 omnia
1653 4638 1786 4692 Ope-

228 4734 403 4785 ratur,
431 4730 484 4774 et
525 4717 705 4781 tradit,
733 4715 1187 4785 quemadmodum
1224 4723 1279 4768 et
1314 4724 1465 4768 tunc.
1516 4714 1789 4771 Persuade

231 4812 395 4883 igitur
431 4807 550 4873 tibi,
578 4807 752 4872 ipsum
785 4816 905 4856 esse
956 4803 1046 4871 qui
1074 4817 1135 4856 ea
1180 4810 1353 4857 mutat
1386 4818 1400 4855 :
1434 4818 1555 4867 nec,
1590 4803 1786 4860 rationi

232 4913 334 4958 tuae
367 4914 491 4970 quae
528 4897 694 4950 dubia
726 4903 830 4959 est,
869 4894 964 4948 sed
984 4893 1211 4947 inﬁnitae
1243 4892 1387 4947 illius
1411 4894 1666 4961 potentiae
1686 4897 1791 4951 hoc

233 4991 438 5044 tribue.
478 4986 635 5041 Dices
664 4984 1092 5060 fortasse,rhaud
1123 4984 1216 5038 tibi
1244 4985 1617 5039 contradicere
1644 4988 1790 5045 hunc

232 5081 513 5135 doctorem
542 5095 556 5132 :
588 5076 789 5132 etenim
822 5086 873 5130 te
897 5091 1114 5146 quoque
1144 5086 1197 5130 et
1230 5076 1434 5130 sentire
1458 5088 1513 5131 et
1544 5080 1789 5147 proﬁteri

234 5174 384 5228 illum
416 5186 537 5226 esse
564 5170 658 5238 qni
686 5170 800 5223 haec
837 5179 1115 5238 operatur,
1142 5169 1234 5222 sed
1254 5183 1348 5236 per
1376 5170 1672 5236 orationes,
1696 5176 1791 5229 sed

234 5279 329 5333 per
353 5276 545 5332 preces
568 5260 886 5315 sacerdotis.
921 5260 1081 5327 Atqui
1110 5260 1337 5311 multum
1372 5261 1623 5321 interest,
1657 5278 1791 5331 ope—

239 5352 343 5407 rari
368 5348 595 5418 aliquid,
617 5357 674 5401 et
692 5349 876 5401 omnia
898 5347 1132 5416 operari.
1163 5346 1242 5400 Tu
1269 5363 1502 5415 namque
1527 5348 1789 5419 Spiritum

210 5432 483 5497 'sanctttvn
526 5436 607 5492 eis
659 5437 1075 5491 descendentem
1117 5439 1223 5491 tuis
1259 5438 1507 5504 precibus
1554 5442 1793 5495 sanctiﬁ-

242 5545 364 5585 care
410 5530 527 5582 hac
586 5542 828 5591 munera,
871 5526 1117 5595 quamvis
1170 5528 1331 5581 etiam
1373 5532 1539 5582 verba
1573 5531 1796 5588 Domini

243 5620 461 5691 aliquid,
490 5628 807 5688 operentur.
860 5617 958 5672 llic
1007 5632 1135 5670 vero
1176 5618 1367 5671 doctor
1414 5622 1791 5689 Sanetissimus

1892 1810 2029 1863 didit
2059 1813 2214 1867 nobis
2247 1830 2365 1884 quae
2399 1828 2704 1885 acceperat.
2736 1819 2872 1873 Cum
2907 1831 3088 1874 autem
3120 1835 3184 1871 ea
3214 1820 3329 1873 sola
3349 1828 3470 1870 tra-

1890 1903 2093 1955 diderit
2125 1920 2243 1970 quae
2272 1909 2324 1958 in
2353 1907 2685 1983 Epistola_ad
2715 1909 3027 1963 Corinthios
3058 1911 3271 1971 scribit,
3305 1917 3455 1963 certe

1890 1993 1983 2047 illa
2014 1995 2123 2048 sola
2156 1998 2385 2063 accepit,
2416 2007 2472 2051 et
2511 2000 2596 2051 illa
2637 2000 2746 2059 sola
2778 2001 3052 2066 apostolos
3078 1998 3259 2051 facere
3291 1998 3448 2053 vidit.

1888 2081 2025 2134 Nam
2052 2083 2094 2135 si
2120 2085 2272 2151 plura
2302 2086 2481 2138 facere
2513 2088 2757 2148 vidisset,
2784 2103 2847 2140 ea
2870 2101 3087 2155 quoque
3114 2086 3447 2140 tradidisset.

1888 2172 2032 2225 Nihil
2056 2185 2237 2227 autem
2272 2177 2323 2227 in
2357 2192 2419 2229 ea
2455 2176 2692 2244 Epistola
2724 2178 2854 2228 dicit
2881 2178 3110 2244 amplus,
3146 2180 3249 2230 nisi
3287 2176 3449 2231 Chri-

1888 2248 2029 2315 stum
2068 2266 2340 2331 accepisse
2370 2280 2560 2333 panem
2594 2268 2646 2331 in
2672 2281 2875 2332 manus
2905 2282 3050 2331 suas,
3076 2266 3445 2330 benedixissc.

1887 2354 2102 2411 dedisse
2130 2357 2436 2425 discipulis.
2468 2368 2629 2426 atque
2660 2359 2861 2412 dixisse
2897 2376 2908 2409 :
2935 2358 3167 2427 Accipite
3193 2367 3241 2410 et
3269 2368 3471 2411 conte-‘

1886 2446 2013 2507 dite,
2062 2449 2155 2500 hoc
2206 2458 2283 2500 est
2338 2466 2523 2518 corpus
2558 2468 2750 2504 meum.
2802 2444 2945 2505 idem
2985 2452 3148 2520 igitur
3188 2451 3337 2505 omni
3378 2467 3442 2506 ex

1886 2544 2044 2602 parte
2071 2538 2319 2605 apostoli,
2348 2540 2549 2606 quibus
2590 2542 2927 2596 tradentibus
2961 2541 3162 2596 Paulus
3186 2542 3237 2594 id
3283 2556 3443 2597 acce-

1888 2624 1988 2690 pit,
2032 2624 2324 2683 faciebant.
2386 2627 2496 2682 Hoc
2527 2620 2745 2683 tantum
2777 2632 2987 2698 accepit
3008 2630 3075 2683 ab
3103 2631 3210 2683 illis
3242 2631 3443 2684 Paulus

1890 2716 1993 2769 hoc
2010 2718 2235 2771 tradidit
2264 2720 2442 2772 nobis.
2470 2720 2661 2775 Postea
2701 2736 2833 2774 vero
2870 2723 2985 2775 sive
3014 2721 3287 2785 Clemens,
3328 2721 3445 2775 sive

1888 2809 2146 2873 Iacobus,
2203 2816 2316 2865 sive
2364 2813 2503 2866 alius
2545 2805 2858 2882 Quicunque
2915 2814 3047 2867 alias
3086 2815 3365 2870 orationes
3390 2825 3447 2869 et

1890 2900 2123 2968 hymnos
2142 2913 2192 2956 et
2222 2904 2430 2958 cantica
2455 2920 2563 2957 non
2597 2906 2662 2957 ad
2705 2906 3107 2969 necessitatem,
3137 2907 3229 2960 sed
3259 2908 3322 2959 ad
3358 2923 3447 2960 or.

1895 3003 2077 3046 natum
2110 2993 2457 3049 addiderunt.
2485 2996 2611 3061 Quae
2634 3013 2755 3051 cum
2792 2998 2862 3051 ita
2895 2998 3027 3060 sint,
3064 2997 3199 3051 satis
3235 3006 3447 3051 constat

1890 3083 2037 3138 beati
2064 3081 2437 3154 Chrysostomi
2469 3088 2842 3142 testimonium
2881 3089 3249 3158 adeoclarum
3280 3101 3442 3160 atque

1889 3182 2134 3240 apertum
2162 3189 2300 3237 esse,
2333 3171 2392 3227 ut
2428 3176 2585 3229 nulla‘
2606 3170 2904 3239 excusatio,
2930 3179 3138 3231 nullum
3164 3179 3445 3235 subterfu-

1889 3260 2036 3328 gium
2062 3262 2523 3316 calumniantibus
2549 3265 2907 3332 relinquatur.
2943 3267 3247 3323 Audiamus
3295 3286 3443 3325 nunc

1886 3349 2138 3402 eumdem
2165 3350 2443 3404 doctorem
2473 3355 2711 3421 seipsum
2742 3348 3125 3423 exponentein,
3150 3368 3205 3412 et
3227 3359 3300 3413 ita
3328 3375 3441 3413 rem

1886 3437 2027 3490 hanc
2065 3437 2457 3505 declarantem,
2509 3452 2565 3494 ut
2615 3444 2819 3508 nullus,
2872 3449 3122 3512 quamvis
3159 3449 3334 3501 audax
3383 3461 3443 3505 et

1886 3529 2282 3594 contentiosus,
2307 3532 2681 3587 contradicere
2712 3535 2876 3589 ausit.
2915 3536 3086 3591 Hicin
3118 3552 3181 3591 ea
3212 3539 3435 3593 homilia

1884 3629 2046 3682 quam
2106 3614 2173 3669 de
2217 3616 2524 3684 proditione
2555 3619 2831 3675 traditoris
2873 3631 3437 3686 etsacramentorum

1886 3702 2177 3757 traditione
2206 3705 2553 3773 conscripsit,
2580 3705 2651 3759 ita
2678 3707 2892 3776 inquit:
2928 3710 3096 3765 Adest
3126 3728 3273 3768 nunc
3303 3729 3439 3783 quo-

1885 3811 1991 3866 que
2041 3795 2314 3862 Christus,
2354 3798 2445 3867 qui
2494 3798 2638 3852 illam
2694 3815 2935 3854 mensam
2990 3801 3141 3866 fecit,
3184 3804 3275 3859 ilie
3318 3808 3436 3875 ipse

1888 3904 2035 3963 nunc
2083 3890 2251 3945 etiam
2290 3901 2464 3945 ornat.
2498 3890 2611 3946 Non
2654 3900 2737 3945 est
2777 3892 2921 3946 enim
2954 3893 3137 3957 homo,
3182 3898 3273 3964 qui
3322 3897 3438 3953 haec

1888 3996 2121 4036 munt-ra
2161 3983 2289 4036 facit
2330 3966 2603 4051 corpuset
2635 3983 2953 4052 sanguinem
2981 3985 3204 4050 ChriSti,
3229 3990 3324 4043 sed
3340 3995 3436 4060 qui

1889 4072 2183 4151 cruciﬁxus
2207 4084 2290 4128 est
2318 4090 2414 4144 pro
2442 4075 2601 4129 nobis
2621 4074 2891 4131 Christus.
2932 4077 3184 4148 Figuram
3217 4081 3439 4149 quidem

1888 4165 2191 4233 adimplens
2232 4174 2370 4218 astat
2416 4167 2692 4230 sacerdos,
2731 4166 2895 4222 verba
2929 4168 3018 4222 illa
3042 4158 3438 4238 pronuntians;

1888 4264 2131 4323 potestas
2173 4269 2297 4308 vero
2316 4264 2370 4308 et
2392 4256 2563 4324 gratia
2598 4266 2711 4309 tota
2729 4257 2931 4313 Christi
2957 4270 3061 4314 est.
3098 4260 3207 4313 Hoc
3241 4273 3443 4330 estcor-

1819 4358 1862 4412 1)
1891 4364 1987 4416 pus
2020 4362 2218 4411 meum,
2239 4347 2334 4400 ait.
2366 4345 2480 4401 Hoc
2494 4349 2720 4403 verbum
2736 4365 2825 4404 res
2848 4352 3151 4422 propositas
3174 4363 3447 4409 transmu-

1892 4446 1990 4492 tat.
2018 4436 2152 4491 Nam
2180 4436 2637 4506 quemadmodum
2664 4456 2763 4494 vox
2806 4440 2896 4495 illa
2927 4457 3036 4512 qua
3072 4443 3278 4497 dictum
3306 4454 3389 4498 est
3424 4462 3441 4500 :

1891 4527 2143 4593 Crescite,
2174 4540 2223 4583 et
2266 4530 2688 4610 multiplicamini
2727 4542 2773 4585 et
2802 4534 2994 4602 replete
3023 4544 3242 4597 terram,
3274 4535 3442 4589 semel

1889 4621 2109 4689 quidem
2134 4621 2269 4677 dicta
2291 4634 2395 4687 est,
2420 4638 2636 4693 semper
2650 4626 3087 4694 autemﬁtoperaa
3111 4638 3317 4679 natura:
3343 4642 3443 4679 no-

1862 4768 1865 4771 .
1890 4725 2015 4770 atra:
2044 4716 2151 4769 vim
2176 4716 2427 4784 praebens
2456 4717 2520 4780 ad
2548 4717 2933 4783 generandum,
2971 4719 3041 4770 ita
3070 4721 3181 4771 haec
3223 4732 3440 4785 quoque

1891 4821 1996 4859 vox
2026 4806 2196 4860 semel
2237 4805 2383 4858 dicta
2412 4805 2466 4856 in
2499 4806 2723 4872 singulis
2749 4806 2859 4857 aris
2888 4822 2953 4858 ex
2974 4822 3038 4858 eo
3077 4816 3316 4874 tempore
3353 4824 3444 4862 us-

1890 4909 1997 4963 que
2020 4896 2075 4948 in
2110 4903 2431 4963 praesantem
2461 4890 2625 4971 diem,
2658 4903 2710 4947 et
2731 4909 2903 4961 usque
2922 4896 2988 4948 ad
3014 4895 3216 4949 Christi
3240 4898 3444 4952 advena

1893 4998 2009 5041 tum
2056 4989 2156 5041 hoc
2198 4993 2593 5039 sacramentum
2632 4985 2839 5052 integre
2879 4985 3108 5053 perﬁcit.
3143 4972 3342 5042 Verum
3371 4992 3441 5045 ad

1894 5077 2009 5131 haec
2052 5076 2236 5131 dicere
2282 5074 2508 5130 soletis:
2542 5072 3005 5139 Quemadmodum
3072 5077 3297 5129 verbum
3331 5094 3442 5147 quo

1890 5178 2075 5221 creata
2116 5176 2245 5222 sunt
2278 5165 2482 5229 omnia,
2524 5180 2630 5216 non
2666 5166 2839 5232 ipsum
2872 5166 3048 5219 solum
3087 5168 3334 5225 suﬂiccre
3372 5171 3440 5223 ad

1891 5257 2308 5325 productionem
2338 5269 2527 5307 eorum
2557 5268 2675 5320 quae
2704 5252 2861 5311 ﬁunt.
2893 5254 2986 5307 sed
3022 5256 3188 5307 maris
3207 5266 3261 5309 et
3283 5258 3443 5310 frmi-

1890 5366 1975 5406 ηε
2032 5348 2470 5419 coniunctionem
2526 5344 2749 5413 requiri,
2803 5353 2861 5397 ut
2891 5346 3216 5399 animalium
3270 5334 3443 5416 genus

1891 5448 2239 5510 propagetur,
2296 5438 2609 5503 cultumque
2662 5444 2925 5488 terrarum
2962 5444 3033 5489 et
3082 5438 3443 5504 agricolarum
3515 5455 3523 5459 '

1891 5547 2054 5600 Opera
2100 5532 2403 5601 necessaria
2440 5544 2583 5591 esse,
2628 5536 2687 5582 ut
2735 5542 2854 5596 qua:
2894 5539 3187 5581 nascuntur
3228 5548 3257 5583 e
3303 5542 3444 5585 terra

1895 5624 2260 5692 producantur
2324 5630 2381 5675 et
2435 5622 2759 5684 coalescant,
2821 5620 3011 5676 eodem
3064 5624 3225 5676 modo
3270 5624 3443 5677 solum
