4122 6326
652 182 758 253 507

1576 180 2074 247 BESSARlONlS
2120 156 2179 249 s'.
2226 189 2298 246 lt.
2334 186 2397 247 E.
2440 184 2904 245 CARDINALIS
2948 237 2952 240 .

3742 178 3854 241 503

649 303 942 358 Salvatoris
968 301 1189 355 verbum
1222 300 1365 354 haud
1388 298 1656 361 suﬂiccre,
1700 300 1792 353 sed
1830 310 1884 352 et
1911 314 2095 366 preces
2114 313 2195 352 sa-
2228 300 2273 357 Α
2302 296 2586 363 materiam
2633 298 2786 381 panis
2819 306 2874 351 et
2902 294 3021 361 vini
3047 312 3151 365 qua
3182 296 3280 365 ipsi
3308 283 3883 381 quoqueutereutlgrf.

649 391 908 453 eerdotis,
941 399 996 445 et
1019 389 1477 458 benedictionem,
1511 388 1686 443 etalia
1720 389 1975 456 pleraque
2005 378 2193 441 neces-

651 480 794 534 saria
838 493 956 532 esse
992 478 1059 531 ad
1109 477 1213 531 hoc
1261 477 1573 547 mysterium
1626 475 2038 545 perliciendum.
2074 474 2195 527 llaec

650 570 791 623 enim
818 568 1046 630 Marcus,
1076 566 1382 637 Ephesinus
1403 568 1651 629 antistes,
1687 581 1753 620 ex
1782 566 1944 620 dictis
1987 564 2196 619 Nicolai

650 662 907 719 Cabasiite
940 670 1152 728 sumpta
1182 660 1421 726 objicere
1452 661 1675 726 solebat,
1704 661 1803 715 etsi
1832 663 1989 727 longe
2024 656 2197 728 impar

655 752 893 821 ingenio,
932 751 1145 804 acutius
1186 764 1318 802 sane
1348 749 1516 802 multo
1554 749 1642 802 ille
1684 748 1995 817 disputavit,
2027 746 2201 816 quan-

652 857 812 910 quam
858 855 959 894 nec
1004 840 1117 906 ipse
1168 839 1384 905 quidem
1418 839 1637 905 dignum
1669 838 1873 907 aliquid
1925 833 2196 891 disseruit.

658 933 812 989 Enim
849 947 980 986 vero
1013 930 1363 985 admirandos
1397 928 1559 983 simul
1618 937 1780 998 atque
1823 921 2099 983 dedendos
2138 917 2233 980 11-⁴

652 1024 732 1078 los
787 1031 1008 1085 censeo,
1055 1022 1151 1091 qui
1196 1032 1392 1091 sponte
1438 1021 1534 1075 sua
1571 1020 1637 1073 sd
1670 1013 2007 1074 clarissimas
2028 1034 2116 1074 res
2146 1028 2202 1073 et

653 1113 823 1191 ipsam
868 1115 1152 1169 veritatem
1212 1115 1399 1167 oculos
1459 1107 1738 1176 ciaddunt,
1792 1122 1847 1167 et
1870 1113 1942 1166 ita
1993 1121 2053 1166 ut
2093 1118 2207 1165 tam

653 1204 796 1260 clara
830 1212 993 1273 atque
1030 1215 1215 1273 aperta
1247 1205 1573 1260 sanctissimi
1600 1203 1837 1257 doctoris
1868 1204 2032 1259 verba
2082 1217 2203 1270 per-

654 1293 871 1350 Vertere
899 1304 1190 1359 conentur,
1229 1308 1283 1350 et
1318 1296 1391 1349 ita
1436 1302 1623 1349 contra
1654 1294 1929 1362 propriam
1972 1294 2202 1347 salutem

654 1395 946 1455 exponere,
977 1396 1037 1440 ut
1068 1387 1324 1441 omnibus
1349 1385 1680 1453 contemptui
1714 1385 1828 1438 sint
1850 1393 2013 1452 atque
2055 1383 2206 1439 deri-

654 1475 757 1529 Sui.
794 1475 933 1541 Quid
963 1477 1109 1529 enim
1135 1477 1211 1528 ait
1244 1476 1299 1529 S.
1340 1475 1574 1529 Doctor?
1620 1474 1869 1542 Figat-am
1903 1472 2207 1541 aditnplens

654 1575 794 1620 astat
848 1565 1124 1627 sacerdos,
1179 1562 1346 1615 verba
1401 1562 1490 1614 illa
1530 1561 1916 1629 pronuntians,
1966 1561 2206 1626 potentia

2298 386 2614 447 ostendens,
2661 373 2895 440 ‘iradidit
2924 386 3005 440 eis
3034 385 3262 440 formam
3295 402 3401 455 qua
3445 374 3849 468 sacramentum

2297 474 2650 530 conﬁcerent.
2702 476 2823 530 Haec
2864 487 3043 530 autem
3086 486 3212 530 sunt
3242 475 3407 530 verba
3427 476 3545 548 ejus
3581 487 3596 526 :
3631 473 3745 529 Hoc
3771 480 3853 528 est

2298 583 2483 633 corpus
2519 583 2711 630 meum,
2731 577 2811 634 et,
2841 566 2938 622 Hic
2960 575 3032 623 est
3060 566 3271 636 sanguis
3305 547 3468 622 meus.
3510 547 3643 633 Quae
3681 565 3852 622 semel

2299 670 2326 709 a
2357 649 2635 713 Salvaittre
2666 659 2815 712 dicta.
2841 657 2915 711 ait
2957 660 3355 713 sacratissimus
3407 657 3599 711 doctor
3635 670 3856 725 semper

2299 742 2537 816 operari,
2585 762 2692 800 nou
2748 750 3057 816 cooperari,
3091 763 3192 802 nec
3234 749 3552 817 cujusquam
3595 746 3853 814 praesidio

2299 836 2476 908 egere.
2518 840 2759 907 Magnam
2785 840 2955 903 enim,
3005 841 3113 892 imo
3156 842 3440 893 maximam
3471 837 3715 892 omnium
3743 837 3853 889 vim

2303 928 2573 982 haberent
2614 927 2848 981 humana
2887 929 3077 997 verba,
3127 929 3169 981 si
3201 926 3330 996 quid
3382 926 3725 981 auctoritatis
3759 934 3856 980 aut

2304 1020 2559 1085 potentia:
2609 1018 2810 1072 divinis
2866 1018 3151 1083 adderent,
3184 1020 3292 1073 imo
3343 1034 3471 1073 vero
3501 1018 3593 1072 illa
3627 1016 3861 1072 excelle-

2304 1117 2424 1163 rent
2462 1110 2743 1177 dignitate,
2773 1111 2915 1177 quod
2943 1110 3104 1164 etiam
3136 1110 3370 1179 cogitare
3404 1110 3634 1171 impium
3663 1118 3746 1162 cst
3769 1118 3857 1161 at-

2303 1215 2409 1269 que
2461 1200 2749 1253 nefarium.
2809 1200 3227 1268 Cooperantur,
3288 1201 3470 1269 inquit
3527 1200 3856 1267 Ephesinus,

2305 1290 2603 1345 Dominicis
2649 1291 2831 1345 verbis
2876 1289 3169 1345 sacerdotis
3231 1303 3442 1359 preces.
3491 1287 3795 1353 Quomodo,
3824 1302 3861 1339 o

2305 1380 2447 1433 bone
2470 1380 2573 1443 vir,
2616 1379 3033 1448 cooperantin?
3058 1376 3137 1433 An
3174 1390 3430 1448 tanquam
3465 1386 3561 1447 per
3597 1394 3655 1433 se
3692 1378 3862 1432 insuf-

2306 1468 2635 1535 iicieutibus,
2669 1487 2733 1523 an
2766 1470 3021 1539 tanquam
3054 1467 3487 1525 suﬂicientibus?
3509 1469 3564 1523 Si
3599 1476 3860 1538 tanquam

2313 1546 2749 1627 sniiicientibus,
2806 1553 3076 1629 sn'pcrllua
3124 1568 3267 1613 certe
3328 1569 3383 1613 et
3442 1574 3581 1613 vana
3639 1566 3723 1612 est
3770 1566 3865 1611 tua

654 1669 787 1709 vero
846 1665 901 1709 et
957 1654 1127 1723 gratia
1196 1661 1303 1705 tota
1356 1651 1559 1705 Christi
1604 1661 1707 1705 est.
1742 1650 1853 1704 Hoc
1896 1648 1979 1704 est
2009 1665 2207 1719 corpus
2238 1644 2281 1699 Β
2312 1650 2486 1703 omnis
2507 1651 2708 1714 oratio;
2743 1650 2788 1723 si
2822 1662 3073 1721 tanquam
3117 1658 3223 1705 non
3266 1647 3681 1714 sufficientibus,
3712 1648 3815 1705 heu
3845 1649 3862 1702 i

659 1758 863 1805 meum,
895 1742 993 1795 ait.
1025 1742 1135 1795 Hoc
1160 1741 1386 1795 verbum
1418 1754 1504 1793 res
1531 1735 1835 1809 piopositas
1862 1736 2205 1794 transmutat.

657 1832 796 1900 Quid
842 1832 942 1887 hoc
974 1832 1179 1886 certius
1221 1830 1536 1885 desideras?
1582 1828 1690 1896 illa,
1736 1830 1934 1899 inquit,
1975 1831 2139 1885 verba
2177 1845 2207 1883 a

660 1922 939 1977 sacerdote
973 1921 1344 1997 pronuntiata.
1371 1920 1501 1985 Qme
1518 1921 1697 1974 autbm
1724 1919 1809 1973 illa
1833 1922 1960 1984 sint,
1980 1920 2207 1989 subjun-

658 2016 755 2084 git.
786 2012 894 2066 Hoc
928 2020 1001 2065 est
1029 2027 1215 2081 corpus
1256 2027 1447 2066 meum.
1480 2010 1593 2075 illa,
1633 2010 1875 2079 inquam,
1905 2017 1991 2067 res
2014 2026 2211 2081 propo-

662 2104 792 2159 sitas
845 2112 1225 2158 transmutant.
1276 2102 1359 2158 Fit
1388 2118 1517 2173 ergo
1559 2097 1935 2157 transmutatio
1972 2118 2069 2170 per
2120 2102 2209 2167 illa

661 2198 844 2260 verba,
877 2210 985 2249 non
1020 2212 1050 2248 a
1084 2182 1384 2256 sacerdote,
1422 2194 1517 2247 sed
1554 2200 1583 2247 a
1617 2190 1856 2254 Christo.
1888 2194 2049 2263 cujus
2086 2202 2209 2269 tota

658 2288 828 2355 gratia
857 2296 913 2340 et
942 2292 1179 2354 potestas
1210 2293 1313 2339 est.
1332 2284 1619 2356 .Sacerdos
1644 2282 1790 2339 enim
1838 2284 2031 2353 ﬁgura,
2053 2274 2212 2338 Chri-

658 2387 775 2432 stus
804 2392 934 2431 vero
957 2377 1189 2431 veritate
1218 2375 1333 2429 haec
1363 2376 1707 2441 transmittat,
1740 2376 2018 2431 sacerdote
2042 2376 2208 2431 verba

658 2468 799 2537 ejus,
850 2466 1308 2537 quemadmodum
1340 2465 1430 2521 ille
1480 2474 1767 2530 statuerat,
1798 2465 2207 2535 pronuntiante.

661 2556 727 2611 Et
751 2572 963 2623 rursus,
988 2556 1100 2611 Hoc
1133 2555 1355 2611 verbum
1383 2558 1777 2610 sacramentum
1805 2557 2010 2633 integre
2045 2543 2213 2625 perii-

660 2649 757 2699 cit.
790 2646 1109 2707 Considera,
1155 2646 1336 2709 homo,
1389 2644 1521 2714 quid
1554 2646 1760 2714 integra
1799 2645 1915 2698 bzec
1952 2642 2213 2711 perfectio

663 2735 952 2803 signiticet,
990 2735 1210 2790 attende
1240 2736 1372 2803 quid
1408 2735 1559 2787 velit.
1592 2733 1704 2787 Hoc
1726 2734 1953 2787 verbum
1985 2748 2071 2786 res
2092 2740 2217 2800 pro;

662 2828 870 2894 positas
920 2835 1265 2880 transmutat.
1314 2826 1433 2879 Noli
1466 2824 1823 2894 pervicaciter
1850 2833 2041 2877 contra
2086 2838 2215 2893 pro-

2307 1754 2429 1809 quze
2490 1720 2807 1809 improbitas
2856 1720 2981 1805 est,
3035 1756 3155 1809 qure
3220 1736 3559 1807 blasphémia’
3631 1740 3864 1803 dicere.

2311 1838 2370 1884 ut
2427 1833 2569 1897 quod
2640 1830 2839 1884 divinis
2912 1831 3067 1884 deest
3136 1830 3352 1893 verbis,
3419 1829 3661 1883 hominis
3731 1842 3868 1898 sup-

2310 1922 2492 1991 pisant
2544 1925 2765 1991 preces?
2807 1921 3075 1976 Praeterea
3138 1933 3260 1975 cum
3325 1921 3487 1975 verba
3560 1921 3674 1975 hac
3728 1919 3870 1975 dicis

2314 2013 2474 2067 simul
2541 2028 2663 2066 cum
2735 2009 2978 2066 oratione
3021 2024 3191 2067 totum
3250 2014 3530 2081 perlicere,
3575 2008 3871 2073 uti-umque

2314 2102 2703 2172 imperfectum
2754 2113 2929 2171 putas,
2978 2118 3203 2157 necesse
3255 2106 3340 2157 est
3388 2102 3554 2172 igitur
3603 2110 3665 2157 ut
3718 2101 3869 2157 aliud

2314 2183 2532 2247 tertium
2564 2192 2862 2248 adveniens
2892 2194 2944 2247 id
2992 2203 3129 2263 agat.
3163 2186 3301 2259 Quid
3344 2202 3470 2250 vero
3514 2194 3617 2250 hoc
3657 2194 3752 2259 sit,
3785 2203 3866 2259 tu,

2312 2286 2517 2353 quaso,
2555 2282 2712 2337 nobis
2744 2283 2913 2351 aperi.
2941 2283 3127 2353 Neque
3151 2285 3296 2338 enim
3328 2283 3592 2355 Spiritum
3618 2280 3870 2340 sanctum

2312 2374 2365 2427 id
2399 2390 2517 2430 esse
2563 2374 2713 2429 dices
2751 2392 2765 2429 :
2807 2375 3077 2445 siquidem
3124 2376 3229 2432 hoc
3260 2387 3345 2432 est
3388 2378 3534 2448 quod
3582 2375 3870 2449 quzritur,

2309 2480 2379 2519 an
2418 2466 2699 2534 quodlibet
2732 2481 2921 2521 meum
2967 2482 3065 2537 per
3098 2483 3178 2531 se.
3214 2483 3279 2522 an
3312 2469 3471 2522 ambo
3501 2470 3666 2524 simul
3698 2466 3875 2539 Spiri-

2316 2564 2430 2609 tum
2474 2570 2723 2612 sanctum
2775 2560 2842 2612 ad
2897 2561 2947 2612 id
3003 2559 3271 2629 agendum
3319 2561 3565 2615 inclinet.
3617 2561 3775 2626 Quod
3825 2560 3869 2615 si

2313 2647 2472 2699 ambo
2503 2648 2791 2702 contendis
2844 2650 2896 2701 id
2953 2664 3135 2717 posse,
3190 2650 3461 2716 intelligas
3514 2656 3738 2707 neceade
3787 2658 3873 2707 est

2316 2736 2459 2803 quod
2501 2737 2545 2790 si
2593 2738 2752 2790 ambo
2788 2738 2948 2791 simul
3000 2739 3101 2791 hoc
3148 2750 3396 2805 possunt,
3429 2751 3703 2809 quatenus
3735 2742 3871 2796 inibi

2317 2815 2595 2881 Dominlca
2647 2828 2807 2881 verba
2858 2828 3231 2891 continentur,
3266 2846 3327 2885 ea
3370 2841 3498 2884 sunt
3528 2845 3650 2897 quae
3693 2828 3873 2885 cond3

663 2915 840 2985 priam
871 2914 1101 2968 salutem
1134 2914 1487 2975 contendere,
1516 2923 1574 2967 et
1602 2914 1764 2983 hujus
1783 2913 2065 2967 sententia
2093 2928 2213 2967 ma-
2239 2953 2286 3015 C
2318 2918 2471 2971 ciunt
2521 2927 2939 2983 sacramentum,
2992 2920 3107 2972 sive
3132 2917 3136 2922 ’
3158 2929 3445 2988 Sequatur,
3487 2924 3601 2977 sive
3646 2929 3754 2978 non
3786 2938 3876 2979 se-

663 3007 747 3076 ‘gis
782 3004 1068 3074 praecipuis
1098 3018 1161 3058 ac
1193 3003 1493 3057 manifestis
1526 3004 1773 3073 partibus
1799 3004 2037 3074 rejectis,
2088 3020 2214 3073 per-
2245 3003 2255 3024 "

671 3108 888 3152 vertere
920 3096 1181 3165 reliquas.
1207 3094 1318 3148 Nec
1350 3095 1494 3149 enim
1534 3094 1833 3163 Ephesinus
1862 3096 1949 3150 ille
1989 3112 2091 3151 nec
2114 3096 2217 3152 Ca-

669 3188 869 3242 basiias
913 3186 1179 3255 integram
1219 3187 1376 3240 istam
1431 3188 1756 3241 sententiam
1788 3188 2087 3255 adducunt,
2120 3188 2214 3245 sed

668 3277 993 3365 quibusdam
1022 3278 1143 3344 eius
1171 3277 1420 3348 partibus
1446 3276 1688 3333 recitatis
1721 3280 2054 3342 transiliunt,
2107 3281 2217 3335 [ηι-

669 3382 883 3441 gmenta
907 3370 1029 3441 ejus
1056 3370 1325 3439 quedam,
1359 3373 1508 3424 velut
1530 3369 1731 3425 indocti
1754 3372 1905 3442 juxta
1932 3372 2211 3431 Platonem

671 3465 853 3534 coqui,
905 3463 1000 3533 qui
1024 3462 1297 3529 nesciunt,
1340 3462 1593 3516 voiuntve
1632 3478 1728 3532 per
1765 3474 1915 3519 artus
1944 3464 2211 3533 dividere,

665 3556 919 3609 nonnulla
943 3553 1302 3624 proferentes,
1320 3542 1513 3608 caetera
1536 3568 1664 3608 vero
1691 3570 1809 3623 qua:
1830 3556 1998 3625 magis
2017 3559 2078 3611 ad
2100 3573 2213 3613 rem

665 3644 927 3708 iacerent,
986 3642 1205 3696 silentio
1238 3652 1648 3711 prastereuntes,
1681 3652 1737 3695 et
1767 3644 1870 3698 hoc
1918 3647 2078 3700 modo
2117 3647 2216 3701 ob-

626 3776 629 3779 -
668 3735 1015 3790 tenebrantes
1052 3733 1354 3787 veritatem.
1391 3732 1450 3786 in
1492 3734 1679 3801 primis
1706 3734 1909 3803 itaque,
1945 3738 2087 3790 sicut
2127 3754 2215 3790 sus-

669 3837 763 3891 pra
792 3823 997 3876 dictum
1027 3832 1130 3885 est,
1161 3837 1229 3874 ex
1272 3821 1582 3889 hujusmodi
1616 3823 1796 3875 verbis
1822 3825 1993 3877 sancti
2016 3824 2215 3879 docto-

669 3914 745 3968 ris
766 3929 872 3967 non
904 3913 993 3966 hic
1017 3927 1180 3980 quem
1212 3926 1310 3965 vos
1351 3912 1532 3965 dicitis
1566 3926 1762 3966 sensus
1791 3900 2085 3982 colligitur.
2117 3916 2217 3969 De-

670 4004 818 4062 inde.
862 4017 893 4055 ο
930 4001 1074 4054 bone
1110 4001 1214 4062 vir,
1244 4014 1424 4052 nonne
1472 3999 1582 4051 illic
1612 4010 1801 4053 auctor
1845 4012 2007 4069 atque
2030 4004 2212 4072 opifex

672 4092 917 4145 Omnium
945 4103 1127 4141 rerum
1154 4100 1367 4141 marem
1393 4098 1446 4143 et
1473 4088 1729 4143 feminam
1766 4106 1830 4144 ea
1855 4093 1971 4161 iege
1989 4096 2215 4159 creavit,

674 4186 732 4236 tit
793 4196 900 4234 non
938 4179 1041 4233 nisi
1078 4194 1175 4249 per
1229 4180 1667 4247 conjunctionem
1728 4197 1917 4237 eorum
1964 4186 2216 4240 animalia

2320 3016 2517 3076 quatur
2553 3010 2748 3065 oratio.
2784 3009 2970 3078 itaque
3000 3011 3135 3064 nihil
3167 3012 3245 3065 eis
3278 3014 3341 3066 ad
3374 3014 3479 3067 hoc
3513 3009 3665 3069 addit
3694 3015 3874 3071 Oratio

2318 3100 2634 3164 sacerdotis,
2656 3115 2755 3154 nec
2778 3098 2885 3155 illis
2906 3102 3127 3170 aliquod
3156 3103 3525 3158 necessarium
3547 3112 3631 3159 est
3651 3109 3873 3164 aliunde

2320 3190 2656 3260 prcsidium.
2692 3190 2845 3256 Quod
2888 3191 2934 3247 si
2978 3200 3247 3261 quatenus
3288 3195 3561 3263 snppiicat
3589 3196 3868 3263 sacerdos.

2285 3290 2379 3337 ‘ut
2412 3281 2747 3336 descendens
2782 3282 3017 3352 Spiritus
3054 3294 3279 3339 sanctus
3315 3286 3403 3339 illa
3437 3281 3710 3342 sacrificet
3753 3305 3875 3343 mu-

2318 3380 2473 3440 nera,
2524 3385 2751 3429 eatenus
2803 3373 3068 3429 duntaxat
3114 3380 3531 3442 contiecrantur,
3564 3377 3700 3435 nibii
3739 3395 3875 3450 ergo

2317 3468 2614 3535 operantur
2644 3466 2808 3520 verba
2842 3466 3141 3531 Dominica,
3186 3482 3284 3523 nec
3319 3483 3511 3523 verum
3545 3471 3677 3525 dicit
3702 3472 3877 3543 Chry-

2272 3625 2278 3628 Α
2319 3569 2609 3617 sostomus,
2642 3572 2763 3611 cum
2797 3574 2858 3612 ea
2893 3560 3085 3613 asserit
3109 3574 3322 3630 semper
3354 3565 3589 3630 operari,
3617 3573 3667 3619 et
3699 3578 3875 3621 trana—

2318 3658 2552 3712 mutare,
2594 3658 2652 3702 et
2716 3650 2923 3720 integre
2977 3653 3272 3718 perﬁcere;
3317 3668 3416 3717 nec
3464 3668 3785 3724 cooperatur
3824 3658 3877 3711 ei

2322 3740 2423 3794 hoc
2456 3742 2615 3795 modo
2646 3744 2942 3796 sacerdotis
2967 3744 3309 3811 supplicatio,
3357 3756 3415 3822 tit
3448 3757 3502 3800 tu
3529 3748 3631 3810 ais,
3662 3750 3756 3803 sed
3790 3758 3877 3801 to-

2324 3842 2435 3885 tum
2468 3842 2745 3899 operatur.
2786 3832 2923 3897 Quid
2978 3835 3137 3902 igitur
3185 3838 3490 3905 corrumpis
3528 3840 3692 3893 verba
3734 3842 3879 3893 sacri

2323 3922 2582 3985 doctoris,
2616 3939 2722 3976 non
2753 3934 2898 3977 recte
2928 3939 2989 3976 ea
3020 3936 3314 3993 exponens,
3352 3939 3408 3982 et
3433 3930 3497 3984 de
3529 3941 3878 3984 sacramento

2323 4012 2663 4064 eucharistia:
2711 4012 2897 4065 falsam
2950 4014 3114 4066 habes
3159 4019 3518 4083 opinionem?
3551 4021 3740 4087 Atqui,
3791 4024 3881 4074 in—

2326 4102 2659 4169 quis,‘etiam
2695 4101 2957 4169 baptisma
2992 4104 3102 4171 sola
3137 4106 3436 4159 sacerdotis
3472 4112 3719 4164 oratione
3745 4126 3878 4179 per-

2327 4191 2521 4244 ﬁcitur.
2554 4190 2810 4243 Etiamin
2838 4191 2940 4245 hoc
2967 4207 3139 4250 erras.
3172 4202 3225 4246 ct
3256 4196 3451 4248 veritas
3473 4196 3526 4248 in
3560 4210 3611 4250 te
3636 4214 3744 4252 non
3772 4211 3880 4256 est.

673 4272 1147 4341 propagarentur?
1180 4261 1564 4340 rursusque'in
1594 4271 1713 4327 aliis
1743 4289 1926 4329 semen
1983 4279 2130 4332 nasci
2167 4289 2221 4333 et
2256 4266 2295 4319 D
2326 4282 2535 4334 Etenim
2577 4280 2840 4347 baptisma
2877 4297 3089 4349 quoque
3123 4283 3416 4337 Dominicis
3447 4286 3724 4353 perﬁcitur
3759 4306 3884 4344 ver-

673 4374 739 4418 ex
766 4370 906 4415 terra
940 4361 1233 4427 ordinavit,
1279 4372 1335 4415 ut
1380 4362 1698 4426 saninetur,
1754 4366 2075 4421 seminatum
2130 4386 2223 4423 na-

675 4465 877 4518 scatur,
908 4462 1205 4521 natumque
1231 4455 1616 4522 multiplicetur
1638 4457 1744 4511 ?At
1775 4458 1978 4513 idcirco
2001 4472 2224 4516 necesse

675 4557 759 4601 est
806 4546 879 4599 ita
916 4545 1055 4599 lteri.
1104 4544 1331 4614 Oportet
1384 4546 1532 4599 enim
1564 4562 1681 4601 esse
1712 4560 1973 4613 arentem,-
2011 4562 2226 4620 oportet
2268 4554 2279 4567 ’

677 4653 793 4691 csse
826 4644 1117 4700 serentem,
1150 4645 1361 4704 oportet
1396 4650 1515 4689 esse
1539 4646 1904 4705 generantem,
1930 4656 2225 4710 omnesque

678 4728 874 4781 divina
902 4727 1349 4795 obtemperantes
1384 4729 1676 4792 voluntati,
1710 4730 1815 4782 hoc
1839 4720 2027 4784 estita
2065 4746 2227 4800 agen-

682 4830 764 4869 tes
806 4827 862 4869 ut
895 4819 986 4871 ille
1018 4817 1227 4873 statuit.
1260 4818 1461 4873 Statuit
1490 4820 1634 4874 enim
1664 4835 1731 4873 eo
1771 4821 1931 4873 modo
1956 4837 2064 4890 quo
2088 4822 2228 4876 dixi-

684 4923 821 4960 mus.
864 4908 1328 4973 Quemadmodum
1387 4911 1476 4963 illa
1518 4925 1623 4965 vox
1665 4927 1770 4980 qua
1834 4913 2041 4966 dictum
2092 4922 2223 4968 est:

684 4996 905 5049 Crescite
950 5006 997 5049 et
1050 4999 1492 5067 multiplicamini,
1538 5017 1713 5069 opera:
1762 5014 1967 5057 naturae
2029 5012 2227 5059 nostra)

685 5088 791 5140 vita
826 5076 1767 5160 praebetpad-generandum.Operae,
1800 5096 1995 5163 inquit,
2020 5106 2226 5150 naturae

687 5188 883 5230 nostra:
911 5179 1018 5230 vim
1065 5179 1291 5246 prebet,
1336 5182 1475 5233 hanc
1498 5182 1705 5239 scilicet
1727 5180 1775 5240 ei
1805 5188 1974 5258 legem
1997 5195 2224 5256 ponens,

685 5277 744 5320 ut
776 5268 862 5320 illa
898 5268 1038 5341 quod
1075 5284 1232 5323 suum
1257 5279 1339 5324 est
1367 5279 1512 5340 agat,
1549 5274 1665 5342 ipsa
1691 5292 1820 5331 vero
1850 5294 2067 5332 omnem
2116 5280 2223 5333 vim

688 5355 947 5422 praebens.
981 5358 1035 5410 in
1073 5360 1175 5413 hoc
1206 5376 1335 5415 vero
1363 5364 1548 5417 divino
1580 5366 1645 5419 de
1676 5382 1783 5436 quo
1814 5371 2023 5438 agimus
2044 5356 2226 5424 saera-

689 5456 888 5511 mento,
923 5450 1181 5505 duntaxat
1222 5456 1499 5523 apostolus
1524 5460 1832 5517 sacerdotes
1864 5452 2140 5527 efﬁciens,»
2166 5474 2221 5517 et

763 5560 779 5590 ί
807 5558 991 5615 Matth.
1024 5581 1214 5635 xxvm,
1263 5570 1351 5624 l9.

2328 4373 2432 4425 bis.
2482 4372 2674 4424 Euntes
2725 4374 2891 4433 enim,
2930 4372 3124 4440 inquit,
3160 4375 3417 4442 baptizate
3461 4390 3545 4428 eos
3582 4378 3635 4428 in
3674 4381 3885 4433 nomine

2326 4462 2527 4521 Patris,
2563 4475 2608 4514 et
2628 4460 2793 4527 Filii,
2820 4474 2862 4515 et
2892 4461 3117 4531 Spiritus
3147 4466 3313 4517 sancti
3340 4468 3377 4520 ¹.
3410 4465 3561 4519 Tunc
3595 4468 3885 4536 perﬁcitur

2326 4554 2612 4621 baptisma,
2640 4554 2856 4625 quando
2882 4555 3012 4607 dicit
3039 4556 3316 4618 sacerdos,
3345 4556 3651 4626 baptizetur
3680 4575 3883 4615 servus

2332 4647 2452 4708 itei;
2492 4654 2603 4712 aut,
2641 4632 2853 4713 baptizo
2901 4652 2953 4702 te
3003 4648 3052 4699 in
3090 4649 3305 4701 nomine
3339 4649 3531 4715 Patris,
3562 4663 3615 4704 ct
3640 4652 3785 4714 Filii,
3822 4662 3883 4707 et

2328 4734 2569 4817 Spiritus
2614 4738 2805 4792 sancti.
2864 4738 3014 4793 lude
3067 4740 3111 4799 si
3161 4741 3493 4808 quisetiam
3548 4745 3683 4797 nihil
3729 4747 3882 4799 aliud

2332 4832 2689 4897 praeter'hrec
2725 4829 2885 4881 verba
2932 4829 3161 4896 dixerit,
3214 4819 3363 4907 recte
3410 4836 3666 4902 baptizat,
3700 4847 3757 4890 et
3783 4844 3882 4905 qui

2333 4925 2437 4995 hoc
2481 4926 2641 4979 modo
2676 4928 2974 4994 baptizatus
3016 4928 3198 4992 fuerit,
3244 4930 3471 4981 salutem
3519 4932 3748 4998 adeptus
3773 4941 3883 4983 est.

2332 5014 2373 5067 E
2400 5029 2662 5069 converso
2688 5032 2838 5080 vero,
2864 5019 2907 5069 si
2942 5018 3065 5084 quis
3088 5027 3278 5071 uetera
3306 5012 3522 5081 dis-erit,
3556 5032 3611 5075 et
3640 5016 3885 5075 infinitas

2331 5107 2397 5167 ad
2420 5106 2587 5160 Deum
2622 5108 2921 5176 porrexerit
2952 5122 3159 5174 preces,
3203 5108 3316 5161 ὴωο
3358 5115 3486 5162 vero
3520 5114 3913 5179 pratermise—‘

2335 5194 2428 5260 rit,
2464 5198 2598 5250 nihil
2633 5200 2855 5250 omnino
2902 5198 3031 5265 agit.
3081 5197 3141 5251 lu
3187 5198 3332 5252 hunc
3379 5200 3598 5254 modum
3653 5205 3889 5271 apostoli

2333 5301 2429 5356 per
2480 5288 2881 5356 impositionem
2937 5305 3194 5351 manuum
3242 5298 3296 5344 et
3340 5292 3777 5348 benedictionem
3829 5304 3921 5349 et.

2335 5381 2827 5443 pronuntiationem
2866 5380 3054 5432 horum
3086 5382 3375 5435 verborum
3410 5383 3783 5452 baptizabant,
3834 5388 3887 5439 iu

2334 5465 2477 5521 hunc
2499 5468 2720 5522 modum
2751 5469 3091 5524 eucharistite
3124 5473 3437 5541 mysterium
3466 5472 3886 5529 consecrabant.
