4122 6326
170 268 273 340 509

1160 264 1259 342 D‘E
1302 282 1798 345 SACRAMENTO
1836 252 2392 348 uncum-isne.

3274 293 3374 355 510

170 389 418 445 Nondum
448 387 744 456 orationes,
782 388 1021 444 nondum
1069 389 1280 462 hymni,
1321 395 1562 449 nondum
1612 392 1790 454 οδε-Δ
1823 406 1951 450 runt
1976 397 2089 451 haec
2112 398 2297 464 verba,
2328 398 2486 453 nobis
2508 412 2651 452 vero
2670 413 2775 453 non
2806 398 3119 456 sufficiunt?
3148 402 3202 457 Si
3230 407 3374 459 enim

171 492 280 537 tera
327 494 448 552 qua
494 480 549 534 in
592 480 824 535 ecclesia
871 480 1150 545 dicuntur,
1202 484 1499 553 composita
1544 494 1719 538 erant.

169 571 476 641 Cogitemus
503 570 675 633 enim,
707 570 852 640 quod
888 570 1003 627 fleri
1038 581 1183 627 certe
1222 574 1417 640 potuit,
1452 573 1568 643 ipso
1597 574 1723 628 Pas-

172 664 339 717 sionis
368 663 454 717 die
482 670 576 716 aut
604 660 873 730 sequenti,
910 662 1131 717 Petrum
1166 663 1249 715 vel
1297 662 1459 717 alium
1490 663 1724 731 quemli-

171 752 258 804 bet
288 765 355 803 ex
385 749 665 818 apostolis,
696 742 750 800 in
783 748 1101 802 memoriam
1127 749 1327 804 Christi
1363 759 1418 803 et
1447 748 1724 805 Passionis

173 842 287 909 ejus
318 846 714 893 sacramentum
748 838 931 891 altaris
960 839 1228 892 conﬁcere
1255 839 1490 892 voluisse
1520 840 1721 909 (neque

173 933 313 985 enim
339 930 599 984 credibile
624 938 725 990 est,
758 944 859 982 non
885 929 1099 983 assidue
1121 942 1215 982 eos
1238 930 1381 983 illius
1407 931 1722 985 meminisse

174 1023 227 1075 in
268 1024 423 1090 cujus
460 1019 1028 1073 commemorationem
1066 1018 1117 1071 id
1168 1018 1281 1072 ﬁeri
1328 1019 1719 1088 mandaverat),

175 1096 374 1181 quibus
418 1111 536 1164 aliis
568 1110 750 1165 verbis
804 1110 856 1163 id
907 1125 1001 1163 eos
1048 1110 1240 1164 fecisse
1284 1112 1723 1166 existimabimus

176 1201 276 1254 nisi
312 1198 653 1253 Dominicis?
685 1207 738 1253 et
772 1208 890 1266 post
928 1211 1161 1262 scenam,
1190 1200 1331 1266 quod
1366 1200 1527 1253 etiam
1558 1200 1723 1269 longo

176 1302 476 1359 temporum
509 1290 793 1343 intervallo
819 1289 1161 1343 observatum
1193 1299 1296 1354 est,
1328 1299 1383 1343 et
1416 1290 1725 1344 communi-

178 1383 279 1437 bus
310 1382 554 1437 vestibus
585 1380 843 1435 indutosi
886 1380 955 1435 At
984 1380 1097 1436 haec
1128 1382 1315 1457 verba,
1348 1381 1551 1451 inquis,
1596 1397 1724 1435 nar-

178 1473 344 1527 rando
370 1474 613 1537 recitata,
638 1486 746 1525 non
764 1480 988 1540 possunt
1015 1483 1412 1528 sacramentum
1433 1471 1721 1527 coniicere.

176 1563 292 1617 Non
327 1573 509 1618 autem
542 1570 794 1632 tanquam
830 1565 911 1619 rei
942 1574 1103 1634 gestae
1134 1564 1329 1619 seriem
1362 1578 1612 1629 narrans,
1642 1580 1727 1619 sa-

176 1652 369 1707 cerdos
416 1653 532 1708 haec
566 1654 731 1708 verba
766 1654 990 1724 profert,
1021 1652 1113 1710 sed
1150 1642 1401 1725 tauquam
1438 1671 1725 1725 personam

177 1740 380 1796 Christi
403 1740 650 1806 indutus,
682 1751 742 1796 ut
765 1742 837 1797 ita
863 1758 925 1799 ea
947 1742 1248 1813 proferens,
1274 1747 1429 1815 quasi
1460 1748 1727 1803 Dominus

176 1839 321 1887 esset
345 1830 442 1903 qui
489 1830 827 1902 loqueretur,
871 1843 929 1888 et
960 1846 1077 1889 eam
1110 1836 1313 1891 habens
1344 1836 1724 1902 intentionem,

179 1926 237 1976 ut
267 1924 382 1993 iper
422 1922 589 1978 verba
637 1922 747 1989 illa,
784 1925 937 1993 juxta
970 1924 1117 1981 illius
1157 1925 1469 1981 mandatum
1515 1928 1608 1997 qui
1654 1928 1725 1981 ita

175 2014 453 2083 praecepit,
504 2028 703 2083 corpus
743 2014 944 2070 Christi
985 2001 1409 2085 sanguineusque
1456 2017 1722 2081 conﬁciat,

175 2102 633 2169 quemadmodum
672 2102 763 2157 ille
809 2102 955 2168 fecit,
1001 2104 1131 2159 fecit
1172 2115 1353 2160 autem
1382 2114 1479 2174 per
1506 2122 1568 2160 ea
1606 2121 1726 2175 quas

178 2205 342 2258 supra
370 2192 789 2246 memoravimus
820 2192 1003 2248 verba.
1032 2193 1262 2248 Possunt
1295 2194 1409 2247 haec
1438 2208 1566 2247 sane
1589 2194 1724 2247 duo-

177 2278 278 2334 bus
303 2280 480 2335 modis
515 2281 684 2349 accipi
716 2288 851 2336 :aut
886 2290 1142 2350 tanquam
1167 2282 1236 2336 ab
1270 2281 1595 2350 evangelista
1629 2292 1725 2337 re-

175 2370 314 2438 lata;
353 2380 411 2426 et
474 2380 605 2425 tunc
648 2370 926 2425 narrative
973 2370 1336 2439 accipiuntur,
1376 2371 1722 2439 evangelistis

173 2461 383 2517 scilicet
409 2476 471 2516 ea
500 2475 622 2531 quae
662 2458 916 2515 Christus
954 2456 1008 2512 in
1040 2458 1131 2512 illa
1168 2458 1461 2515 salutiferae
1502 2460 1721 2516 Passio;

173 2552 258 2607 nis
288 2562 450 2607 nocte
472 2552 603 2621 egit,
638 2550 1023 2615 narrantibus;
1057 2560 1153 2617 aut
1184 2559 1437 2619 tanquam
1485 2566 1514 2605 a
1541 2566 1724 2607 sacer-

172 2642 298 2698 dote
329 2643 560 2712 prolata,
609 2640 970 2713 intentionem
1002 2632 1257 2706 habente,
1291 2649 1351 2695 ut
1380 2642 1535 2711 juxta
1575 2641 1723 2695 ordi-

171 2746 321 2786 nem,
371 2746 403 2785 a
472 2728 749 2785 Salvatore
815 2728 1072 2784 traditum
1144 2736 1547 2784 sacramentum
1618 2729 1724 2784 hoc

169 2818 445 2884 conﬁciat,
498 2827 554 2872 et
591 2826 719 2874 tunc
768 2833 879 2873 non
932 2817 1227 2890 narrative,
1286 2816 1380 2872 sed
1418 2817 1727 2875 cunctativo

171 2911 550 2979 proferuntur,
574 2924 698 2964 cum
726 2908 1031 2964 intentione
1052 2908 1375 2966 conﬁciendi
1406 2907 1724 2980 mysterium

1825 484 1901 537 illi
1944 485 2301 548 suffecerunt,
2332 496 2388 540 et
2431 488 2588 540 nobis
2627 486 2814 556 utique
2855 489 3100 546 sufﬁcere
3154 492 3375 556 debent.

1824 574 2062 639 potentia
2095 574 2260 637 illius,
2290 583 2344 627 et
2379 584 2633 642 tanquam
2669 578 2740 630 ah
2768 576 2861 631 illo
2894 577 3108 633 dicente
3144 581 3372 647 prolata.

1825 659 1977 724 Quod
2010 661 2053 715 si
2094 661 2249 715 nobis
2287 662 2493 730 aliquid
2529 679 2757 719 necesse
2781 650 2875 720 est
2905 666 3132 731 addere,
3176 670 3375 736 imper-

1826 748 2124 804 fecta’Sunt
2163 754 2323 804 verba
2358 752 2523 807 illius.
2557 754 2712 807 Absit
2758 764 2939 809 autem
2986 770 3015 809 a
3044 757 3147 824 piis
3180 760 3374 812 menti-

1824 840 1925 893 bus
1972 840 2093 893 talis
2134 840 2419 909 cogitatio.
2461 841 2632 905 Quam
2673 843 2816 895 enim
2855 844 3012 897 aliam
3052 855 3370 913 potestatem

1828 946 1921 998 per
1941 931 2403 984 consecrationem
2428 932 2699 998 accipiunt
2722 933 3051 996 sacerdotes,
3074 935 3175 987 nisi
3206 936 3371 999 illam,

1824 1018 2023 1074 Christi
2075 1036 2363 1087 personam
2416 1038 2570 1089 posse
2623 1023 2828 1086 subire,
2878 1032 2931 1077 et
2977 1040 3073 1091 pro
3107 1039 3171 1076 eo
3215 1026 3373 1079 nobis

1825 1111 2032 1175 adesse,
2083 1122 2137 1163 et
2191 1112 2647 1179 quemadmodum
2697 1114 2783 1166 ille
2834 1114 2983 1176 fecit,
3036 1128 3233 1182 corpus
3262 1118 3377 1185 ejus

1824 1214 1983 1269 posse
2007 1202 2371 1255 consecrare?
2402 1201 2553 1254 Fecit
2595 1212 2774 1255 autem
2812 1202 2895 1254 illa
2929 1218 3024 1272 per
3056 1205 3211 1258 verba
3257 1220 3375 1271 qua:

1825 1288 2080 1343 diximus.
2117 1288 2404 1343 Enimvero
2432 1289 2746 1359 simpliciter
2788 1305 2943 1345 orare
2976 1291 3205 1360 quisque
3244 1307 3369 1358 pos-

1826 1388 1927 1439 set.
1963 1380 2073 1432 imo
2106 1394 2235 1433 vero
2266 1380 2539 1435 efficacius
2569 1394 2937 1448 smpenuiriero
2966 1389 3185 1434 orarent
3218 1383 3369 1435 multi

1827 1486 1934 1524 non
1968 1471 2292 1525 Sacerdotes
2331 1470 2607 1526 nonnullis
2653 1472 3050 1526 sacerdotibus.
3096 1472 3372 1540 Siquidem

1827 1562 2072 1632 plerique
2123 1563 2434 1619 sacerdotes
2465 1554 2557 1616 "ita
2603 1563 2815 1628 vivunt;
2853 1574 3050 1617 utnon
3106 1565 3213 1618 sint
3270 1565 3379 1618 Deo

1832 1653 2039 1724 accepti
2064 1670 2079 1708 :
2108 1654 2327 1728 plurimi
2357 1670 2571 1736 veroex
2598 1656 2970 1721 saecularibus,
3002 1658 3070 1710 ita
3099 1657 3167 1709 ob
3189 1652 3377 1711 eorum

1832 1740 2129 1800 bonitatem
2166 1747 2275 1800 Deo
2325 1746 2475 1801 chari
2517 1755 2646 1802 sunt
2678 1755 2732 1801 et
2761 1747 2921 1816 grati,
2954 1756 3013 1799 ut
3066 1748 3381 1817 plerumque

1828 1837 2106 1892 miraculis
2148 1837 2396 1893 decorari
2451 1848 2786 1894 mereantur.
2826 1837 2879 1893 Si
2930 1838 3094 1907 igitur
3142 1840 3224 1892 vel
3262 1840 3375 1894 sola

1828 1932 2216 1997 oratione,‘vel
2251 1947 2311 1986 ea
2344 1930 2613 1999 praecipue
2642 1928 2753 1982 hac
2784 1942 3118 1983 sacramenta
3150 1930 3373 1997 perﬁce-

1828 2030 2038 2087 rentur,
2085 2034 2230 2078 certe
2277 2023 2446 2091 magis
2488 2022 2877 2090 perﬁcerentur
2926 2036 2953 2073 a
3009 2021 3139 2073 viris
3186 2018 3369 2087 justis,

1827 2111 2077 2177 quamvis
2106 2124 2213 2162 non
2270 2108 2666 2173 sacerdotibus,
2698 2123 2858 2177 quam
2914 2108 2981 2161 ab
3018 2108 3256 2175 indignis
3287 2122 3373 2161 sa-

1825 2200 2156 2255 cerdotibus.
2203 2200 2315 2253 lloc
2366 2213 2494 2252 vero
2543 2198 2734 2252 falsum
2788 2206 2889 2251 est.
2944 2197 3176 2253 Perinde
3229 2200 3323 2251 en"

1824 2296 2220 2340 sacramentum
2274 2286 2491 2340 coniicit
2544 2286 2831 2362 sacerdos,
2893 2286 3142 2355 quamvis
3198 2301 3359 2340 mali.»

1822 2380 1985 2443 atque
2029 2388 2336 2443 pervorsus,
2368 2382 2428 2428 ut
2467 2376 2705 2444 Optimus
2756 2384 2917 2443 atque
2968 2377 3369 2432 sanctissimus.

1824 2461 2114 2519 Saecularis
2147 2480 2277 2520 vero
2308 2480 2562 2535 persona,
2589 2466 2830 2535 qualibet
2864 2466 2968 2521 fide
3001 2467 3371 2539 religioneque‘

1825 2553 2076 2621 excellat,
2112 2554 2249 2609 nihil
2292 2555 2515 2609 omnino
2547 2563 2747 2623 potest,
2787 2557 2911 2625 quia
2957 2558 3158 2611 nullam
3200 2558 3267 2612 ad
3296 2558 3373 2613 fa:

1825 2645 2079 2709 ciendum
2106 2658 2136 2701 a
2168 2646 2397 2701 Domino
2432 2653 2750 2714 petestatem
2779 2646 3009 2714 accepit,
3042 2662 3165 2702 cum
3197 2662 3371 2702 sacer-

1827 2735 1925 2791 dos
1969 2736 2240 2807 acceperit
2286 2736 2596 2790 maximam.
2652 2735 2711 2789 Si
2761 2736 2926 2805 igitur
2977 2752 3085 2792 non
3145 2747 3229 2793 est
3290 2740 3374 2794 vis

1828 2825 2093 2881 orationis
2118 2839 2237 2896 quae
2269 2824 2375 2880 hoc
2413 2825 2538 2880 facit
2578 2826 2745 2893 (esset
2766 2825 2911 2879 enim
2938 2826 3195 2880 omnibus
3228 2840 3374 2881 com-
3464 2870 3467 2873 λ

1830 2915 2055 2987 munis),
2082 2924 2332 2986 superest
2363 2918 2421 2969 ut
2450 2929 2548 2985 pro
2575 2914 2793 2971 Christo
2813 2913 2992 2971 adsint
3020 2916 3177 2972 nobis
3199 2931 3374 2972 sacer-

164 3003 319 3072 juxta
356 3002 720 3058 imitationem
769 3000 997 3066 Christi,
1037 3007 1091 3055 et
1125 3001 1278 3071 quasi
1314 3000 1430 3071 ipse
1456 3008 1602 3071 esset
1628 3000 1720 3071 qui
1753 3012 1797 3076 c
1830 3004 2003 3071 dotes,
2055 3006 2299 3077 ejusdem
2348 3004 2403 3059 in
2456 3005 2557 3058 hoc
2608 3005 2913 3073 potestatis,
2958 3006 3055 3074 qui
3102 3015 3156 3060 et
3207 3006 3376 3061 instar

172 3100 227 3147 et
260 3093 475 3148 diceret
505 3102 559 3148 et
604 3092 826 3149 faceret.
876 3091 1086 3148 Idcirco
1126 3092 1267 3147 sacri
1302 3091 1553 3147 doctores
1580 3105 1726 3147 asse-

170 3190 321 3252 runt,
354 3184 719 3239 necessariam
753 3184 808 3238 in
844 3182 1038 3253 primis
1067 3180 1491 3239 essé“sacerdoti
1521 3189 1725 3237 rectam

169 3275 536 3331 intentionem
567 3284 622 3331 et
664 3275 1003 3346 propositum
1034 3287 1099 3328 ea
1145 3272 1381 3328 faciendi
1419 3286 1539 3342 qua
1579 3271 1725 3326 dicta

168 3375 320 3432 sunt.
347 3366 550 3435 quippe
581 3365 699 3421 sine
743 3365 833 3419 illa
870 3364 1007 3419 nihil
1050 3363 1274 3417 omnino
1320 3361 1512 3416 conﬁci
1542 3374 1721 3429 posse.

167 3454 642 3522 Quemadmodum
674 3455 718 3509 si
768 3452 892 3523 quis
930 3464 1118 3521 regum
1161 3465 1257 3519 per
1296 3449 1530 3517 aliquem
1559 3463 1629 3503 ex
1656 3448 1724 3502 iis

169 3544 261 3611 qui
294 3543 447 3614 apud
491 3557 550 3597 se
577 3542 749 3610 gratia
782 3550 837 3597 et
878 3538 1203 3594 auctoritate
1237 3540 1439 3605 valent,
1472 3538 1724 3593 volunta-

170 3642 277 3685 tem
302 3645 462 3685 suam
489 3631 715 3698 cupiens
742 3627 979 3683 subditis
1008 3626 1121 3682 suis
1150 3626 1329 3683 facere
1361 3626 1723 3692 manifestam,

168 3731 223 3775 et
251 3721 328 3774 ita
359 3719 418 3773 id
447 3718 592 3788 apud
624 3717 746 3772 illos
775 3717 977 3789 valere,
1011 3731 1075 3771 ac
1110 3717 1159 3773 si
1190 3732 1248 3772 se
1290 3717 1530 3771 animum
1564 3731 1721 3772 suum

170 3810 570 3879 exprimentem
602 3806 877 3894 audirent,
908 3806 1118 3862 sanciat
1144 3814 1205 3861 ut
1234 3806 1310 3861 ita
1350 3806 1441 3861 illa
1478 3806 1638 3862 verba
1667 3807 1723 3861 in

170 3906 345 3972 prima
376 3915 616 3971 persona
650 3892 867 3966 referat,
898 3898 977 3953 uti
1008 3913 1036 3954 a
1082 3912 1142 3953 se
1168 3898 1312 3953 dicta
1354 3905 1504 3964 sunt,
1545 3892 1743 3968 popu-r

85 3985 89 3987 “
170 3994 367 4059 iusque
404 3991 475 4044 ita
512 3988 724 4058 prolata.
752 3987 997 4053 audiens,
1040 3997 1296 4057 tanquam
1335 3988 1403 4042 ab
1451 3990 1569 4058 ipso
1599 4003 1723 4060 rege

172 4082 335 4140 dii-tis
360 4083 722 4151 obtemperet.
749 4079 1088 4136 Manifestum
1114 4087 1197 4134 est
1219 4080 1363 4134 enim
1386 4082 1529 4152 quod
1556 4083 1600 4137 si
1627 4083 1726 4138 hac

172 4178 287 4248 lege
320 4175 474 4240 data,
502 4174 726 4227 veniens
769 4171 835 4248 ad
873 4169 1134 4240 populum
1170 4171 1398 4225 nuntius
1425 4173 1499 4226 ita
1531 4172 1676 4227 dicat
1707 4190 1738 4241 ε,

172 4271 286 4324 Rex
318 4275 523 4339 vestra;
551 4265 740 4321 salutis
764 4265 1015 4333 cupidus,
1046 4256 1395 4332 vestramque
1424 4263 1727 4333 rempubli-

1826 3094 1972 3152 illius
2019 3096 2236 3164 operari
2283 3094 2533 3164 possint,
2572 3103 2628 3151 et
2660 3097 2987 3151 annuntiare
3030 3098 3229 3165 populo
3259 3113 3376 3167 qua:

1825 3181 1917 3238 ille
1951 3184 2227 3253 praecepit.
2279 3182 2390 3237 Hoc
2436 3184 2603 3251 enim,
2656 3183 2851 3253 inquit,
2902 3185 3059 3253 facite
3105 3186 3161 3239 in
3208 3202 3377 3239 meam

1825 3277 2391 3328 commemorationem.
2444 3274 2558 3328 Hoc
2609 3274 2821 3329 scilicet
2872 3275 3018 3339 quod
3076 3277 3191 3342 ipse
3246 3274 3371 3336 feci;

1823 3373 2048 3431 accepto
2078 3378 2220 3433 pane
2265 3372 2321 3417 et
2366 3364 2493 3417 vino
2521 3364 2579 3417 in
2622 3362 2895 3427 manibus;
2947 3358 3288 3431 respiciendo
3315 3365 3371 3417 id

1823 3450 2045 3515 ccelum,
2062 3450 2381 3519 frangendo,
2394 3448 2785 3511 benedicendo,
2806 3448 3008 3518 gratias
3025 3450 3232 3516 agendo
3261 3451 3372 3505 Deo‘

1822 3538 1993 3602 Patri,
2027 3544 2082 3591 et
2132 3537 2187 3589 in
2222 3551 2421 3606 corpus
2460 3544 2517 3591 et
2563 3537 2883 3605 sanguinem
2933 3552 3031 3605 per
3071 3551 3133 3590 ea
3166 3538 3375 3601 verba,

1822 3630 1933 3686 Hoc
1970 3635 2047 3683 eu
2100 3645 2288 3699 corpus
2337 3642 2542 3691 mm;
2571 3636 2647 3692 et,
2684 3630 2782 3680 Hic
2825 3636 2901 3680 est
2942 3628 3156 3695 sanguis
3206 3643 3368 3689 meus,

1824 3719 2255 3777 transmutando.
2296 3716 2407 3773 Hoc
2454 3717 2596 3770 enim
2638 3731 2702 3770 ea
2756 3714 3100 3781 transmutat,
3150 3718 3255 3772 hoc
3302 3734 3373 3773 ea

1824 3816 2033 3884 integre
2068 3811 2302 3882 perﬁcit,
2342 3818 2402 3864 ut
2447 3809 2639 3863 beatus
2676 3807 3091 3880 Clirysostomus
3119 3811 3212 3865 ait.
3248 3810 3377 3865 Hmc’

1825 3905 2070 3976 quidem,
2102 3902 2206 3957 nisi
2234 3917 2319 3957 me
2349 3901 2564 3954 animus
2595 3900 2752 3963 fallit,
2789 3901 2919 3955 satis
2953 3916 3222 3970 superque
3248 3916 3373 3958 esse

1826 3995 2082 4051 videntur
2106 3992 2173 4047 ad
2194 3988 2495 4047 obturando
2537 3991 2776 4044 omnium
2803 4005 2895 4044 ora
2920 3991 3010 4058 qui
3040 4000 3143 4045 tam
3173 4002 3374 4060 apcrtte‘

1828 4096 1879 4141 et
1913 4084 2212 4139 manifesta:
2241 4084 2319 4138 rei
2350 4083 2722 4137 contradicere
2746 4094 3033 4137 conantur.
3074 4085 3371 4140 Audiamus
3397 4123 3407 4131 .

1830 4183 2033 4239 tamen,
2085 4173 2130 4229 si
2180 4175 2393 4242 placet,
2444 4173 2608 4227 etiam
2664 4172 2978 4242 Gregorium
3046 4174 3366 4243 Nyssenum,

1830 4263 2003 4317 virum
2051 4270 2108 4316 et
2141 4264 2385 4319 doctrina
2426 4274 2480 4317 et
2512 4263 2634 4316 vitae
2666 4264 2952 4327 sanctitate
2993 4266 3367 4322 excellentem.

170 4352 314 4416 cam'
342 4362 403 4415 in
446 4330 704 4414 felicitate
753 4371 814 4410 ac
846 4356 999 4422 copia
1039 4354 1281 4408 omnium
1326 4368 1504 4408 rerum
1540 4363 1725 4408 tenere
1760 4330 1801 4384 θ
1829 4354 1878 4409 ls
1907 4354 1961 4406 in
2005 4353 2337 4407 catechetico
2384 4354 2504 4422 ejus
2549 4368 2799 4406 sermone
2848 4354 2913 4407 de
2956 4355 3153 4407 divinis
3187 4362 3369 4410 sacra-

171 4453 522 4515 desiderans,
564 4447 822 4501 continue
872 4445 942 4498 iis
974 4443 1137 4496 rebus
1165 4443 1428 4511 invigilat,
1479 4442 1726 4512 etuleges

171 4543 383 4605 condit,
414 4553 554 4607 quas
583 4537 650 4589 ad
682 4535 737 4589 id
776 4534 1051 4589 existimat
1080 4532 1243 4586 utiles
1272 4545 1334 4585 ac
1358 4531 1721 4595 necessarias,

173 4632 327 4687 Unde
361 4643 492 4685 cum
532 4628 590 4681 in
617 4625 799 4679 multis
822 4623 1047 4677 aliorum
1071 4620 1317 4689 exempla
1342 4630 1582 4683 secutus,
1612 4631 1722 4675 tum

172 4720 537 4789 plurimorum
570 4716 685 4783 ipse
710 4714 959 4767 inventor
987 4710 1125 4764 hanc
1151 4710 1319 4779 legem
1345 4709 1520 4763 sancit
1549 4725 1564 4761 :
1592 4710 1722 4764 Volo

174 4809 480 4880 quemlibet
541 4813 804 4867 vestrum,
868 4801 962 4871 qui
1002 4800 1235 4854 conditis
1287 4813 1317 4852 a
1370 4813 1456 4851 me
1514 4798 1723 4865 legibus

174 4898 443 4971 paruerit,
471 4896 732 4951 talentum
758 4894 874 4946 auri
900 4905 968 4944 ex
986 4889 1181 4944 :erario
1208 4887 1425 4957 publico
1460 4896 1541 4941 tot
1563 4891 1723 4941 annis

174 4992 430 5060 accipiat.
466 4984 717 5039 Profecto
752 4995 851 5036 nec
882 4979 1152 5034 narrative
1195 4977 1310 5031 haec
1342 4978 1494 5039 dicit,
1525 4976 1619 5030 sed
1647 4980 1724 5031 si»

174 5083 497 5149 mul-atque
545 5077 687 5129 dicta
730 5083 873 5135 sunt,
926 5078 1040 5125 rata
1086 5070 1221 5121 fiunt
1268 5082 1386 5135 qua:
1436 5066 1724 5133 jubeutur.

173 5166 595 5237 Quamobrem?
636 5165 773 5230 Quia
817 5175 907 5215 rex
947 5159 1019 5212 ita
1066 5158 1261 5211 sanxit.
1314 5154 1514 5207 Eodem
1564 5156 1726 5211 modo

173 5264 275 5316 hoc
296 5256 706 5324 intelligendum
728 5259 831 5315 est,
857 5250 1016 5305 talem
1043 5261 1073 5299 a
1100 5245 1327 5299 Domino
1354 5244 1727 5299 sacerdotibus

174 5350 431 5407 traditam
465 5349 807 5412 patestatem,
832 5347 889 5391 ut
916 5338 1032 5405 ejus
1060 5335 1223 5387 verba
1248 5334 1313 5385 ab
1340 5332 1447 5384 illis
1476 5335 1525 5384 in
1550 5336 1724 5401 prima

176 5438 435 5515 persona,
473 5420 542 5488 et
568 5426 818 5501 tanquam
866 5430 1025 5483 simul
1073 5430 1139 5480 ab
1168 5442 1233 5481 eo
1268 5423 1575 5479 dicerentur
1603 5443 1727 5496 pro.

175 5539 302 5597 lata,
336 5537 516 5585 totum
559 5522 811 5578 efﬁciant.
842 5524 949 5577 Aut
983 5532 1080 5571 cur
1121 5517 1194 5570 illi
1227 5518 1443 5585 quidem
1490 5517 1723 5571 suffece-

237 5655 254 5686 ²
290 5650 488 5714 l'l‘im,
531 5662 605 5715 tv,
642 5646 695 5699 5.

1829 4443 2022 4497 mentis
2062 4444 2136 4496 ita
2170 4444 2414 4511 loquitur
2454 4460 2466 4496 :
2500 4444 2666 4497 Recte
2700 4443 2863 4510 igitur
2905 4451 2958 4496 et
2990 4458 3134 4497 nunc
3175 4460 3366 4510 panem

1827 4534 2011 4588 divino
2042 4532 2205 4588 verbo
2253 4533 2669 4611 sanctificatum,
2713 4534 2764 4586 in
2811 4549 3009 4603 corpus
3058 4534 3151 4587 Dei
3208 4536 3367 4593 Verbi

1829 4622 2177 4677 transmutari
2206 4622 2499 4676 credimus.
2530 4621 2662 4675 Nam
2696 4629 2748 4675 et
2780 4621 2921 4674 illud.
2940 4637 3137 4689 corpus
3168 4621 3365 4690 ,(intel-

1784 4789 1787 4792 ἠ
1826 4713 1945 4782 ligit
1975 4721 2157 4767 autem
2205 4727 2404 4779 corpus
2449 4720 2785 4778 assumptum
2812 4726 2894 4792 ex
2935 4711 3174 4779 Virgine)
3216 4712 3370 4779 panis

1828 4801 2069 4871 potentia
2112 4804 2266 4865 erat,
2316 4800 2683 4853 sanctificatus
2727 4790 2855 4852 vero
2892 4798 2996 4852 fuit
3038 4800 3369 4855 habitatione

1828 4893 1995 4949 Verbi
2039 4878 2094 4945 in
2122 4906 2284 4945 carne
2322 4889 2634 4951 habitantis,
2666 4904 2695 4939 a
2738 4904 2845 4956 quo
2893 4890 2967 4943 ita
3006 4890 3161 4957 panis
3190 4891 3281 4959 qui
3316 4893 3371 4945 in

1829 4984 1921 5036 illo
1950 4996 2174 5050 corpore
2198 4988 2334 5042 erat,
2360 4976 2904 5030 transsubStantiatus
2932 4977 3035 5030 fuit
3056 4978 3108 5030 in
3135 4978 3369 5033 divinam

1828 5070 2145 5141 potentiam,
2170 5081 2265 5135 per
2292 5080 2415 5118 eum
2450 5078 2594 5115 nunc
2624 5079 2837 5131 quoque
2878 5066 3159 5132 aequaliter
3189 5068 3242 5119 fit
3269 5085 3284 5131 ;
3316 5079 3371 5121 et

1818 5164 1903 5217 ibi
1947 5162 2090 5215 enim
2126 5158 2295 5229 gratia
2345 5155 2501 5207 Verbi
2543 5164 2785 5229 sanctum
2828 5154 3033 5207 fecerat
3082 5147 3210 5208 iiud
3246 5172 3368 5209 cor-

1828 5270 1930 5324 pth
1973 5253 2216 5324 quodex
2261 5245 2396 5317 pane
2440 5244 2788 5298 consistebat.
2834 5241 2900 5296 Et
2943 5244 3074 5296 illud
3108 5242 3366 5310 quodam-

1829 5344 1988 5395 mddo
2011 5342 2170 5395 etiam
2199 5338 2351 5407 panis
2368 5346 2501 5394 erat.
2530 5345 2583 5387 et
2613 5334 2701 5386 hic
2725 5334 2971 5385 similiter
2994 5335 3146 5401 panis
3174 5351 3365 5401 quem-

1829 5430 2117 5483 admodum
2143 5428 2440 5495 Apostolus
2475 5425 2586 5488 ait,
2621 5420 2995 5503 Sanctiﬁcatur
3038 5438 3129 5491 per
3155 5424 3364 5480 verbum
3430 5490 3438 5496 .

1831 5521 1925 5575 Dei
1951 5531 1997 5574 et
2031 5521 2319 5573 orationem
2350 5517 2391 5581 ‘,
2421 5529 2528 5568 non
2556 5512 2963 5578 comestionem,
2997 5510 3063 5566 ad
3100 5516 3196 5567 hoc
3234 5530 3364 5583 pro-
3458 5534 3459 5537 η
