4122 6326
741 358 838 425 511

741 573 839 627 per
872 556 1095 610 veritum
1133 558 1550 634 transmutatur,
1580 541 2034 614 quemadmodum
2068 540 2135 593 ab
2168 540 2284 606 ipso

745 645 920 729 Verbo
947 645 1147 710 dictum
1172 649 1271 702 est,
1306 628 1411 692 Hoc
1440 644 1514 690 est
1544 650 1727 705 corpus
1769 648 1958 687 meum.
1998 630 2138 695 Quid
2171 628 2283 680 cia-

745 716 858 791 riits
880 736 1145 790 certiusve
1188 732 1253 784 iis
1281 729 1471 783 audire
1499 724 1811 797 desideras?
1855 722 2043 784 Panis,
2077 716 2284 793 “quit,

756 828 914 880 Verbo
948 826 1038 879 Dei
1062 822 1444 888 sanctiﬁcatur.
1488 820 1598 873 Hoc
1638 817 1690 870 in
1720 814 1912 883 primis
1940 812 2133 881 probat
2170 822 2285 862 ma-

753 916 965 975 niiestc,
988 912 1153 965 verbo
1174 909 1268 985 Dei
1295 915 1685 962 sacramentum
1710 904 1813 955 hoc
1836 901 2053 956 conﬁci.
2083 896 2287 952 Deinde

746 1006 938 1058 modus
967 1000 1302 1071 probationis
1331 998 1473 1051 idem
1508 994 1747 1063 apertius
1774 992 2031 1045 ostendit.
2054 987 2285 1053 Corpus,

746 1097 839 1158 ait,
873 1088 1109 1162 potentia
1142 1092 1411 1160 panisest
1442 1089 1584 1156 quia
1613 1099 1749 1153 parte
1779 1090 2012 1137 constat.
2046 1080 2291 1135 Alimen-

748 1198 855 1238 tum
881 1184 1025 1236 enim
1052 1180 1134 1249 (ut
1158 1178 1473 1234 Aristoteles
1507 1176 1688 1241 docet)
1718 1173 1898 1243 primo
1926 1172 2145 1239 quidem
2174 1169 2289 1222 dis-

744 1274 940 1337 simile,
978 1281 1162 1340 postea
1207 1282 1338 1322 vero
1388 1265 1561 1319 simile
1608 1264 1667 1316 iit
1707 1266 1826 1329 ejus
1859 1261 2012 1329 cujus
2060 1268 2144 1311 est
2189 1256 2286 1309 ειιὶ-

746 1373 1007 1417 mentum.
1036 1359 1248 1427 Corpus
1276 1359 1439 1427 igitur
1469 1353 1613 1424 quod
1658 1367 1725 1406 ex
1769 1349 1991 1419 Virgine
2032 1348 2288 1399 Dominus

746 1452 1059 1520 assumpsit,
1093 1448 1334 1519 potentia
1375 1446 1535 1514 panis
1565 1449 1702 1496 erat.
1744 1442 1811 1493 At
1850 1440 1953 1493 tale
1994 1452 2191 1505 corpus
2220 1452 2285 1491 ex

745 1542 963 1614 Virgine
993 1548 1332 1608 assumptum
1365 1532 1782 1604 quod‘potentia
1807 1532 1964 1598 panis
2000 1538 2153 1589 (παι,-
2180 1543 2285 1581 non

746 1634 938 1688 fuisset
963 1633 1119 1685 aliter
1151 1627 1571 1684 sanctiﬁcatum,
1608 1624 1706 1675 nisi
1738 1621 1981 1674 Verbum
2007 1617 2136 1670 illud
2170 1632 2282 1670 car—

747 1738 870 1777 nem
926 1722 1066 1775 illam
1122 1718 1502 1771 inbabitasset.
1560 1712 1634 1766 Ita
1683 1725 1828 1763 nunc
1872 1709 2028 1774 panis
2069 1723 2287 1775 quoque

1668 339 2167 405 BESSARIONIS
2208 335 2267 395 S.
2310 334 2382 394 ii.
2424 332 2491 394 Ε.
2533 324 2993 392 CARDINALIS

739 470 957 528 ccdcns,
1004 472 1064 516 ut
1107 474 1304 531 corpus
1337 456 1489 513 verbi
1524 455 1633 521 (ιω,
1677 453 1769 508 sed
1813 468 1937 506 mox
1971 451 2050 508 ad
2087 461 2283 516 corpus
2314 443 2545 512 Alinjus
2587 440 2909 519 sacramenti
2948 433 3281 510 mysterium
3340 429 3476 492 ﬁcri,
3519 438 3573 482 et
3620 410 3833 495 accepit
3878 433 3934 476 et

3828 312 3933 378 διε

2372 512 2869 597 ιιι-εῃιίιιίιΔᾶὴῆι
2903 536 3082 581 autem
3122 525 3259 583 haec,
3290 523 3427 590 quod
3457 519 3650 572 scilicet
3682 515 3935 569 Dominus

2384 619 2530 679 Jesus
2552 636 2653 688 qua
2686 628 2835 673 nocte
2856 619 3179 677 tradebatur,
3200 615 3391 683 accepit
3420 623 3630 679 panem.
3659 615 3704 658 et
3733 605 3935 673 gratia

2386 728 2543 781 agens
2573 712 2747 780 fregit,
2795 718 2845 762 et
2878 693 3014 762 dixit
3043 724 3061 761 :
3097 706 3320 772 Accipite
3363 712 3411 754 et
3444 699 3778 753 manducata.
3829 692 3937 744 Hoc

2385 813 2458 856 est
2489 819 2672 871 corpus
2699 815 2868 854 meum
2888 800 3021 867 quod
3046 810 3145 866 pro
3168 795 3304 848 nobis
3338 792 3607 861 frangitur
3626 803 3643 838 :
3670 787 3763 837 hoc
3783 783 3938 852 [σεξτ

2385 896 2438 947 in
2489 910 2654 947 meam
2708 889 3267 944 commemorationem.
3324 882 3577 937 Similiter
3623 890 3672 931 et
3714 877 3935 947 calicem

2387 996 2659 1054 postquam
2707 983 2946 1042 cenavit,
2983 982 3197 1032 dicens:
3229 976 3323 1028 Hic
3361 974 3500 1027 calix
3542 987 3732 1023 novum
3773 975 3935 1019 testa-

2388 1086 2613 1131 mentum
2639 1084 2712 1127 est
2748 1074 2799 1125 in
2835 1087 2943 1148 me?
2978 1069 3232 1137 sanguine
3260 1081 3276 1119 :
3308 1068 3397 1117 hoc
3425 1063 3577 1132 facite
3608 1061 3938 1127 quotiescun-

2388 1183 2486 1237 que
2517 1166 2745 1219 biberitis
2765 1166 2824 1217 in
2858 1179 3024 1215 meum
3055 1156 3593 1211 commemorationem
3623 1152 3668 1203 ’.
3698 1148 3767 1201 Et
3804 1146 3897 1197 nili
3923 1142 3940 1195 l

2388 1266 2649 1324 pra-terea
2686 1254 2894 1308 addidit
2930 1268 2946 1304 τ
2984 1252 3119 1315 Quia
3160 1247 3303 1299 enim
3334 1243 3465 1296 nihil
3510 1238 3743 1307 amplius
3780 1247 3941 1287 acce-

2389 1358 2563 1418 perat.
2609 1346 2746 1419 niltii
2785 1344 3019 1411 amplius
3070 1337 3313 1393 tradidit.
3358 1335 3423 1389 Et
3465 1331 3675 1385 addidit
3713 1328 3940 1382 modium

2393 1437 2816 1495 consecrationis
2848 1432 3018 1488 divini
3061 1428 3309 1499 corporis
3340 1435 3393 1479 et
3427 1422 3718 1485 sanguinis
3738 1459 3754 1484 .
3783 1413 3943 1472 omni

2388 1546 2452 1584 ex
2490 1511 2637 1597 parte
2679 1513 3033 1581 stilli’c‘icntcm
3067 1530 3225 1587 atque
3265 1514 3586 1585 perfectum,
3613 1510 3760 1581 quali
3801 1516 3946 1560 usu'!

2389 1620 2774 1683 fnitChristus,
2810 1616 3026 1685 qttslcm
3058 1613 3124 1665 ab
3152 1624 3214 1663 eo
3246 1609 3362 1676 ipso
3391 1605 3601 1672 accepit
3636 1614 3651 1654 :
3682 1601 3949 1667 accipertt

2388 1700 2595 1765 scilicet
2628 1710 2842 1777 p‘anetn,
2877 1706 3073 1773 gratias
3112 1712 3290 1767 agere,
3322 1698 3569 1763 frangere
3608 1704 3663 1748 et
3697 1693 3884 1744 dicere
3917 1704 3934 1743 :

745 1812 931 1867 altaris
960 1824 1066 1862 non
1110 1808 1266 1860 aliter
1300 1819 1458 1874 qnam
1490 1802 1853 1871 permerbtrtn
1873 1799 1964 1851 Dei
2003 1810 2058 1851 et
2089 1799 2287 1850 cratim
2316 1781 2358 1833 Β
2386 1802 2615 1868 Accipite
2640 1808 2690 1851 et
2728 1797 3058 1856 manducatc,
3093 1794 3185 1842 hac
3210 1798 3284 1840 est
3309 1802 3493 1851 corpus
3522 1799 3716 1844 meum,
3746 1790 3801 1833 et
3831 1782 3935 1831 hoc

746 1918 867 1955 nem
903 1898 1286 1955 sanetiiieatur.
1326 1895 1493 1962 Cujus
1520 1893 1597 1947 rei
1646 1900 1833 1945 testem
1867 1888 2092 1941 Paulum
2121 1888 2283 1954 (citat.

745 1993 897 2059 Quod
945 1998 1127 2045 autem
1168 1988 1263 2048 ait,
1309 2000 1403 2054 per
1433 1983 1745 2038 orationem.
1795 1978 1930 2031 nihil
1975 1976 2288 2029 corroborat

745 2083 1180 2139 adversariorum
1228 2076 1525 2129 rationem.
1582 2069 1863 2139 Siquidem
1910 2069 1962 2121 in
2008 2068 2179 2135 prima
2222 2064 2287 2116 ad

744 2173 1087 2227 TimOtbeum
1117 2167 1353 2237 Epistola
1386 2165 1489 2217 hoc
1520 2163 1586 2217 de
1610 2160 1988 2217 communibus
2040 2158 2174 2211 cibis
2201 2156 2286 2207 di-

746 2268 839 2320 cit.
869 2265 967 2318 llic
999 2276 1126 2316 vero
1165 2260 1358 2313 doctor
1390 2272 1496 2310 non
1533 2254 1598 2308 de
1628 2252 2004 2306 communibus
2033 2264 2155 2318 qua:
2178 2247 2289 2300 illic

746 2359 1026 2419 dicuntur,
1062 2352 1208 2405 illius
1237 2364 1369 2403 usus
1418 2354 1499 2402 est
1528 2343 1855 2404 testimonio,
1892 2341 1985 2394 sed
2028 2340 2288 2392 duntaxat

743 2456 1005 2520 quantum
1034 2444 1099 2498 ad
1132 2440 1604 2495 continuationem
1632 2432 1907 2505 propositi
1942 2431 2026 2484 sui
2060 2434 2285 2498 spectat,

747 2517 811 2594 de
840 2533 1291 2592 transmutatione
1334 2542 1452 2597 quae
1488 2528 1557 2580 sit
1579 2541 1676 2595 per
1699 2522 1943 2575 verbum
1970 2519 2097 2572 Dei-
2135 2517 2287 2572 Unde

746 2631 904 2695 paulo
931 2635 1047 2694 post
1073 2620 1420 2680 concludens,
1454 2618 1525 2669 ait
1558 2633 1580 2669 τ
1612 2614 1732 2667 Ilo:
1759 2611 1824 2664 ad
1858 2623 2073 2662 carnem
2112 2616 2290 2677 trans-

746 2688 1004 2770 inutattir.
1040 2711 1121 2765 'Et
1162 2713 1225 2764 aii
1266 2710 1428 2777 hujus
1479 2704 1943 2758 conﬁrmationem
1990 2688 2288 2766 subjutlgit,

644 2870 651 2877 ,
745 2806 1008 2872 Quoniam
1030 2803 1147 2869 ipse
1169 2800 1305 2853 dixit
1332 2818 1344 2850 :
1375 2797 1487 2849 Hoc
1511 2805 1586 2847 est
1610 2807 1794 2860 corpus
1818 2804 2010 2841 meum.
2037 2779 2289 2847 Adverte,

750 2900 956 2967 quaeso,
998 2908 1119 2949 cum
1157 2903 1349 2946 caetera
1380 2887 1587 2946 omnia,
1616 2871 1915 2949 tum'qudd
1963 2882 2018 2931 in
2062 2878 2167 2929 ﬁne
2195 2875 2290 2935 ait,

736 2966 895 3054 quod
927 2998 1048 3037 mox
1078 2996 1178 3049 per
1206 2979 1431 3031 verbum
1462 2978 1875 3027 transmutatur.
1902 2966 2136 3019 Verbum
2165 2976 2295 3015 vero

2385 1891 2549 1943 modo
2578 1888 2844 1941 coniicere
2889 1890 3311 1935 sacramentum.
3346 1874 3508 1939 Quid,
3548 1874 3799 1933 obsecro,
3836 1870 3935 1921 lto-

2387 1993 2507 2031 rum
2564 1984 2843 2028 consecrat
2889 1969 3291 2023 divinissimum
3346 1962 3475 2018 illud
3514 1960 3755 2014 munus?
3803 1960 3935 2012 Pro-

2385 2070 2528 2123 iecto
2560 2084 2665 2121 non
2687 2067 2941 2134 acceptio
2971 2062 3169 2131 panis;
3210 2062 3311 2111 hoc
3335 2057 3478 2112 enim
3510 2056 3815 2121 subjectum
3852 2059 3936 2102 est

2388 2159 2831 2219 consecrationis,
2876 2156 3021 2224 quod
3068 2156 3120 2206 in
3160 2168 3357 2219 corpus
3392 2148 3603 2203 Domini
3652 2144 3933 2199 transsui)-

2388 2250 2632 2332 staptiari
2659 2254 2896 2316 oportet,
2920 2261 3025 2298 non
3049 2245 3341 2311 gratiarum
3370 2241 3534 2300 actio,
3572 2252 3677 2289 non
3715 2236 3927 2295 tractio,

2388 2326 2615 2409 quarum
2651 2340 2817 2392 altera
2860 2326 2924 2389 ad
2960 2334 3524 2389 commemorationem
3568 2327 3927 2381 ineﬂ‘abilium

2386 2448 2510 2501 erga
2540 2445 2635 2484 nos
2658 2429 3050 2483 beneficiorum
3070 2425 3184 2486 Dei,
3211 2425 3375 2476 altera
3401 2422 3466 2474 ad
3490 2420 3933 2475 distributionem

2389 2522 2691 2575 necessaria
2736 2530 2839 2573 est.
2886 2518 3148 2597 superem
3183 2517 3346 2583 igitur
3380 2524 3439 2567 ut
3480 2514 3645 2567 verba
3682 2513 3784 2564 ista
3822 2511 3936 2563 sint

2386 2628 2506 2683 qua:
2531 2621 2847 2665 consecrent
2880 2628 2892 2662 :
2927 2610 3031 2663 Hoc
3066 2617 3139 2661 est
3171 2624 3353 2676 corpus
3381 2622 3549 2657 meum
3572 2623 3591 2669 ;
3618 2610 3693 2663 et,
3728 2601 3823 2654 Hic
3854 2610 3937 2653 est

2387 2704 2598 2771 sanguis
2645 2717 2805 2754 meus.
2852 2701 2920 2753 Et
2974 2702 3046 2753 ita
3091 2697 3510 2753 existimandum
3554 2706 3655 2759 est,
3710 2683 3939 2749 ct'tunc

2387 2791 2555 2845 fuisse
2590 2799 2988 2849 consecratum,
3033 2798 3087 2841 et
3132 2802 3275 2839 nunc
3308 2785 3642 2845 consecrari,
3686 2797 3934 2836 concur—

2391 2879 2637 2931 rentibus
2681 2875 2909 2937 scilicet,
2940 2884 2996 2926 ut
3022 2874 3227 2926 dictum
3268 2882 3372 2930 est,
3418 2880 3474 2925 et
3516 2872 3695 2928 Patre.
3729 2880 3784 2921 ct
3812 2869 3939 2935 Spi-

2392 2966 2498 3017 ritu
2525 2974 2735 3027 sancto,
2765 2958 3084 3016 cum'omnia
3113 2962 3167 3013 in
3198 2959 3442 3015 creatura
3467 2975 3632 3027 opera
3660 2961 3725 3011 iis
3750 2958 3935 3011 tribus

751 3072 927 3139 inquit
959 3056 1078 3123 esse
1112 3084 1125 3118 :
1168 3064 1275 3118 Hoc
1312 3074 1382 3115 est
1408 3076 1594 3127 corpus
1620 3072 1810 3110 meum.
1843 3055 2055 3113 Nonne,
2086 3066 2184 3103 oro
2222 3059 2364 3142 te,C
2397 3054 2701 3107 communia
2755 3053 2890 3105 sint.
2952 3050 3147 3103 Verum
3202 3048 3466 3101 Salvatori
3520 3048 3740 3113 quidem
3793 3047 3939 3097 haud

736 3154 974 3214 'verbum
1020 3156 1153 3209 illud
1202 3168 1341 3214 mox,
1384 3164 1491 3202 non
1532 3146 1787 3212 relinquit
1816 3145 1992 3196 locum
2032 3139 2293 3193 orationi-

753 3249 895 3305 bus?
926 3248 981 3301 Si
1009 3247 1173 3315 igitur
1194 3243 1417 3296 verbum
1444 3237 1575 3291 illud
1609 3254 1623 3288 :
1654 3239 1763 3288 Hoc
1788 3242 1860 3285 est
1885 3248 2071 3299 corpus
2104 3244 2291 3285 meum.

752 3356 878 3395 mox
913 3342 1260 3393 transmutat,
1293 3330 1639 3383 manifestum
1674 3324 1805 3376 illud
1839 3323 2015 3375 solum
2043 3335 2159 3373 esse
2190 3326 2290 3379 est,

676 3472 679 3475 ›
751 3430 894 3501 quod
924 3434 1265 3487 transmutat,
1301 3423 1458 3474 aliter
1487 3419 1631 3471 enim
1678 3429 1783 3466 non
1814 3417 1958 3470 m’ox.
1991 3414 2083 3465 sed
2113 3410 2297 3477 aliquo

749 3499 805 3576 et
853 3534 959 3573 non
1026 3530 1192 3585 parvo
1257 3512 1541 3578 interjecto
1605 3518 1847 3573 tempore
1911 3499 2295 3555 transmutatio

752 3613 922 3663 iteret.
957 3604 1031 3659 Ita
1078 3611 1225 3659 certe
1260 3601 1401 3653 inter
1434 3614 1493 3652 se
1540 3595 1871 3649 conveniunt
1910 3595 2077 3645 sancti
2112 3590 2297 3643 Patres

746 3708 806 3754 et
832 3699 1081 3753 doctores
1108 3692 1281 3747 nostri
1305 3709 1319 3755 ;
1343 3690 1416 3743 ita
1445 3686 1548 3741 sibi
1577 3684 1807 3739 invicem
1830 3681 2178 3736 consentanei
2214 3680 2297 3731 lo-

747 3799 1017 3861 quuntur.
1038 3788 1154 3841 sive
1178 3782 1510 3842 Orientales.
1532 3782 1649 3834 sive
1670 3775 2063 3833 Occidentales.
2086 3772 2296 3839 Quippe

748 3879 1112 3934 Damascenus
1140 3876 1197 3927 in
1224 3872 1364 3928 libro
1391 3867 1783 3925 Sententiarum
1806 3880 1857 3919 c.
1880 3865 1952 3919 S3
1972 3865 2048 3919 ita
2078 3862 2253 3929 inquit
2277 3876 2294 3915 :

751 3969 869 4025 Non
900 3976 985 4021 est
1010 3965 1165 4035 panis
1198 3964 1365 4032 iigura
1397 3962 1644 4029 corporis
1669 3968 1725 4012 et
1758 3956 2039 4035 sanguinis
2066 3951 2296 4011 Christi.

751 4059 915 4120 absit,
956 4028 1049 4111 sed
1103 4028 1280 4123 ipsum
1335 4028 1534 4118 corpus
1585 4046 1787 4102 Christi
1838 4028 2174 4098 deiﬁcitum.
2228 4041 2298 4096 Et

753 4148 898 4201 unde
949 4147 1071 4206 hoc,
1109 4140 1448 4195 sanctissime
1491 4135 1718 4191 doctor?
1765 4132 1877 4187 Hoc
1924 4133 2189 4186 habemus
2229 4130 2297 4183 ab

753 4239 895 4305 ipso,
922 4237 1119 4300 inquit,
1156 4229 1405 4291 Domino,
1432 4226 1663 4286 dicente,
1697 4238 1804 4277 non
1830 4241 1843 4275 :
1877 4221 1990 4275 Hoc
2022 4230 2106 4276 est
2127 4220 2298 4290 ﬁgura

755 4324 1019 4391 corporis,
1065 4319 1156 4374 sed
1192 4319 1370 4386 ipsum
1416 4330 1599 4384 corpus
1647 4329 1840 4377 meum,
1878 4322 1931 4366 et
1972 4328 2082 4368 non
2127 4313 2299 4381 ﬁgura

2397 3157 2615 3197 necesse
2664 3141 2785 3204 fuit,
2830 3139 3040 3192 Patrem
3080 3148 3132 3191 et
3176 3137 3433 3205 Spiritum
3470 3145 3715 3187 sanctum
3763 3135 3940 3200 palam

2396 3232 2463 3287 ad
2495 3234 2595 3285 hoc
2625 3246 2759 3299 opus
2783 3231 3060 3289 invocare,
3090 3244 3209 3281 cum
3242 3242 3383 3279 unus
3418 3226 3670 3292 idemque
3700 3232 3752 3276 et
3774 3226 3941 3277 unius

2396 3337 2516 3375 cum
2544 3322 2650 3374 iiiis
2683 3319 2997 3373 substantia:
3028 3320 3120 3379 sit,
3149 3326 3367 3384 propter
3402 3315 3545 3382 quod
3580 3313 3839 3381 quidquid
3865 3314 3939 3363 ab

2396 3411 2461 3465 eo
2490 3412 2573 3464 vel
2620 3410 2795 3471 ﬁebat,
2831 3409 2913 3461 vel
2943 3408 3242 3471 dicebatur,
3288 3407 3427 3459 idem
3472 3405 3541 3457 ab
3572 3405 3694 3457 aliis
3724 3419 3943 3469 quoque

2397 3501 2556 3554 ﬁebat
2580 3499 2985 3565 dicebaturque.
3013 3495 3121 3549 Nos
3148 3510 3277 3549 vero
3308 3494 3388 3548 ias
3418 3503 3502 3547 est
3528 3504 3585 3548 et
3616 3492 3941 3547 nominatim

2399 3593 2519 3645 illos
2566 3591 2839 3649 invocare,
2875 3599 2928 3644 et
2978 3598 3035 3640 ut
3083 3603 3307 3640 munera
3354 3598 3539 3639 nostra
3580 3584 3945 3639 sanctiiicem,

2396 3683 2600 3749 precari
2636 3699 2649 3733 :
2679 3696 2870 3733 verum
2900 3679 2949 3731 id
2979 3694 3083 3732 non
3112 3679 3221 3731 alio
3242 3687 3402 3746 atque
3422 3676 3529 3729 alio
3561 3677 3723 3728 modo
3752 3689 3939 3743 agere,

2397 3787 2498 3826 nec
2528 3773 2633 3824 alio
2669 3784 2830 3840 atque
2863 3770 2969 3823 aiio
3014 3754 3275 3837 tempore,
3311 3767 3406 3821 sed
3449 3776 3503 3821 et
3546 3781 3653 3838 quo
3698 3775 3945 3833 tempore

2395 3864 2608 3917 Domini
2658 3861 3073 3929 pronuntiamus
3118 3859 3305 3916 verba.
3347 3865 3401 3911 et
3445 3856 3719 3924 quomodo
3775 3856 3945 3908 verba

2396 3952 2719 4024 signiﬁcant.
2755 3950 2908 4015 Quod
2941 3950 2996 4011 si
3020 3950 3169 4002 illum
3204 3956 3457 4017 tanqdam
3490 3948 3764 4001 hominem
3791 3948 3943 4000 dice-

2397 4055 2622 4105 remus,
2672 4041 2800 4095 dum
2852 4039 3057 4108 gratias
3102 4038 3294 4114 agebat
3346 4037 3625 4091 beneﬁciis
3681 4038 3944 4104 acceptis,
4010 4042 4015 4043 '

2397 4145 2578 4185 orasse
2607 4132 2773 4183 etiam
2819 4128 2980 4180 tacite
3027 4126 3242 4180 Patrem
3274 4134 3330 4179 et
3352 4126 3635 4192 ~Spiritum
3668 4135 3942 4189 sanctum,

2399 4228 2476 4273 ut
2517 4221 2582 4271 ad
2616 4232 2739 4271 eam
2782 4216 3244 4269 consecrationem
3274 4228 3694 4280 concurrerent,
3744 4217 3949 4271 deinde

2400 4308 2583 4361 verbis
2636 4307 2784 4358 illum
2840 4290 3063 4370 prolatis
3111 4306 3428 4371 mysterium
3480 4309 3776 4374 peregisse,
3838 4324 3946 4361 non

756 4390 1054 4483 sanguinis,
1080 4410 1173 4463 sed
1203 4410 1317 4477 ipse
1338 4408 1551 4473 sanguis
1570 4420 1734 4457 meus.
1766 4403 1939 4457 Verba
1966 4403 2134 4473 igitur
2162 4404 2253 4456 illa
2279 4420 2292 4453 :
2328 4390 2371 4445 Β
2400 4398 2515 4451 sine
2543 4397 2751 4447 ratione
2773 4393 3099 4447 diceremus.
3136 4394 3338 4447 Eodem
3376 4395 3540 4461 igitur
3573 4398 3735 4449 modo
3766 4406 3826 4450 et
3851 4412 3950 4450 nos

757 4506 866 4559 Hoc
894 4511 965 4556 est
989 4514 1175 4569 corpus
1200 4513 1390 4557 meum.
1425 4499 1587 4549 etiam
1615 4496 1764 4563 juxta
1793 4494 2116 4548 sententiam
2150 4493 2298 4545 illius

757 4595 993 4648 doctoris
1040 4577 1282 4648 iaciunt,
1330 4595 1390 4638 ut
1443 4587 1599 4654 panis
1637 4584 1823 4637 altaris
1858 4598 2044 4636 verum
2095 4580 2300 4635 Christi

757 4695 955 4748 corpus
980 4678 1050 4729 sit
1080 4675 1459 4738 credaturque.
1494 4672 1599 4725 Sed
1628 4672 1693 4722 iis
1712 4670 1968 4721 omnibus
1993 4684 2111 4733 quae
2136 4680 2300 4732 supra

761 4768 1223 4825 inertioravimus,
1272 4761 1426 4827 quasi
1491 4759 1735 4809 ultimam
1788 4770 2008 4806 manum
2072 4756 2301 4821 imponit

759 4856 997 4919 Epistula
1022 4851 1259 4905 doctoris
1296 4848 1539 4916 gentium
1572 4847 1636 4897 ad
1688 4844 2006 4897 Corinthios
2039 4842 2106 4895 de
2140 4844 2301 4908 hujus

756 4942 1106 4998 sacratissimi
1164 4938 1404 5007 mysterii
1460 4934 1755 4987 traditione
1798 4933 2150 5001 speculantis.
2190 4930 2301 5000 Ego

758 5037 915 5099 enim,
940 5035 1133 5100 inquit,
1151 5030 1325 5097 accepi
1347 5044 1374 5081 a
1399 5027 1625 5081 Domino
1647 5026 1781 5093 quod
1802 5033 1847 5076 et
1876 5025 2070 5076 tradidi
2098 5024 2237 5076 vobis
2257 5024 2298 5077 ⁸.

758 5126 965 5181 Deinde
988 5131 1275 5193 enumerat
1295 5135 1413 5189 qua:
1438 5121 1667 5195 accepit.
1698 5117 1880 5169 Primo
1907 5116 2088 5183 itaque
2113 5114 2297 5167 videa-

759 5230 901 5276 mus.
937 5214 983 5267 si
1015 5213 1169 5275 libet,
1204 5227 1272 5263 an
1321 5209 1653 5263 sufficienter
1698 5205 2000 5259 tradiderit.
2036 5203 2189 5257 Patet
2230 5204 2317 5286 si:

755 5302 1291 5377 quidem'manifeste
1316 5314 1439 5352 eum
1469 5296 1753 5351 tradidisse
1777 5313 1791 5347 :
1820 5308 1997 5363 neque
2021 5294 2168 5346 enim
2202 5284 2327 5367 im-V'

760 5396 997 5465 perfecte
1046 5392 1275 5459 accepit,
1320 5405 1498 5457 neque
1547 5388 1725 5440 minus
1770 5398 1935 5452 quam
1992 5390 2297 5450 acceperat,

762 5486 1003 5549 tradidit,
1028 5482 1121 5537 sed
1142 5480 1405 5549 quidquid
1428 5480 1661 5534 decwat
1688 5487 1745 5530 et
1770 5475 1994 5530 necesse
2014 5482 2133 5527 erat
2152 5475 2296 5530 circa

826 5666 843 5698 ⁸
874 5666 891 5717 ι
920 5665 1040 5718 Cor.
1072 5664 1261 5729 15,25.
1350 5663 1370 5694 ⁸
1395 5663 1524 5716 ibid.
1558 5663 1647 5716 Ἠ.

2400 4499 2558 4551 agere
2584 4498 2808 4535 necesse
2835 4495 2939 4545 est,
2972 4476 3217 4537 invocato
3245 4484 3457 4537 scilicet
3487 4484 3751 4546 Patrefet
3782 4486 3946 4551 Filio,

2396 4582 2454 4627 et
2501 4572 2704 4651 Spiritu
2757 4586 2967 4636 sancto,
3008 4574 3321 4625 nominatim
3354 4582 3425 4634 ,et
3474 4575 3775 4638 manifeste,
3831 4576 3947 4629 sive

2398 4675 2522 4716 ante
2556 4664 2718 4723 verba
2745 4664 3003 4746 Dominus
3035 4668 3148 4717 sive
3177 4676 3318 4731 post,
3356 4680 3449 4717 seu
3482 4676 3712 4732 utroque
3740 4670 3904 4719 modo
3931 4684 3946 4730 ;

2400 4754 2536 4805 nihil
2565 4752 2706 4829 enim
2749 4740 2995 4815 interest,
3030 4765 3086 4807 ut
3127 4766 3319 4822 postea
3349 4740 3703 4817 disseremus,
3737 4756 3812 4807 ita
3845 4757 3946 4809 de-

2407 4859 2552 4895 mum
2582 4836 2806 4911 prolatis
2851 4835 3062 4896 Domini
3106 4846 3308 4907 verbis,
3350 4860 3563 4899 sacrum
3598 4846 3703 4901 boc
3744 4860 3950 4917 myste-

2406 4930 2545 4985 riuiit
2573 4934 2860 4986 coniicere.
2891 4935 2966 5020 Itta
3000 4930 3207 5001 accepit
3223 4935 3449 4999 Paulus,
3482 4936 3555 4987 ita
3587 4937 3746 4989 nobis
3779 4938 3953 4989 tradi-

2408 5024 2549 5094 dit;_
2584 5023 2881 5090 transgredi
2943 5032 3122 5076 autem
3171 5024 3529 5078 traditionem
3587 5028 3711 5093 ejus
3764 5042 3948 5096 neque

2408 5127 2715 5180 possumus,
2753 5128 2930 5181 neque
2970 5115 3250 5177 debemus,
3296 5106 3628 5183 sLdiscipuli
3657 5118 3803 5184 ejus,
3835 5116 3947 5169 imo

2400 5220 2545 5259 veto‘
2578 5204 2801 5271 Christi,
2838 5217 2894 5258 et
2935 5220 3054 5258 esse
3085 5214 3141 5259 et
3172 5205 3354 5258 vocari
3389 5208 3661 5275 cupimus.
3710 5207 3948 5259 Abunde

2398 5298 2808 5365 vero'superius
2848 5295 3281 5371 demonstratum
3310 5304 3412 5353 est.
3438 5297 3701 5387 quoniam
3746 5297 3949 5350 Paulus

2400 5389 2540 5444 hanc
2571 5388 2918 5442 traditionem
2958 5400 3063 5437 non
3109 5400 3137 5436 a
3171 5376 3538 5461 ϐΙπίιιορῗέίί
3585 5387 3654 5439 ab
3682 5385 3949 5453 apostolis

2400 5478 2635 5550 accepit,
2676 5476 3180 5531 nonmodo'verbo
3204 5476 3445 5543 hoe,aed
3484 5489 3649 5547 opere
3675 5477 3840 5531 etiam
3866 5477 3945 5529 ita
