4122 6326
177 213 286 282 513

1151 209 1245 267 DF.
1287 203 1781 264 SACRAMENTO
1824 199 2387 262 EUCHARISTUE.

3266 146 3368 257 su

173 314 524 388 facientibus,
550 321 898 377 manifestum
927 331 1045 372 esse
1076 330 1183 370 non
1215 315 1335 366 aliis
1370 328 1531 380 quam
1563 311 1717 364 Chri-
1744 312 1789 367 Α
1821 324 1945 361 vero
1990 311 2104 376 ipsa
2155 317 2280 362 sunt
2327 305 2488 360 verba
2534 299 2854 366 Salvatoris,
2896 319 3013 371 quae
3065 304 3206 371 apud
3253 317 3371 356 om-

172 420 244 474 sti
281 417 462 471 verbis
484 416 629 482 ipsos
657 413 818 467 etiam
842 408 1115 477 apostolos
1143 415 1263 475 post
1285 404 1559 458 Christum
1592 418 1719 456 con-

172 521 444 569 secrasse,
475 511 529 557 et
556 501 768 556 caneris
793 498 1040 552 eumdem
1077 495 1316 566 mysterii
1358 494 1519 548 ritum
1557 494 1722 547 tradi-

173 596 342 649 disse.
373 594 638 647 Praeterea
673 590 777 644 hoc
813 588 955 641 idem
1002 584 1299 639 ostendunt
1347 583 1531 650 populi
1560 581 1626 634 ad
1660 595 1720 633 ea

176 685 346 739 verba
378 680 782 750 responsiones.
820 676 1111 731 Sacerdote
1141 674 1283 728 enim
1314 672 1475 724 verba
1504 670 1591 723 illa
1616 669 1720 722 alta

174 789 332 839 voce,
362 783 423 828 ut
447 788 545 827 vos
576 770 744 825 Graeci
780 767 988 830 soletis,
1020 766 1431 837 pronuntiante,
1469 762 1725 816 assistens

176 866 417 933 populus
452 865 503 917 in
533 870 761 930 utraque
804 868 954 929 parte
990 858 1313 925 respondet,
1348 855 1540 914 Amen,
1572 851 1723 921 quasi

173 958 342 1017 dicat,
386 957 517 1008 Vere
565 954 634 1006 ita
666 960 770 1025 est,
814 961 875 1003 ut
919 960 976 1003 tu
1023 948 1181 1003 dicis.
1230 951 1388 1001 Amen
1423 947 1566 1007 enim
1602 961 1723 999 cum

174 1046 477 1105 attinmandi
536 1043 673 1109 apud
728 1042 980 1095 llebneos
1025 1038 1341 1091 adverbium
1388 1037 1491 1099 sit,
1541 1035 1727 1089 Graece

178 1136 324 1187 idem
348 1134 490 1201 quod
522 1150 637 1187 vere
665 1132 949 1201 signiﬁcat.
980 1134 1150 1183 Amen
1186 1130 1351 1198 igitur
1381 1127 1446 1179 ad
1475 1141 1538 1179 ea
1566 1125 1727 1178 verba

177 1225 520 1293 respondens
578 1226 834 1292 p0pulus,
865 1222 1041 1283 Certe,
1074 1220 1267 1284 inquit,
1305 1233 1499 1285 corpus
1530 1206 1586 1271 et
1611 1233 1733 1271 san-

175 1318 302 1382 guis
326 1315 522 1369 Christi
564 1323 691 1367 sunt
731 1328 954 1366 munera
988 1313 1088 1365 ista
1122 1311 1423 1380 proposita,
1457 1308 1524 1361 ita
1555 1308 1729 1361 credi-

178 1420 323 1465 mus,
367 1402 439 1456 ita
484 1402 830 1457 conﬁtemur.
865 1402 930 1454 Et
962 1401 1251 1471 quomodo,
1299 1414 1480 1467 quaeso
1510 1408 1580 1463 te,
1625 1414 1731 1452 non

176 1502 327 1545 esset
356 1501 515 1559 turpe
545 1492 845 1559 putandum
875 1506 968 1543 eos
1000 1489 1089 1557 qui
1120 1488 1393 1543 doctiores
1421 1487 1610 1541 haberi
1639 1503 1730 1539 vo—

177 1582 397 1643 lunt,ea
429 1568 675 1650 ignorare
707 1596 827 1650 quae
850 1582 1137 1635 saeculares
1163 1590 1219 1632 et
1252 1593 1528 1631 sacrarum
1556 1577 1733 1631 Litte—

178 1687 365 1723 rarum
417 1673 610 1740 ignari,
659 1670 1041 1739 respondendo
1094 1672 1287 1730 Amen,
1339 1668 1623 1723 manifeste
1676 1684 1734 1722 se

182 1762 329 1815 scire
363 1762 705 1831 signiﬁcant?
740 1761 903 1827 Quid.
934 1776 1116 1815 nonne
1157 1760 1417 1813 assistens
1465 1760 1734 1813 sacerdoti

179 1850 448 1903 diaconus
477 1851 634 1918 eique
661 1850 994 1911 ministrans,
1018 1848 1148 1900 dum
1186 1849 1441 1901 sacerdos
1467 1847 1575 1899 alta
1606 1862 1737 1900 voce

182 1941 356 2008 (juxta
398 1938 692 1993 Orientalis
739 1939 991 1992 Ecclesiae
1031 1938 1216 2005 ritum)
1263 1938 1427 1991 verba
1478 1937 1568 1990 illa
1613 1952 1739 2004 pro-

181 2028 425 2086 nuntiat.
462 2026 573 2078 Hoc
611 2036 686 2085 est
718 2044 900 2093 corpus
948 2042 1142 2087 meum,
1177 2036 1248 2089 et,
1289 2025 1382 2075 Hic
1420 2034 1495 2077 est
1525 2028 1737 2090 sanguis

182 2130 362 2179 meus,
426 2115 538 2182 ipse
591 2116 807 2182 prepria
863 2115 999 2167 stola
1055 2106 1266 2167 duobus
1315 2114 1507 2180 primis
1552 2115 1735 2183 digitis

184 2215 351 2266 tacta,
383 2218 575 2272 panem
608 2215 661 2257 et
686 2206 906 2257 calicem
941 2202 1211 2257 ostendit?
1256 2204 1388 2256 nihil
1419 2214 1564 2257 certe
1590 2204 1733 2255 aliud

181 2294 519 2361 signiﬁcans,
552 2292 657 2346 nisi
699 2309 889 2361 panem
940 2280 1092 2347 illum
1129 2295 1329 2349 Christi
1363 2309 1483 2347 esse
1514 2310 1733 2363 corpus,

182 2393 238 2435 et
266 2382 414 2451 quod
448 2383 500 2435 in
531 2383 697 2436 calice
731 2393 836 2445 est,
871 2398 989 2437 esse
1023 2383 1343 2451 sanguinem
1373 2383 1509 2452 ejus,
1550 2400 1735 2451 quem-

177 2473 477 2527 admodum
507 2474 689 2527 verbis
722 2473 826 2527 iliis
848 2474 1130 2528 asscritur.
1172 2474 1235 2527 Et
1260 2476 1372 2527 haec
1397 2488 1525 2528 sane
1555 2485 1737 2527 osten-

177 2558 323 2620 dens
361 2564 620 2619 diaconus
643 2581 749 2618 non
780 2566 1063 2627 mentitur.
1093 2573 1147 2620 et
1182 2582 1287 2618 non
1317 2566 1583 2618 mentiens
1614 2580 1733 2618 cum

178 2657 250 2710 iis
281 2658 448 2709 sentit
482 2657 573 2723 qui
614 2656 726 2709 sola
760 2654 971 2708 Domini
1016 2655 1179 2709 verba
1206 2656 1363 2709 aiunt
1392 2655 1496 2707 hoc
1526 2670 1736 2709 sacrum

179 2744 452 2811 perﬁcere
504 2756 925 2800 sacramentum.
965 2745 1153 2814 Neque
1186 2746 1331 2797 enim
1372 2744 1575 2799 frustra
1607 2747 1739 2801 tales

178 2840 449 2893 instituta:
476 2848 603 2893 sunt
624 2839 691 2892 ab
712 2839 952 2893 Ecclesia
977 2840 1333 2892 caeremoniae.
1362 2837 1497 2891 Illud
1517 2846 1738 2906 quoque

180 2932 333 2985 haud
386 2931 838 2985 contemnendum
871 2931 1108 2991 videtur,
1153 2928 1295 2999 quod
1348 2944 1469 2983 cum
1512 2921 1621 2983 duo
1658 2946 1810 3020 sa—C

177 3031 466 3076 crementa
496 3022 656 3076 nobis
683 3037 714 3075 a
748 3022 1026 3076 Salvatore
1058 3020 1249 3074 tradita
1272 3020 1503 3080 fuerint,
1532 3020 1739 3087 baptis-

182 3128 309 3167 mus
375 3123 430 3166 et
452 3113 818 3177 Eucharistia,
856 3124 1145 3179 utrumque
1176 3113 1356 3167 verbis
1395 3112 1507 3166 suis
1548 3110 1741 3165 conﬁci

174 3188 367 3273 jussit.
422 3205 637 3258 Etenim
687 3203 1024 3271 baptismus,
1071 3202 1528 3272 quemadmodum
1584 3218 1740 3269 supra

179 3291 629 3357 memoravimus,
680 3309 778 3360 per
808 3294 968 3345 verba
1004 3293 1091 3343 illa
1127 3291 1432 3352 conﬁcitur,
1465 3290 1743 3357 Baptizate

177 3403 270 3440 eos
316 3388 370 3437 in
416 3387 620 3437 nomine
669 3382 871 3444 Patris,
925 3390 973 3432 et
1022 3378 1173 3437 Filii.
1202 3389 1249 3430 et
1281 3379 1505 3443 Spiritus
1548 3382 1738 3431 sancti.

175 3474 355 3544 Cujus
404 3475 482 3526 rei
543 3471 917 3526 testimOnium
969 3478 1087 3532 est,
1139 3468 1283 3536 quod
1317 3467 1506 3521 Patres
1555 3470 1729 3523 nostri

176 3564 358 3617 sancti
392 3562 640 3616 Ecclesia:
665 3564 915 3614 doctores
948 3561 1040 3628 qui
1076 3547 1644 3627 statueruntpquinam
1675 3574 1740 3613 ex

179 3655 251 3708 iis
283 3653 379 3721 qui
405 3652 472 3707 ab
501 3652 769 3705 haereticis
807 3651 871 3702 ad
904 3648 1224 3702 catholicam
1257 3659 1605 3701 revertuntur
1638 3648 1740 3702 Ec-

177 3746 435 3807 clesiam,
460 3740 834 3809 rebaptizandi
872 3741 1003 3798 sint.
1033 3739 1122 3807 qui
1158 3755 1265 3792 non
1296 3754 1390 3792 eos
1419 3740 1559 3792 haud
1586 3740 1741 3792 reba-

177 3838 473 3908 ptizandos
509 3847 629 3889 esse
675 3840 923 3893 censent,
971 3831 1065 3899 qui
1098 3832 1152 3884 in
1190 3832 1408 3883 nomine
1450 3824 1733 3883 Trinitatis

177 3930 354 3983 serite!
384 3928 587 3980 fuerint
617 3923 891 3992 baptizati.
911 3922 1066 3988 Quod
1088 3923 1249 3977 etiam
1276 3921 1553 3989 (‘XpOSilOl‘
1580 3938 1738 3991 syno-

180 4020 394 4073 dalium
426 4032 695 4070 canonum
732 4016 872 4084 apud
906 4017 1123 4068 Graecos
1148 3998 1364 4068 videtur
1397 4013 1737 4068 conﬁrmare.

183 4112 236 4165 ls
288 4111 435 4163 enim
486 4110 542 4161 in
587 4106 1293 4178 quadragesimoseptimo
1366 4107 1738 4173 apostolorum

178 4217 399 4255 canone
448 4200 521 4253 ita
568 4199 743 4268 inquit
776 4199 949 4251 :Vere
1009 4198 1313 4266 baptizatur
1355 4197 1571 4263 aliquis,
1618 4209 1737 4248 cum

1820 416 1914 453 nes
1966 389 2092 455 sunt
2136 399 2348 461 eadem,
2373 397 2517 464 quod
2563 395 2783 448 minime
2808 395 3011 448 habent
3063 402 3370 447 sanctorum

1820 507 2027 559 preces,
2055 506 2175 543 cum
2208 491 2373 543 aliter
2405 496 2459 541 et
2488 487 2644 539 aliter
2678 494 2732 537 et
2760 485 2880 543 aliis
2910 495 3070 552 atque
3102 486 3221 537 aliis
3256 500 3372 537 ver-

1824 582 1909 635 his
1943 583 2138 635 diversi
2173 580 2502 648 supplicent.
2540 576 2698 631 Hune
2729 575 2948 629 modum
2980 585 3038 628 et
3072 575 3304 641 apostoli
3340 589 3372 627 a

1829 676 2130 736 Salvatore,
2157 681 2213 724 ut
2241 671 2572 727 credendum
2607 677 2709 731 est,
2735 678 2790 723 et
2817 666 2883 720 ab
2913 665 3171 735 apostolis
3196 664 3375 719 sancti

1828 766 2008 818 Patres
2041 771 2221 832 postea
2248 770 2543 821 sumentes,
2572 759 2623 812 in
2651 756 2874 826 singulis
2898 753 3156 808 Ecclesiae
3183 768 3371 807 sacra-

1829 852 2051 915 mentis,
2094 850 2548 921 quemadmodum
2604 848 2880 901 materiam
2932 847 3206 914 propriam
3255 844 3375 898 sine

1830 960 1933 1013 qua
1976 944 2122 999 nullo
2158 943 2319 995 modo
2372 942 2522 996 ﬁeret
2554 939 2696 1007 quod
2730 937 3069 1006 proponitur,
3106 938 3177 988 ita
3211 938 3374 988 etiam

1831 1021 2105 1104 propriam
2153 1035 2381 1087 formam
2431 1038 2763 1086 statuerunt.
2805 1030 2917 1083 Hoc
2949 1029 3214 1083 catholica
3253 1028 3377 1093 qui-

1833 1128 1954 1176 dem
1982 1124 2295 1178 Latinorum
2322 1116 2561 1178 Ecclesia
2596 1133 2761 1189 usque
2790 1120 2841 1173 in
2878 1129 3196 1187 praesentem
3230 1118 3371 1171 diem

1834 1216 2102 1267 observat.
2134 1214 2200 1265 Et
2230 1212 2391 1265 verba
2429 1212 2540 1271 illa.
2573 1213 2771 1279 quibus
2800 1199 3221 1276 unumquodque
3259 1216 3375 1260 tau-

1834 1321 1992 1370 quam
2035 1320 2131 1373 per
2172 1304 2455 1357 materiam
2490 1303 2787 1372 perﬁcitur,
2822 1302 2953 1354 nulli
2984 1316 3089 1352 non
3120 1297 3376 1350 sacerdo-

1838 1406 1949 1447 tum
1984 1396 2125 1463 apud
2157 1411 2251 1449 eos
2293 1394 2573 1448 notissima
2608 1399 2753 1445 sunt.
2803 1392 2981 1445 Nostri
3029 1405 3181 1451 vero,
3212 1388 3379 1440 multa

1837 1488 1939 1538 alia
1970 1502 2089 1553 qua:
2136 1489 2368 1554 primum
2402 1488 2539 1554 apud
2594 1495 2810 1538 nostros
2837 1494 3013 1535 ortum
3046 1480 3378 1541 habuerunt,

1840 1562 2060 1644 propter
2092 1576 2425 1631 calamitates
2457 1586 2761 1642 temporum
2792 1572 3098 1642 perdidere,
3125 1575 3195 1623 ita
3220 1570 3383 1622 etiam

1770 1644 1805 1695 Β
1839 1668 2031 1720 horum
2073 1668 2273 1721 rituum
2308 1674 2436 1721 sunt
2467 1668 2646 1721 obliti.
2688 1666 2841 1731 Quod
2890 1664 3234 1717 manifestum
3269 1662 3379 1722 ﬁet,

1842 1760 1885 1812 si
1921 1760 2043 1827 quis
2074 1760 2140 1813 ad
2189 1759 2505 1813 chrismatis
2548 1767 2945 1812 sacramentum
2984 1765 3216 1807 utentem
3249 1767 3384 1804 cou-

1842 1850 2085 1905 verterit.
2110 1850 2321 1906 Etenim
2342 1851 2576 1904 secunda
2601 1849 2935 1903 meumenica
2959 1845 3196 1910 synodus
3225 1841 3382 1893 verba

1840 1956 1958 2005 quze
1993 1954 2205 1991 sacrum
2262 1941 2501 1993 chrisma
2552 1939 2855 2006 perﬁciunt,
2897 1936 3135 1997 tradens,
3196 1933 3247 1983 in
3301 1946 3389 1983 sc-

1840 2032 2009 2097 ptimo
2057 2044 2264 2083 canone
2321 2030 2393 2081 ita
2448 2027 3071 2096 inqutt10bsignantes,
3129 2023 3229 2073 hoc
3279 2029 3381 2084 cst,

1839 2121 2199 2174 sacratissimo
2234 2118 2528 2171 chrismate
2574 2132 2669 2169 eos
2715 2116 3095 2177 chrismantes,
3153 2112 3386 2166 dicimus

1839 2212 2049 2278 signum
2085 2208 2212 2261 doni
2245 2207 2481 2274 Spiritus
2511 2204 2704 2260 sancti.
2741 2205 2805 2257 Et
2836 2204 2951 2257 haec
2987 2202 3149 2255 verba
3183 2215 3380 2254 secun-

1838 2300 1964 2353 dum
2002 2312 2096 2353 eos
2132 2296 2443 2351 chrismatis
2471 2305 2869 2350 sacramentum
2914 2293 3225 2362 perﬁciunt.
3270 2290 3385 2345 Hoc

1840 2390 1979 2442 idem
2006 2389 2061 2441 in
2086 2389 2297 2443 caeteris
2327 2387 2559 2455 diligens
2590 2386 2942 2455 investigator
2968 2384 3230 2437 inveniet.
3257 2383 3386 2448 Qua~

1839 2464 2000 2547 igitur
2029 2478 2095 2532 de
2118 2480 2295 2531 divino
2322 2478 2671 2531 Eucharistiae
2696 2486 3036 2531 sacramento
3068 2484 3382 2529 sanctorum

1839 2566 2027 2634 opinio
2058 2566 2147 2631 sit,
2182 2582 2299 2634 quae
2337 2565 2561 2629 Christi,
2594 2580 2713 2633 quae
2749 2564 2906 2619 Pauli
2944 2564 3165 2618 traditio
3193 2564 3413 2629 iuerit,.~

1841 2660 1988 2723 satis,
2038 2657 2140 2712 nisi
2178 2673 2261 2711 me
2292 2661 2506 2711 animus
2552 2657 2706 2722 fallit,
2759 2670 2921 2727 supra
2953 2657 3383 2709 demonstratum

1841 2759 1943 2803 est.
1974 2749 2249 2803 Manifesta
2287 2750 2430 2803 enim
2462 2758 2701 2817 apparet,
2743 2747 3043 2804 Orientales
3086 2758 3246 2817 atque
3277 2750 3388 2803 Oc-

1844 2841 2143 2894 cidentales
2168 2855 2356 2894 omnes
2385 2840 2626 2909 ejusdem
2677 2840 2731 2893 in
2766 2839 2870 2893 hoc
2915 2854 3035 2895 esse
3080 2842 3383 2907 sententias,

1845 2940 1903 2984 ut
1935 2930 2144 2984 scilicet
2179 2930 2337 2984 verba
2372 2926 2585 2983 Domini
2630 2931 2759 2995 sint,
2803 2945 2922 2998 quae
2953 2946 3164 2984 sacrum
3192 2945 3390 2999 corpus

1843 3019 2045 3073 Christi
2099 3010 2527 3088 sanguinemque
2579 3020 2894 3073 conﬁciant.
2942 3021 3087 3074 Idem
3140 3020 3387 3085 afﬁrmat,

1844 3112 1987 3165 idem
2023 3110 2135 3178 ipse
2175 3111 2436 3163 Dominus
2478 3121 2769 3177 asseverat.
2803 3111 2955 3163 Nunc
2986 3111 3251 3177 reliquum
3306 3122 3392 3166 est

1844 3210 1903 3255 ut
1933 3204 2148 3256 tertiam
2180 3201 2555 3270 aggrediamur
2591 3212 2821 3269 partem,
2848 3210 2904 3255 et
2937 3201 3241 3256 rationibus
3268 3217 3392 3271 quae

1842 3290 1893 3351 iu
1936 3292 2268 3343 contrarium
2316 3290 2508 3342 adduci
2551 3292 2726 3343 solent
2772 3291 2985 3354 solutis,
3041 3291 3201 3343 ﬁnem
3234 3292 3388 3360 operi

1844 3380 2203 3445 imponamus.
2258 3379 2396 3431 Sunt
2448 3390 2623 3432 autem
2677 3392 2785 3433 tres
2818 3382 3119 3447 pr:ecipuae,
3168 3397 3274 3434 una
3305 3392 3389 3434 est

1841 3467 2137 3519 auctoritas
2164 3476 2473 3519 sanctorum
2505 3467 2757 3520 Ecclesia:
2788 3470 3096 3531 doctorum,
3130 3467 3389 3522 Clemen-

1845 3556 1932 3617 tis,
1978 3554 2182 3619 Jacobi,
2230 3554 2410 3607 Basilii
2441 3564 2495 3607 et
2527 3552 2918 3623 Chrysostorni,
2967 3556 3059 3621 qui
3110 3571 3301 3611 omnes
3331 3560 3387 3611 in

1842 3645 2037 3709 missis,
2062 3659 2194 3711 quas
2218 3644 2318 3719 ipsi
2343 3659 2716 3712 composuere,
2744 3656 2865 3711 post
2890 3644 3054 3697 verba
3082 3644 3383 3711 Dominica,

1842 3733 2143 3787 sacerdotis
2190 3717 2462 3800 precibus,
2521 3732 2620 3787 hoc
2669 3743 3072 3787 sacramentum
3116 3735 3387 3789 conﬁcere

1840 3823 2110 3888 videntur,
2146 3822 2413 3890 siquidem
2440 3806 2619 3875 etiam
2660 3831 2775 3889 post
2805 3823 2968 3876 verba
3006 3823 3215 3876 Domini
3258 3840 3390 3893 pro-

1842 3917 1969 3981 lata,
1996 3931 2101 3968 non
2127 3931 2326 3983 corpus
2348 3923 2402 3969 et
2426 3915 2763 3983 sanguinem,
2792 3911 2887 3968 sed
2910 3930 3100 3983 panem
3126 3926 3181 3969 et
3202 3917 3386 3971 vinum

1843 4006 2143 4060 nominant.
2174 4004 2421 4059 Secunda
2453 4020 2581 4058 vero
2604 4013 2689 4059 est
2716 4006 3012 4059 auctoritas
3044 4006 3383 4072 Damasceni,

1844 4092 2076 4151 dicentis
2096 4098 2310 4150 beatum
2356 4098 2612 4152 Basilium
2650 4099 2764 4153 haec
2792 4116 3014 4154 munera
3050 4102 3171 4153 ideo
3213 4104 3392 4172 praeﬁ-

1844 4189 2089 4256 gurativa
2154 4188 2497 4254 nominasse,
2570 4191 2695 4257 quia
2757 4192 2996 4246 nondum
3055 4196 3389 4253 sanctiﬁcata

180 4291 493 4345 secundum
528 4305 715 4343 vocem
752 4279 1168 4354 Domini—semel
1203 4288 1531 4363 baptizatur,
1564 4288 1616 4350 in
1648 4302 1740 4338 no—
1772 4288 1816 4342 D
1843 4290 1999 4333 erant
2034 4295 2047 4331 :
2078 4279 2148 4330 ita
2192 4270 2321 4332 vero
2368 4296 2431 4335 ea
2486 4284 2794 4337 nominasse
2838 4285 3007 4338 multo
3054 4297 3174 4352 post
3225 4289 3387 4342 verba

179 4385 338 4436 mine
367 4380 559 4444 Patris,
594 4389 651 4434 et
698 4379 841 4442 Filii,
872 4388 925 4432 et
971 4378 1205 4445 Spiritus
1239 4376 1434 4439 sancti,
1485 4386 1737 4441 tanquam

179 4468 635 4540 pronuntiatione
665 4466 946 4522 Trinitatis
983 4479 1038 4542 et
1069 4467 1193 4520 ﬁdei
1238 4470 1292 4519 in
1349 4483 1431 4542 ea,
1461 4462 1743 4533 juxta'Do-

184 4563 451 4615 minicam
507 4560 876 4633 traditionem,
934 4541 1247 4627 perﬁciatur
1309 4541 1631 4623 bapiismus.
1686 4551 1739 4604 Si

184 4636 362 4719 igitur
391 4651 509 4702 haec
543 4631 656 4702 duo
687 4651 800 4702 sola
844 4631 1178 4719 sacramenta
1210 4648 1260 4699 in
1292 4645 1595 4713 Evangeliis
1629 4659 1742 4695 ma-

178 4743 389 4796 nifeste
428 4730 628 4792 tradita
662 4739 889 4807 legimus
924 4759 936 4793 :
965 4741 1197 4795 alterum
1239 4751 1364 4788 vero
1400 4720 1609 4797 eorum,
1642 4733 1744 4786 hoc

178 4842 265 4886 est
295 4828 621 4896 baptismus,
647 4827 937 4880 Dominicis
960 4826 1235 4892 perﬁcitur
1265 4820 1471 4883 verbis,
1507 4821 1745 4887 profecto

179 4936 236 4976 et
264 4922 402 4989 illud
433 4933 667 4986 quoque,
702 4918 802 4970 hoc
836 4926 917 4968 est
951 4914 1367 4972 Eucharistiam,
1404 4912 1603 4965 divinis
1640 4916 1745 4968 illis

180 5025 237 5067 et
272 5030 307 5065 a
355 5010 463 5063 Deo
504 5007 716 5071 traditis
739 5008 916 5059 verbis
951 5005 1141 5058 conﬁci
1177 5003 1595 5057 existimandum
1632 5017 1737 5060 est.

181 5105 471 5175 Siquidem
495 5105 546 5167 in
569 5102 719 5156 omni
743 5114 938 5168 genere
962 5112 1139 5150 rerum
1163 5104 1396 5162 quatuor
1414 5110 1531 5149 esse
1554 5112 1747 5151 causas

178 5200 405 5261 oportet
432 5207 444 5240 :
470 5188 791 5261 eﬁectivam,
817 5185 1115 5243 formalem,
1146 5182 1355 5234 ﬁnalem
1410 5192 1463 5235 et
1492 5188 1741 5238 materia-

179 5286 317 5338 lem.
364 5279 558 5332 Forma
610 5287 790 5331 autem
841 5276 1001 5338 hujus
1051 5272 1374 5324 sacramenti
1409 5274 1569 5325 verba
1617 5286 1747 5329 sunt

184 5370 496 5429 Dominica,
522 5378 577 5419 et
605 5367 737 5418 nihil
760 5365 930 5417 aliud.
958 5364 1184 5428 Propter
1210 5361 1352 5427 quod
1386 5378 1549 5415 unum
1578 5367 1745 5418 idem-

178 5470 293 5534 q'ue
324 5475 445 5515 esse
488 5458 643 5510 decet
692 5453 1135 5520 Unumquodque,
1165 5466 1287 5505 cum
1334 5467 1387 5504 et
1430 5454 1598 5507 forma
1640 5474 1741 5508 una

180 5559 281 5623 ,μ’
319 5561 539 5624 propter
563 5565 721 5617 quam
751 5561 833 5599 est
854 5544 995 5614 quod
1026 5552 1107 5595 est
1134 5552 1186 5595 et
1216 5558 1333 5597 esse
1361 5546 1583 5600 dicitur.
1620 5548 1741 5601 Hmc

517 5648 788 5707 Panos.
831 5644 947 5702 Gn.
996 5641 1196 5699 CLXI.

1844 4372 2143 4443 Dominica.
2176 4370 2358 4424 Tertia
2410 4382 2545 4426 ratio
2584 4383 2667 4427 est
2700 4375 2886 4443 opinio
2916 4377 3241 4432 sanctissimi
3289 4382 3391 4432 viri

1844 4462 2084 4532 Dionysii
2134 4462 2490 4531 Areopagitas,
2535 4465 2627 4532 qui
2659 4473 2845 4533 aperte
2889 4468 3094 4520 sentire
3151 4469 3386 4533 videtur,

1846 4565 1964 4621 post
1996 4554 2161 4607 verba
2195 4554 2404 4607 Domini
2439 4554 2540 4608 hoc
2570 4566 2964 4615 sacramentum
3000 4557 3211 4609 conﬁci.
3239 4558 3308 4610 lis
3334 4559 3388 4611 in

1847 4646 2132 4712 prazsentia
2167 4644 2467 4698 rationibus
2497 4659 2525 4695 a
2561 4646 2716 4698 nobis
2751 4636 3183 4714 respondendqu
3215 4656 3320 4701 est.

1916 4734 1971 4785 ln
2006 4734 2189 4799 primis
2215 4742 2392 4785 autem
2426 4748 2606 4784 vernis
2632 4742 2943 4784 sanctorqu
2986 4735 3268 4787 doctorum
3296 4740 3388 4803 qui

1848 4826 2037 4879 missas
2066 4830 2524 4889 composuerunt,
2560 4820 2715 4871 unica
2752 4820 2887 4873 ratio
2932 4822 3212 4875 satisfacit.
3256 4824 3387 4878 Cum

1847 4917 1947 4989 ipsi
1972 4923 2200 4981 quatuor
2227 4912 2411 4963 Patres
2438 4911 2576 4970 idem
2612 4912 2768 4976 plane
2792 4911 2993 4975 dicant,
3017 4928 3205 4967 eorum
3230 4916 3390 4969 verba

1846 5016 1969 5057 ante
1990 5005 2169 5056 omnia
2201 5003 2503 5053 audiamus.
2532 5000 2779 5055 Clemens
2802 5002 2985 5071 itaque
3014 5009 3240 5073 primus,
3269 5024 3390 5060 cum

1850 5094 2104 5148 miracula
2138 5093 2344 5146 Domini
2381 5104 2434 5145 et
2485 5108 2569 5145 res
2604 5104 2781 5160 gestas
2810 5096 2950 5163 ejus,
2995 5112 3057 5150 ac
3090 5112 3395 5152 sacranten.

1850 5195 2025 5237 torum
2062 5200 2088 5237 a
2116 5184 2341 5236 Domino
2371 5184 2716 5237 traditionem
2745 5196 3247 5248 commemorasset,
3269 5197 3393 5253 post

1846 5290 1904 5323 ea
1931 5274 2157 5340 inquit:
2212 5272 2473 5325 Memores
2508 5274 2690 5340 itaque
2720 5289 2816 5326 nos
2868 5272 3153 5339 passionis.
3206 5278 3395 5326 mortis

1849 5376 1899 5415 et
1932 5361 2342 5414 resurrecdonis
2378 5362 2515 5428 ejus,
2563 5371 2693 5422 etc.,
2728 5359 3007 5413 oﬁ'erimus
3042 5360 3139 5411 tibi
3183 5360 3309 5427 Regi
3342 5373 3395 5412 et

1850 5453 1957 5505 Deo
1996 5456 2295 5505 secundum
2328 5456 2443 5521 ejus
2469 5461 2756 5520 pr:ecepta,
2780 5462 2884 5505 etc.
2922 5448 3193 5519 Rogamus
3248 5464 3294 5501 te
3339 5466 3395 5503 Ut

1849 5547 2143 5598 clementer
2174 5545 2430 5612 inspicias
2482 5547 2591 5596 haec
2634 5544 2911 5613 proposita
2952 5558 3133 5596 coram
3186 5552 3234 5593 te
3282 5556 3395 5592 mu-

2907 5635 2969 5695 l7
