4122 6326
734 386 835 448 515

1671 377 2177 437 BESSARIONIS
2217 381 2275 438 S.
2322 382 2385 439 li.
2431 382 2491 439 E.
2533 372 2998 439 CARDJNALIS

3846 386 3956 447 HS

736 511 888 557 nera,
927 492 981 547 tu
1011 492 1211 545 nullius
1247 486 1491 560 indigens
1522 491 1681 555 Deus,
1709 501 1762 544 et
1790 492 1843 543 in
1877 490 1954 543 eis
1980 490 2114 543 bene
2147 505 2286 544 com-
2314 493 2358 547 Α
2389 505 2509 543 cum
2545 490 2763 545 Christo
2813 490 3053 560 corporis
3106 491 3436 549 efiiciuntur.
3472 496 3535 549 Et
3581 496 3686 549 boc
3732 498 3951 566 quidem

738 588 975 656 placeas,
1009 585 1070 637 ad
1125 584 1388 637 honorem
1418 581 1619 637 Christi
1652 582 1751 644 tui,
1809 591 1861 635 et
1900 582 2082 633 mittas
2118 580 2293 648 Spiri—

742 690 851 731 tum
885 684 1125 729 sanctum
1161 662 1335 737 tuum,
1366 682 1554 727 testem
1582 672 1851 740 passionis
1878 672 2090 725 Domini
2124 672 2293 724 nostri

737 770 885 829 Jesu,
918 778 1079 833 super
1108 765 1210 817 hoc
1246 764 1540 827 sacrificio,
1572 764 1663 831 qui
1700 764 1845 815 hunc
1882 778 2070 829 panem
2096 778 2294 830 corpus

738 860 935 915 Christi
970 859 1069 920 tui,
1099 869 1152 912 ct
1196 858 1344 909 hunc
1373 855 1594 909 calicem
1630 854 1946 922 sanguinem
1982 853 2179 908 Christi
2216 855 2291 906 tui

738 952 950 1005 efliciat.
986 949 1137 1003 Licet
1166 948 1311 1001 enim
1348 946 1463 1000 haec
1481 944 1779 1000 Clementis
1812 946 1971 998 verba
2007 946 2147 998 inter
2171 960 2295 1011 apo-

739 1042 969 1110 crypbas
1029 1035 1326 1104 scripturas
1367 1035 1785 1089 commemorari
1841 1034 2068 1098 soleant,
2121 1034 2295 1101 placet

741 1138 921 1181 tamen
965 1126 1045 1179 eis
1078 1124 1565 1192 imprazsentiarum
1617 1130 1871 1191 tanquam
1922 1122 2060 1175 veris
2106 1138 2292 1191 assen-

741 1221 959 1273 tiamur.
991 1218 1224 1272 .iacobus
1253 1229 1471 1284 quoque
1526 1214 1697 1267 multo
1728 1222 1848 1281 post
1876 1212 2039 1266 verba
2082 1212 2290 1269 Domini

732 1309 1013 1372 obsecrat,
1042 1308 1365 1361 utmittatur
1392 1304 1629 1375 Spiritus
1657 1314 1898 1358 sanctus.
1936 1303 2007 1357 De
2035 1320 2143 1372 quo
2168 1318 2290 1357 cum

741 1401 907 1455 multa
936 1400 1181 1460 dixisset,
1208 1396 1522 1465 subjungit:
1555 1394 1624 1448 Ut
1648 1394 1943 1449 adveniens
1968 1392 2288 1457 sanctificet,

712 1501 795 1546 ret
820 1491 980 1545 faciat
1005 1491 1151 1543 hunc
1177 1487 1394 1556 quidem
1426 1500 1625 1554 panem
1646 1500 1846 1551 corpus
1879 1484 2081 1537 Christi
2116 1486 2213 1543 tui,
2239 1495 2291 1538 et

730 1585 890 1636 hunc
920 1580 1141 1633 calicem
1195 1580 1491 1645 pretiosum
1524 1578 1838 1645 sanguinem
1867 1574 2066 1629 Christi
2105 1576 2202 1627 tui.
2228 1576 2293 1628 At

743 1686 973 1742 magnus
1008 1667 1243 1722 Basilius
1270 1666 1521 1721 similiter
1547 1674 1667 1734 post
1698 1664 1863 1719 verba
1895 1664 2188 1719 Salvatoris
2214 1664 2293 1717 in-

742 1771 899 1817 vocat
931 1770 1177 1816 sanctum
1204 1758 1487 1826 Spiritum,
1514 1766 1571 1810 ut
1596 1757 1659 1810 ad
1693 1756 1966 1825 proposita
2001 1755 2293 1809 descendat

2398 578 2580 647 petere
2613 584 2973 643 sacerdotem,
3004 598 3126 635 cum
3161 591 3337 651 rogat,
3379 591 3437 638 ut
3462 574 3801 640 descendens
3831 586 3961 655 Spi-

2398 669 2535 722 ritus
2584 679 2839 733 sanctus,
2897 685 3087 739 panem
3130 671 3346 739 quidem
3404 675 3707 742 pretiosum
3759 691 3958 746 corpus

2396 758 2616 822 Christi,
2651 761 2871 813 calicem
2899 776 3029 814 vero
3059 762 3356 829 pretiosum
3382 762 3705 832 sanguinem
3754 766 3912 820 faciat
3940 810 3953 827 ,

2401 849 2502 901 hoc
2559 859 2663 910 est,
2712 860 2770 902 ut
2819 850 3029 903 fidelem
3103 853 3361 920 populum
3414 857 3699 924 mysticum
3761 872 3957 924 corpus

2395 937 2595 991 Christi
2640 940 3064 1008 sanguinemque
3098 940 3279 1005 faciat,
3321 960 3428 1011 quo
3460 946 3700 999 membra
3725 938 3784 999 et
3832 964 3955 1015 par-

2398 1035 2477 1081 tes
2505 1042 2807 1097 corpusque
2827 1030 2952 1099 ejus
2984 1029 3186 1097 effecti,
3213 1040 3267 1085 et
3303 1034 3405 1087 sibi
3446 1036 3581 1102 ipsis
3610 1035 3874 1089 charitate
3908 1044 3957 1087 et

2395 1117 2615 1172 Christo
2648 1119 2805 1182 uniti,
2846 1120 3031 1174 vivant
3065 1134 3186 1173 cum
3233 1135 3299 1176 eo
3335 1123 3501 1176 vitam
3551 1135 3809 1177 :eternam
3841 1166 3854 1186 ,
3906 1134 3957 1175 et

2398 1204 2722 1275 fiantipsius
2749 1209 3079 1264 cohaeredes.
3121 1212 3229 1265 Nos
3260 1227 3389 1265 vero
3426 1223 3619 1281 prater
3672 1216 3785 1268 haec
3825 1216 3955 1267 illud

2396 1300 2575 1367 potius
2621 1299 2908 1353 dicendum
2951 1301 3342 1363 existimamus.
3374 1305 3513 1371 quod
3543 1320 3667 1359 cum
3710 1305 3955 1359 divinum

2396 1389 2497 1443 hoc
2546 1400 2941 1443 sacramentum
2995 1392 3067 1444 sit
3119 1407 3423 1457 commune,
3475 1394 3547 1448 sit
3606 1410 3742 1464 opus
3791 1397 3955 1448 totius

2392 1479 2697 1543 Trinitatis,
2746 1494 2968 1534 necesse
2998 1490 3081 1535 est
3123 1497 3240 1543 nos,
3284 1484 3746 1552 quemadmodum
3789 1499 3952 1550 supra

2396 1570 2652 1633 diximus,
2682 1579 2734 1622 et
2754 1570 2967 1623 Patrem
3010 1578 3064 1623 et
3098 1570 3360 1639 Spiritum
3390 1583 3636 1626 sanctum
3668 1589 3792 1627 cum
3822 1572 3955 1625 Filio

2398 1662 2668 1725 invocare,
2704 1670 2765 1714 ut
2803 1662 3077 1729 proposita
3121 1678 3347 1715 munera
3379 1663 3681 1731 perficiant.
3710 1664 3864 1730 Quod
3906 1675 3953 1717 et

2398 1753 2597 1821 passim
2650 1762 2964 1821 per'totam
3016 1754 3231 1807 missam
3288 1754 3535 1819 iacimus,
3588 1765 3644 1809 et
3693 1773 3798 1809 non
3834 1767 3952 1809 ante

744 1865 991 1917 munera,
1038 1859 1090 1904 et
1126 1848 1427 1903 sanetificet
1450 1887 1464 1909 ,
1507 1858 1561 1902 et
1609 1848 1769 1900 faciat
1829 1860 2019 1915 panem
2070 1846 2287 1915 quidem
2323 1834 2369 1893 Β
2400 1845 2563 1898 verba
2593 1839 2905 1907 Salvatoris,
2938 1845 3029 1897 sed
3063 1845 3225 1897 etiam
3257 1853 3378 1913 post
3408 1845 3591 1923 multis
3619 1859 3743 1900 cum
3781 1848 3952 1915 preci-

743 1944 1035 2013 pretiosum
1071 1954 1268 2009 corpus
1295 1938 1509 1993 Domini
1542 1935 1633 1991 Dei
1665 1949 1717 1991 et
1748 1938 2047 1991 Salvatoris
2079 1936 2291 1989 Domini

732 2037 912 2090 nostri
965 2034 1087 2087 Jesu
1134 2030 1337 2085 Christi
1363 2070 1376 2092 ,
1410 2040 1464 2083 et
1494 2029 1715 2086 calicem
1747 2027 2046 2095 pretiosum
2078 2024 2293 2093 stingui-'-

745 2142 867 2181 nem
893 2124 1095 2180 Christi
1126 2122 1303 2181 nostri
1332 2121 1424 2190 qui
1455 2119 1658 2175 effusus
1688 2126 1768 2173 est
1798 2134 1898 2186 pro
1940 2116 2128 2169 mundi
2163 2118 2291 2167 vita.

745 2216 826 2269 Ad
859 2218 973 2267 haec
999 2213 1435 2279 Chrysostomus,
1458 2219 1582 2277 post
1602 2206 1768 2261 verba
1792 2205 2003 2259 Domini
2037 2212 2091 2258 et
2113 2218 2295 2257 rerum

749 2318 841 2373 per
872 2318 997 2359 eum
1027 2310 1300 2372 gestarum
1331 2299 1722 2360 narrationem,
1766 2295 1950 2350 subdit
1979 2312 1993 2349 :
2026 2294 2295 2363 Rogamus

744 2410 820 2461 te,
865 2396 1053 2449 emitte
1083 2392 1344 2461 Spiritum
1379 2398 1530 2443 tuum
1580 2397 1830 2441 sanctum
1872 2401 2037 2456 super
2078 2401 2198 2449 nos,
2242 2396 2296 2438 et

703 2496 706 2499 λ
745 2502 906 2557 super
934 2487 1049 2540 haec
1083 2484 1363 2554 proposita
1414 2496 1663 2546 munera,
1698 2490 1751 2535 et
1779 2480 1863 2534 fac
1900 2478 2045 2533 hunc
2075 2477 2293 2547 quidem

746 2581 1042 2649 pretiosum
1076 2587 1271 2643 corpus
1323 2572 1524 2627 Christi
1576 2574 1691 2634 tui,
1742 2571 1883 2640 quod
1917 2585 2047 2624 vero
2093 2572 2145 2623 in
2190 2569 2295 2623 hoc

743 2670 911 2724 calice
936 2660 1049 2731 est,
1082 2668 1381 2734 pretiosum
1423 2660 1739 2731 sanguinem
1780 2660 1983 2714 Christi
2032 2659 2134 2712 tui.
2168 2658 2296 2711 Post

746 2763 860 2815 haec
888 2758 1166 2829 subiungit
1185 2776 1197 2809 :
1219 2757 1609 2810 Transmutans
1638 2768 1700 2805 ea
1729 2751 1933 2819 Spiritu
1970 2760 2159 2803 sancto
2180 2756 2293 2800 tuo.

747 2851 824 2905 Ex
862 2850 1061 2917 quibus
1106 2847 1359 2901 omnibus
1386 2844 1543 2897 facile
1596 2852 1741 2895 esset
1784 2841 1959 2893 cuivis
2008 2842 2295 2905 argumen-

732 2937 850 2991 tari
891 2952 908 2987 :
949 2936 1004 2988 Si
1056 2933 1236 2986 verbis
1280 2932 1393 2984 illis
1448 2926 1769 2987 Duminicis,
1822 2928 1931 2979 Hoc
1986 2935 2058 2978 eat
2108 2940 2292 2993 corpus

737 3042 942 3088 meum,
972 3031 1048 3085 et,
1100 3022 1196 3074 Hic
1224 3030 1296 3073 eat
1340 3023 1552 3089 sanguis
1601 3033 1764 3081 metu,
1793 3010 2002 3071 sacrum
2040 3014 2298 3068 Euchari-

746 3117 865 3169 stim
896 3111 1183 3167 conficitur
1208 3112 1531 3165 sacramenti
1559 3110 1896 3181 mysterium,
1920 3106 2091 3158 sancti
2118 3105 2300 3157 Eccle-

751 3204 843 3260 sia:
866 3204 1118 3259 doctores
1146 3202 1369 3254 minime
1394 3210 1517 3270 post
1538 3211 1601 3253 ea
1632 3199 1794 3253 verba
1823 3198 1874 3251 id
1907 3196 2142 3264 prOpriiS
2170 3207 2296 3261 sup-

749 3293 1131 3365 plicationibus
1167 3292 1383 3346 efficere
1422 3299 1766 3353 conarentur,
1821 3304 1917 3341 nec
1954 3288 2151 3345 deinde
2200 3302 2296 3353 pa-

747 3400 870 3441 nem
904 3394 959 3439 et
982 3385 1163 3437 vinum
1197 3382 1553 3435 nominarent.
1581 3382 1715 3433 Cum
1746 3394 1872 3432 vero
1902 3380 1951 3431 id
1984 3387 2164 3447 agant,
2195 3389 2296 3429 nec

748 3477 942 3531 frustra
985 3484 1202 3529 sanctos
1238 3474 1384 3527 viros
1416 3474 1485 3525 sit
1514 3472 1962 3536 existimandum,
2014 3469 2185 3536 palam
2237 3468 2293 3546 fit

745 3565 890 3634 quod
916 3565 1019 3621 hoc
1050 3578 1263 3619 sacrum
1300 3563 1614 3633 mysterium
1659 3560 1957 3615 Dominicis
1989 3560 2169 3613 verbis
2198 3573 2292 3611 ne~

742 3670 1013 3726 quaquam
1049 3654 1240 3710 conﬁci
1273 3653 1673 3709 existimabant.
1724 3650 1861 3708 Huic
1914 3652 2081 3719 igitur
2129 3665 2290 3717 argu-

746 3755 927 3799 mento
955 3743 1280 3811 respondere
1306 3741 1568 3803 volentes,
1596 3742 1774 3804 primo
1803 3739 2019 3808 quidem
2052 3738 2104 3791 id
2140 3752 2291 3805 repe-

746 3836 910 3889 timus
939 3834 1080 3901 quod
1108 3847 1270 3901 supra
1302 3834 1585 3901 probatum
1618 3842 1725 3892 est.
1752 3844 1940 3885 omnes
1966 3838 2070 3882 tam
2100 3827 2291 3882 Orien-

742 3922 876 3976 tales
899 3936 1058 3989 quam
1084 3921 1464 3976 Occidentales
1485 3922 1735 3974 doctores
1762 3920 1813 3973 ln
1844 3920 1951 3973 hoc
1975 3917 2285 3979 convenire,

742 4021 801 4065 ut
833 4012 1193 4066 sacrosanctis
1232 4012 1444 4065 Domini
1475 4010 1653 4063 verbis
1699 4008 2051 4062 Eucharistiae
2093 4014 2290 4075 myste-

742 4104 881 4154 rium
916 4102 1255 4157 conflciatur.
1304 4103 1509 4156 Deinde
1556 4097 1823 4163 audimus,
1874 4114 1979 4151 non
2025 4092 2142 4150 esse
2176 4096 2288 4148 bzec

742 4204 861 4258 quae
892 4191 1054 4244 modo
1083 4192 1388 4255 retulimus,
1422 4189 1799 4258 superioribus
1838 4188 1945 4241 illis
1993 4185 2287 4247 contraria,

736 4294 848 4333 nec
878 4280 1025 4331 aliud
1080 4279 1187 4341 hic,
1223 4278 1367 4331 aliud
1416 4279 1524 4346 illic
1556 4290 1771 4331 sanctos
1804 4277 1951 4329 viros
1986 4276 2068 4328 vel
2108 4273 2288 4326 dicere

748 4369 832 4420 vel
864 4368 1088 4430 sentire,
1119 4380 1220 4420 nec
1273 4379 1392 4420 esse
1415 4365 1842 4419 Occidentalium
1871 4364 2187 4416 sententiam
2219 4359 2286 4411 ab

2395 1936 2498 1988 bus
2527 1934 2862 1997 invocantes,
2899 1934 3374 2005 supplicantesque
3410 1948 3470 1991 ut
3518 1937 3667 2006 digni
3721 1939 3951 1989 ministri

2397 2036 2557 2079 tanta:
2587 2028 2661 2080 rei
2688 2025 3005 2091 efﬁciamur,
3029 2042 3135 2095 quo
3164 2028 3433 2095 possimus
3469 2029 3555 2082 illa
3585 2044 3807 2082 munera
3834 2044 3951 2097 per.

2397 2116 2580 2180 ficere,
2609 2127 2665 2170 ut
2692 2130 2909 2187 accepta
2933 2120 3013 2172 eis
3046 2118 3193 2177 ﬁant,
3225 2126 3278 2172 et
3309 2120 3479 2188 gratia
3508 2120 3744 2187 Spiritus
3775 2122 3944 2174 sancti

2388 2223 2557 2276 super
2588 2224 2651 2262 ea
2697 2209 3013 2263 descendat.
3047 2209 3175 2274 Qua.-
3205 2212 3400 2264 omnia
3438 2226 3541 2264 non
3577 2220 3684 2264 tam
3720 2213 3946 2280 agimus,

2398 2307 2455 2352 ut
2488 2298 2587 2369 ipsi
2626 2314 2683 2353 ea
2714 2299 2993 2363 faciamus,
3044 2317 3203 2368 quam
3250 2313 3308 2354 ut
3358 2302 3553 2370 popqu
3602 2303 3946 2355 ostendamus

2396 2392 2699 2443 communia
2723 2405 2844 2445 esse
2882 2392 2935 2444 in
2964 2402 3205 2445 creatura
3235 2408 3399 2463 opera
3427 2391 3733 2449 Trinitatis.
3759 2394 3946 2458 Quem.

2396 2482 2687 2535 admodum
2743 2483 2885 2535 enim
2945 2481 3285 2551 beneplacito
3342 2484 3539 2549 Patris,
3599 2496 3654 2539 et
3719 2485 3946 2553 Spiritus

2396 2573 2567 2625 sancti
2610 2573 2912 2641 voluntate,
2942 2589 3103 2627 unus
3134 2577 3183 2627 in
3218 2575 3483 2630 Trinitate
3519 2587 3711 2630 natura
3754 2577 3845 2630 Dei
3897 2588 3945 2630 et

2396 2663 2570 2716 Patris
2618 2663 2807 2728 Filius,
2842 2680 2903 2717 ex
2958 2665 3163 2719 sanctis
3214 2676 3267 2720 et
3313 2667 3675 2721 immaculatis
3718 2668 3947 2735 Virginis

2396 2752 2751 2820 sanguinibus
2802 2769 2998 2822 corpus
3046 2758 3357 2825 assumpsit,
3407 2760 3478 2812 ita
3534 2768 3589 2810 et
3625 2761 3729 2814 hoc
3756 2777 3944 2827 corpus

2399 2840 2582 2892 altaris
2639 2840 2752 2906 ipsa
2796 2840 3033 2907 Trinitas
3081 2854 3251 2909 creat,
3294 2848 3405 2914 ipse
3444 2848 3680 2914 Spiritus
3732 2863 3946 2904 sanctus

2402 2929 2637 2994 potentia
2672 2944 2769 2982 sua
2795 2944 2859 2983 ex
2885 2932 3182 2985 substantia
3214 2936 3266 2985 in
3304 2935 3684 3001 substantiam,
3715 2939 3816 2993 hoc
3846 2952 3941 2999 est,

2398 3032 2462 3071 ex
2503 3034 2638 3087 pane
2686 3021 2738 3073 in
2771 3036 2969 3090 corpus
3018 3032 3362 3077 transmutat.
3393 3026 3523 3090 Qua:
3576 3043 3662 3083 res
3712 3039 3767 3081 ut
3812 3029 3945 3084 fideli

2400 3111 2597 3177 populo
2626 3113 2798 3179 palam
2833 3111 2940 3176 fiat,
2975 3114 3118 3167 illius
3146 3117 3307 3168 etiam
3356 3129 3455 3170 nos
3501 3120 3811 3175 meminisse
3853 3136 3941 3174 ne-

2400 3212 2549 3251 cesse
2576 3209 2677 3252 est.
2711 3199 2774 3251 Et
2802 3199 2905 3254 hoc
2944 3203 3077 3255 velle
3129 3202 3248 3256 illos
3280 3204 3530 3260 doctores
3579 3208 3671 3274 qui
3723 3224 3818 3275 per
3853 3208 3942 3261 ad-

2399 3297 2614 3341 ventum
2648 3290 2881 3358 Spiritus
2915 3297 3081 3345 sancti
3115 3301 3513 3349 sacramentum
3553 3297 3656 3350 hoc
3704 3298 3817 3351 ﬁeri
3866 3299 3941 3353 di-

2397 3390 2547 3433 cunt.
2578 3380 2712 3435 Sunt
2742 3396 2885 3439 vero,
2909 3382 3068 3435 iidem
3107 3384 3283 3451 plane,
3320 3386 3411 3454 qui
3457 3402 3521 3441 ex
3558 3390 3688 3443 solis
3738 3389 3940 3443 Domini

2395 3472 2576 3525 verbis
2602 3471 2951 3526 Eucharistize
2973 3484 3373 3528 sacramentum
3403 3478 3714 3531 existimant
3737 3479 3942 3533 confici.

2394 3562 2538 3615 Idem
2562 3562 2704 3616 enim
2738 3574 3023 3631 utrumque
3048 3565 3251 3628 dicunt,
3282 3582 3385 3619 non
3408 3571 3701 3634 contraria,
3728 3582 3818 3623 aut
3842 3572 3939 3624 sibi

2392 3652 2620 3705 invicem
2654 3656 3002 3721 repugnantia
3029 3696 3043 3717 ,
3076 3658 3167 3709 sed
3205 3658 3392 3710 eadem
3426 3658 3608 3728 dicere
3633 3661 3939 3713 existiman-

2393 3750 2475 3793 tes
2508 3758 2520 3793 :
2565 3750 2854 3809 utrumque
2889 3743 3032 3795 enim
3069 3760 3259 3796 verum
3293 3757 3397 3798 est.
3445 3746 3511 3802 Et
3544 3762 3664 3800 eum
3700 3764 3862 3802 unum
3890 3759 3939 3801 et

2394 3832 2532 3885 idem
2576 3831 2735 3886 ambo
2781 3834 2910 3895 sint,
2946 3849 3110 3886 unum
3158 3833 3409 3905 idemque
3452 3835 3714 3902 efficiunt,
3747 3848 3801 3890 ct
3840 3853 3939 3890 uno

2392 3930 2550 3987 atque
2574 3919 2761 3975 eodem
2785 3931 3044 3991 tempore.
3060 3924 3118 3978 1n
3139 3925 3361 3980 instanti
3389 3929 3534 3987 enim
3561 3928 3817 3994 temporis
3837 3940 3937 3979 non

2390 4011 2545 4063 aliter
2576 4020 2736 4078 atque
2764 4012 2943 4074 aliter,
2976 4029 3150 4081 neque
3196 4016 3303 4072 alio
3334 4025 3496 4085 atque
3519 4018 3625 4072 alio
3651 4028 3937 4076 momento.

2360 4100 2483 4163 sed
2515 4100 2703 4153 eodem
2740 4113 3031 4163 momento,
3066 4114 3140 4167 et,
3177 4108 3217 4159 si
3254 4108 3439 4162 dicere
3482 4108 3561 4161 fas
3608 4117 3711 4171 est,
3753 4106 3935 4160 eodem

2390 4202 2552 4246 nunc,
2590 4196 2877 4255 utrumque
2908 4190 3047 4243 idem
3079 4192 3339 4258 efﬁciunt,
3368 4212 3490 4250 eum
3524 4206 3581 4250 et
3611 4198 3802 4251 divina
3827 4195 3937 4248 Tri-

2389 4274 2576 4327 nitatis
2600 4290 2861 4343 personae,
2887 4292 3020 4343 quas
3051 4280 3388 4342 invocamus,
3420 4296 3585 4337 unum
3613 4296 3767 4353 atque
3796 4284 3931 4337 idem

2390 4363 2687 4416 substantia
2739 4374 2793 4417 et
2834 4367 3224 4433 inseparabiies
3282 4371 3410 4423 sint.
3461 4370 3616 4435 Quod
3664 4374 3709 4427 si
3757 4388 3929 4427 rerum

743 4458 1098 4511 Orientalium
1150 4455 1408 4523 opinione
1442 4456 1731 4507 diversam.
1782 4453 1887 4504 Nec
1920 4452 2065 4504 enim
2118 4452 2162 4502 si
2216 4450 2284 4500 ita
2319 4462 2363 4517 ι)
2392 4463 2583 4505 natura
2615 4454 2721 4507 tale
2751 4456 2964 4522 aliquod
2997 4459 3221 4510 verbum
3272 4461 3379 4525 pati
3416 4471 3615 4527 posset,
3646 4464 3784 4530 quod
3810 4478 3930 4515 mox

744 4551 903 4613 foret,
929 4560 1072 4601 unus
1093 4556 1149 4599 et
1173 4546 1314 4599 idem
1347 4544 1567 4619 divinus
1598 4542 1853 4610 Spiritus,
1889 4541 1981 4593 sed
2013 4538 2281 4601 diversus,

744 4654 843 4693 nec
883 4639 1149 4699 veritatis,
1189 4636 1283 4690 sed
1336 4634 1596 4689 mendacii
1646 4633 1823 4700 potius
1876 4640 2037 4699 atque
2086 4632 2285 4683 erroris

744 4732 968 4799 spiritus
1005 4730 1058 4782 in
1090 4730 1156 4783 iis
1184 4728 1396 4781 locutus
1422 4724 1613 4778 fuisset
1645 4741 1657 4775 :
1691 4721 1834 4791 quod
1866 4722 2027 4777 etiam
2050 4721 2284 4791 cogitare

738 4824 942 4890 absque
976 4820 1255 4888 impietate
1298 4831 1405 4870 non
1436 4815 1579 4869 licet.
1641 4813 1870 4867 Necesse
1903 4822 1986 4866 est
2026 4811 2189 4881 igitur
2225 4819 2284 4863 ut

740 4914 831 4966 illa
864 4926 988 4965 vera
1022 4911 1151 4974 sint,
1184 4919 1237 4963 et
1258 4909 1372 4962 haec
1399 4922 1494 4975 per
1520 4913 1717 4959 rectam
1749 4906 2142 4973 expositionem
2180 4904 2283 4956 illis

742 5009 1097 5054 consentanea
1126 5013 1245 5052 esse
1276 5001 1656 5053 ostendantur.
1708 4995 1899 5049 Dicere
1949 4996 2131 5061 itaque
2171 5009 2281 5051 non

740 5092 856 5142 sine
892 5088 1101 5140 ratione
1128 5088 1355 5140 fortasse
1397 5088 1662 5153 quispiam
1716 5094 1917 5152 posset,
1966 5083 2111 5151 quod
2156 5096 2280 5135 eum

736 5193 937 5245 corpus
966 5175 1181 5231 Domini
1214 5175 1410 5243 dupiea
1445 5175 1517 5228 sit
1550 5174 2028 5243 tquemadmodum
2076 5174 2127 5225 in
2169 5174 2280 5240 priv

738 5267 946 5319 mordio
976 5265 1148 5318 nostri
1170 5264 1437 5315 sermonis
1457 5263 1835 5329 ostendimus),
1859 5276 2045 5314 verum
2077 5250 2283 5315 scilicet

733 5367 788 5407 et
816 5360 1118 5425 mysticum,
1156 5354 1285 5408 illud
1312 5354 1527 5423 quidem
1566 5353 1733 5420 ipsius
1754 5352 1961 5403 Domini
1988 5355 2165 5405 verbis
2190 5368 2282 5404 cu-

731 5449 816 5513 jus
850 5462 1043 5514 corpus
1070 5457 1171 5508 est,
1212 5446 1424 5509 confici,
1458 5450 1556 5498 hoc
1590 5458 1739 5505 vero,
1772 5443 1912 5510 quod
1944 5444 2043 5511 ipsi
2064 5457 2277 5502 sumus.

736 5537 902 5589 sacris
934 5538 1270 5590 sacerdotum
1300 5538 1570 5604 precibus,
1597 5546 1650 5587 et
1674 5536 1802 5601 just‘
1869 5537 2195 5597 actionibus,
2229 5546 2280 5587 et

736 5628 857 5677 vim:
889 5641 950 5677 ac
977 5639 1184 5679 morum
1215 5629 1493 5681 honestate
1524 5624 1806 5691 compleri,
1844 5638 1963 5676 cum
1996 5626 2153 5689 digne
2183 5625 2281 5676 ho-

732 5716 903 5769 mines
944 5731 1148 5771 sacram
1213 5717 1601 5772 Euclmristiam
1648 5716 1890 5784 capiunt,
1938 5718 2005 5768 et
2039 5716 2279 5784 ejusdem

2387 4552 2441 4595 et
2483 4544 2600 4598 sine
2643 4544 2871 4613 alicujus
2927 4548 3185 4614 temporis
3236 4548 3523 4602 intervallo
3578 4564 3691 4603 rem
3728 4563 3930 4602 omnem

2387 4634 2737 4701 exprimeret,
2770 4636 3012 4703 profecto
3042 4652 3138 4689 nos
3182 4616 3341 4691 simul
3378 4646 3431 4691 et
3458 4638 3650 4698 eodem
3700 4650 3929 4705 tempore

2387 4726 2519 4777 cum
2550 4727 2735 4780 verbis
2763 4727 2974 4780 Domini
3008 4736 3199 4780 caatera
3229 4729 3411 4781 omnia
3445 4730 3929 4797 pronuntiaremus.

2386 4816 2477 4873 illa
2503 4817 2722 4885 quidem
2744 4817 3003 4871 duntaxat
3036 4818 3359 4875 sacramenti
3393 4817 3681 4875 efﬁcientia
3716 4822 3931 4875 creden-

2387 4919 2487 4971 tes,
2518 4917 2571 4959 ct
2598 4917 2777 4961 tamen
2810 4908 2983 4961 Patris
3009 4918 3062 4962 et
3088 4906 3333 4977 Spiritus
3366 4912 3536 4965 sancti
3558 4914 3781 4982 gratiam
3823 4926 3925 4963 non

2386 4996 2695 5050 dubitantes
2724 4997 2934 5059 adesse,
2966 5008 3017 5051 et
3050 4998 3153 5053 hoc
3187 5000 3431 5059 oratione
3458 5010 3511 5054 et
3544 5002 3787 5069 precibus
3820 5015 3925 5052 rna-

2385 5086 2718 5142 nifestautes.
2764 5088 2971 5142 Adsunt
3020 5089 3219 5143 etenim
3267 5087 3347 5142 illi
3397 5104 3612 5159 quoque
3657 5108 3773 5146 cum
3813 5093 3925 5143 istis

2386 5176 2600 5230 Domini
2632 5176 2834 5241 verbis,
2864 5179 3025 5231 etiam
3054 5177 3211 5232 nobis
3245 5179 3487 5232 nonnihil
3520 5181 3657 5251 ultra
3690 5180 3917 5251 ﬂagitati.

2388 5266 2550 5319 tibus.
2581 5263 2686 5320 Sed
2730 5279 2853 5320 eum
2903 5268 3153 5320 desiderii
3187 5270 3358 5323 nostri
3394 5248 3739 5338 nequeamus
3764 5248 3921 5322 Sardo-

2387 5368 2499 5409 rem
2525 5357 2824 5420 continere,
2854 5358 3177 5409 nominatim
3208 5371 3419 5426 quoque
3445 5374 3571 5414 eum
3599 5363 3916 5415 invocamus.

2384 5454 2438 5498 et
2486 5450 2822 5513 presentiam
2878 5450 2989 5515 egus
3048 5449 3259 5516 populis
3309 5450 3607 5517 aperimus.
3669 5452 3916 5505 Cancrum

2383 5540 2635 5605 quoniam
2672 5549 2862 5590 natura
2900 5554 3075 5591 rerum
3103 5540 3152 5590 id
3190 5552 3348 5604 \‘i'tat,
3377 5557 3703 5611 necesseque
3728 5554 3801 5595 est
3828 5555 3917 5603 rer

2386 5628 2665 5681 intervalla
2702 5630 2953 5695 temporis
2988 5644 3149 5681 unum
3210 5642 3328 5698 post
3374 5632 3517 5683 aliud
3552 5632 3769 5683 verbum
3804 5642 3917 5692 pru-

2383 5718 2654 5785 nuntiare,
2686 5730 2847 5787 atque
2879 5719 2951 5771 ita
2985 5729 3145 5773 totam
3179 5722 3455 5774 historiam
3485 5718 3799 5773 sacramenti
3831 5724 3915 5765 τευ
