4122 6326
141 508 231 570 5ΣἹ

1115 507 1207 567 DE
1251 505 1433 564 SACR
1448 508 1548 563 AM
1566 502 1759 562 ENTO
1800 501 2050 560 EUCllA
2067 503 2110 559 ll
2127 501 2369 563 lSTLE.

3212 489 3365 562 .518

138 625 336 684 petere,
380 615 577 670 deinde
612 597 832 670 Patrem
874 629 928 672 et
969 617 1227 686 Spiritum
1259 629 1506 672 sanctum
1541 615 1689 668 invo-
1718 625 1761 678 Α
1793 627 1982 680 preces
2025 611 2143 666 illas
2169 653 2181 673 ,
2204 614 2440 697 ι(μιίιιιιιει
2478 609 2724 665 nonnulli
2774 607 3092 667 existimaui
3130 620 3343 664 sacrum

137 722 274 769 care,
301 707 505 761 idcirco
531 707 598 761 iis
624 710 719 777 qui
751 724 858 762 non
899 709 1036 763 bene
1063 706 1564 768 remrconsiderant,
1603 703 1687 757 vi-

136 798 247 850 deri
277 799 415 852 solet
445 799 596 855 aliud
621 815 741 855 esse
763 800 905 869 quod
928 811 1116 870 postea
1140 800 1483 854 invocatione
1511 795 1686 849 sancti

137 887 366 955 Spiritus
415 888 636 952 dicitur,
668 889 832 960 idque
875 890 1215 945 solummodo
1259 889 1468 957 absque
1502 886 1688 940 verbis

136 978 343 1032 Bomin‘i
369 972 766 1034 sacramentum
795 980 1085 1036 coniicere.
1121 979 1276 1046 Quod
1307 987 1453 1033 certe
1485 993 1511 1029 a
1545 976 1689 1031 veri-

136 1079 236 1122 tate
279 1068 596 1138 longissime
643 1070 816 1124 abest.
854 1069 1081 1140 Oportet
1113 1070 1256 1123 enim
1308 1068 1424 1122 haec
1474 1067 1688 1135 aliaque

134 1160 461 1230 huiusmodi,
490 1176 595 1214 non
627 1171 878 1229 tanquam
906 1162 958 1215 in
991 1169 1237 1229 tempore
1263 1159 1319 1213 in
1351 1173 1461 1228 quo
1495 1157 1689 1211 dicun-

133 1262 238 1320 tur,
277 1252 373 1305 sed
404 1264 660 1321 tanquam
693 1255 746 1306 in
773 1262 1014 1321 tempore
1038 1266 1134 1322 pro
1161 1264 1270 1320 quo
1298 1250 1582 1310 dicuntur,
1611 1247 1686 1302 ita

131 1341 451 1408 intelligere,
483 1356 545 1394 ac
588 1341 634 1394 si
663 1351 877 1410 tempus
918 1340 1050 1394 illud
1080 1347 1324 1393 maneret
1354 1337 1686 1404 minimeque

133 1427 418 1492 deﬂueret,
449 1431 548 1484 sed
576 1430 630 1483 in
662 1445 772 1485 uno
801 1429 1102 1497 eodemque
1129 1442 1276 1482 nunc
1317 1427 1410 1481 illa
1441 1426 1688 1480 diceren-

135 1526 256 1571 tur:
282 1516 532 1586 proiecto
555 1519 700 1573 enim
742 1521 813 1572 ita
859 1519 1194 1580 dicerentur,
1224 1518 1270 1571 si
1306 1516 1425 1571 ﬁeri
1459 1522 1685 1584 posset,

129 1614 182 1658 et
229 1621 415 1662 rerum
470 1618 663 1684 natura
714 1609 938 1662 minime
984 1613 1326 1677 repugnaret.
1354 1606 1490 1660 Cum
1526 1605 1689 1674 igitur

131 1712 227 1763 pro
272 1707 513 1768 tempore
545 1700 601 1753 in
644 1715 757 1769 quo
787 1701 876 1754 illa
904 1699 1184 1752 Dominica
1206 1697 1375 1752 verba
1408 1696 1684 1756 dicuntur,

132 1787 506 1844 invocationes
525 1789 690 1844 etiam
727 1790 1055 1859 posteriores
1083 1789 1236 1851 ﬁant,
1265 1795 1320 1842 et
1339 1787 1406 1842 ad
1439 1785 1573 1840 illud
1603 1800 1692 1840 re-

130 1876 380 1931 ferantur
413 1889 650 1950 tempus,
687 1881 928 1950 profecto
952 1889 1009 1934 et
1029 1880 1219 1934 eodem
1249 1879 1367 1933 haec
1399 1880 1516 1948 ipsa
1542 1878 1688 1931 dicta

1791 701 2147 756 Eucharistiac
2184 702 2499 773 mysterium
2528 699 2743 754 conﬁci.
2778 697 2936 763 Quod
2969 698 3014 751 si
3053 697 3120 751 iis
3151 697 3352 766 priori-

1791 794 1893 849 bus
1919 794 2100 848 verbis
2134 805 2189 847 et
2225 793 2323 846 hac
2352 791 2724 862 Cbrysostomi
2760 791 3012 844 oratione
3039 803 3352 849 sacramen-

1793 892 1904 936 tum
1934 899 2039 938 non
2070 884 2378 943 coniicitur,
2407 880 2650 948 profecto
2679 894 2781 932 nec
2805 877 3205 949 posterioribus
3231 893 3354 947 per?

1789 975 2025 1036 licietur,
2051 989 2172 1044 quae
2199 988 2322 1026 cum
2377 971 2496 1026 illis
2529 970 2716 1025 eadem
2771 978 2900 1022 sunt
2929 985 2944 1020 :
2970 967 3160 1020 cadent
3205 967 3352 1020 enim

1789 1066 2108 1120 eorumdem
2142 1074 2267 1117 sunt
2296 1061 2608 1117 eilicientia.
2635 1058 2923 1114 Perficitur
2961 1057 3146 1112 autem
3169 1059 3352 1111 verbis

1791 1155 1901 1210 illis
1933 1154 2227 1224 quaeinter
2263 1161 2490 1220 utraque
2523 1151 2719 1220 inedia,
2761 1148 2992 1210 maxime
3031 1147 3352 1216 principalia
3449 1159 3456 1165 '

1790 1255 1937 1308 sunt,
1973 1247 2074 1300 hoc
2100 1252 2183 1298 est
2214 1243 2508 1296 Dominicis
2545 1240 2748 1295 verbis.
2785 1239 2911 1292 Haec
2945 1246 3073 1292 sunt
3103 1252 3223 1306 qua
3251 1245 3357 1310 pto‘

1793 1345 1904 1388 tum
1936 1335 2196 1393 elliciunt.
2222 1334 2338 1387 haec
2377 1335 2444 1385 ad
2478 1346 2597 1400 qua:
2642 1331 2824 1384 omnia
2859 1327 3138 1384 referenda
3185 1336 3310 1391 sunt
3336 1366 3378 1398 ,r.

1769 1429 1903 1482 -sive
1933 1439 2116 1492 antea,
2147 1427 2261 1480 sive
2307 1433 2490 1493 postea
2519 1413 2792 1478 dicantur.
2825 1421 2939 1475 Hoc
2982 1422 3158 1490 ipsum
3199 1435 3354 1489 aper-

1793 1520 1901 1572 tius
1927 1520 2090 1572 etiam
2120 1531 2187 1572 ex
2218 1516 2400 1571 Basilii
2433 1514 2613 1569 verbis
2654 1514 2708 1566 in
2740 1512 2931 1566 eodem
2981 1512 3100 1566 loco
3145 1510 3351 1580 percipi

1797 1619 1992 1678 potest.
2024 1609 2141 1662 Mox
2165 1608 2314 1662 enim
2339 1617 2462 1676 post
2492 1618 2781 1658 munerum
2825 1601 3155 1656 oblationem
3199 1619 3212 1655 :
3251 1601 3355 1657 Re-

1795 1698 1964 1764 spice,
1996 1696 2194 1763 inquit,
2221 1709 2387 1763 super
2429 1708 2550 1757 nos,
2592 1693 2751 1755 Deus,
2784 1700 2837 1745 et
2870 1705 3032 1759 super
3067 1689 3207 1744 hanc
3252 1705 3355 1746 Iso-
3386 1730 3390 1736 ρ

1795 1799 1964 1841 stram
2003 1786 2236 1849 latriatn,
2272 1793 2328 1839 et
2369 1794 2645 1853 acceptam
2680 1798 2796 1836 eam
2833 1782 3055 1849 habeas,
3091 1782 3353 1851 quemud-
3415 1842 3418 1846 χ

1799 1879 2017 1931 modum
2049 1889 2269 1947 accepta
2301 1876 2542 1930 habuisti
2581 1889 2807 1928 munera
2837 1875 3005 1940 Abel,
3037 1875 3357 1944 immolatio-

131 1982 250 2021 esse
281 1977 527 2040 tempore
560 1972 921 2027 existimanda
949 1979 1098 2034 sunt,
1131 1960 1278 2039 quod
1303 1979 1452 2043 certe
1482 1968 1683 2024 factum
1721 1973 1760 2023 Β
1791 1984 1887 2021 nes
1915 1968 2212 2033 Abraham,
2235 1966 2404 2035 Moysi
2429 1976 2488 2020 et
2505 1967 2684 2019 Aaron
2722 1965 3108 2026 sacerdotium,
3133 1963 3358 2032 Sanine.

127 2057 345 2126 fuisset,
371 2064 420 2116 al
450 2071 640 2116 natura
670 2078 853 2118 rerum
890 2073 1187 2135 pateretur.
1209 2061 1417 2115 Etenim
1438 2058 1699 2129 quemad-

133 2150 358 2204 modum
384 2153 430 2205 si
462 2153 584 2222 quis
612 2168 919 2208 sermonem
954 2152 1184 2222 alicujus
1225 2150 1450 2206 moleste
1486 2150 1694 2213 ferens,
1739 2196 1748 2204 .

129 2249 182 2293 et
215 2241 407 2294 audire
451 2243 628 2310 ipsum
681 2257 962 2306 recusans,
992 2243 1222 2305 diceret,
1255 2241 1437 2295 Clausi
1464 2239 1565 2292 tibi
1596 2254 1693 2290 au-

131 2345 244 2392 res,
287 2344 422 2382 cum
475 2341 650 2384 tamen
697 2331 937 2384 nondum
989 2332 1305 2394 clausisset;
1350 2330 1438 2383 vel
1489 2328 1692 2395 aliquid

126 2421 230 2472 sibi
265 2419 557 2472 molestum
592 2419 778 2473 videre
801 2421 1021 2482 nolens,
1044 2421 1252 2473 diceret
1277 2435 1290 2471 :
1321 2418 1536 2473 Obduxi
1566 2430 1716 2470 οων

128 2509 231 2572 los,
268 2522 394 2561 cum
427 2508 479 2561 id
513 2508 778 2570 nondum,
812 2517 866 2561 et
921 2508 1023 2560 alia
1067 2509 1135 2560 iis
1185 2507 1418 2571 similia;
1466 2494 1536 2560 it‘a
1588 2507 1693 2559 tale

127 2608 321 2660 nescio
341 2606 469 2676 quiti
497 2605 550 2658 in
576 2604 643 2660 iis
670 2603 882 2659 Domini
900 2602 1083 2656 verbis
1105 2598 1461 2677 animadverti
1490 2605 1689 2665 potest.

122 2700 264 2754 Cum
298 2701 448 2754 enim
497 2702 573 2752 ita
611 2699 760 2767 loqui
829 2696 1133 2754 debuisset,
1180 2694 1367 2752 dicens
1408 2689 1694 2758 discipulis

121 2793 267 2858 suis,
305 2793 529 2858 Accipite
570 2799 618 2844 et
649 2792 979 2852 manducate,
1026 2789 1118 2840 hoc
1166 2795 1240 2840 est
1284 2800 1470 2852 corpus
1501 2798 1692 2845 meum,

123 2883 314 2949 fregit,
343 2892 396 2935 et
421 2881 571 2936 dedit
614 2881 716 2934 cis.
748 2880 861 2933 Hoc
896 2880 1038 2932 enim
1071 2878 1192 2946 ipse‘
1226 2875 1360 2929 ordo
1389 2889 1568 2928 rerum
1599 2889 1696 2942 po-

123 2977 339 3034 scebat,
374 2973 553 3041 primo
591 2985 937 3033 consecrare,
967 2969 1165 3022 deinde
1197 2967 1469 3034 frangere,
1508 2972 1692 3033 postea

123 3065 483 3125 distribuere,
532 3062 676 3131 quod
726 3076 826 3115 nos
880 3061 934 3113 in
986 3058 1275 3128 praesentia
1317 3057 1573 3110 facimus.
1602 3056 1695 3107 Ille

124 3169 314 3212 tamen
345 3157 444 3216 ait,
468 3152 669 3222 Fregit,
693 3163 746 3207 et
783 3153 952 3216 dedit,
985 3152 1200 3213 dicens,
1236 3149 1348 3201 Hoc
1394 3155 1471 3200 est
1510 3163 1695 3215 corpus

122 3257 328 3311 meum,
365 3248 596 3315 ﬁgurato
645 3259 901 3299 sermone
927 3258 1092 3312 quem
1136 3239 1556 3308 hysterologiam
1603 3252 1698 3289 vo-

123 3347 278 3402 cant,
308 3351 462 3391 usus.
487 3334 646 3390 Juxta
675 3333 805 3387 illud
841 3342 1029 3400 poetae,
1058 3327 1454 3384 Simul'nutriti
1479 3325 1698 3393 natique

121 3430 381 3484 ﬁlerunt.
411 3429 482 3482 Et
510 3427 660 3489 alibi,
698 3427 888 3480 Sonuit
915 3424 1142 3477 cadens.
1192 3419 1374 3474 Primo
1429 3419 1575 3472 enim
1607 3431 1700 3469 na-

121 3520 309 3574 scitur
332 3519 554 3587 aliquis,
589 3515 786 3570 dein'de
809 3514 1072 3575 nutritur,
1119 3519 1172 3564 et
1217 3509 1365 3562 cadit
1392 3509 1511 3575 quis
1540 3514 1698 3558 ante-

119 3627 298 3682 quam
342 3622 535 3666 sonum
556 3606 740 3660 faciat.
770 3605 934 3658 Decet
961 3603 1126 3669 igitur
1153 3613 1254 3652 nos
1284 3609 1426 3650 recte
1453 3597 1699 3664 judicare

119 3701 408 3757 volentes.
437 3696 648 3764 singula
668 3707 894 3762 quaeque
927 3689 1253 3756 iiiteiligere.
1289 3693 1346 3738 ut
1378 3686 1432 3739 in
1465 3685 1697 3753 propriis

117 3794 275 3846 dicta
321 3795 452 3842 sunt
477 3785 633 3847 locis,
665 3797 764 3835 nec
805 3784 857 3833 in
889 3795 1019 3847 quo,
1058 3777 1151 3831 sed
1180 3791 1282 3846 pro
1313 3790 1423 3843 quo
1450 3784 1696 3843 tempore

119 3880 400 3933 dicuntur
455 3873 928 3934 animadvertere;
954 3878 1157 3936 etquae
1195 3868 1279 3920 vel
1308 3874 1434 3918 ante
1461 3865 1541 3917 vel
1575 3873 1696 3932 post

115 3970 314 4038 aliqua
358 3966 635 4026 dicuntur,
665 3960 953 4031 aliquando
990 3959 1212 4028 quidem
1241 3969 1499 4026 tanquam
1529 3955 1695 4010 simul

116 4074 252 4114 cum
298 4057 434 4121 illis,
484 4055 779 4122 aliquando
825 4067 978 4114 vero,
1015 4050 1100 4105 vel
1150 4059 1210 4103 ut
1251 4047 1528 4117 posterius
1576 4061 1697 4115 qua

115 4148 310 4217 prius,
347 4144 432 4198 vel
457 4152 522 4197 ut
549 4143 706 4212 prius
729 4157 853 4211 quae
879 4140 1152 4210 posterius
1186 4138 1330 4193 dicta
1368 4147 1518 4202 sunt,
1552 4138 1696 4190 dicta

113 4221 474 4291 existimem.
504 4232 788 4301 Siquidem
843 4233 954 4302 ipse
1001 4245 1219 4300 quoque
1277 4229 1698 4298 Chrysostomus

115 4327 305 4382 ntulto
344 4333 470 4378 ante
494 4332 556 4378 et
587 4333 710 4387 post
735 4323 899 4376 verba
943 4323 1157 4376 Domini
1201 4322 1258 4374 in
1288 4323 1536 4393 oratione
1576 4332 1698 4387 quae

113 4426 250 4486 post
276 4414 624 4470 oblationem
645 4413 846 4467 dicitur
873 4426 1162 4466 munerum
1181 4451 1196 4473 ,
1227 4411 1433 4480 Dignos
1464 4423 1584 4488 nos,
1616 4410 1697 4462 in-

111 4507 266 4576 quit,
290 4504 410 4581 (ac,
435 4503 688 4566 Domine,
712 4510 770 4555 ut
797 4517 979 4554 corum
1005 4511 1057 4553 te
1079 4500 1307 4569 gratiam
1331 4499 1696 4557 inveniamus,

1800 2059 1865 2111 lis
1931 2059 2203 2126 paciﬁcus.
2279 2057 2746 2124 Quemadmodum
2809 2056 2999 2125 cepisti
3064 2072 3096 2109 a
3149 2055 3353 2110 sanctis

1798 2150 2067 2221 ειρθειοιὶε¹
2109 2150 2216 2204 tuis
2255 2165 2450 2221 geram
2505 2151 2640 2202 hanc
2693 2149 2930 2212 latriam,
2983 2150 3054 2202 ita
3103 2162 3134 2201 a
3199 2147 3353 2201 nobis

1797 2205 2193 2308 peccatoribus,
2225 2205 2584 2308 mranibusqne
2613 2239 2839 2303 nostris,
2872 2239 3056 2306 accipe
3081 2238 3202 2292 haec
3229 2252 3349 2291 tnu-

1796 2346 1947 2394 nera,
1979 2331 2221 2384 bonitate
2260 2342 2371 2394 tua,
2411 2332 2655 2385 Domine.
2691 2330 2920 2385 Videsne
2950 2340 3013 2386 ut
3037 2341 3162 2400 post
3183 2331 3347 2387 multa

1794 2436 1914 2486 qua:
1930 2435 2095 2475 orans
2122 2419 2272 2482 dicit,
2296 2428 2420 2488 post
2438 2421 2778 2490 propositum
2809 2422 3131 2476 sacrificium
3157 2424 3349 2484 ιλιι-ἕω.

1795 2512 1938 2575 quml
1972 2510 2072 2564 soli
2100 2511 2214 2564 Deo
2245 2521 2298 2564 et
2348 2511 2481 2565 nulli
2523 2504 2676 2565 alteri
2710 2513 2958 2572 debetur.
2993 2523 3113 2583 post
3142 2529 3348 2582 preces,

1793 2599 1991 2666 quibus
2027 2608 2085 2652 ut
2113 2609 2331 2669 accepta
2369 2601 2478 2654 Deo
2510 2601 2722 2663 ﬂerent,
2759 2603 2918 2656 sicuti
2951 2604 3106 2662 Abel.
3131 2603 3265 2666 Noe,
3297 2612 3352 2656 ct

1796 2700 1985 2744 caetera
2015 2692 2298 2757 sacriﬁcia,
2325 2702 2505 2746 tamen
2529 2694 2811 2762 neaiiquis
2836 2694 3170 2757 contentioni
3187 2694 3348 2756 relim

1793 2791 2057 2850 queretur
2089 2783 2262 2847 locus,
2301 2783 2582 2852 subiunxit
2617 2801 2632 2836 :
2668 2784 3135 2849 Quemadmodum
3162 2799 3192 2840 e
3234 2799 3348 2838 nta-

1764 2874 1769 2878 ’
1795 2874 1954 2927 nibus
1983 2885 2292 2929 sanctorum
2326 2875 2703 2942 apostolorum
2735 2888 2948 2931 tuorum
2990 2878 3131 2930 bane
3162 2892 3348 2949 veram

1795 2963 2004 3018 latriam
2038 2968 2321 3034 accepisti,
2359 2968 2432 3019 ita
2464 2983 2494 3021 θ
2536 2969 2789 3022 inanibus
2838 2973 3036 3024 nostris
3080 2971 3195 3023 licet:
3229 2985 3353 3024 mu-
3448 3017 3456 3023 .

1795 3051 1922 3109 nera
1952 3057 2136 3124 accipe
2161 3057 2184 3110 ἵ
2212 3059 2509 3127 Quidcrgo
2545 3060 2998 3128 tergiversantur?
3050 3061 3163 3114 Hoc
3195 3060 3356 3115 modo
3387 3100 3392 3104 -

1794 3160 1847 3201 et
1878 3149 2041 3201 verba
2072 3150 2186 3204 haec
2205 3154 2338 3204 satis
2362 3167 2479 3205 esse
2503 3152 2569 3211 ad
2592 3154 3057 3208 consecrationem
3091 3154 3353 3215 dicemus,

1799 3253 1923 3292 cum
1953 3240 2097 3292 dicat
2130 3240 2361 3313 Basilius
2402 3259 2417 3296 :
2468 3242 2548 3295 [tu
2601 3257 2632 3295 e
2683 3243 2940 3298 manibus
2991 3224 3204 3296 nostris.
3244 3245 3357 3297 inec

1802 3348 2028 3386 munera
2085 3337 2288 3403 accipe,
2336 3333 2799 3402 quemadmodum
2854 3354 2882 3386 a
2945 3337 3050 3389 tuis
3099 3338 3357 3404 apostolis

1799 3424 1940 3478 lianc
1971 3439 2150 3478 verum
2179 3415 2392 3479 latriam
2414 3428 2692 3493 accepisti.
2732 3427 2784 3479 Si
2817 3429 2959 3480 enim
2995 3430 3357 3496 apostolorum

1798 3513 2048 3576 manibus
2099 3529 2285 3566 verum
2314 3514 2518 3568 Christi
2558 3528 2756 3582 corpus
2790 3513 3354 3582 consecratum'luit,

1797 3601 1958 3668 idque
1981 3616 2129 3656 nunc
2158 3603 2211 3654 in
2236 3603 2488 3657 manibus
2519 3605 2634 3657 suis
2661 3605 2775 3657 ﬁcri
2805 3616 2955 3673 rogat
2980 3607 3226 3668 Basilius,
3258 3623 3357 3661 cur

1794 3706 1904 3744 non
1939 3693 2022 3744 his
2040 3694 2220 3746 verbis
2235 3695 2416 3748 subito
2444 3694 2720 3759 perficitur
2740 3706 3144 3748 sacramentum
3169 3694 3353 3751 ?Nihil

1796 3779 1937 3832 enim
1964 3779 2078 3831 haec
2108 3781 2367 3834 dillerunt
2386 3797 2412 3833 a
2444 3782 2839 3848 posterioribus
2858 3785 3132 3854 precibus,
3155 3788 3354 3853 quibus

1795 3870 2045 3922 nonnulli
2074 3879 2266 3938 putant
2315 3871 2500 3938 perlici
2560 3886 2772 3924 sacrum
2823 3873 3159 3942 mysterium.
3210 3877 3351 3930 Audi
3430 3897 3437 3908 “

1795 3964 1938 4012 enim
1975 3962 2104 4028 quid
2133 3962 2295 4021 dicat.
2351 3961 2623 4029 Rogamus
2652 3971 2703 4015 te
2734 3972 2789 4016 ut
2811 3942 3101 4018 descendat
3121 3965 3354 4033 Spiritus

1798 4060 2019 4105 sanctus
2053 4060 2180 4105 tuus
2213 4065 2377 4119 super
2400 4051 2512 4105 haec
2535 4053 2804 4120 proposita
2824 4068 3068 4115 munera,
3100 4065 3156 4107 et
3188 4057 3354 4110 faciat

1799 4155 1990 4208 panem
2023 4157 2244 4210 corpus,
2283 4141 2507 4196 calicem
2537 4158 2667 4197 vero
2717 4144 3055 4213 sanguinem.
3101 4145 3155 4198 Si
3191 4147 3354 4217 igitur

1802 4233 1988 4300 primis
2013 4234 2119 4288 illis
2138 4235 2497 4298 orationibus,
2517 4243 2636 4302 qua:
2652 4235 2940 4290 simillimae
2963 4238 3352 4303 posterioribus

1801 4335 1946 4387 sunt,
1966 4339 2072 4378 non
2094 4326 2373 4394 perﬁcitur
2398 4339 2610 4379 sacrum
2631 4329 2967 4394 mysterium,
2989 4329 3226 4397 profecto
3256 4345 3356 4386 nec

1803 4417 2092 4483 postremis
2122 4414 2454 4482 perﬁcietur.
2473 4415 2775 4487 Siinillimaa
2795 4417 2936 4472 enim
2961 4431 3150 4486 preces
3185 4421 3354 4474 simil-

1803 4507 1960 4560 limos
2003 4516 2253 4586 parerent
2300 4507 2548 4561 effectus.
2600 4508 2860 4575 Superest
2908 4509 3069 4579 igitur
3128 4523 3189 4564 ut
3238 4526 3357 4566 ver-

109 4611 172 4655 et
202 4606 513 4667 acceptum
548 4597 644 4652 tibi
675 4596 767 4648 llat
795 4592 1120 4648 sacrificium
1155 4599 1423 4650 nostrum.
1455 4597 1513 4642 et
1538 4588 1695 4651 ilbha-
1729 4612 1773 4666 ο
1801 4599 1882 4650 bis
1930 4599 2229 4652 Salvatoris
2262 4600 2435 4652 nostri
2485 4601 2597 4653 haec
2629 4601 2712 4653 vis
2750 4602 3035 4655 tribuenda
3069 4603 3171 4665 sit,
3204 4613 3257 4655 et
3289 4603 3353 4655 ad

112 4691 264 4745 bitat
293 4687 544 4758 Spiritus
575 4687 760 4754 gratiae
782 4693 885 4737 tua:
916 4683 1090 4734 bonus
1117 4695 1280 4748 super
1302 4695 1424 4745 nos,
1451 4688 1505 4733 et
1532 4693 1697 4747 super

112 4783 239 4835 hac
276 4777 569 4846 proposita
603 4788 852 4827 munera.
895 4771 995 4825 Ubi
1051 4770 1509 4823 considerandum
1565 4767 1693 4837 quid

113 4872 236 4925 haec
259 4867 467 4927 verba,
497 4865 694 4933 Dignos
722 4877 820 4915 nos
847 4860 951 4922 fac,
983 4872 1039 4912 ut
1065 4860 1301 4928 Spiritus
1327 4870 1547 4929 sanctus
1571 4869 1696 4911 tuus

111 4960 411 5014 inhabitet
437 4970 601 5022 super
631 4954 745 5007 haec
773 4953 1047 5020 proposita
1090 4967 1336 5006 munera.
1364 4951 1506 5005 Nihil
1537 4949 1695 5002 dille-

109 5060 306 5108 runta
354 5045 539 5099 verbis
570 5043 677 5096 illis
701 5042 1015 5102 Clementis,
1052 5041 1135 5093 vel
1163 5040 1350 5093 Jacobi
1381 5080 1395 5104 ,
1427 5040 1510 5093 vel
1548 5039 1691 5092 Basi-

110 5145 197 5210 lii,
232 5141 333 5194 vel
370 5151 496 5206 quin
541 5149 708 5204 supra
754 5132 1039 5185 retulimus
1081 5132 1249 5197 ipsius
1277 5130 1647 5198 Chrysostotni
1680 5172 1693 5192 ,

106 5233 337 5304 quibus
368 5225 598 5281 nonnuli
621 5224 934 5281 existimant
969 5225 1070 5274 hoc
1115 5233 1514 5276 sacramentum
1566 5237 1694 5275 con-

108 5326 227 5378 llci.
257 5317 495 5374 Etenim
531 5315 607 5369 illi
637 5313 856 5382 quidem
891 5310 1056 5364 Deum
1084 5319 1399 5376 precantur,
1427 5321 1485 5362 ut
1513 5311 1691 5363 mittat

108 5413 408 5481 Spiritum
438 5415 705 5467 anetum,
730 5402 829 5472 qui
854 5400 1149 5454 adveniens
1170 5400 1494 5462 sanctiﬁcat,
1524 5411 1576 5454 et
1605 5417 1696 5469 pa-

105 5516 243 5556 rtem
287 5494 509 5553 alliciat
544 5493 841 5562 pretiosum
875 5489 1073 5544 Christi
1107 5503 1311 5554 corpus
1355 5507 1367 5539 :
1405 5490 1493 5543 hic
1544 5505 1692 5551 vero,

106 5593 375 5660 Dignos,
400 5585 614 5655 inquit,
647 5582 834 5644 facias,
871 5588 932 5631 ut
975 5577 1243 5630 inhabitet
1281 5578 1518 5644 Spiritus
1570 5595 1697 5632 san.

105 5692 239 5734 ctus
271 5685 423 5730 tum
459 5684 622 5738 super
651 5670 766 5722 hac
786 5667 1086 5736 proposita.
1126 5664 1257 5730 Qua
1295 5667 1690 5722 verba'nullam

105 5783 250 5824 sum
281 5769 446 5820 inter
467 5775 526 5814 se
543 5761 913 5814 diversitatem
941 5756 1161 5811 habent.
1185 5755 1297 5808 Hoc
1323 5767 1502 5810 tamen
1527 5757 1696 5824 Chry-

104 5858 364 5919 soslmni
398 5864 524 5908 ante
555 5852 768 5906 Domini
797 5852 958 5903 verba
988 5849 1260 5912 dicuntur,
1289 5858 1346 5901 "et
1383 5849 1542 5917 longe
1567 5855 1693 5900 ante

1804 4703 1866 4741 ea
1897 4698 2086 4759 caetera
2108 4689 2390 4751 referenda
2414 4699 2538 4739 sunt
2568 4688 2771 4750 omnia,
2803 4704 2991 4754 quazvc
3016 4699 3139 4742 ante
3170 4702 3356 4757 quam:

1806 4791 1988 4846 postea
2021 4777 2274 4832 dicuntur
2300 4816 2313 4840 ,
2346 4788 2401 4832 et
2423 4795 2519 4846 pro
2561 4795 2625 4832 eo
2657 4785 3031 4845 tempore'quo
3071 4779 3160 4831 illa
3192 4781 3352 4833 verba

1804 4868 2083 4929 dicuntur,
2122 4867 2226 4920 hoc
2258 4882 2472 4935 quoque
2501 4869 2607 4920 dici
2656 4869 3093 4921 existimandum.
3145 4867 3358 4922 Diutius

1804 4942 1984 5009 autem
2006 4955 2059 5007 in
2093 4957 2191 5008 hac
2214 4956 2568 5021 partededita
2607 4969 2766 5023 opera
2789 4958 3106 5009 commorati
3133 4972 3319 5011 sumus
3343 4978 3354 5008 :

1807 5056 1917 5098 tum
1945 5045 2099 5111 quod.
2121 5043 2184 5094 ad
2223 5044 2585 5110 cognitionem
2617 5058 2805 5095 eorum
2849 5060 2968 5112 quae
3007 5060 3165 5112 supra
3212 5048 3355 5104 dicta

1802 5144 1948 5200 sunt,
2001 5148 2107 5186 non
2160 5147 2372 5197 parvam
2427 5132 2957 5195 alIerreuulitatem
3006 5137 3354 5202 videbantur,

1804 5236 1916 5278 tum
1950 5223 2092 5290 quod
2132 5222 2437 5275 necessaria
2462 5233 2615 5276 erant
2647 5221 2710 5275 ad
2752 5239 2812 5277 ea
2861 5225 3117 5280 solvenda
3144 5246 3262 5298 qua!
3294 5248 3356 5286 ex

1805 5315 1985 5369 divino
2035 5312 2288 5382 Dionysio
2333 5321 2388 5364 et
2435 5314 2767 5368 Damasceno
2798 5319 2996 5383 opponi
3029 5322 3223 5374 solent.
3265 5322 3359 5378 His

1803 5403 1928 5459 addi
1963 5404 2118 5456 tertia
2150 5417 2368 5471 quoque
2404 5403 2564 5464 ratio,
2601 5406 2732 5458 nulli
2768 5407 2989 5460 fortasse
3016 5413 3354 5478 superiorum

1805 5493 2050 5553 inferior,
2083 5500 2262 5560 posset
2306 5506 2318 5544 :
2349 5491 2711 5558 bierarcbam,
2755 5506 2923 5549 totum
2958 5496 3069 5549 Deo
3098 5500 3358 5566 repletum

1805 5583 2099 5652 divinoque
2123 5597 2308 5636 amore
2340 5584 2491 5651 juxta
2525 5584 2837 5651 Dionysium
2867 5587 2940 5637 De
2978 5589 3162 5643 divinis
3190 5597 3363 5647 nomi-

1807 5672 1952 5723 πέδω
1992 5679 2254 5738 captum,
2305 5672 2468 5723 veluti
2510 5674 2746 5724 cxstasin
2796 5678 3104 5743 quamdam,
3140 5693 3192 5735 et
3222 5683 3361 5736 diti—

1806 5775 1935 5812 num
1973 5760 2079 5825 pati
2116 5759 2326 5822 telam;
2366 5759 2436 5808 ob
2469 5763 2569 5811 hoc
2603 5773 3150 5826 saepenumero-extra
3189 5787 3242 5824 se
3267 5789 3350 5838 βψ

1805 5850 1986 5912 situm,
2015 5859 2070 5901 et
2103 5858 2270 5901 totum
2305 5847 2380 5900 rei
2415 5857 2603 5902 amata:
2638 5851 2953 5916 haerentem,
2978 5858 3094 5917 gelo
3129 5861 3361 5925 quodam
