4122 6326
733 369 837 432 ξιτ-9
1668 373 1886 431 BESSA
1900 374 2158 433 ΜΟΝΙό
2200 374 2254 433 S.

2417 372 2486 431 E.
2528 342 2990 438 CARDlNALtS
3392 384 3403 409 ε
3830 378 3924 438 su

730 490 784 535 et
806 479 1023 542 timore,
1055 493 1120 531 ne
1157 477 1206 532 id
1245 477 1385 547 quod
1432 476 1704 549 desiderat
1754 496 1861 534 non
1912 494 2231 550 assequatur
2254 520 2269 541 .
2300 483 2343 541 Α
2372 490 2601 548 positus,
2632 478 2773 534 totus
2809 480 2883 532 rei
2919 489 3107 532 amatae
3143 478 3367 542 haereat,
3413 479 3683 536 eteadem
3711 484 3922 552 saepius.

730 569 925 637 saepius
949 570 1134 623 eadem
1173 584 1239 621 ex
1281 583 1407 621 veno
1432 582 1505 621 ac
1539 584 1678 636 pene
1726 571 2032 625 incredibili
2074 572 2270 625 mentis

732 657 1006 711 desiderio
1034 666 1234 725 petere,
1259 671 1364 729 nec
1390 658 1641 727 ignorare
1668 659 1887 727 quidem
1914 675 1970 714 se
1991 660 2099 728 jam
2136 662 2277 729 quod

736 748 1028 815 quaerebat.
1054 748 1329 815 adeptum,
1368 749 1461 802 sed
1494 749 1782 802 insatiabili
1808 751 2044 818 quodam
2097 766 2280 803 amore

732 838 923 891 iterum
954 849 1113 905 atque
1140 838 1350 893 'iterum
1388 840 1575 893 eadem
1608 830 1877 908 repetere,
1916 850 1977 893 ut
2017 843 2182 895 etiam
2226 842 2278 894 in

732 926 1051 995 quibusdam
1101 928 1361 997 symbolis
1412 929 1566 996 quasi
1604 930 2036 984 ‘evidentissimis
2088 931 2276 999 signis,

729 1014 822 1081 qui
856 1013 1073 1076 adsunt,
1109 1015 1410 1083 intelligere
1439 1016 1627 1083 possit,
1667 1024 1838 1071 totum
1877 1018 1988 1072 Deo
2023 1028 2237 1088 captum
2261 1058 2276 1083 ,

730 1112 899 1158 totum
945 1104 1053 1173 jam
1094 1104 1337 1159 divinum
1371 1105 1657 1171 eﬂectum,
1698 1123 1763 1161 ac
1809 1123 1907 1176 per
1952 1107 2056 1162 hoc
2104 1109 2282 1163 imita—

729 1191 878 1246 tione
922 1194 1035 1261 ejus
1071 1193 1148 1246 ad
1186 1193 1458 1257 virtutem
1494 1196 1723 1266 vitaeque
1756 1197 2117 1265 integritatem
2166 1198 2280 1251 alli-

728 1285 959 1347 ciantur,
988 1294 1063 1345 et.
1103 1295 1157 1337 ut
1189 1285 1361 1351 aiunt,
1389 1285 1542 1354 quasi
1571 1288 1884 1341 manuducti
1920 1286 2190 1357 ponantur
2222 1288 2276 1342 in

728 1374 889 1429 Viam.
923 1374 1032 1429 Hoc
1064 1390 1311 1429 summus
1341 1375 1429 1427 ille
1480 1363 1741 1445 propheta
1787 1374 1952 1428 David
2010 1375 2280 1444 plerisque

724 1465 782 1518 in
802 1465 945 1519 'locis
971 1464 1114 1519 facit.
1146 1464 1277 1518 Nam
1318 1480 1439 1520 cum
1469 1465 1716 1521 'dixisset
1736 1505 1755 1529 ,
1788 1465 1920 1518 Cum
1951 1465 2242 1537 invocarem
2265 1504 2277 1526 ,

726 1557 987 1610 esaudisit
1022 1572 1101 1608 me
1149 1556 1284 1609 Deus
1310 1557 1537 1624 justitia
1589 1571 1738 1617 metu,
1767 1556 1926 1623 paulo
1951 1564 2078 1623 post
2106 1554 2160 1608 in
2192 1570 2284 1609 eo-

727 1646 849 1701 dem
889 1647 1093 1714 psalmo
1114 1646 1410 1714 subiungit,
1444 1645 1694 1698 Miserere
1717 1645 1838 1710 mei,
1866 1652 1917 1697 et
1952 1645 2141 1697 exaudi
2160 1660 2281 1699 ora-

723 1738 920 1790 tionem
951 1752 1121 1788 meam
1152 1738 1193 1788 ι.
1226 1734 1407 1800 Quem.
1432 1735 1609 1788 locum
1648 1734 2018 1789 Theodoretus
2045 1749 2111 1788 ex
2155 1749 2279 1789 scn-

2378 569 2533 640 quasi
2584 570 2770 623 divino
2825 569 3057 639 quodam
3108 568 3288 624 furore
3350 579 3635 637 correptus
3687 581 3923 639 repetat,

2378 660 2832 727 quemadmodum
2862 661 2919 713 in
2954 660 3181 713 terrenis
3231 660 3349 712 istis
3403 661 3683 715 amoribus
3716 663 3919 725 accidit,

2380 760 2440 803 ut
2466 765 2654 802 amans
2689 750 2757 804 ab
2780 761 2958 802 amato
2984 749 3361 817 inseparabilis
3418 750 3508 813 sit,
3550 750 3798 819 profecto
3824 766 3920 802 non

2377 854 2543 906 parva
2569 847 2639 892 ets
2659 839 3072 904 contemnenda,
3103 839 3196 892 sed
3223 853 3414 906 magna
3448 848 3503 893 et
3530 842 3756 908 mystica
3795 842 3922 891 ratio

2378 926 2661 992 est..Quod
2700 944 2828 981 vero
2850 929 3028 997 justus
3063 943 3170 981 non
3198 929 3423 982 satietur
3453 928 3817 991 orationibus,
3840 930 3920 982 sed

2378 1033 2497 1086 qua:
2527 1017 2871 1071 desiderabat
2895 1019 3004 1085 jam
3036 1026 3359 1071 consecutus
3402 1018 3580 1069 adhuc
3604 1030 3921 1085 perseveret,

2378 1108 2565 1164 eadem
2597 1116 2806 1177 petens,
2863 1098 3136 1161 desiderio
3186 1116 3334 1161 certe
3373 1121 3434 1161 ac
3478 1106 3753 1161 devotioni
3810 1108 3921 1162 talis

2380 1197 2622 1263 tantique
2648 1197 2967 1248 sacramenti
2995 1202 3417 1249 consentaneum
3444 1204 3547 1249 est.
3573 1194 3774 1249 Deinde
3799 1208 3921 1246 vero

2391 1284 2658 1353 tingamus
2690 1286 3124 1339 adversariorum
3180 1284 3339 1339 istam
3404 1285 3668 1340 rationem
3698 1285 3919 1339 validam

2378 1390 2521 1442 esse,
2554 1380 2653 1429 nec
2681 1378 2872 1445 quovis
2905 1378 3066 1429 modo
3098 1376 3321 1429 refutari
3361 1375 3579 1431 debere.
3609 1376 3799 1430 Nonne
3832 1389 3922 1443 pro

2382 1465 2535 1519 nobis
2570 1465 2938 1535 magis-facit?
2967 1467 3073 1519 imo
3105 1480 3231 1519 vero
3271 1481 3450 1520 nonne
3480 1482 3509 1521 a
3535 1467 3692 1520 nobis
3716 1466 3769 1519 in
3805 1480 3923 1517 ron-

2382 1555 2742 1610 ﬁrmationem
2799 1558 3083 1610 sententiae
3123 1565 3323 1610 nostra:
3384 1558 3613 1611 adducta
3646 1556 3767 1619 est?
3822 1556 3925 1608 Hoc

2378 1653 2462 1698 est
2490 1646 2657 1708 enim,
2688 1644 2830 1713 quod
2862 1646 2919 1698 in
2945 1646 3214 1714 principio
3255 1646 3368 1701 fere
3395 1646 3558 1715 hujus
3606 1646 3923 1715 disputatio-

2384 1735 2470 1788 nis
2495 1734 2748 1795 diximus,
2772 1735 2974 1803 duplex
3004 1750 3122 1789 esse
3170 1736 3370 1790 Christi
3404 1750 3623 1804 corpus,
3656 1751 3846 1788 verum
3875 1748 3925 1787 et

730 1825 920 1885 tentia,
961 1825 1064 1878 nisi
1095 1798 1273 1890 fallor,
1311 1823 1680 1894 Cbrysostomi
1709 1826 1905 1893 (neque
1931 1824 2075 1878 enim
2110 1824 2279 1895 Chrys
2310 1798 2356 1855 Β
2380 1828 2687 1895 mysticum.
2720 1825 2786 1879 Et
2820 1798 2933 1880 hinc
2968 1826 3210 1894 quidem,
3256 1826 3361 1880 nisi
3411 1798 3740 1879 mefanimus
3774 1825 3921 1889 fallit,

728 1925 1023 1979 sostomum
1056 1916 1199 1984 apud
1226 1931 1325 1971 nos
1373 1917 1428 1971 in
1471 1918 1754 1985 praesentia
1792 1917 2077 1985 habemus)
2110 1933 2277 1988 expod

728 2015 881 2065 nens,
931 2001 1045 2055 Non
1077 2003 1325 2068 satiatur,
1366 2003 1565 2072 inquit,
1595 2003 1683 2058 hic
1708 2005 2137 2074 justus:0rando,
2182 2006 2277 2061 sed

719 2091 1032 2160 supplicans
1056 2104 1109 2147 et
1153 2093 1469 2163 impetraris.
1498 2102 1553 2150 et
1585 2094 1795 2149 fructus
1824 2097 2087 2151 orationis
2116 2096 2276 2151 colli-

726 2195 877 2249 gens,
907 2181 1330 2242 adhue,orando
1346 2198 1411 2237 ac
1433 2183 1785 2252 supplicando
1817 2193 2125 2252 perseverat
2145 2201 2161 2249 ;
2178 2184 2279 2239 scit

727 2270 870 2324 enim
896 2272 1128 2339 quando
1166 2273 1301 2328 inde
1332 2284 1594 2342 sequatur
1625 2274 1849 2328 utilitas.
1876 2273 2017 2329 Alibi
2063 2261 2279 2343 quoque

726 2360 869 2415 idem
900 2361 1087 2427 David,
1124 2361 1416 2432 Dirigatur,
1450 2364 1864 2431 inquit-0ratio
1889 2380 2004 2418 mea
2031 2366 2163 2417 sicut
2195 2366 2275 2417 irt-

726 2469 939 2506 censum
982 2455 1036 2507 iu
1086 2449 1360 2523 conspectu
1389 2462 1475 2507 tua
1495 2452 1731 2518 ".Quid,
1763 2468 1946 2523 quaeso
1975 2462 2048 2517 te,
2083 2454 2277 2509 clamat

728 2547 891 2601 David
927 2556 997 2602 ut
1030 2562 1125 2603 sua
1183 2548 1505 2603 exaudiatur
1545 2547 1763 2603 oratio?
1794 2547 1852 2603 Si
1896 2549 2041 2603 enim
2092 2549 2275 2619 iniqua

723 2645 781 2689 et
804 2645 998 2704 prater
1030 2636 1294 2692 rationem
1319 2645 1454 2702 erat,
1488 2652 1761 2706 nunquam
1785 2636 1853 2691 ad
1895 2637 2059 2692 Deum
2088 2638 2287 2693 ascen;-

724 2726 911 2791 disset,
946 2728 1351 2796 quomodolibet
1374 2743 1440 2782 eo
1472 2736 1695 2799 rogante
1728 2734 1891 2797 atque
1915 2727 2272 2791 obsecrante;

726 2822 869 2886 quod
902 2823 945 2875 si
977 2830 1120 2875 recta
1144 2831 1201 2876 et
1219 2822 1467 2876 exaudiri
1494 2822 1676 2891 digna,
1704 2824 1811 2890 iam
1835 2822 2042 2875 directa
2075 2830 2192 2874 erat
2211 2821 2277 2873 ad

724 2911 918 2974 Deum,
942 2910 1058 2978 ipso
1091 2924 1307 2978 quoque
1332 2911 1594 2977 propheta
1623 2919 1858 2964 tacente.
1890 2909 2094 2973 Nempe
2118 2909 2279 2977 igitur

727 3000 861 3068 petit
889 3000 1032 3068 quod
1056 3000 1295 3065 tenebat,
1326 3010 1381 3053 et
1407 3014 1526 3067 qua:
1556 2998 1849 3069 prasentia
1865 2999 1975 3064 jam
2004 3009 2160 3053 erant
2184 2999 2282 3052 de-

2372 1917 2507 1970 satis
2536 1925 2669 1970 sunt
2690 1917 2766 1970 ad
2808 1917 3135 1971 solutionem
3161 1932 3223 1970 ac
3248 1915 3711 1971 conﬁrmationem
3740 1930 3923 1969 eorum

2377 2022 2496 2074 quae
2526 2008 2591 2061 ab
2614 2007 2936 2061 adversariis
2969 2008 3073 2061 dici
3108 2009 3307 2061 solent.
3332 2004 3487 2072 Quod
3530 2022 3658 2060 vero
3684 2005 3920 2059 nonnulli

2377 2094 2709 2164 subiungunt
2769 2096 2931 2150 etiam
2965 2104 3087 2164 post
3123 2096 3284 2149 verba
3354 2094 3566 2148 Domini
3631 2109 3823 2162 panem
3874 2104 3925 2145 et

2379 2185 2563 2237 vinum
2589 2184 2858 2253 proposita
2891 2200 3114 2239 munera
3166 2202 3195 2239 a
3242 2183 3414 2237 sacris
3468 2184 3577 2237 illis
3605 2173 3922 2237 doctoribus

2377 2265 2669 2335 nominari,
2707 2273 2852 2340 quod
2898 2289 3005 2328 non
3036 2273 3314 2328 videretur
3340 2288 3460 2329 esse
3521 2273 3829 2327 faciendum
3880 2272 3920 2323 si

2373 2361 2483 2430 jam
2514 2372 2825 2416 consecrata
2856 2362 3035 2417 forent
3067 2365 3197 2431 (non
3232 2364 3377 2421 enim
3405 2364 3516 2431 jam
3570 2363 3803 2431 amplius
3838 2377 3923 2430 pa-

2377 2454 2462 2506 nis
2489 2460 2543 2506 et
2577 2454 2785 2515 vinum,
2810 2453 2905 2509 sed
2926 2468 3121 2524 corpus
3151 2462 3207 2508 et
3239 2455 3457 2522 sanguis
3486 2454 3723 2516 Domini,
3759 2464 3813 2507 et
3840 2469 3923 2505 es-

2378 2553 2500 2598 sent
2563 2552 2616 2597 et
2670 2543 3231 2613 dicere'ntur),-lacilis
3261 2553 3343 2599 est
3393 2545 3462 2599 ad
3524 2560 3587 2599 ea
3624 2546 3917 2614 responsio.

2376 2631 2508 2696 Quis
2531 2632 2675 2685 enim
2709 2644 2869 2702 neget
2919 2648 3112 2688 verum
3144 2633 3345 2689 Christi
3380 2649 3579 2705 corpus
3604 2643 3661 2688 et
3704 2636 3921 2705 sangui-

2377 2723 2523 2788 nem,
2554 2732 2697 2777 recte
2718 2740 2909 2792 panem
2938 2732 2990 2779 et
3014 2726 3196 2779 vinum
3229 2727 3532 2795 nuncupari
3561 2742 3720 2796 posse
3739 2729 3919 2791 mam,

2379 2820 2439 2865 ut
2463 2819 2788 2878 praeteream
2826 2813 2995 2866 multa
3053 2813 3395 2867 diversorum
3446 2816 3728 2869 doetorum
3770 2818 3922 2870 testi-

2379 2901 2580 2965 monia,
2611 2903 2702 2968 qui
2751 2901 3127 2956 indifferenter
3151 2903 3317 2955 etiam
3372 2913 3496 2971 post
3565 2908 3925 2959 consecratio—

2378 3007 2525 3057 nem,
2554 2992 2714 3046 modo
2738 3008 2939 3061 corpus
2966 3002 3020 3048 et
3050 2996 3364 3065 sanguinem
3395 2997 3616 3063 Christi,
3652 2999 3815 3052 modo
3835 3014 3927 3067 pa-

724 3089 951 3143 siderat.
984 3086 1133 3140 Idem
1160 3087 1333 3141 nostri
1366 3102 1583 3156 quoque
1620 3088 1892 3153 doctores,
1920 3088 2018 3155 qui
2053 3088 2277 3141 missam
2300 3107 2345 3163 ο
2378 3097 2500 3135 nem
2530 3091 2583 3136 et
2615 3083 2797 3135 vinum
2832 3083 3115 3137 nominant
3148 3084 3344 3153 (neque
3377 3085 3522 3138 enim
3550 3096 3635 3139 est
3667 3087 3720 3139 in
3759 3101 3818 3141 re
3842 3086 3923 3139 ia-

707 3184 1169 3246 .composuerunt,
1198 3175 1398 3230 fecere.
1434 3175 1645 3231 Etenim
1674 3185 1793 3246 post
1821 3178 1982 3231 verba
2016 3177 2103 3230 illa
2130 3194 2145 3229 ε
2173 3177 2277 3232 Fac

727 3270 873 3323 hunc
894 3280 1092 3336 panem
1122 3280 1317 3333 corpus
1364 3264 1591 3341 Christi,
1619 3276 1676 3322 et
1721 3265 2278 3326 hunc,calieem’san-

725 3359 942 3428 guinem
989 3356 1225 3420 Christi,
1258 3358 1456 3427 quibus
1510 3360 1642 3413 solis
1685 3359 1928 3412 nonnulli
1968 3358 2278 3413 existimant

725 3450 841 3503 ﬁeri
891 3450 1356 3504 consecrationem
1383 3486 1399 3511 ,
1452 3448 1631 3504 adhuc
1664 3464 1760 3517 pro
1789 3449 1869 3502 eis
1911 3448 2155 3513 adorant,
2182 3457 2277 3502 aut

723 3540 927 3595 frustra
965 3556 1191 3610 prorsus
1216 3540 1270 3594 id
1305 3540 1585 3607 facientes,
1622 3538 1766 3609 quod
1803 3554 1900 3593 nec
1935 3539 2273 3609 cogitandum

721 3640 826 3692 est.
858 3641 953 3685 aut
978 3631 1287 3686 vehementi
1316 3629 1551 3700 quodam
1570 3628 1845 3693 desiderio
1869 3629 2057 3683 eadem
2082 3629 2277 3697 saepius

720 3728 1048 3788 repetentes.
1080 3720 1350 3775 Memento
1380 3718 1547 3784 enim,
1584 3719 1856 3787 inquiunt,
1888 3720 2145 3782 Domine,
2175 3721 2277 3774 im-

721 3811 1029 3865 becillitatis
1060 3825 1212 3875 metu,
1244 3818 1306 3863 et
1324 3817 1520 3879 praesta
1546 3811 1678 3864 mihi
1714 3811 1922 3863 veniam
1955 3810 2133 3864 omnis
2160 3812 2276 3866 sive

721 3901 1060 3963 voluntariae,
1096 3900 1209 3954 sive
1242 3914 1350 3953 non
1376 3899 1694 3970 voluntariae
1719 3914 1853 3965 meae
1873 3900 2062 3967 culpae,
2100 3914 2276 3969 neque

722 3996 940 4056 propter
960 3998 1190 4057 peccata
1224 4002 1363 4041 mea
1386 3974 1632 4041 inhibeas
1678 3986 1913 4055 Spiritus
1947 3987 2119 4041 sancti
2154 4002 2278 4056 gra-

722 4078 847 4141 tiam
876 4079 942 4131 ab
972 4077 1057 4132 his
1102 4079 1393 4146 propositis
1425 4077 1759 4131 muneribus.
1794 4077 1860 4131 Et
1886 4091 2074 4129 rursus
2118 4077 2306 4145 paulo

720 4178 841 4237 post
860 4170 923 4221 ad
950 4168 1209 4235 populum
1227 4168 1427 4221 dicitur
1454 4185 1467 4219 :
1493 4167 1600 4220 Pro
1626 4166 1821 4220 oblatis
1836 4166 2279 4233 consecratisque

722 4257 1042 4321 muneribus
1076 4257 1329 4323 pretiosis
1361 4256 1530 4309 Deum
1561 4270 1831 4321 regamus.
1882 4256 1960 4307 En
1997 4256 2279 4322 quomodo

718 4354 872 4399 orant
929 4360 993 4397 ne
1022 4361 1087 4398 ex
1122 4344 1415 4414 propositis
1460 4344 1780 4407 muneribus
1817 4343 2055 4410 Spiritus
2095 4343 2281 4409 gratia:

2376 3172 2467 3225 cili
2496 3173 2701 3227 diutius
2736 3175 3228 3244 commorandum),
3265 3190 3444 3229 nonne
3496 3177 3610 3244 ipse
3647 3177 3924 3241 Dominus,

2375 3277 2483 3331 quo
2513 3263 2695 3316 nullus
2722 3262 2825 3317 ﬁde
2855 3264 3067 3330 dignior
3094 3273 3197 3331 est,
3235 3265 3302 3319 de
3355 3279 3455 3321 suo
3488 3263 3928 3334 prarsertim'cor-

2376 3367 2506 3422 pore
2537 3353 2814 3421 loquente,
2853 3354 3226 3409 indifferenter
3266 3357 3426 3411 modo
3457 3360 3578 3425 hoc,
3612 3360 3775 3421 modo
3799 3361 3924 3414 illud

2375 3444 2658 3497 nominat?
2692 3446 2791 3507 Qui
2830 3447 3126 3511 manducet,
3159 3445 3359 3515 inquit,
3399 3464 3564 3502 meum
3594 3467 3830 3517 eorum,
3882 3461 3928 3506 et

2376 3534 2501 3587 bibit
2534 3550 2705 3588 meum
2752 3538 3086 3606 sanguinem,
3141 3538 3291 3593 habet
3320 3540 3482 3593 vitam
3544 3551 3819 3609 tatem.
3869 3543 3931 3596 Et

2378 3640 2588 3691 rursus,
2620 3625 2759 3679 Caro
2791 3643 2905 3680 mea
2944 3644 3058 3681 vere
3094 3637 3167 3680 est
3217 3630 3377 3695 cibus,
3433 3638 3489 3682 et
3531 3633 3756 3699 sanguis
3791 3649 3928 3687 metu

2376 3729 2499 3767 uere
2516 3722 2590 3766 est
2615 3724 2786 3782 potus.
2819 3702 3107 3770 Et‘iterum
3132 3732 3145 3768 :
3168 3714 3272 3779 Qui
3302 3717 3583 3777 manducet
3612 3735 3786 3779 meum
3810 3735 3928 3771 car-

2376 3820 2493 3857 nem
2528 3814 2574 3856 et
2592 3805 2732 3857 bibit
2766 3822 2937 3859 meum
2968 3809 3294 3874 sanguinem,
3336 3808 3390 3859 in
3420 3823 3500 3860 me
3522 3816 3706 3861 manet
3757 3818 3809 3862 et
3836 3825 3935 3877 ego.

2375 3896 2426 3947 in
2460 3908 2519 3945 eo
2546 3893 2567 3924 ⁸
2593 3894 2778 3948 .Alibi
2816 3910 2964 3958 vero,
3006 3896 3116 3966 Ego
3178 3914 3292 3951 sum
3325 3899 3479 3966 panis
3527 3900 3670 3965 uites,
3728 3901 3927 3969 inquit.

2380 3985 2569 4041 Patres
2594 3990 2749 4042 uestri
2782 3988 3232 4044 manducauertmt
3274 3993 3556 4045 manna'in
3603 3993 3840 4055 deserto,
3884 4007 3931 4047 et

2380 4078 2571 4142 mortui
2602 4086 2745 4130 sunt.
2783 4076 2885 4129 Hic
2908 4086 2989 4131 est
3020 4081 3173 4146 panis
3208 4083 3301 4147 qui
3318 4082 3381 4149 de
3408 4082 3534 4134 caelo
3564 4081 3852 4151 descendit,
3879 4096 3931 4137 at

2378 4165 2467 4231 qui
2500 4180 2562 4217 ea:
2589 4182 2647 4238 eo
2675 4169 2926 4231 comedat,
2980 4183 3082 4219 non
3117 4170 3392 4234 moriatur.
3427 4169 3497 4224 Et
3521 4172 3629 4225 alio
3654 4174 3712 4226 in
3752 4175 3875 4230 loco
3915 4194 3931 4229 :

2378 4254 2436 4307 Si
2462 4258 2576 4321 quis
2610 4255 2890 4308 manducet
2923 4257 3105 4309 ex‘hoc
3130 4260 3447 4324 μαίνεαι
3477 4264 3531 4315 iu
3562 4271 3839 4317 curuatas.
3873 4268 3933 4321 Et

2380 4359 2571 4397 rursus
2600 4360 2618 4397 :
2652 4344 2815 4397 Panis
2840 4362 2994 4414 quem
3020 4362 3114 4412 ego
3142 4347 3276 4399 dabo
3295 4389 3309 4412 ,
3342 4364 3467 4401 caro
3495 4366 3608 4402 mea
3640 4362 3737 4417 est,
3771 4372 3934 4422 quam

712 4446 1001 4501 arceatur;
1032 4451 1099 4488 en
1127 4434 1401 4504 quomodo
1435 4448 1533 4501 pro
1577 4433 1926 4487 sanctiﬁcatis
1966 4432 2277 4499 propositis—
2308 4416 2352 4469 Ῐ)
2379 4450 2471 4502 ego
2494 4434 2626 4485 dabo
2652 4450 2743 4501 pro
2772 4437 2952 4487 mundi
2982 4437 3086 4486 uita
3124 4434 3167 4487 ⁸.
3217 4434 3554 4493 Manifestum
3601 4449 3683 4492 est
3722 4416 3932 4511 igitur,

722 4544 828 4594 que
861 4526 1173 4581 muneribus
1204 4525 1494 4578 hortantur
1525 4524 1690 4577 Deum
1732 4523 1941 4593 precari
1971 4562 1985 4586 ,
2020 4523 2275 4589 quamvis

714 4619 893 4671 multo
929 4626 1052 4670 ante
1096 4615 1427 4670 sanctiﬁcata
1478 4612 1699 4677 fuerint,
1758 4613 2002 4681 quamvis
2040 4610 2277 4680 perfecte

720 4719 1058 4769 consecrata,
1095 4707 1260 4759 etiam
1284 4705 1442 4773 juxta
1473 4717 1660 4757 eorum
1699 4700 2035 4771 opinionem,
2063 4700 2154 4769 qui
2180 4716 2277 4754 no-

710 4798 802 4850 bis
831 4796 1100 4851 contraria
1136 4803 1189 4847 et
1212 4792 1519 4862 loquuntur
1546 4801 1601 4844 et
1638 4790 1903 4845 sentiunt.
1935 4789 2075 4855 Quid
2109 4790 2272 4859 igitur

715 4886 1091 4941 dicemushoc
1118 4887 1260 4948 loco,
1311 4883 1676 4937 fratres‘inisi
1725 4882 1869 4952 quod
1902 4898 1969 4937 ex
2005 4884 2273 4943 sententia

710 4977 1085 5049 Chrysostomi
1108 4975 1484 5033 Tlteodoretus
1518 4976 1597 5029 ait
1624 4992 1639 5026 :
1670 4974 1786 5028 Non
1813 4976 2041 5028 satiatur
2068 4974 2271 5037 orando

705 5069 906 5134 justus,
936 5079 990 5121 et
1013 5067 1231 5134 reliqua
1271 5081 1388 5133 quae
1440 5078 1602 5131 supra
1637 5065 2077 5125 memoravimus,
2105 5062 2264 5129 Quod

710 5158 754 5235 si
784 5158 1139 5225 quitortasse
1170 5156 1439 5217 dicerent,
1462 5195 1467 5200 .
1488 5154 1604 5207 Non
1638 5169 1734 5221 pro
1762 5153 1960 5206 divinis
2020 5156 2265 5211 muneri-

710 5247 831 5305 bus.
860 5247 974 5311 sed
1007 5259 1102 5313 pro
1132 5236 1291 5297 nobis
1350 5241 1428 5303 lit,
1458 5244 1599 5308 quod
1656 5240 1995 5309 signiﬁcant,
2030 5256 2265 5307 queram
2292 5300 2293 5303 η

706 5342 778 5389 ab
806 5338 886 5389 eis
936 5337 1108 5404 primo
1155 5331 1400 5403 quidem,
1453 5344 1551 5383 cur
1610 5340 1793 5382 nostra
1849 5330 2118 5397 expositio
2157 5346 2263 5384 non

709 5425 1121 5482 convenientior
1149 5426 1219 5479 sit
1253 5433 1414 5489 atque
1448 5419 1701 5487 subtilior
1726 5418 1745 5479 ἶ
1773 5418 1905 5471 Nam
1951 5421 2095 5487 quod
2140 5420 2261 5484 hie-

709 5515 915 5570 rarchu:
942 5517 1117 5571 divina
1158 5514 1402 5583 quaedam
1459 5524 1663 5580 passro,
1717 5518 1771 5563 et
1811 5510 1973 5563 veluti
2030 5513 2261 5565 exstasis

706 5601 936 5662 accidat,
966 5602 1036 5653 ita
1071 5611 1128 5655 ut
1156 5602 1466 5657 vehementi
1525 5599 1757 5667 quodam
1794 5613 1975 5651 amore
2008 5608 2159 5653 extra
2206 5615 2263 5656 se

771 5720 787 5747 '
834 5717 977 5771 Psal.
1031 5732 1101 5782 tr,
1136 5717 1186 5797 2.
1236 5717 1255 5744 ³
1305 5718 1443 5771 Psal.
1482 5727 1597 5780 cn,
1628 5714 1679 5768 ‘2.
1730 5715 1748 5744 ³
1809 5715 1963 5769 JOan.
2008 5731 2077 5781 vr,
2108 5716 2306 5781 55,56.

2379 4524 2523 4591 quod
2556 4524 2747 4577 iterum
2792 4539 2949 4577 suum
2980 4539 3178 4591 corpus
3218 4539 3435 4592 panem~
3468 4528 3714 4581 nominat
3770 4533 3933 4586 etiam

2382 4611 2665 4665 Domitius.
2691 4612 2794 4666 Sed
2831 4614 2897 4667 de
2930 4614 3017 4666 his
3051 4615 3184 4667 satis
3220 4632 3234 4680 ;
3270 4628 3414 4668 nunc
3438 4614 3510 4667 ad
3553 4615 3606 4670 id
3667 4623 3817 4686 quod
3871 4622 3935 4674 de

2378 4701 2709 4775 Damasceno
2744 4703 3059 4771 opponitur,
3098 4706 3364 4760 venimus.

2454 4792 2603 4845 ldem'
2626 4794 2799 4861 inquit
2835 4792 3090 4846 Basiliam
3146 4810 3370 4852 munera
3406 4800 3495 4856 illa
3525 4802 3934 4873 pretlgurativa

2379 4884 2624 4950 corporis
2673 4891 2729 4936 et
2778 4883 3059 4951 sanguinis
3086 4884 3300 4941 Domini
3357 4904 3719 4961 nuncupasse,
3772 4892 3937 4961 .quod

2377 4975 2619 5027 nondum
2672 4984 2986 5028 consecrata
3031 4987 3210 5039 erant,
3260 4989 3329 5032 et
3370 4990 3548 5036 tamen
3608 4983 3711 5037 hoc
3768 4985 3938 5039 verbo

2377 5079 2509 5116 usus
2534 5072 2614 5117 est
2637 5062 2872 5121 Basilius
2893 5066 2947 5120 in
2977 5067 3368 5135 conquisitione
3392 5070 3568 5124 missa:
3596 5086 3729 5134 suae,
3766 5077 3937 5127 multo

2376 5159 2496 5217 post
2523 5149 2687 5203 verba
2714 5148 3055 5210 Domini..td
3080 5154 3194 5223 haec
3220 5140 3556 5223 responsuri,
3595 5159 3779 5225 primo
3822 5174 3937 5216 tan-

2373 5255 2534 5307 quam
2597 5240 2749 5292 ﬁiiia
2811 5251 2961 5310 patre
3003 5244 3213 5296 veniam
3267 5246 3647 5313 poscimummi
3712 5252 3937 5307 duobus

2372 5328 2661 5397 propositis
2694 5324 2881 5385 amitis
2910 5332 3263 5398 praeferamus
3291 5334 3593 5388 veritltelt.
3622 5334 3839 5393 Dehinc
3862 5342 3943 5394 di-

2370 5420 2546 5473 cimus
2566 5428 2903 5474 sacramenta
2928 5424 3093 5478 etiam
3120 5433 3404 5491 postquam
3426 5438 3745 5482 consecrata
3782 5442 3935 5491 sunt.

2368 5509 2593 5577 ﬁguram
2616 5524 2757 5569 esse.
2776 5521 2830 5567 et
2856 5511 2975 5573 ideo
3003 5514 3161 5564 etiam
3181 5512 3570 5583 pmﬁgurativa
3593 5518 3705 5570 veri
3731 5534 3936 5589 corpo-

2373 5601 2459 5653 ris
2481 5607 2535 5651 et
2562 5602 2841 5667 sanguinis
2866 5600 3070 5655 Christi
3097 5601 3201 5658 dici
3240 5617 3417 5670 posse,
3456 5605 3604 5673 quod
3642 5608 3813 5661 etiam
3845 5625 3933 5663 su-

2402 5715 2423 5746 δ
2460 5714 2591 5769 ibid.
2638 5714 2820 5769 50-52.
