  <div class='ocr_page' id='page_1' title='image "/cluster/home/n/w/nwhite01/storage/ocr_20150623/161/pst.000005714834/364.png"; bbox 0 0 4122 6326; ppageno 0'>
   <div class='ocr_carea' id='block_1_1' title="bbox 260 120 356 183">
    <p class='ocr_par' dir='ltr' id='par_1_1' title="bbox 260 120 356 183">
     <span class='ocr_line' id='line_1_1' title="bbox 260 120 356 183; baseline 0 -1"><span class='ocrx_word' id='word_1_1' title='bbox 260 120 356 183; x_wconf 69' lang='lat'><strong>591</strong></span> 
     </span>
    </p>
   </div>
   <div class='ocr_carea' id='block_1_2' title="bbox 1237 90 2464 212">
    <p class='ocr_par' dir='ltr' id='par_1_2' title="bbox 1237 90 2464 212">
     <span class='ocr_line' id='line_1_2' title="bbox 1237 90 2464 212; baseline 0.004 -22"><span class='ocrx_word' id='word_1_2' title='bbox 1237 132 1331 190; x_wconf 69' lang='lat' dir='ltr'><strong>ne</strong></span> <span class='ocrx_word' id='word_1_3' title='bbox 1365 106 1863 212; x_wconf 63' lang='lat' dir='ltr'><strong>SACRAMENTO</strong></span> <span class='ocrx_word' id='word_1_4' title='bbox 1904 102 2464 195; x_wconf 55' lang='lat' dir='ltr'><strong>auaui-misria.-</strong></span> 
     </span>
    </p>
   </div>
   <div class='ocr_carea' id='block_1_3' title="bbox 3324 109 3439 202">
    <p class='ocr_par' dir='ltr' id='par_1_3' title="bbox 3324 109 3439 202">
     <span class='ocr_line' id='line_1_3' title="bbox 3324 109 3439 202; baseline -0.017 -1"><span class='ocrx_word' id='word_1_5' title='bbox 3324 109 3439 202; x_wconf 61' lang='grc' dir='ltr'><strong>’δεῖ</strong></span> 
     </span>
    </p>
   </div>
   <div class='ocr_carea' id='block_1_4' title="bbox 240 236 3459 321">
    <p class='ocr_par' dir='ltr' id='par_1_4' title="bbox 240 236 3459 321">
     <span class='ocr_line' id='line_1_4' title="bbox 240 236 3459 321; baseline 0.006 -32"><span class='ocrx_word' id='word_1_6' title='bbox 240 237 429 301; x_wconf 80' lang='lat' dir='ltr'><strong>peritis</strong></span> <span class='ocrx_word' id='word_1_7' title='bbox 464 236 815 293; x_wconf 90' lang='lat' dir='ltr'><strong>ostendimus.</strong></span> <span class='ocrx_word' id='word_1_8' title='bbox 883 239 1167 297; x_wconf 84' lang='lat' dir='ltr'><strong>Sensibilis</strong></span> <span class='ocrx_word' id='word_1_9' title='bbox 1205 246 1352 299; x_wconf 86' lang='lat' dir='ltr'><strong>enim</strong></span> <span class='ocrx_word' id='word_1_10' title='bbox 1387 249 1539 313; x_wconf 86' lang='lat' dir='ltr'><strong>panis</strong></span> <span class='ocrx_word' id='word_1_11' title='bbox 1580 256 1634 301; x_wconf 91' lang='lat' dir='ltr'><strong>et</strong></span> <span class='ocrx_word' id='word_1_12' title='bbox 1676 247 1785 301; x_wconf 86' lang='lat' dir='ltr'><strong>vini</strong></span> <span class='ocrx_word' id='word_1_13' title='bbox 1816 250 1864 310; x_wconf 77' lang='grc' dir='ltr'>Α</span> <span class='ocrx_word' id='word_1_14' title='bbox 1893 247 2115 301; x_wconf 88' lang='lat' dir='ltr'><strong>trarium</strong></span> <span class='ocrx_word' id='word_1_15' title='bbox 2147 246 2414 301; x_wconf 88' lang='lat' dir='ltr'><strong>sentiebat</strong></span> <span class='ocrx_word' id='word_1_16' title='bbox 2453 245 2701 310; x_wconf 77' lang='lat' dir='ltr'><strong>Basilius,</strong></span> <span class='ocrx_word' id='word_1_17' title='bbox 2733 250 3067 309; x_wconf 57' lang='lat' dir='ltr'><strong>necveritus</strong></span> <span class='ocrx_word' id='word_1_18' title='bbox 3113 250 3369 321; x_wconf 81' lang='lat' dir='ltr'><strong>Dionysii,</strong></span> <span class='ocrx_word' id='word_1_19' title='bbox 3398 264 3459 308; x_wconf 77' lang='lat' dir='ltr'><strong>et</strong></span> 
     </span>
    </p>
   </div>
   <div class='ocr_carea' id='block_1_5' title="bbox 234 328 1791 407">
    <p class='ocr_par' dir='ltr' id='par_1_5' title="bbox 234 328 1791 407">
     <span class='ocr_line' id='line_1_5' title="bbox 234 328 1791 407; baseline 0.01 -30"><span class='ocrx_word' id='word_1_20' title='bbox 234 328 410 379; x_wconf 77' lang='lat' dir='ltr'><strong>etiam</strong></span> <span class='ocrx_word' id='word_1_21' title='bbox 445 335 561 393; x_wconf 90' lang='lat' dir='ltr'><strong>post</strong></span> <span class='ocrx_word' id='word_1_22' title='bbox 586 330 1047 403; x_wconf 88' lang='lat' dir='ltr'><strong>consecrationem</strong></span> <span class='ocrx_word' id='word_1_23' title='bbox 1081 335 1287 402; x_wconf 84' lang='lat' dir='ltr'><strong>species</strong></span> <span class='ocrx_word' id='word_1_24' title='bbox 1323 336 1503 406; x_wconf 66' lang='lat' dir='ltr'><strong>ﬁgurae</strong></span> <span class='ocrx_word' id='word_1_25' title='bbox 1545 339 1791 407; x_wconf 60' lang='lat' dir='ltr'><strong>quaedam</strong></span> 
     </span>
    </p>
   </div>
   <div class='ocr_carea' id='block_1_6' title="bbox 243 419 1793 497">
    <p class='ocr_par' dir='ltr' id='par_1_6' title="bbox 243 419 1793 497">
     <span class='ocr_line' id='line_1_6' title="bbox 243 419 1793 497; baseline 0.008 -28"><span class='ocrx_word' id='word_1_26' title='bbox 243 427 304 469; x_wconf 87' lang='lat' dir='ltr'><strong>et</strong></span> <span class='ocrx_word' id='word_1_27' title='bbox 334 419 721 486; x_wconf 70' lang='lat' dir='ltr'><strong>przligurativa</strong></span> <span class='ocrx_word' id='word_1_28' title='bbox 772 423 847 479; x_wconf 92' lang='lat' dir='ltr'><strong>uti</strong></span> <span class='ocrx_word' id='word_1_29' title='bbox 904 434 1054 485; x_wconf 90' lang='lat' dir='ltr'><strong>sunt.</strong></span> <span class='ocrx_word' id='word_1_30' title='bbox 1085 425 1184 487; x_wconf 56' lang='lat' dir='ltr'><strong>ita.</strong></span> <span class='ocrx_word' id='word_1_31' title='bbox 1214 428 1375 481; x_wconf 91' lang='lat' dir='ltr'><strong>etiam</strong></span> <span class='ocrx_word' id='word_1_32' title='bbox 1406 428 1510 493; x_wconf 85' lang='lat' dir='ltr'><strong>dici</strong></span> <span class='ocrx_word' id='word_1_33' title='bbox 1548 439 1793 497; x_wconf 86' lang='lat' dir='ltr'><strong>possunt,</strong></span> 
     </span>
    </p>
   </div>
   <div class='ocr_carea' id='block_1_7' title="bbox 247 512 1796 593">
    <p class='ocr_par' dir='ltr' id='par_1_7' title="bbox 247 512 1796 593">
     <span class='ocr_line' id='line_1_7' title="bbox 247 512 1796 593; baseline 0.006 -33"><span class='ocrx_word' id='word_1_34' title='bbox 247 519 364 561; x_wconf 83' lang='lat' dir='ltr'><strong>tum</strong></span> <span class='ocrx_word' id='word_1_35' title='bbox 396 512 631 564; x_wconf 79' lang='lat' dir='ltr'><strong>contenti</strong></span> <span class='ocrx_word' id='word_1_36' title='bbox 658 512 757 593; x_wconf 79' lang='lat' dir='ltr'><strong>sub</strong></span> <span class='ocrx_word' id='word_1_37' title='bbox 781 512 863 567; x_wconf 89' lang='lat' dir='ltr'><strong>eis</strong></span> <span class='ocrx_word' id='word_1_38' title='bbox 878 516 991 569; x_wconf 85' lang='lat' dir='ltr'><strong>veri</strong></span> <span class='ocrx_word' id='word_1_39' title='bbox 1020 516 1283 571; x_wconf 82' lang='lat' dir='ltr'><strong>Domittici</strong></span> <span class='ocrx_word' id='word_1_40' title='bbox 1314 519 1556 586; x_wconf 88' lang='lat' dir='ltr'><strong>corporis</strong></span> <span class='ocrx_word' id='word_1_41' title='bbox 1589 527 1644 573; x_wconf 91' lang='lat' dir='ltr'><strong>et</strong></span> <span class='ocrx_word' id='word_1_42' title='bbox 1670 534 1796 572; x_wconf 67' lang='lat' dir='ltr'><strong>san—</strong></span> 
     </span>
    </p>
   </div>
   <div class='ocr_carea' id='block_1_8' title="bbox 243 598 1796 674">
    <p class='ocr_par' dir='ltr' id='par_1_8' title="bbox 243 598 1796 674">
     <span class='ocr_line' id='line_1_8' title="bbox 243 598 1796 674; baseline 0.006 -24"><span class='ocrx_word' id='word_1_43' title='bbox 243 598 450 663; x_wconf 76' lang='lat' dir='ltr'><strong>guinis,</strong></span> <span class='ocrx_word' id='word_1_44' title='bbox 486 609 595 654; x_wconf 88' lang='lat' dir='ltr'><strong>tum</strong></span> <span class='ocrx_word' id='word_1_45' title='bbox 628 602 841 672; x_wconf 78' lang='lat' dir='ltr'><strong>mystici</strong></span> <span class='ocrx_word' id='word_1_46' title='bbox 874 604 1141 674; x_wconf 71' lang='lat' dir='ltr'><strong>eorporis</strong></span> <span class='ocrx_word' id='word_1_47' title='bbox 1165 617 1222 661; x_wconf 91' lang='lat' dir='ltr'><strong>et</strong></span> <span class='ocrx_word' id='word_1_48' title='bbox 1255 608 1633 661; x_wconf 63' lang='lat' dir='ltr'><strong>ecclesiastica:</strong></span> <span class='ocrx_word' id='word_1_49' title='bbox 1669 608 1796 662; x_wconf 90' lang='lat' dir='ltr'><strong>uni-</strong></span> 
     </span>
    </p>
   </div>
   <div class='ocr_carea' id='block_1_9' title="bbox 246 684 1796 767">
    <p class='ocr_par' dir='ltr' id='par_1_9' title="bbox 246 684 1796 767">
     <span class='ocr_line' id='line_1_9' title="bbox 246 684 1796 767; baseline 0.006 -27"><span class='ocrx_word' id='word_1_50' title='bbox 246 687 609 758; x_wconf 82' lang='lat' dir='ltr'><strong>tatis,‘ipsum</strong></span> <span class='ocrx_word' id='word_1_51' title='bbox 633 684 849 761; x_wconf 84' lang='lat' dir='ltr'><strong>quoque</strong></span> <span class='ocrx_word' id='word_1_52' title='bbox 878 700 1073 762; x_wconf 73' lang='lat' dir='ltr'><strong>corpus</strong></span> <span class='ocrx_word' id='word_1_53' title='bbox 1113 696 1339 764; x_wconf 82' lang='lat' dir='ltr'><strong>mystici</strong></span> <span class='ocrx_word' id='word_1_54' title='bbox 1375 697 1622 765; x_wconf 78' lang='lat' dir='ltr'><strong>corporis</strong></span> <span class='ocrx_word' id='word_1_55' title='bbox 1650 713 1796 767; x_wconf 87' lang='lat' dir='ltr'><strong>sym-</strong></span> 
     </span>
    </p>
   </div>
   <div class='ocr_carea' id='block_1_10' title="bbox 246 772 1799 854">
    <p class='ocr_par' dir='ltr' id='par_1_10' title="bbox 246 772 1799 854">
     <span class='ocr_line' id='line_1_10' title="bbox 246 772 1799 854; baseline 0.006 -26"><span class='ocrx_word' id='word_1_56' title='bbox 246 776 434 831; x_wconf 86' lang='lat' dir='ltr'><strong>bolum</strong></span> <span class='ocrx_word' id='word_1_57' title='bbox 463 794 527 833; x_wconf 88' lang='lat' dir='ltr'><strong>ac</strong></span> <span class='ocrx_word' id='word_1_58' title='bbox 545 780 765 854; x_wconf 22' lang='lat' dir='ltr'><strong>signum.</strong></span> <span class='ocrx_word' id='word_1_59' title='bbox 786 796 929 847; x_wconf 87' lang='lat' dir='ltr'><strong>esse,</strong></span> <span class='ocrx_word' id='word_1_60' title='bbox 968 772 1023 838; x_wconf 79' lang='lat' dir='ltr'><strong>ut</strong></span> <span class='ocrx_word' id='word_1_61' title='bbox 1079 785 1237 838; x_wconf 89' lang='lat' dir='ltr'><strong>latius</strong></span> <span class='ocrx_word' id='word_1_62' title='bbox 1270 782 1429 853; x_wconf 80' lang='lat' dir='ltr'><strong>paulo</strong></span> <span class='ocrx_word' id='word_1_63' title='bbox 1456 796 1578 838; x_wconf 83' lang='lat' dir='ltr'><strong>ante</strong></span> <span class='ocrx_word' id='word_1_64' title='bbox 1625 784 1799 840; x_wconf 84' lang='lat' dir='ltr'><strong>disse-</strong></span> 
     </span>
    </p>
   </div>
   <div class='ocr_carea' id='block_1_11' title="bbox 247 854 1799 940">
    <p class='ocr_par' dir='ltr' id='par_1_11' title="bbox 247 854 1799 940">
     <span class='ocr_line' id='line_1_11' title="bbox 247 854 1799 940; baseline 0.005 -23"><span class='ocrx_word' id='word_1_65' title='bbox 247 866 488 922; x_wconf 86' lang='lat' dir='ltr'><strong>ruimus.</strong></span> <span class='ocrx_word' id='word_1_66' title='bbox 522 869 684 924; x_wconf 84' lang='lat' dir='ltr'><strong>Decet</strong></span> <span class='ocrx_word' id='word_1_67' title='bbox 738 854 941 936; x_wconf 80' lang='lat' dir='ltr'><strong>tamen,</strong></span> <span class='ocrx_word' id='word_1_68' title='bbox 970 882 1028 925; x_wconf 85' lang='lat' dir='ltr'><strong>ut</strong></span> <span class='ocrx_word' id='word_1_69' title='bbox 1060 880 1187 925; x_wconf 88' lang='lat' dir='ltr'><strong>tunc</strong></span> <span class='ocrx_word' id='word_1_70' title='bbox 1238 888 1451 940; x_wconf 88' lang='lat' dir='ltr'><strong>quoque</strong></span> <span class='ocrx_word' id='word_1_71' title='bbox 1482 874 1799 927; x_wconf 87' lang='lat' dir='ltr'><strong>memoravi-</strong></span> 
     </span>
    </p>
   </div>
   <div class='ocr_carea' id='block_1_12' title="bbox 242 948 1797 1035">
    <p class='ocr_par' dir='ltr' id='par_1_12' title="bbox 242 948 1797 1035">
     <span class='ocr_line' id='line_1_12' title="bbox 242 948 1797 1035; baseline 0.006 -27"><span class='ocrx_word' id='word_1_72' title='bbox 242 971 390 1019; x_wconf 86' lang='lat' dir='ltr'><strong>mus,</strong></span> <span class='ocrx_word' id='word_1_73' title='bbox 431 958 545 1013; x_wconf 62' lang='lat' dir='ltr'><strong>haec</strong></span> <span class='ocrx_word' id='word_1_74' title='bbox 577 958 770 1033; x_wconf 84' lang='lat' dir='ltr'><strong>debito</strong></span> <span class='ocrx_word' id='word_1_75' title='bbox 796 962 977 1026; x_wconf 87' lang='lat' dir='ltr'><strong>modo,</strong></span> <span class='ocrx_word' id='word_1_76' title='bbox 1008 970 1061 1035; x_wconf 85' lang='lat' dir='ltr'><strong>et</strong></span> <span class='ocrx_word' id='word_1_77' title='bbox 1091 976 1199 1015; x_wconf 89' lang='lat' dir='ltr'><strong>non</strong></span> <span class='ocrx_word' id='word_1_78' title='bbox 1229 965 1399 1017; x_wconf 89' lang='lat' dir='ltr'><strong>instar</strong></span> <span class='ocrx_word' id='word_1_79' title='bbox 1428 948 1797 1018; x_wconf 84' lang='lat' dir='ltr'><strong>sacramento-</strong></span> 
     </span>
    </p>
   </div>
   <div class='ocr_carea' id='block_1_13' title="bbox 244 1048 1795 1129">
    <p class='ocr_par' dir='ltr' id='par_1_13' title="bbox 244 1048 1795 1129">
     <span class='ocr_line' id='line_1_13' title="bbox 244 1048 1795 1129; baseline 0.006 -32"><span class='ocrx_word' id='word_1_80' title='bbox 244 1061 369 1099; x_wconf 90' lang='lat' dir='ltr'><strong>rum</strong></span> <span class='ocrx_word' id='word_1_81' title='bbox 395 1048 588 1104; x_wconf 79' lang='lat' dir='ltr'><strong>veteris</strong></span> <span class='ocrx_word' id='word_1_82' title='bbox 604 1050 759 1129; x_wconf 84' lang='lat' dir='ltr'><strong>legis,</strong></span> <span class='ocrx_word' id='word_1_83' title='bbox 789 1068 909 1129; x_wconf 66' lang='lat' dir='ltr'><strong>qua:</strong></span> <span class='ocrx_word' id='word_1_84' title='bbox 928 1062 1136 1107; x_wconf 87' lang='lat' dir='ltr'><strong>tantum</strong></span> <span class='ocrx_word' id='word_1_85' title='bbox 1159 1053 1342 1125; x_wconf 68' lang='lat' dir='ltr'><strong>iigurae</strong></span> <span class='ocrx_word' id='word_1_86' title='bbox 1367 1055 1795 1129; x_wconf 87' lang='lat' dir='ltr'><strong>sunt,accipere.</strong></span> 
     </span>
    </p>
   </div>
   <div class='ocr_carea' id='block_1_14' title="bbox 244 1127 1798 1215">
    <p class='ocr_par' dir='ltr' id='par_1_14' title="bbox 244 1127 1798 1215">
     <span class='ocr_line' id='line_1_14' title="bbox 244 1127 1798 1215; baseline 0.006 -26"><span class='ocrx_word' id='word_1_87' title='bbox 244 1135 405 1201; x_wconf 78' lang='lat' dir='ltr'><strong>Quod</strong></span> <span class='ocrx_word' id='word_1_88' title='bbox 438 1140 598 1194; x_wconf 87' lang='lat' dir='ltr'><strong>etiam</strong></span> <span class='ocrx_word' id='word_1_89' title='bbox 632 1127 878 1212; x_wconf 76' lang='lat' dir='ltr'><strong>Dionysii</strong></span> <span class='ocrx_word' id='word_1_90' title='bbox 932 1145 1246 1209; x_wconf 89' lang='lat' dir='ltr'><strong>testimonio</strong></span> <span class='ocrx_word' id='word_1_91' title='bbox 1300 1128 1673 1210; x_wconf 79' lang='lat' dir='ltr'><strong>conﬁrmatur,</strong></span> <span class='ocrx_word' id='word_1_92' title='bbox 1704 1146 1798 1215; x_wconf 86' lang='lat' dir='ltr'><strong>qui</strong></span> 
     </span>
    </p>
   </div>
   <div class='ocr_carea' id='block_1_15' title="bbox 246 1220 1801 1305">
    <p class='ocr_par' dir='ltr' id='par_1_15' title="bbox 246 1220 1801 1305">
     <span class='ocr_line' id='line_1_15' title="bbox 246 1220 1801 1305; baseline 0.006 -26"><span class='ocrx_word' id='word_1_93' title='bbox 246 1239 657 1293; x_wconf 79' lang='lat' dir='ltr'><strong>sacramentum</strong></span> <span class='ocrx_word' id='word_1_94' title='bbox 689 1231 792 1287; x_wconf 84' lang='lat' dir='ltr'><strong>hoc</strong></span> <span class='ocrx_word' id='word_1_95' title='bbox 821 1233 986 1289; x_wconf 74' lang='lat' dir='ltr'><strong>etiam</strong></span> <span class='ocrx_word' id='word_1_96' title='bbox 1015 1242 1135 1302; x_wconf 88' lang='lat' dir='ltr'><strong>post</strong></span> <span class='ocrx_word' id='word_1_97' title='bbox 1146 1220 1632 1291; x_wconf 63' lang='lat' dir='ltr'><strong>consecrationem</strong></span> <span class='ocrx_word' id='word_1_98' title='bbox 1663 1236 1741 1305; x_wconf 81' lang='lat' dir='ltr'><strong>(in</strong></span> <span class='ocrx_word' id='word_1_99' title='bbox 1766 1236 1801 1289; x_wconf 74' lang='grc' dir='ltr'>ὅ</span> 
     </span>
    </p>
   </div>
   <div class='ocr_carea' id='block_1_16' title="bbox 247 1315 1817 1396">
    <p class='ocr_par' dir='ltr' id='par_1_16' title="bbox 247 1315 1817 1396">
     <span class='ocr_line' id='line_1_16' title="bbox 247 1315 1817 1396; baseline 0.007 -28"><span class='ocrx_word' id='word_1_100' title='bbox 247 1315 631 1376; x_wconf 73' lang='lat' dir='ltr'><strong>Ecclesiaaticc</strong></span> <span class='ocrx_word' id='word_1_101' title='bbox 658 1323 967 1395; x_wconf 67' lang='lat' dir='ltr'><strong>bierurclu&#39;z</strong></span> <span class='ocrx_word' id='word_1_102' title='bbox 993 1326 1252 1393; x_wconf 87' lang='lat' dir='ltr'><strong>capitulo)</strong></span> <span class='ocrx_word' id='word_1_103' title='bbox 1292 1326 1594 1396; x_wconf 83' lang='lat' dir='ltr'><strong>symbolum</strong></span> <span class='ocrx_word' id='word_1_104' title='bbox 1626 1330 1817 1380; x_wconf 51' lang='lat' dir='ltr'><strong>nomia</strong></span> 
     </span>
    </p>
   </div>
   <div class='ocr_carea' id='block_1_17' title="bbox 242 1410 1803 1483">
    <p class='ocr_par' dir='ltr' id='par_1_17' title="bbox 242 1410 1803 1483">
     <span class='ocr_line' id='line_1_17' title="bbox 242 1410 1803 1483; baseline 0.005 -22"><span class='ocrx_word' id='word_1_105' title='bbox 242 1418 364 1461; x_wconf 71' lang='lat' dir='ltr'><strong>Bal.</strong></span> <span class='ocrx_word' id='word_1_106' title='bbox 392 1410 628 1463; x_wconf 78' lang='lat' dir='ltr'><strong>[taenim</strong></span> <span class='ocrx_word' id='word_1_107' title='bbox 653 1412 859 1481; x_wconf 83' lang='lat' dir='ltr'><strong>inquit:</strong></span> <span class='ocrx_word' id='word_1_108' title='bbox 881 1412 1072 1476; x_wconf 75' lang='lat' dir='ltr'><strong>Sacrae</strong></span> <span class='ocrx_word' id='word_1_109' title='bbox 1091 1414 1299 1468; x_wconf 77' lang='lat' dir='ltr'><strong>divinas</strong></span> <span class='ocrx_word' id='word_1_110' title='bbox 1326 1416 1670 1483; x_wconf 84' lang='lat' dir='ltr'><strong>operationes</strong></span> <span class='ocrx_word' id='word_1_111' title='bbox 1689 1415 1803 1469; x_wconf 84' lang='lat' dir='ltr'><strong>bie-</strong></span> 
     </span>
    </p>
   </div>
   <div class='ocr_carea' id='block_1_18' title="bbox 243 1500 1803 1571">
    <p class='ocr_par' dir='ltr' id='par_1_18' title="bbox 243 1500 1803 1571">
     <span class='ocr_line' id='line_1_18' title="bbox 243 1500 1803 1571; baseline 0.005 -20"><span class='ocrx_word' id='word_1_112' title='bbox 243 1500 447 1554; x_wconf 88' lang='lat' dir='ltr'><strong>rarcba</strong></span> <span class='ocrx_word' id='word_1_113' title='bbox 506 1501 756 1571; x_wconf 79' lang='lat' dir='ltr'><strong>laudans,</strong></span> <span class='ocrx_word' id='word_1_114' title='bbox 791 1516 1075 1560; x_wconf 79' lang='lat' dir='ltr'><strong>consecrat</strong></span> <span class='ocrx_word' id='word_1_115' title='bbox 1129 1504 1497 1571; x_wconf 86' lang='lat' dir='ltr'><strong>divinissima,.</strong></span> <span class='ocrx_word' id='word_1_116' title='bbox 1520 1516 1573 1560; x_wconf 89' lang='lat' dir='ltr'><strong>et</strong></span> <span class='ocrx_word' id='word_1_117' title='bbox 1632 1507 1803 1560; x_wconf 79' lang='lat' dir='ltr'><strong>mani-</strong></span> 
     </span>
    </p>
   </div>
   <div class='ocr_carea' id='block_1_19' title="bbox 1903 335 3479 414">
    <p class='ocr_par' dir='ltr' id='par_1_19' title="bbox 1903 335 3479 414">
     <span class='ocr_line' id='line_1_19' title="bbox 1903 335 3479 414; baseline 0.005 -24"><span class='ocrx_word' id='word_1_118' title='bbox 1903 338 2097 399; x_wconf 88' lang='lat' dir='ltr'><strong>sancti,</strong></span> <span class='ocrx_word' id='word_1_119' title='bbox 2137 345 2191 391; x_wconf 91' lang='lat' dir='ltr'><strong>et</strong></span> <span class='ocrx_word' id='word_1_120' title='bbox 2245 335 2495 407; x_wconf 80' lang='lat' dir='ltr'><strong>martyris</strong></span> <span class='ocrx_word' id='word_1_121' title='bbox 2533 338 2936 402; x_wconf 75' lang='lat' dir='ltr'><strong>auctoritatem,</strong></span> <span class='ocrx_word' id='word_1_122' title='bbox 2980 340 3076 409; x_wconf 92' lang='lat' dir='ltr'><strong>qui</strong></span> <span class='ocrx_word' id='word_1_123' title='bbox 3112 343 3299 396; x_wconf 83' lang='lat' dir='ltr'><strong>contra</strong></span> <span class='ocrx_word' id='word_1_124' title='bbox 3338 345 3479 414; x_wconf 70' lang='lat' dir='ltr'><strong>ejus!</strong></span> 
     </span>
    </p>
   </div>
   <div class='ocr_carea' id='block_1_20' title="bbox 1901 426 3457 496">
    <p class='ocr_par' dir='ltr' id='par_1_20' title="bbox 1901 426 3457 496">
     <span class='ocr_line' id='line_1_20' title="bbox 1901 426 3457 496; baseline 0.004 -15"><span class='ocrx_word' id='word_1_125' title='bbox 1901 427 2524 496; x_wconf 78' lang='lat' dir='ltr'><strong>Opinionemjudicaret,</strong></span> <span class='ocrx_word' id='word_1_126' title='bbox 2584 426 2923 495; x_wconf 83' lang='lat' dir='ltr'><strong>diceretque,</strong></span> <span class='ocrx_word' id='word_1_127' title='bbox 2974 432 3042 485; x_wconf 90' lang='lat' dir='ltr'><strong>ad</strong></span> <span class='ocrx_word' id='word_1_128' title='bbox 3066 430 3228 485; x_wconf 81' lang='lat' dir='ltr'><strong>iidem</strong></span> <span class='ocrx_word' id='word_1_129' title='bbox 3254 448 3329 486; x_wconf 83' lang='lat' dir='ltr'><strong>cx</strong></span> <span class='ocrx_word' id='word_1_130' title='bbox 3395 449 3457 487; x_wconf 89' lang='lat' dir='ltr'><strong>ea</strong></span> 
     </span>
    </p>
   </div>
   <div class='ocr_carea' id='block_1_21' title="bbox 1904 517 3455 590">
    <p class='ocr_par' dir='ltr' id='par_1_21' title="bbox 1904 517 3455 590">
     <span class='ocr_line' id='line_1_21' title="bbox 1904 517 3455 590; baseline 0.004 -19"><span class='ocrx_word' id='word_1_131' title='bbox 1904 519 2093 573; x_wconf 71' lang='lat' dir='ltr'><strong>haeresi</strong></span> <span class='ocrx_word' id='word_1_132' title='bbox 2162 518 2438 571; x_wconf 82' lang='lat' dir='ltr'><strong>venientes</strong></span> <span class='ocrx_word' id='word_1_133' title='bbox 2480 517 2819 584; x_wconf 46' lang='lat' dir='ltr'><strong>.rebaptizari</strong></span> <span class='ocrx_word' id='word_1_134' title='bbox 2867 520 3100 583; x_wconf 84' lang='lat' dir='ltr'><strong>debere,</strong></span> <span class='ocrx_word' id='word_1_135' title='bbox 3142 524 3311 590; x_wconf 80' lang='lat' dir='ltr'><strong>quod</strong></span> <span class='ocrx_word' id='word_1_136' title='bbox 3347 540 3455 579; x_wconf 87' lang='lat' dir='ltr'><strong>non</strong></span> 
     </span>
    </p>
   </div>
   <div class='ocr_carea' id='block_1_22' title="bbox 1904 606 3473 678">
    <p class='ocr_par' dir='ltr' id='par_1_22' title="bbox 1904 606 3473 678">
     <span class='ocr_line' id='line_1_22' title="bbox 1904 606 3473 678; baseline 0.003 -16"><span class='ocrx_word' id='word_1_137' title='bbox 1904 617 2048 662; x_wconf 76' lang='lat' dir='ltr'><strong>recte</strong></span> <span class='ocrx_word' id='word_1_138' title='bbox 2077 623 2251 677; x_wconf 90' lang='lat' dir='ltr'><strong>neque</strong></span> <span class='ocrx_word' id='word_1_139' title='bbox 2289 607 2339 661; x_wconf 89' lang='lat' dir='ltr'><strong>in</strong></span> <span class='ocrx_word' id='word_1_140' title='bbox 2372 606 2589 661; x_wconf 84' lang='lat' dir='ltr'><strong>nomine</strong></span> <span class='ocrx_word' id='word_1_141' title='bbox 2618 606 2814 668; x_wconf 82' lang='lat' dir='ltr'><strong>Patris.</strong></span> <span class='ocrx_word' id='word_1_142' title='bbox 2840 620 2894 661; x_wconf 90' lang='lat' dir='ltr'><strong>et</strong></span> <span class='ocrx_word' id='word_1_143' title='bbox 2925 606 3067 672; x_wconf 78' lang='lat' dir='ltr'><strong>Filii,</strong></span> <span class='ocrx_word' id='word_1_144' title='bbox 3122 622 3179 664; x_wconf 92' lang='lat' dir='ltr'><strong>et</strong></span> <span class='ocrx_word' id='word_1_145' title='bbox 3213 610 3473 678; x_wconf 72' lang='lat' dir='ltr'><strong>Spiritus</strong></span> 
     </span>
    </p>
   </div>
   <div class='ocr_carea' id='block_1_23' title="bbox 1854 698 3456 773">
    <p class='ocr_par' dir='ltr' id='par_1_23' title="bbox 1854 698 3456 773">
     <span class='ocr_line' id='line_1_23' title="bbox 1854 698 3456 773; baseline 0.002 -21"><span class='ocrx_word' id='word_1_146' title='bbox 1854 698 1871 705; x_wconf 46' lang='lat'><strong><em>‘</em></strong></span> <span class='ocrx_word' id='word_1_147' title='bbox 1903 698 2071 753; x_wconf 83' lang='lat' dir='ltr'><strong>sancti</strong></span> <span class='ocrx_word' id='word_1_148' title='bbox 2101 707 2279 751; x_wconf 84' lang='lat' dir='ltr'><strong>essent</strong></span> <span class='ocrx_word' id='word_1_149' title='bbox 2312 699 2589 766; x_wconf 79' lang='lat' dir='ltr'><strong>baptizati.</strong></span> <span class='ocrx_word' id='word_1_150' title='bbox 2642 698 2706 752; x_wconf 84' lang='lat' dir='ltr'><strong>Et</strong></span> <span class='ocrx_word' id='word_1_151' title='bbox 2744 698 2903 751; x_wconf 78' lang='lat' dir='ltr'><strong>nobis</strong></span> <span class='ocrx_word' id='word_1_152' title='bbox 2925 698 3117 773; x_wconf 53' lang='lat' dir='ltr'><strong>.igitur</strong></span> <span class='ocrx_word' id='word_1_153' title='bbox 3146 701 3456 762; x_wconf 69' lang='lat' dir='ltr'><strong>mirandum</strong></span> 
     </span>
    </p>
   </div>
   <div class='ocr_carea' id='block_1_24' title="bbox 1902 786 3452 857">
    <p class='ocr_par' dir='ltr' id='par_1_24' title="bbox 1902 786 3452 857">
     <span class='ocr_line' id='line_1_24' title="bbox 1902 786 3452 857; baseline 0.003 -18"><span class='ocrx_word' id='word_1_154' title='bbox 1902 796 2005 849; x_wconf 87' lang='lat' dir='ltr'><strong>est,</strong></span> <span class='ocrx_word' id='word_1_155' title='bbox 2029 788 2304 857; x_wconf 85' lang='lat' dir='ltr'><strong>quomodo</strong></span> <span class='ocrx_word' id='word_1_156' title='bbox 2337 786 2534 842; x_wconf 72' lang='lat' dir='ltr'><strong>dixerit</strong></span> <span class='ocrx_word' id='word_1_157' title='bbox 2562 788 2663 843; x_wconf 81' lang='lat' dir='ltr'><strong>hoc</strong></span> <span class='ocrx_word' id='word_1_158' title='bbox 2692 787 3076 847; x_wconf 84' lang='lat' dir='ltr'><strong>Damascenus.</strong></span> <span class='ocrx_word' id='word_1_159' title='bbox 3103 788 3227 844; x_wconf 39' lang='lat' dir='ltr'><strong>Sed.</strong></span> <span class='ocrx_word' id='word_1_160' title='bbox 3257 793 3452 845; x_wconf 88' lang='lat' dir='ltr'><strong>memi-</strong></span> 
     </span>
    </p>
   </div>
   <div class='ocr_carea' id='block_1_25' title="bbox 1903 874 3457 948">
    <p class='ocr_par' dir='ltr' id='par_1_25' title="bbox 1903 874 3457 948">
     <span class='ocr_line' id='line_1_25' title="bbox 1903 874 3457 948; baseline 0.005 -18"><span class='ocrx_word' id='word_1_161' title='bbox 1903 874 2051 932; x_wconf 85' lang='lat' dir='ltr'><strong>nisse</strong></span> <span class='ocrx_word' id='word_1_162' title='bbox 2081 887 2319 946; x_wconf 86' lang='lat' dir='ltr'><strong>oportet,</strong></span> <span class='ocrx_word' id='word_1_163' title='bbox 2354 879 2630 941; x_wconf 76' lang='lat' dir='ltr'><strong>hominem</strong></span> <span class='ocrx_word' id='word_1_164' title='bbox 2662 893 2790 933; x_wconf 88' lang='lat' dir='ltr'><strong>eum</strong></span> <span class='ocrx_word' id='word_1_165' title='bbox 2820 877 3014 942; x_wconf 72' lang='lat' dir='ltr'><strong>fuisse,</strong></span> <span class='ocrx_word' id='word_1_166' title='bbox 3049 881 3303 948; x_wconf 79' lang='lat' dir='ltr'><strong>quamvis</strong></span> <span class='ocrx_word' id='word_1_167' title='bbox 3322 884 3457 936; x_wconf 86' lang='lat' dir='ltr'><strong>mira</strong></span> 
     </span>
    </p>
   </div>
   <div class='ocr_carea' id='block_1_26' title="bbox 1904 969 3459 1041">
    <p class='ocr_par' dir='ltr' id='par_1_26' title="bbox 1904 969 3459 1041">
     <span class='ocr_line' id='line_1_26' title="bbox 1904 969 3459 1041; baseline 0.003 -19"><span class='ocrx_word' id='word_1_168' title='bbox 1904 970 2191 1030; x_wconf 72' lang='lat' dir='ltr'><strong>sanctitate</strong></span> <span class='ocrx_word' id='word_1_169' title='bbox 2227 969 2536 1038; x_wconf 63' lang='lat' dir='ltr'><strong>praeditum.</strong></span> <span class='ocrx_word' id='word_1_170' title='bbox 2567 980 2619 1024; x_wconf 84' lang='lat' dir='ltr'><strong>et</strong></span> <span class='ocrx_word' id='word_1_171' title='bbox 2647 971 2763 1025; x_wconf 81' lang='lat' dir='ltr'><strong>ﬁeri</strong></span> <span class='ocrx_word' id='word_1_172' title='bbox 2789 971 3079 1040; x_wconf 79' lang='lat' dir='ltr'><strong>aliquando</strong></span> <span class='ocrx_word' id='word_1_173' title='bbox 3100 975 3360 1041; x_wconf 78' lang='lat' dir='ltr'><strong>potuisse.</strong></span> <span class='ocrx_word' id='word_1_174' title='bbox 3398 986 3459 1027; x_wconf 80' lang='lat' dir='ltr'><strong>ut</strong></span> 
     </span>
    </p>
   </div>
   <div class='ocr_carea' id='block_1_27' title="bbox 1905 1052 3458 1136">
    <p class='ocr_par' dir='ltr' id='par_1_27' title="bbox 1905 1052 3458 1136">
     <span class='ocr_line' id='line_1_27' title="bbox 1905 1052 3458 1136; baseline 0.004 -24"><span class='ocrx_word' id='word_1_175' title='bbox 1905 1052 2008 1129; x_wconf 73' lang='lat' dir='ltr'><strong>pro</strong></span> <span class='ocrx_word' id='word_1_176' title='bbox 2041 1060 2407 1116; x_wconf 86' lang='lat' dir='ltr'><strong>imbecillitate</strong></span> <span class='ocrx_word' id='word_1_177' title='bbox 2435 1060 2885 1136; x_wconf 77' lang='lat' dir='ltr'><strong>liumaui-ingenii</strong></span> <span class='ocrx_word' id='word_1_178' title='bbox 2917 1076 3031 1114; x_wconf 88' lang='lat' dir='ltr'><strong>non</strong></span> <span class='ocrx_word' id='word_1_179' title='bbox 3064 1062 3458 1131; x_wconf 71' lang='lat' dir='ltr'><strong>recte-alin</strong></span> 
     </span>
    </p>
   </div>
   <div class='ocr_carea' id='block_1_28' title="bbox 1904 1152 3531 1221">
    <p class='ocr_par' dir='ltr' id='par_1_28' title="bbox 1904 1152 3531 1221">
     <span class='ocr_line' id='line_1_28' title="bbox 1904 1152 3531 1221; baseline 0.001 -14"><span class='ocrx_word' id='word_1_180' title='bbox 1904 1152 2171 1214; x_wconf 77' lang='lat' dir='ltr'><strong>senserit;</strong></span> <span class='ocrx_word' id='word_1_181' title='bbox 2198 1167 2297 1207; x_wconf 88' lang='lat' dir='ltr'><strong>nos</strong></span> <span class='ocrx_word' id='word_1_182' title='bbox 2326 1166 2454 1205; x_wconf 89' lang='lat' dir='ltr'><strong>vero</strong></span> <span class='ocrx_word' id='word_1_183' title='bbox 2485 1166 2685 1215; x_wconf 71' lang='lat' dir='ltr'><strong>none:</strong></span> <span class='ocrx_word' id='word_1_184' title='bbox 2712 1153 2778 1206; x_wconf 91' lang='lat' dir='ltr'><strong>iis</strong></span> <span class='ocrx_word' id='word_1_185' title='bbox 2804 1152 2892 1207; x_wconf 76' lang='lat' dir='ltr'><strong>vel</strong></span> <span class='ocrx_word' id='word_1_186' title='bbox 2908 1152 3081 1221; x_wconf 80' lang='lat' dir='ltr'><strong>ipsum</strong></span> <span class='ocrx_word' id='word_1_187' title='bbox 3112 1153 3196 1208; x_wconf 88' lang='lat' dir='ltr'><strong>vel</strong></span> <span class='ocrx_word' id='word_1_188' title='bbox 3233 1154 3369 1209; x_wconf 83' lang='lat' dir='ltr'><strong>alios</strong></span> <span class='ocrx_word' id='word_1_189' title='bbox 3390 1154 3464 1209; x_wconf 80' lang='lat' dir='ltr'><strong>de</strong></span> <span class='ocrx_word' id='word_1_190' title='bbox 3529 1195 3531 1198; x_wconf 51' lang='grc' dir='ltr'><strong><em>ι</em></strong></span> 
     </span>
    </p>
   </div>
   <div class='ocr_carea' id='block_1_29' title="bbox 1907 1235 3458 1311">
    <p class='ocr_par' dir='ltr' id='par_1_29' title="bbox 1907 1235 3458 1311">
     <span class='ocr_line' id='line_1_29' title="bbox 1907 1235 3458 1311; baseline 0.002 -17"><span class='ocrx_word' id='word_1_191' title='bbox 1907 1235 2011 1296; x_wconf 78' lang='lat' dir='ltr'><strong>illis</strong></span> <span class='ocrx_word' id='word_1_192' title='bbox 2038 1257 2159 1310; x_wconf 60' lang='lat' dir='ltr'><strong>qua!</strong></span> <span class='ocrx_word' id='word_1_193' title='bbox 2192 1242 2364 1311; x_wconf 82' lang='lat' dir='ltr'><strong>palam</strong></span> <span class='ocrx_word' id='word_1_194' title='bbox 2390 1250 2552 1311; x_wconf 87' lang='lat' dir='ltr'><strong>atque</strong></span> <span class='ocrx_word' id='word_1_195' title='bbox 2576 1243 2913 1311; x_wconf 74' lang='lat' dir='ltr'><strong>unanimiter</strong></span> <span class='ocrx_word' id='word_1_196' title='bbox 2939 1242 3303 1308; x_wconf 86' lang='lat' dir='ltr'><strong>tradiderunt,</strong></span> <span class='ocrx_word' id='word_1_197' title='bbox 3356 1245 3458 1297; x_wconf 76' lang='lat' dir='ltr'><strong>sed</strong></span> 
     </span>
    </p>
   </div>
   <div class='ocr_carea' id='block_1_30' title="bbox 1906 1331 3455 1402">
    <p class='ocr_par' dir='ltr' id='par_1_30' title="bbox 1906 1331 3455 1402">
     <span class='ocr_line' id='line_1_30' title="bbox 1906 1331 3455 1402; baseline 0.003 -18"><span class='ocrx_word' id='word_1_198' title='bbox 1906 1331 2090 1401; x_wconf 82' lang='lat' dir='ltr'><strong>potius</strong></span> <span class='ocrx_word' id='word_1_199' title='bbox 2128 1346 2195 1385; x_wconf 79' lang='lat' dir='ltr'><strong>ex</strong></span> <span class='ocrx_word' id='word_1_200' title='bbox 2254 1331 2322 1386; x_wconf 82' lang='lat' dir='ltr'><strong>iis</strong></span> <span class='ocrx_word' id='word_1_201' title='bbox 2351 1331 2466 1392; x_wconf 60' lang='lat' dir='ltr'><strong>hac</strong></span> <span class='ocrx_word' id='word_1_202' title='bbox 2492 1332 2803 1387; x_wconf 82' lang='lat' dir='ltr'><strong>discernere</strong></span> <span class='ocrx_word' id='word_1_203' title='bbox 2858 1347 2920 1386; x_wconf 89' lang='lat' dir='ltr'><strong>ac</strong></span> <span class='ocrx_word' id='word_1_204' title='bbox 2947 1332 3195 1402; x_wconf 72' lang='lat' dir='ltr'><strong>judicare</strong></span> <span class='ocrx_word' id='word_1_205' title='bbox 3234 1332 3455 1388; x_wconf 84' lang='lat' dir='ltr'><strong>debere.</strong></span> 
     </span>
    </p>
   </div>
   <div class='ocr_carea' id='block_1_31' title="bbox 1909 1417 3452 1495">
    <p class='ocr_par' dir='ltr' id='par_1_31' title="bbox 1909 1417 3452 1495">
     <span class='ocr_line' id='line_1_31' title="bbox 1909 1417 3452 1495; baseline 0.002 -19"><span class='ocrx_word' id='word_1_206' title='bbox 1909 1422 2175 1477; x_wconf 83' lang='lat' dir='ltr'><strong>Fortassis</strong></span> <span class='ocrx_word' id='word_1_207' title='bbox 2206 1435 2412 1489; x_wconf 85' lang='lat' dir='ltr'><strong>autem,</strong></span> <span class='ocrx_word' id='word_1_208' title='bbox 2438 1417 2583 1493; x_wconf 81' lang='lat' dir='ltr'><strong>quod</strong></span> <span class='ocrx_word' id='word_1_209' title='bbox 2624 1424 2967 1492; x_wconf 82' lang='lat' dir='ltr'><strong>impossibile</strong></span> <span class='ocrx_word' id='word_1_210' title='bbox 2984 1438 3090 1478; x_wconf 88' lang='lat' dir='ltr'><strong>non</strong></span> <span class='ocrx_word' id='word_1_211' title='bbox 3116 1432 3223 1488; x_wconf 85' lang='lat' dir='ltr'><strong>est.</strong></span> <span class='ocrx_word' id='word_1_212' title='bbox 3246 1423 3452 1495; x_wconf 79' lang='lat' dir='ltr'><strong>diceret</strong></span> 
     </span>
    </p>
   </div>
   <div class='ocr_carea' id='block_1_32' title="bbox 1910 1506 3484 1583">
    <p class='ocr_par' dir='ltr' id='par_1_32' title="bbox 1910 1506 3484 1583">
     <span class='ocr_line' id='line_1_32' title="bbox 1910 1506 3484 1583; baseline 0 -16"><span class='ocrx_word' id='word_1_213' title='bbox 1910 1514 2200 1583; x_wconf 81' lang='lat' dir='ltr'><strong>quispiam,</strong></span> <span class='ocrx_word' id='word_1_214' title='bbox 2246 1515 2413 1570; x_wconf 89' lang='lat' dir='ltr'><strong>verba</strong></span> <span class='ocrx_word' id='word_1_215' title='bbox 2463 1514 2553 1569; x_wconf 87' lang='lat' dir='ltr'><strong>illa</strong></span> <span class='ocrx_word' id='word_1_216' title='bbox 2585 1514 2793 1579; x_wconf 85' lang='lat' dir='ltr'><strong>Basilii,</strong></span> <span class='ocrx_word' id='word_1_217' title='bbox 2823 1514 3042 1583; x_wconf 28' lang='lat' dir='ltr'><strong>quibus.</strong></span> <span class='ocrx_word' id='word_1_218' title='bbox 3088 1506 3484 1573; x_wconf 14' lang='lat' dir='ltr'><strong>hac’munera.</strong></span> 
     </span>
    </p>
   </div>
   <div class='ocr_carea' id='block_1_33' title="bbox 242 1582 3458 1676">
    <p class='ocr_par' dir='ltr' id='par_1_33' title="bbox 242 1582 3458 1676">
     <span class='ocr_line' id='line_1_33' title="bbox 242 1582 3458 1676; baseline 0.005 -33"><span class='ocrx_word' id='word_1_219' title='bbox 242 1589 409 1644; x_wconf 79' lang='lat' dir='ltr'><strong>festat</strong></span> <span class='ocrx_word' id='word_1_220' title='bbox 439 1607 557 1659; x_wconf 63' lang='lat' dir='ltr'><strong>quae</strong></span> <span class='ocrx_word' id='word_1_221' title='bbox 574 1582 786 1647; x_wconf 87' lang='lat' dir='ltr'><strong>laudata</strong></span> <span class='ocrx_word' id='word_1_222' title='bbox 811 1605 958 1656; x_wconf 79' lang='lat' dir='ltr'><strong>sunt,</strong></span> <span class='ocrx_word' id='word_1_223' title='bbox 996 1611 1091 1663; x_wconf 85' lang='lat' dir='ltr'><strong>per</strong></span> <span class='ocrx_word' id='word_1_224' title='bbox 1111 1595 1351 1666; x_wconf 80' lang='lat' dir='ltr'><strong>aymbola</strong></span> <span class='ocrx_word' id='word_1_225' title='bbox 1380 1607 1567 1651; x_wconf 78' lang='lat' dir='ltr'><strong>sancte</strong></span> <span class='ocrx_word' id='word_1_226' title='bbox 1593 1612 1789 1667; x_wconf 59' lang='lat' dir='ltr'><strong>prope.</strong></span> <span class='ocrx_word' id='word_1_227' title='bbox 1821 1589 1866 1648; x_wconf 86' lang='grc' dir='ltr'><strong><em>Β</em></strong></span> <span class='ocrx_word' id='word_1_228' title='bbox 1904 1582 2300 1675; x_wconf 63' lang='grc' dir='ltr'><strong>ρι-είῖςυηιιίνα</strong></span> <span class='ocrx_word' id='word_1_229' title='bbox 2338 1606 2661 1671; x_wconf 73' lang='lat' dir='ltr'><strong>nominavit,</strong></span> <span class='ocrx_word' id='word_1_230' title='bbox 2686 1582 2933 1676; x_wconf 81' lang='lat' dir='ltr'><strong>tempore</strong></span> <span class='ocrx_word' id='word_1_231' title='bbox 2951 1608 3458 1668; x_wconf 80' lang='lat' dir='ltr'><strong>Damasceniloeutn</strong></span> 
     </span>
    </p>
   </div>
   <div class='ocr_carea' id='block_1_34' title="bbox 236 1682 1777 1758">
    <p class='ocr_par' dir='ltr' id='par_1_34' title="bbox 236 1682 1777 1758">
     <span class='ocr_line' id='line_1_34' title="bbox 236 1682 1777 1758; baseline 0.006 -26"><span class='ocrx_word' id='word_1_232' title='bbox 236 1682 363 1734; x_wconf 68' lang='lat' dir='ltr'><strong>sita.</strong></span> <span class='ocrx_word' id='word_1_233' title='bbox 402 1682 467 1735; x_wconf 80' lang='lat' dir='ltr'><strong>Et</strong></span> <span class='ocrx_word' id='word_1_234' title='bbox 495 1682 670 1738; x_wconf 81' lang='lat' dir='ltr'><strong>inira:</strong></span> <span class='ocrx_word' id='word_1_235' title='bbox 703 1684 907 1752; x_wconf 78' lang='lat' dir='ltr'><strong>Populo</strong></span> <span class='ocrx_word' id='word_1_236' title='bbox 933 1685 1151 1754; x_wconf 85' lang='lat' dir='ltr'><strong>quidem</strong></span> <span class='ocrx_word' id='word_1_237' title='bbox 1176 1685 1357 1741; x_wconf 86' lang='lat' dir='ltr'><strong>divina</strong></span> <span class='ocrx_word' id='word_1_238' title='bbox 1416 1686 1593 1742; x_wconf 88' lang='lat' dir='ltr'><strong>solum</strong></span> <span class='ocrx_word' id='word_1_239' title='bbox 1634 1704 1777 1758; x_wconf 74' lang='lat' dir='ltr'><strong>sym-</strong></span> 
     </span>
    </p>
   </div>
   <div class='ocr_carea' id='block_1_35' title="bbox 237 1760 1799 1848">
    <p class='ocr_par' dir='ltr' id='par_1_35' title="bbox 237 1760 1799 1848">
     <span class='ocr_line' id='line_1_35' title="bbox 237 1760 1799 1848; baseline 0.006 -25"><span class='ocrx_word' id='word_1_240' title='bbox 237 1769 363 1824; x_wconf 79' lang='lat' dir='ltr'><strong>boZa</strong></span> <span class='ocrx_word' id='word_1_241' title='bbox 399 1772 661 1827; x_wconf 85' lang='lat' dir='ltr'><strong>intuente.</strong></span> <span class='ocrx_word' id='word_1_242' title='bbox 687 1774 751 1827; x_wconf 87' lang='lat' dir='ltr'><strong>Et</strong></span> <span class='ocrx_word' id='word_1_243' title='bbox 777 1789 961 1829; x_wconf 83' lang='lat' dir='ltr'><strong>rursus</strong></span> <span class='ocrx_word' id='word_1_244' title='bbox 986 1794 1000 1828; x_wconf 88' lang='lat'><strong>:</strong></span> <span class='ocrx_word' id='word_1_245' title='bbox 1031 1760 1092 1848; x_wconf 83' lang='lat' dir='ltr'><strong>in</strong></span> <span class='ocrx_word' id='word_1_246' title='bbox 1121 1790 1329 1831; x_wconf 79' lang='lat' dir='ltr'><strong>sacram</strong></span> <span class='ocrx_word' id='word_1_247' title='bbox 1360 1778 1674 1832; x_wconf 83' lang='lat' dir='ltr'><strong>memoriam</strong></span> <span class='ocrx_word' id='word_1_248' title='bbox 1699 1794 1799 1833; x_wconf 91' lang='lat' dir='ltr'><strong>nos</strong></span> 
     </span>
    </p>
   </div>
   <div class='ocr_carea' id='block_1_36' title="bbox 236 1862 1799 1939">
    <p class='ocr_par' dir='ltr' id='par_1_36' title="bbox 236 1862 1799 1939">
     <span class='ocr_line' id='line_1_36' title="bbox 236 1862 1799 1939; baseline 0.008 -26"><span class='ocrx_word' id='word_1_249' title='bbox 236 1862 392 1916; x_wconf 85' lang='lat' dir='ltr'><strong>ducit</strong></span> <span class='ocrx_word' id='word_1_250' title='bbox 426 1862 618 1917; x_wconf 67' lang='lat' dir='ltr'><strong>divinae</strong></span> <span class='ocrx_word' id='word_1_251' title='bbox 646 1879 812 1918; x_wconf 68' lang='lat' dir='ltr'><strong>cinna:</strong></span> <span class='ocrx_word' id='word_1_252' title='bbox 844 1905 860 1935; x_wconf 85' lang='lat'><strong>,</strong></span> <span class='ocrx_word' id='word_1_253' title='bbox 887 1880 1006 1933; x_wconf 66' lang='lat' dir='ltr'><strong>qua”:</strong></span> <span class='ocrx_word' id='word_1_254' title='bbox 1034 1862 1329 1936; x_wconf 81' lang='lat' dir='ltr'><strong>principale</strong></span> <span class='ocrx_word' id='word_1_255' title='bbox 1363 1869 1665 1939; x_wconf 77' lang='lat' dir='ltr'><strong>symbolum</strong></span> <span class='ocrx_word' id='word_1_256' title='bbox 1695 1871 1799 1927; x_wconf 75' lang='lat' dir='ltr'><strong>fuit</strong></span> 
     </span>
    </p>
   </div>
   <div class='ocr_carea' id='block_1_37' title="bbox 238 1950 1793 2029">
    <p class='ocr_par' dir='ltr' id='par_1_37' title="bbox 238 1950 1793 2029">
     <span class='ocr_line' id='line_1_37' title="bbox 238 1950 1793 2029; baseline 0.009 -27"><span class='ocrx_word' id='word_1_257' title='bbox 238 1966 428 2006; x_wconf 66' lang='lat' dir='ltr'><strong>eorum</strong></span> <span class='ocrx_word' id='word_1_258' title='bbox 452 1968 571 2027; x_wconf 59' lang='lat' dir='ltr'><strong>qua</strong></span> <span class='ocrx_word' id='word_1_259' title='bbox 598 1954 653 2008; x_wconf 89' lang='lat' dir='ltr'><strong>in</strong></span> <span class='ocrx_word' id='word_1_260' title='bbox 677 1950 830 2008; x_wconf 83' lang='lat' dir='ltr'><strong>altari</strong></span> <span class='ocrx_word' id='word_1_261' title='bbox 861 1954 1020 2010; x_wconf 73' lang='lat' dir='ltr'><strong>fiunt.</strong></span> <span class='ocrx_word' id='word_1_262' title='bbox 1046 1956 1196 2011; x_wconf 89' lang='lat' dir='ltr'><strong>Unde</strong></span> <span class='ocrx_word' id='word_1_263' title='bbox 1214 1968 1269 2012; x_wconf 89' lang='lat' dir='ltr'><strong>et</strong></span> <span class='ocrx_word' id='word_1_264' title='bbox 1296 1958 1408 2027; x_wconf 89' lang='lat' dir='ltr'><strong>ipse</strong></span> <span class='ocrx_word' id='word_1_265' title='bbox 1428 1960 1793 2029; x_wconf 84' lang='lat' dir='ltr'><strong>sytnbolorum</strong></span> 
     </span>
    </p>
   </div>
   <div class='ocr_carea' id='block_1_38' title="bbox 244 2042 1794 2116">
    <p class='ocr_par' dir='ltr' id='par_1_38' title="bbox 244 2042 1794 2116">
     <span class='ocr_line' id='line_1_38' title="bbox 244 2042 1794 2116; baseline 0.007 -21"><span class='ocrx_word' id='word_1_266' title='bbox 244 2051 465 2095; x_wconf 83' lang='lat' dir='ltr'><strong>creator</strong></span> <span class='ocrx_word' id='word_1_267' title='bbox 495 2043 702 2109; x_wconf 83' lang='lat' dir='ltr'><strong>optimo</strong></span> <span class='ocrx_word' id='word_1_268' title='bbox 747 2042 869 2109; x_wconf 82' lang='lat' dir='ltr'><strong>jure</strong></span> <span class='ocrx_word' id='word_1_269' title='bbox 914 2059 1037 2097; x_wconf 89' lang='lat' dir='ltr'><strong>eum</strong></span> <span class='ocrx_word' id='word_1_270' title='bbox 1067 2048 1302 2113; x_wconf 88' lang='lat' dir='ltr'><strong>repellit,</strong></span> <span class='ocrx_word' id='word_1_271' title='bbox 1356 2050 1448 2116; x_wconf 87' lang='lat' dir='ltr'><strong>qui</strong></span> <span class='ocrx_word' id='word_1_272' title='bbox 1506 2065 1616 2104; x_wconf 90' lang='lat' dir='ltr'><strong>non</strong></span> <span class='ocrx_word' id='word_1_273' title='bbox 1670 2066 1794 2106; x_wconf 79' lang='lat' dir='ltr'><strong>san-</strong></span> 
     </span>
    </p>
   </div>
   <div class='ocr_carea' id='block_1_39' title="bbox 242 2126 1792 2197">
    <p class='ocr_par' dir='ltr' id='par_1_39' title="bbox 242 2126 1792 2197">
     <span class='ocr_line' id='line_1_39' title="bbox 242 2126 1792 2197; baseline 0.008 -14"><span class='ocrx_word' id='word_1_274' title='bbox 242 2137 330 2183; x_wconf 89' lang='lat' dir='ltr'><strong>cte</strong></span> <span class='ocrx_word' id='word_1_275' title='bbox 366 2145 540 2197; x_wconf 87' lang='lat' dir='ltr'><strong>neque</strong></span> <span class='ocrx_word' id='word_1_276' title='bbox 567 2131 728 2184; x_wconf 89' lang='lat' dir='ltr'><strong>simili</strong></span> <span class='ocrx_word' id='word_1_277' title='bbox 761 2132 1072 2185; x_wconf 65' lang='lat' dir='ltr'><strong>modo’cum</strong></span> <span class='ocrx_word' id='word_1_278' title='bbox 1096 2126 1161 2187; x_wconf 87' lang='lat' dir='ltr'><strong>eo</strong></span> <span class='ocrx_word' id='word_1_279' title='bbox 1190 2149 1342 2189; x_wconf 87' lang='lat' dir='ltr'><strong>sacra</strong></span> <span class='ocrx_word' id='word_1_280' title='bbox 1366 2137 1452 2190; x_wconf 86' lang='lat' dir='ltr'><strong>illa</strong></span> <span class='ocrx_word' id='word_1_281' title='bbox 1479 2142 1792 2196; x_wconf 75' lang='lat' dir='ltr'><strong>cmnaverit.</strong></span> 
     </span>
    </p>
   </div>
   <div class='ocr_carea' id='block_1_40' title="bbox 239 2220 1795 2292">
    <p class='ocr_par' dir='ltr' id='par_1_40' title="bbox 239 2220 1795 2292">
     <span class='ocr_line' id='line_1_40' title="bbox 239 2220 1795 2292; baseline 0.006 -19"><span class='ocrx_word' id='word_1_282' title='bbox 239 2220 379 2291; x_wconf 81' lang='lat' dir='ltr'><strong>Cum</strong></span> <span class='ocrx_word' id='word_1_283' title='bbox 404 2220 567 2289; x_wconf 78' lang='lat' dir='ltr'><strong>igitur</strong></span> <span class='ocrx_word' id='word_1_284' title='bbox 593 2220 864 2282; x_wconf 85' lang='lat' dir='ltr'><strong>sacra_illa</strong></span> <span class='ocrx_word' id='word_1_285' title='bbox 896 2231 1122 2274; x_wconf 84' lang='lat' dir='ltr'><strong>mttuera</strong></span> <span class='ocrx_word' id='word_1_286' title='bbox 1155 2223 1317 2276; x_wconf 87' lang='lat' dir='ltr'><strong>etiam</strong></span> <span class='ocrx_word' id='word_1_287' title='bbox 1352 2235 1471 2292; x_wconf 90' lang='lat' dir='ltr'><strong>post</strong></span> <span class='ocrx_word' id='word_1_288' title='bbox 1502 2242 1795 2285; x_wconf 79' lang='lat' dir='ltr'><strong>consecra-</strong></span> 
     </span>
    </p>
   </div>
   <div class='ocr_carea' id='block_1_41' title="bbox 239 2302 1793 2384">
    <p class='ocr_par' dir='ltr' id='par_1_41' title="bbox 239 2302 1793 2384">
     <span class='ocr_line' id='line_1_41' title="bbox 239 2302 1793 2384; baseline 0.006 -21"><span class='ocrx_word' id='word_1_289' title='bbox 239 2310 445 2363; x_wconf 88' lang='lat' dir='ltr'><strong>tionem</strong></span> <span class='ocrx_word' id='word_1_290' title='bbox 502 2305 749 2380; x_wconf 82' lang='lat' dir='ltr'><strong>symbola</strong></span> <span class='ocrx_word' id='word_1_291' title='bbox 818 2314 1083 2370; x_wconf 87' lang='lat' dir='ltr'><strong>nominet.</strong></span> <span class='ocrx_word' id='word_1_292' title='bbox 1120 2321 1564 2384; x_wconf 32' lang='lat' dir='ltr'><strong>,creatoremque</strong></span> <span class='ocrx_word' id='word_1_293' title='bbox 1597 2302 1793 2371; x_wconf 88' lang='lat' dir='ltr'><strong>eorum</strong></span> 
     </span>
    </p>
   </div>
   <div class='ocr_carea' id='block_1_42' title="bbox 239 2401 1797 2476">
    <p class='ocr_par' dir='ltr' id='par_1_42' title="bbox 239 2401 1797 2476">
     <span class='ocr_line' id='line_1_42' title="bbox 239 2401 1797 2476; baseline 0.006 -23"><span class='ocrx_word' id='word_1_294' title='bbox 239 2417 361 2468; x_wconf 73' lang='lat' dir='ltr'><strong>quae</strong></span> <span class='ocrx_word' id='word_1_295' title='bbox 414 2416 559 2455; x_wconf 82' lang='lat' dir='ltr'><strong>nunc</strong></span> <span class='ocrx_word' id='word_1_296' title='bbox 600 2401 846 2470; x_wconf 88' lang='lat' dir='ltr'><strong>quotidie</strong></span> <span class='ocrx_word' id='word_1_297' title='bbox 895 2401 946 2454; x_wconf 89' lang='lat' dir='ltr'><strong>in</strong></span> <span class='ocrx_word' id='word_1_298' title='bbox 971 2401 1225 2457; x_wconf 78' lang='lat' dir='ltr'><strong>ecclesiis</strong></span> <span class='ocrx_word' id='word_1_299' title='bbox 1282 2402 1437 2469; x_wconf 85' lang='lat' dir='ltr'><strong>llunt,</strong></span> <span class='ocrx_word' id='word_1_300' title='bbox 1499 2405 1797 2476; x_wconf 84' lang='lat' dir='ltr'><strong>principale</strong></span> 
     </span>
    </p>
   </div>
   <div class='ocr_carea' id='block_1_43' title="bbox 240 2492 1797 2562">
    <p class='ocr_par' dir='ltr' id='par_1_43' title="bbox 240 2492 1797 2562">
     <span class='ocr_line' id='line_1_43' title="bbox 240 2492 1797 2562; baseline 0.004 -17"><span class='ocrx_word' id='word_1_301' title='bbox 240 2492 569 2562; x_wconf 85' lang='lat' dir='ltr'><strong>symbolum,</strong></span> <span class='ocrx_word' id='word_1_302' title='bbox 605 2492 751 2546; x_wconf 86' lang='lat' dir='ltr'><strong>illam</strong></span> <span class='ocrx_word' id='word_1_303' title='bbox 780 2498 1225 2549; x_wconf 88' lang='lat' dir='ltr'><strong>sacramentalem</strong></span> <span class='ocrx_word' id='word_1_304' title='bbox 1250 2504 1462 2550; x_wconf 78' lang='lat' dir='ltr'><strong>cmna‘m</strong></span> <span class='ocrx_word' id='word_1_305' title='bbox 1491 2512 1797 2552; x_wconf 84' lang='lat' dir='ltr'><strong>sacramen-</strong></span> 
     </span>
    </p>
   </div>
   <div class='ocr_carea' id='block_1_44' title="bbox 242 2584 1794 2666">
    <p class='ocr_par' dir='ltr' id='par_1_44' title="bbox 242 2584 1794 2666">
     <span class='ocr_line' id='line_1_44' title="bbox 242 2584 1794 2666; baseline 0.005 -29"><span class='ocrx_word' id='word_1_306' title='bbox 242 2594 421 2637; x_wconf 90' lang='lat' dir='ltr'><strong>torum</strong></span> <span class='ocrx_word' id='word_1_307' title='bbox 462 2584 514 2637; x_wconf 92' lang='lat' dir='ltr'><strong>in</strong></span> <span class='ocrx_word' id='word_1_308' title='bbox 568 2601 633 2639; x_wconf 85' lang='lat' dir='ltr'><strong>eo</strong></span> <span class='ocrx_word' id='word_1_309' title='bbox 662 2585 1123 2654; x_wconf 83' lang='lat' dir='ltr'><strong>distributionem,</strong></span> <span class='ocrx_word' id='word_1_310' title='bbox 1180 2588 1479 2666; x_wconf 79' lang='lat' dir='ltr'><strong>ipsumque</strong></span> <span class='ocrx_word' id='word_1_311' title='bbox 1505 2590 1794 2646; x_wconf 89' lang='lat' dir='ltr'><strong>Dominum</strong></span> 
     </span>
    </p>
   </div>
   <div class='ocr_carea' id='block_1_45' title="bbox 240 2675 1798 2752">
    <p class='ocr_par' dir='ltr' id='par_1_45' title="bbox 240 2675 1798 2752">
     <span class='ocr_line' id='line_1_45' title="bbox 240 2675 1798 2752; baseline 0.008 -25"><span class='ocrx_word' id='word_1_312' title='bbox 240 2675 610 2745; x_wconf 81' lang='lat' dir='ltr'><strong>symbolarum</strong></span> <span class='ocrx_word' id='word_1_313' title='bbox 634 2690 934 2734; x_wconf 81' lang='lat' dir='ltr'><strong>creatorem</strong></span> <span class='ocrx_word' id='word_1_314' title='bbox 972 2683 1229 2752; x_wconf 85' lang='lat' dir='ltr'><strong>appellet,</strong></span> <span class='ocrx_word' id='word_1_315' title='bbox 1303 2700 1490 2739; x_wconf 89' lang='lat' dir='ltr'><strong>eorum</strong></span> <span class='ocrx_word' id='word_1_316' title='bbox 1546 2686 1798 2741; x_wconf 80' lang='lat' dir='ltr'><strong>videlicet</strong></span> 
     </span>
    </p>
   </div>
   <div class='ocr_carea' id='block_1_46' title="bbox 207 2771 1799 2848">
    <p class='ocr_par' dir='ltr' id='par_1_46' title="bbox 207 2771 1799 2848">
     <span class='ocr_line' id='line_1_46' title="bbox 207 2771 1799 2848; baseline 0.009 -28"><span class='ocrx_word' id='word_1_317' title='bbox 207 2800 213 2805; x_wconf 85' lang='lat'><strong>-</strong></span> <span class='ocrx_word' id='word_1_318' title='bbox 239 2783 363 2837; x_wconf 68' lang='lat' dir='ltr'><strong>quae</strong></span> <span class='ocrx_word' id='word_1_319' title='bbox 392 2778 500 2824; x_wconf 91' lang='lat' dir='ltr'><strong>tum</strong></span> <span class='ocrx_word' id='word_1_320' title='bbox 528 2771 752 2837; x_wconf 86' lang='lat' dir='ltr'><strong>creavit,</strong></span> <span class='ocrx_word' id='word_1_321' title='bbox 773 2771 885 2827; x_wconf 72' lang='lat' dir='ltr'><strong>brce</strong></span> <span class='ocrx_word' id='word_1_322' title='bbox 911 2787 1042 2826; x_wconf 90' lang='lat' dir='ltr'><strong>vero</strong></span> <span class='ocrx_word' id='word_1_323' title='bbox 1072 2773 1293 2830; x_wconf 82' lang='lat' dir='ltr'><strong>luerunt</strong></span> <span class='ocrx_word' id='word_1_324' title='bbox 1320 2777 1525 2846; x_wconf 89' lang='lat' dir='ltr'><strong>proprii</strong></span> <span class='ocrx_word' id='word_1_325' title='bbox 1552 2778 1799 2848; x_wconf 86' lang='lat' dir='ltr'><strong>corporis</strong></span> 
     </span>
    </p>
   </div>
   <div class='ocr_carea' id='block_1_47' title="bbox 241 2861 1797 2931">
    <p class='ocr_par' dir='ltr' id='par_1_47' title="bbox 241 2861 1797 2931">
     <span class='ocr_line' id='line_1_47' title="bbox 241 2861 1797 2931; baseline 0.006 -17"><span class='ocrx_word' id='word_1_326' title='bbox 241 2861 605 2927; x_wconf 80' lang='lat' dir='ltr'><strong>consecratio,</strong></span> <span class='ocrx_word' id='word_1_327' title='bbox 631 2863 972 2931; x_wconf 87' lang='lat' dir='ltr'><strong>distributio,</strong></span> <span class='ocrx_word' id='word_1_328' title='bbox 1004 2867 1245 2931; x_wconf 87' lang='lat' dir='ltr'><strong>traditio,</strong></span> <span class='ocrx_word' id='word_1_329' title='bbox 1273 2884 1372 2922; x_wconf 89' lang='lat' dir='ltr'><strong>cur</strong></span> <span class='ocrx_word' id='word_1_330' title='bbox 1405 2883 1514 2924; x_wconf 90' lang='lat' dir='ltr'><strong>non</strong></span> <span class='ocrx_word' id='word_1_331' title='bbox 1543 2869 1705 2926; x_wconf 87' lang='lat' dir='ltr'><strong>etiam</strong></span> <span class='ocrx_word' id='word_1_332' title='bbox 1736 2870 1797 2924; x_wconf 86' lang='lat' dir='ltr'><strong>li-</strong></span> 
     </span>
    </p>
   </div>
   <div class='ocr_carea' id='block_1_48' title="bbox 240 2958 1804 3033">
    <p class='ocr_par' dir='ltr' id='par_1_48' title="bbox 240 2958 1804 3033">
     <span class='ocr_line' id='line_1_48' title="bbox 240 2958 1804 3033; baseline 0.006 -24"><span class='ocrx_word' id='word_1_333' title='bbox 240 2970 428 3021; x_wconf 82' lang='lat' dir='ltr'><strong>guram</strong></span> <span class='ocrx_word' id='word_1_334' title='bbox 444 2958 949 3025; x_wconf 76' lang='lat' dir='ltr'><strong>eonvenieptiasime</strong></span> <span class='ocrx_word' id='word_1_335' title='bbox 981 2970 1135 3032; x_wconf 85' lang='lat' dir='ltr'><strong>vocet</strong></span> <span class='ocrx_word' id='word_1_336' title='bbox 1150 2962 1173 3013; x_wconf 80' lang='lat'><strong>?</strong></span> <span class='ocrx_word' id='word_1_337' title='bbox 1187 2963 1348 3031; x_wconf 78' lang='lat' dir='ltr'><strong>Atqui</strong></span> <span class='ocrx_word' id='word_1_338' title='bbox 1380 2966 1523 3032; x_wconf 91' lang='lat' dir='ltr'><strong>quod</strong></span> <span class='ocrx_word' id='word_1_339' title='bbox 1544 2978 1645 3018; x_wconf 91' lang='lat' dir='ltr'><strong>nec</strong></span> <span class='ocrx_word' id='word_1_340' title='bbox 1669 2978 1804 3033; x_wconf 78' lang='lat' dir='ltr'><strong>pra:-</strong></span> 
     </span>
    </p>
   </div>
   <div class='ocr_carea' id='block_1_49' title="bbox 240 3047 1788 3123">
    <p class='ocr_par' dir='ltr' id='par_1_49' title="bbox 240 3047 1788 3123">
     <span class='ocr_line' id='line_1_49' title="bbox 240 3047 1788 3123; baseline 0.007 -25"><span class='ocrx_word' id='word_1_341' title='bbox 240 3047 508 3117; x_wconf 83' lang='lat' dir='ltr'><strong>llgurativi</strong></span> <span class='ocrx_word' id='word_1_342' title='bbox 538 3050 761 3119; x_wconf 87' lang='lat' dir='ltr'><strong>quidem</strong></span> <span class='ocrx_word' id='word_1_343' title='bbox 813 3052 1139 3106; x_wconf 80' lang='lat' dir='ltr'><strong>vocabulum</strong></span> <span class='ocrx_word' id='word_1_344' title='bbox 1165 3067 1295 3109; x_wconf 90' lang='lat' dir='ltr'><strong>vero</strong></span> <span class='ocrx_word' id='word_1_345' title='bbox 1325 3052 1526 3108; x_wconf 87' lang='lat' dir='ltr'><strong>Christi</strong></span> <span class='ocrx_word' id='word_1_346' title='bbox 1572 3054 1788 3123; x_wconf 90' lang='lat' dir='ltr'><strong>corpori</strong></span> 
     </span>
    </p>
   </div>
   <div class='ocr_carea' id='block_1_50' title="bbox 246 3128 1802 3211">
    <p class='ocr_par' dir='ltr' id='par_1_50' title="bbox 246 3128 1802 3211">
     <span class='ocr_line' id='line_1_50' title="bbox 246 3128 1802 3211; baseline 0.005 -18"><span class='ocrx_word' id='word_1_347' title='bbox 246 3141 610 3211; x_wconf 80' lang='lat' dir='ltr'><strong>sanguinique</strong></span> <span class='ocrx_word' id='word_1_348' title='bbox 640 3128 954 3206; x_wconf 77' lang='lat' dir='ltr'><strong>conveniat,</strong></span> <span class='ocrx_word' id='word_1_349' title='bbox 981 3144 1122 3197; x_wconf 88' lang='lat' dir='ltr'><strong>idem</strong></span> <span class='ocrx_word' id='word_1_350' title='bbox 1181 3144 1548 3200; x_wconf 88' lang='lat' dir='ltr'><strong>Damascenus</strong></span> <span class='ocrx_word' id='word_1_351' title='bbox 1573 3155 1802 3201; x_wconf 83' lang='lat' dir='ltr'><strong>testatur</strong></span> 
     </span>
    </p>
   </div>
   <div class='ocr_carea' id='block_1_51' title="bbox 240 3214 1789 3302">
    <p class='ocr_par' dir='ltr' id='par_1_51' title="bbox 240 3214 1789 3302">
     <span class='ocr_line' id='line_1_51' title="bbox 240 3214 1789 3302; baseline 0.004 -19"><span class='ocrx_word' id='word_1_352' title='bbox 240 3230 293 3283; x_wconf 91' lang='lat' dir='ltr'><strong>in</strong></span> <span class='ocrx_word' id='word_1_353' title='bbox 321 3231 515 3284; x_wconf 89' lang='lat' dir='ltr'><strong>eodem</strong></span> <span class='ocrx_word' id='word_1_354' title='bbox 534 3230 790 3299; x_wconf 85' lang='lat' dir='ltr'><strong>capitulo,</strong></span> <span class='ocrx_word' id='word_1_355' title='bbox 808 3231 880 3284; x_wconf 86' lang='lat' dir='ltr'><strong>ita</strong></span> <span class='ocrx_word' id='word_1_356' title='bbox 905 3231 1091 3287; x_wconf 86' lang='lat' dir='ltr'><strong>dicens</strong></span> <span class='ocrx_word' id='word_1_357' title='bbox 1117 3231 1552 3302; x_wconf 72' lang='lat' dir='ltr'><strong>:Praeiigurattva</strong></span> <span class='ocrx_word' id='word_1_358' title='bbox 1582 3214 1789 3289; x_wconf 81' lang='lat' dir='ltr'><strong>futuro-</strong></span> 
     </span>
    </p>
   </div>
   <div class='ocr_carea' id='block_1_52' title="bbox 241 3321 1789 3389">
    <p class='ocr_par' dir='ltr' id='par_1_52' title="bbox 241 3321 1789 3389">
     <span class='ocr_line' id='line_1_52' title="bbox 241 3321 1789 3389; baseline 0.003 -16"><span class='ocrx_word' id='word_1_359' title='bbox 241 3322 358 3373; x_wconf 80' lang='lat' dir='ltr'><strong>rnm</strong></span> <span class='ocrx_word' id='word_1_360' title='bbox 387 3321 675 3387; x_wconf 85' lang='lat' dir='ltr'><strong>dicuntur;</strong></span> <span class='ocrx_word' id='word_1_361' title='bbox 696 3334 885 3373; x_wconf 89' lang='lat' dir='ltr'><strong>verum</strong></span> <span class='ocrx_word' id='word_1_362' title='bbox 901 3333 1100 3389; x_wconf 90' lang='lat' dir='ltr'><strong>corpus</strong></span> <span class='ocrx_word' id='word_1_363' title='bbox 1122 3329 1175 3373; x_wconf 91' lang='lat' dir='ltr'><strong>et</strong></span> <span class='ocrx_word' id='word_1_364' title='bbox 1193 3322 1409 3389; x_wconf 75' lang='lat' dir='ltr'><strong>sanguis</strong></span> <span class='ocrx_word' id='word_1_365' title='bbox 1431 3321 1654 3386; x_wconf 82' lang='lat' dir='ltr'><strong>Christi,</strong></span> <span class='ocrx_word' id='word_1_366' title='bbox 1678 3340 1789 3385; x_wconf 79' lang='lat' dir='ltr'><strong>non</strong></span> 
     </span>
    </p>
   </div>
   <div class='ocr_carea' id='block_1_53' title="bbox 243 3410 1795 3482">
    <p class='ocr_par' dir='ltr' id='par_1_53' title="bbox 243 3410 1795 3482">
     <span class='ocr_line' id='line_1_53' title="bbox 243 3410 1795 3482; baseline 0.003 -19"><span class='ocrx_word' id='word_1_367' title='bbox 243 3412 370 3479; x_wconf 84' lang='lat' dir='ltr'><strong>quia</strong></span> <span class='ocrx_word' id='word_1_368' title='bbox 398 3426 504 3464; x_wconf 91' lang='lat' dir='ltr'><strong>non</strong></span> <span class='ocrx_word' id='word_1_369' title='bbox 537 3410 677 3464; x_wconf 78' lang='lat' dir='ltr'><strong>ﬁunt</strong></span> <span class='ocrx_word' id='word_1_370' title='bbox 707 3425 895 3464; x_wconf 89' lang='lat' dir='ltr'><strong>verum</strong></span> <span class='ocrx_word' id='word_1_371' title='bbox 924 3424 1125 3480; x_wconf 82' lang='lat' dir='ltr'><strong>corpus</strong></span> <span class='ocrx_word' id='word_1_372' title='bbox 1152 3419 1209 3465; x_wconf 89' lang='lat' dir='ltr'><strong>et</strong></span> <span class='ocrx_word' id='word_1_373' title='bbox 1260 3414 1501 3480; x_wconf 76' lang='lat' dir='ltr'><strong>sanguis,</strong></span> <span class='ocrx_word' id='word_1_374' title='bbox 1538 3414 1632 3466; x_wconf 88' lang='lat' dir='ltr'><strong>sed</strong></span> <span class='ocrx_word' id='word_1_375' title='bbox 1668 3415 1795 3482; x_wconf 83' lang='lat' dir='ltr'><strong>quia</strong></span> 
     </span>
    </p>
   </div>
   <div class='ocr_carea' id='block_1_54' title="bbox 248 3489 1796 3570">
    <p class='ocr_par' dir='ltr' id='par_1_54' title="bbox 248 3489 1796 3570">
     <span class='ocr_line' id='line_1_54' title="bbox 248 3489 1796 3570; baseline 0.003 -18"><span class='ocrx_word' id='word_1_376' title='bbox 248 3515 393 3553; x_wconf 88' lang='lat' dir='ltr'><strong>nunc</strong></span> <span class='ocrx_word' id='word_1_377' title='bbox 412 3501 624 3569; x_wconf 84' lang='lat' dir='ltr'><strong>quidem</strong></span> <span class='ocrx_word' id='word_1_378' title='bbox 654 3492 753 3568; x_wconf 87' lang='lat' dir='ltr'><strong>per</strong></span> <span class='ocrx_word' id='word_1_379' title='bbox 785 3489 847 3553; x_wconf 67' lang='lat' dir='ltr'><strong>ea</strong></span> <span class='ocrx_word' id='word_1_380' title='bbox 880 3501 1173 3570; x_wconf 86' lang='lat' dir='ltr'><strong>participes</strong></span> <span class='ocrx_word' id='word_1_381' title='bbox 1213 3501 1477 3556; x_wconf 82' lang='lat' dir='ltr'><strong>eﬂicimur</strong></span> <span class='ocrx_word' id='word_1_382' title='bbox 1496 3502 1796 3557; x_wconf 83' lang='lat' dir='ltr'><strong>divinitatis</strong></span> 
     </span>
    </p>
   </div>
   <div class='ocr_carea' id='block_1_55' title="bbox 247 3590 1813 3665">
    <p class='ocr_par' dir='ltr' id='par_1_55' title="bbox 247 3590 1813 3665">
     <span class='ocr_line' id='line_1_55' title="bbox 247 3590 1813 3665; baseline 0.002 -20"><span class='ocrx_word' id='word_1_383' title='bbox 247 3590 471 3657; x_wconf 86' lang='lat' dir='ltr'><strong>Christi,</strong></span> <span class='ocrx_word' id='word_1_384' title='bbox 513 3598 642 3645; x_wconf 91' lang='lat' dir='ltr'><strong>tunc</strong></span> <span class='ocrx_word' id='word_1_385' title='bbox 670 3604 800 3665; x_wconf 82' lang='lat' dir='ltr'><strong>vero</strong></span> <span class='ocrx_word' id='word_1_386' title='bbox 823 3606 920 3660; x_wconf 87' lang='lat' dir='ltr'><strong>per</strong></span> <span class='ocrx_word' id='word_1_387' title='bbox 942 3591 1111 3645; x_wconf 87' lang='lat' dir='ltr'><strong>solam</strong></span> <span class='ocrx_word' id='word_1_388' title='bbox 1153 3592 1414 3646; x_wconf 82' lang='lat' dir='ltr'><strong>visionem</strong></span> <span class='ocrx_word' id='word_1_389' title='bbox 1442 3593 1813 3663; x_wconf 15' lang='lat' dir='ltr'><strong>intelligibilk,</strong></span> 
     </span>
    </p>
   </div>
   <div class='ocr_carea' id='block_1_56' title="bbox 247 3679 1795 3750">
    <p class='ocr_par' dir='ltr' id='par_1_56' title="bbox 247 3679 1795 3750">
     <span class='ocr_line' id='line_1_56' title="bbox 247 3679 1795 3750; baseline 0.003 -17"><span class='ocrx_word' id='word_1_390' title='bbox 247 3689 345 3734; x_wconf 88' lang='lat' dir='ltr'><strong>ter.</strong></span> <span class='ocrx_word' id='word_1_391' title='bbox 382 3679 494 3733; x_wconf 81' lang='lat' dir='ltr'><strong>Hoc</strong></span> <span class='ocrx_word' id='word_1_392' title='bbox 517 3679 659 3734; x_wconf 88' lang='lat' dir='ltr'><strong>idem</strong></span> <span class='ocrx_word' id='word_1_393' title='bbox 692 3681 933 3750; x_wconf 87' lang='lat' dir='ltr'><strong>apertius</strong></span> <span class='ocrx_word' id='word_1_394' title='bbox 983 3680 1310 3737; x_wconf 78' lang='lat' dir='ltr'><strong>conﬁrmare</strong></span> <span class='ocrx_word' id='word_1_395' title='bbox 1340 3684 1555 3737; x_wconf 90' lang='lat' dir='ltr'><strong>videtur</strong></span> <span class='ocrx_word' id='word_1_396' title='bbox 1602 3684 1795 3739; x_wconf 85' lang='lat' dir='ltr'><strong>beatus</strong></span> 
     </span>
    </p>
   </div>
   <div class='ocr_carea' id='block_1_57' title="bbox 222 3768 1790 3846">
    <p class='ocr_par' dir='ltr' id='par_1_57' title="bbox 222 3768 1790 3846">
     <span class='ocr_line' id='line_1_57' title="bbox 222 3768 1790 3846; baseline 0.003 -22"><span class='ocrx_word' id='word_1_397' title='bbox 222 3768 552 3843; x_wconf 71' lang='lat' dir='ltr'><strong>Gregorius,</strong></span> <span class='ocrx_word' id='word_1_398' title='bbox 584 3771 706 3828; x_wconf 86' lang='lat' dir='ltr'><strong>ideo</strong></span> <span class='ocrx_word' id='word_1_399' title='bbox 739 3772 992 3841; x_wconf 86' lang='lat' dir='ltr'><strong>inquiens</strong></span> <span class='ocrx_word' id='word_1_400' title='bbox 1050 3773 1166 3829; x_wconf 66' lang='lat' dir='ltr'><strong>haec</strong></span> <span class='ocrx_word' id='word_1_401' title='bbox 1205 3774 1477 3829; x_wconf 87' lang='lat' dir='ltr'><strong>nominari</strong></span> <span class='ocrx_word' id='word_1_402' title='bbox 1540 3775 1790 3846; x_wconf 74' lang='lat' dir='ltr'><strong>ﬁguram,</strong></span> 
     </span>
    </p>
   </div>
   <div class='ocr_carea' id='block_1_58' title="bbox 247 3852 1793 3943">
    <p class='ocr_par' dir='ltr' id='par_1_58' title="bbox 247 3852 1793 3943">
     <span class='ocr_line' id='line_1_58' title="bbox 247 3852 1793 3943; baseline 0.003 -27"><span class='ocrx_word' id='word_1_403' title='bbox 247 3865 371 3933; x_wconf 84' lang='lat' dir='ltr'><strong>quia</strong></span> <span class='ocrx_word' id='word_1_404' title='bbox 403 3878 630 3933; x_wconf 90' lang='lat' dir='ltr'><strong>corpore</strong></span> <span class='ocrx_word' id='word_1_405' title='bbox 662 3872 718 3918; x_wconf 88' lang='lat' dir='ltr'><strong>et</strong></span> <span class='ocrx_word' id='word_1_406' title='bbox 742 3852 1004 3937; x_wconf 81' lang='lat' dir='ltr'><strong>sanguine</strong></span> <span class='ocrx_word' id='word_1_407' title='bbox 1056 3864 1267 3943; x_wconf 80' lang='lat' dir='ltr'><strong>Domini</strong></span> <span class='ocrx_word' id='word_1_408' title='bbox 1320 3879 1467 3919; x_wconf 90' lang='lat' dir='ltr'><strong>nunc</strong></span> <span class='ocrx_word' id='word_1_409' title='bbox 1509 3864 1793 3935; x_wconf 88' lang='lat' dir='ltr'><strong>participa-</strong></span> 
     </span>
    </p>
   </div>
   <div class='ocr_carea' id='block_1_59' title="bbox 244 3956 1791 4027">
    <p class='ocr_par' dir='ltr' id='par_1_59' title="bbox 244 3956 1791 4027">
     <span class='ocr_line' id='line_1_59' title="bbox 244 3956 1791 4027; baseline 0.001 -19"><span class='ocrx_word' id='word_1_410' title='bbox 244 3972 361 4011; x_wconf 87' lang='lat' dir='ltr'><strong>mus</strong></span> <span class='ocrx_word' id='word_1_411' title='bbox 391 3958 444 4010; x_wconf 89' lang='lat' dir='ltr'><strong>in</strong></span> <span class='ocrx_word' id='word_1_412' title='bbox 469 3956 635 4027; x_wconf 81' lang='lat' dir='ltr'><strong>ﬁgura</strong></span> <span class='ocrx_word' id='word_1_413' title='bbox 663 3957 821 4027; x_wconf 87' lang='lat' dir='ltr'><strong>panis</strong></span> <span class='ocrx_word' id='word_1_414' title='bbox 881 3966 937 4011; x_wconf 91' lang='lat' dir='ltr'><strong>et</strong></span> <span class='ocrx_word' id='word_1_415' title='bbox 973 3956 1107 4020; x_wconf 90' lang='lat' dir='ltr'><strong>vini,</strong></span> <span class='ocrx_word' id='word_1_416' title='bbox 1144 3966 1273 4013; x_wconf 90' lang='lat' dir='ltr'><strong>tunc</strong></span> <span class='ocrx_word' id='word_1_417' title='bbox 1331 3971 1460 4012; x_wconf 88' lang='lat' dir='ltr'><strong>vero</strong></span> <span class='ocrx_word' id='word_1_418' title='bbox 1479 3972 1602 4012; x_wconf 89' lang='lat' dir='ltr'><strong>eum</strong></span> <span class='ocrx_word' id='word_1_419' title='bbox 1630 3958 1791 4012; x_wconf 87' lang='lat' dir='ltr'><strong>talem</strong></span> 
     </span>
    </p>
   </div>
   <div class='ocr_carea' id='block_1_60' title="bbox 242 4047 1795 4125">
    <p class='ocr_par' dir='ltr' id='par_1_60' title="bbox 242 4047 1795 4125">
     <span class='ocr_line' id='line_1_60' title="bbox 242 4047 1795 4125; baseline 0.001 -23"><span class='ocrx_word' id='word_1_420' title='bbox 242 4050 421 4118; x_wconf 90' lang='lat' dir='ltr'><strong>qualis</strong></span> <span class='ocrx_word' id='word_1_421' title='bbox 442 4064 572 4104; x_wconf 83' lang='lat' dir='ltr'><strong>vere</strong></span> <span class='ocrx_word' id='word_1_422' title='bbox 610 4057 793 4125; x_wconf 76' lang='lat' dir='ltr'><strong>est,iu</strong></span> <span class='ocrx_word' id='word_1_423' title='bbox 805 4047 1189 4125; x_wconf 74' lang='lat' dir='ltr'><strong>anitestlssima</strong></span> <span class='ocrx_word' id='word_1_424' title='bbox 1221 4048 1430 4105; x_wconf 84' lang='lat' dir='ltr'><strong>visione</strong></span> <span class='ocrx_word' id='word_1_425' title='bbox 1456 4050 1795 4124; x_wconf 84' lang='lat' dir='ltr'><strong>contempla-</strong></span> 
     </span>
    </p>
   </div>
   <div class='ocr_carea' id='block_1_61' title="bbox 241 4122 1843 4212">
    <p class='ocr_par' dir='ltr' id='par_1_61' title="bbox 241 4122 1843 4212">
     <span class='ocr_line' id='line_1_61' title="bbox 241 4122 1843 4212; baseline 0 -17"><span class='ocrx_word' id='word_1_426' title='bbox 241 4141 441 4195; x_wconf 85' lang='lat' dir='ltr'><strong>bimur.</strong></span> <span class='ocrx_word' id='word_1_427' title='bbox 464 4122 828 4207; x_wconf 85' lang='lat' dir='ltr'><strong>Quamobrem</strong></span> <span class='ocrx_word' id='word_1_428' title='bbox 850 4156 957 4196; x_wconf 91' lang='lat' dir='ltr'><strong>non</strong></span> <span class='ocrx_word' id='word_1_429' title='bbox 991 4122 1156 4197; x_wconf 84' lang='lat' dir='ltr'><strong>video</strong></span> <span class='ocrx_word' id='word_1_430' title='bbox 1182 4142 1310 4212; x_wconf 90' lang='lat' dir='ltr'><strong>quid</strong></span> <span class='ocrx_word' id='word_1_431' title='bbox 1341 4142 1557 4196; x_wconf 84' lang='lat' dir='ltr'><strong>tandem</strong></span> <span class='ocrx_word' id='word_1_432' title='bbox 1598 4122 1791 4196; x_wconf 63' lang='grc' dir='ltr'><strong>τοί-ιιιί-</strong></span> <span class='ocrx_word' id='word_1_433' title='bbox 1834 4160 1843 4169; x_wconf 76' lang='lat'><strong>&#39;</strong></span> 
     </span>
    </p>
   </div>
   <div class='ocr_carea' id='block_1_62' title="bbox 1910 1688 3472 1765">
    <p class='ocr_par' dir='ltr' id='par_1_62' title="bbox 1910 1688 3472 1765">
     <span class='ocr_line' id='line_1_62' title="bbox 1910 1688 3472 1765; baseline 0.002 -14"><span class='ocrx_word' id='word_1_434' title='bbox 1910 1706 2034 1751; x_wconf 84' lang='lat' dir='ltr'><strong>ante</strong></span> <span class='ocrx_word' id='word_1_435' title='bbox 2060 1697 2227 1752; x_wconf 87' lang='lat' dir='ltr'><strong>verba</strong></span> <span class='ocrx_word' id='word_1_436' title='bbox 2256 1697 2471 1751; x_wconf 87' lang='lat' dir='ltr'><strong>Domini</strong></span> <span class='ocrx_word' id='word_1_437' title='bbox 2506 1697 2560 1765; x_wconf 89' lang='lat' dir='ltr'><strong>in</strong></span> <span class='ocrx_word' id='word_1_438' title='bbox 2591 1697 2755 1751; x_wconf 86' lang='lat' dir='ltr'><strong>missa</strong></span> <span class='ocrx_word' id='word_1_439' title='bbox 2775 1697 2961 1751; x_wconf 87' lang='lat' dir='ltr'><strong>Basilii</strong></span> <span class='ocrx_word' id='word_1_440' title='bbox 2988 1688 3270 1763; x_wconf 72' lang='lat' dir='ltr'><strong>habuisse,</strong></span> <span class='ocrx_word' id='word_1_441' title='bbox 3309 1699 3472 1754; x_wconf 54' lang='lat' dir='ltr'><strong>idem</strong></span> 
     </span>
    </p>
   </div>
   <div class='ocr_carea' id='block_1_63' title="bbox 1876 1778 3457 1871">
    <p class='ocr_par' dir='ltr' id='par_1_63' title="bbox 1876 1778 3457 1871">
     <span class='ocr_line' id='line_1_63' title="bbox 1876 1778 3457 1871; baseline 0.001 -30"><span class='ocrx_word' id='word_1_442' title='bbox 1876 1846 1879 1851; x_wconf 89' lang='lat'><strong><em>_</em></strong></span> <span class='ocrx_word' id='word_1_443' title='bbox 1911 1803 2018 1858; x_wconf 89' lang='lat' dir='ltr'><strong>que</strong></span> <span class='ocrx_word' id='word_1_444' title='bbox 2066 1804 2134 1844; x_wconf 91' lang='lat' dir='ltr'><strong>eo</strong></span> <span class='ocrx_word' id='word_1_445' title='bbox 2192 1788 2442 1871; x_wconf 39' lang='lat' dir='ltr'><strong>modo.et</strong></span> <span class='ocrx_word' id='word_1_446' title='bbox 2497 1795 2643 1842; x_wconf 89' lang='lat' dir='ltr'><strong>recte</strong></span> <span class='ocrx_word' id='word_1_447' title='bbox 2670 1778 2995 1858; x_wconf 76' lang='lat' dir='ltr'><strong>exposuisse</strong></span> <span class='ocrx_word' id='word_1_448' title='bbox 3033 1789 3457 1845; x_wconf 76' lang='lat' dir='ltr'><strong>Damascenum:</strong></span> 
     </span>
    </p>
   </div>
   <div class='ocr_carea' id='block_1_64' title="bbox 1921 1878 3462 1949">
    <p class='ocr_par' dir='ltr' id='par_1_64' title="bbox 1921 1878 3462 1949">
     <span class='ocr_line' id='line_1_64' title="bbox 1921 1878 3462 1949; baseline 0.001 -16"><span class='ocrx_word' id='word_1_449' title='bbox 1921 1894 2066 1934; x_wconf 90' lang='lat' dir='ltr'><strong>nunc</strong></span> <span class='ocrx_word' id='word_1_450' title='bbox 2098 1894 2226 1934; x_wconf 91' lang='lat' dir='ltr'><strong>vero</strong></span> <span class='ocrx_word' id='word_1_451' title='bbox 2253 1881 2437 1934; x_wconf 90' lang='lat' dir='ltr'><strong>nescio</strong></span> <span class='ocrx_word' id='word_1_452' title='bbox 2461 1880 2733 1949; x_wconf 86' lang='lat' dir='ltr'><strong>quomodo</strong></span> <span class='ocrx_word' id='word_1_453' title='bbox 2770 1893 2832 1934; x_wconf 90' lang='lat' dir='ltr'><strong>ea</strong></span> <span class='ocrx_word' id='word_1_454' title='bbox 2870 1878 3052 1936; x_wconf 85' lang='lat' dir='ltr'><strong>verba.</strong></span> <span class='ocrx_word' id='word_1_455' title='bbox 3078 1878 3242 1933; x_wconf 76' lang='lat' dir='ltr'><strong>fuisse</strong></span> <span class='ocrx_word' id='word_1_456' title='bbox 3287 1888 3462 1935; x_wconf 72' lang='lat' dir='ltr'><strong>trans-</strong></span> 
     </span>
    </p>
   </div>
   <div class='ocr_carea' id='block_1_65' title="bbox 1845 1957 3459 2040">
    <p class='ocr_par' dir='ltr' id='par_1_65' title="bbox 1845 1957 3459 2040">
     <span class='ocr_line' id='line_1_65' title="bbox 1845 1957 3459 2040; baseline 0.001 -18"><span class='ocrx_word' id='word_1_457' title='bbox 1845 1993 1859 1998; x_wconf 90' lang='lat'><em>-</em></span> <span class='ocrx_word' id='word_1_458' title='bbox 1901 1968 2095 2037; x_wconf 87' lang='lat' dir='ltr'><strong>posita.</strong></span> <span class='ocrx_word' id='word_1_459' title='bbox 2160 1957 2339 2024; x_wconf 67' lang='lat' dir='ltr'><strong>Multa</strong></span> <span class='ocrx_word' id='word_1_460' title='bbox 2373 1964 2518 2024; x_wconf 83' lang='lat' dir='ltr'><strong>enim</strong></span> <span class='ocrx_word' id='word_1_461' title='bbox 2554 1969 2680 2029; x_wconf 87' lang='lat' dir='ltr'><strong>huic</strong></span> <span class='ocrx_word' id='word_1_462' title='bbox 2696 1969 2893 2024; x_wconf 89' lang='lat' dir='ltr'><strong>similia</strong></span> <span class='ocrx_word' id='word_1_463' title='bbox 2927 1972 3033 2023; x_wconf 86' lang='lat' dir='ltr'><strong>ta&#39;m</strong></span> <span class='ocrx_word' id='word_1_464' title='bbox 3063 1971 3224 2039; x_wconf 79' lang='lat' dir='ltr'><strong>longo</strong></span> <span class='ocrx_word' id='word_1_465' title='bbox 3248 1979 3459 2040; x_wconf 79' lang='lat' dir='ltr'><strong>tenipo-</strong></span> 
     </span>
    </p>
   </div>
   <div class='ocr_carea' id='block_1_66' title="bbox 1906 2060 3457 2131">
    <p class='ocr_par' dir='ltr' id='par_1_66' title="bbox 1906 2060 3457 2131">
     <span class='ocr_line' id='line_1_66' title="bbox 1906 2060 3457 2131; baseline 0.003 -20"><span class='ocrx_word' id='word_1_466' title='bbox 1906 2074 2027 2112; x_wconf 89' lang='lat' dir='ltr'><strong>rum</strong></span> <span class='ocrx_word' id='word_1_467' title='bbox 2056 2060 2340 2114; x_wconf 82' lang='lat' dir='ltr'><strong>intervallo</strong></span> <span class='ocrx_word' id='word_1_468' title='bbox 2375 2060 2709 2131; x_wconf 83' lang='lat' dir='ltr'><strong>acciderunt.</strong></span> <span class='ocrx_word' id='word_1_469' title='bbox 2732 2060 3009 2130; x_wconf 83' lang='lat' dir='ltr'><strong>Siquidem</strong></span> <span class='ocrx_word' id='word_1_470' title='bbox 3040 2060 3179 2131; x_wconf 89' lang='lat' dir='ltr'><strong>apud</strong></span> <span class='ocrx_word' id='word_1_471' title='bbox 3218 2062 3457 2129; x_wconf 77' lang='lat' dir='ltr'><strong>Aposto-</strong></span> 
     </span>
    </p>
   </div>
   <div class='ocr_carea' id='block_1_67' title="bbox 1901 2148 3456 2220">
    <p class='ocr_par' dir='ltr' id='par_1_67' title="bbox 1901 2148 3456 2220">
     <span class='ocr_line' id='line_1_67' title="bbox 1901 2148 3456 2220; baseline 0.002 -20"><span class='ocrx_word' id='word_1_472' title='bbox 1901 2148 2013 2201; x_wconf 90' lang='lat' dir='ltr'><strong>lum</strong></span> <span class='ocrx_word' id='word_1_473' title='bbox 2072 2149 2159 2204; x_wconf 83' lang='lat' dir='ltr'><strong>bis</strong></span> <span class='ocrx_word' id='word_1_474' title='bbox 2230 2149 2318 2205; x_wconf 87' lang='lat' dir='ltr'><strong>illa</strong></span> <span class='ocrx_word' id='word_1_475' title='bbox 2371 2150 2533 2205; x_wconf 87' lang='lat' dir='ltr'><strong>verba</strong></span> <span class='ocrx_word' id='word_1_476' title='bbox 2598 2151 2769 2220; x_wconf 88' lang='lat' dir='ltr'><strong>posita</strong></span> <span class='ocrx_word' id='word_1_477' title='bbox 2818 2162 2947 2205; x_wconf 90' lang='lat' dir='ltr'><strong>sunt</strong></span> <span class='ocrx_word' id='word_1_478' title='bbox 2990 2150 3149 2206; x_wconf 79' lang='lat' dir='ltr'><strong>:Hoc</strong></span> <span class='ocrx_word' id='word_1_479' title='bbox 3187 2151 3344 2220; x_wconf 73' lang='lat' dir='ltr'><strong>facile</strong></span> <span class='ocrx_word' id='word_1_480' title='bbox 3400 2152 3456 2203; x_wconf 83' lang='lat' dir='ltr'><strong>in</strong></span> 
     </span>
    </p>
   </div>
   <div class='ocr_carea' id='block_1_68' title="bbox 1901 2240 3455 2313">
    <p class='ocr_par' dir='ltr' id='par_1_68' title="bbox 1901 2240 3455 2313">
     <span class='ocr_line' id='line_1_68' title="bbox 1901 2240 3455 2313; baseline 0.005 -25"><span class='ocrx_word' id='word_1_481' title='bbox 1901 2253 2074 2310; x_wconf 69' lang='lat' dir='ltr'><strong>meant</strong></span> <span class='ocrx_word' id='word_1_482' title='bbox 2092 2244 2653 2296; x_wconf 76' lang='lat' dir='ltr'><strong>commemorationem.</strong></span> <span class='ocrx_word' id='word_1_483' title='bbox 2676 2240 2822 2297; x_wconf 83' lang='lat' dir='ltr'><strong>idem</strong></span> <span class='ocrx_word' id='word_1_484' title='bbox 2856 2252 2975 2309; x_wconf 86' lang='lat' dir='ltr'><strong>post</strong></span> <span class='ocrx_word' id='word_1_485' title='bbox 2998 2258 3012 2294; x_wconf 87' lang='lat'><strong>:</strong></span> <span class='ocrx_word' id='word_1_486' title='bbox 3046 2242 3157 2297; x_wconf 81' lang='lat' dir='ltr'><strong>Hoc</strong></span> <span class='ocrx_word' id='word_1_487' title='bbox 3173 2250 3248 2296; x_wconf 79' lang='lat' dir='ltr'><strong>est</strong></span> <span class='ocrx_word' id='word_1_488' title='bbox 3270 2258 3455 2313; x_wconf 72' lang='lat' dir='ltr'><strong>corpus</strong></span> 
     </span>
    </p>
   </div>
   <div class='ocr_carea' id='block_1_69' title="bbox 1899 2317 3481 2407">
    <p class='ocr_par' dir='ltr' id='par_1_69' title="bbox 1899 2317 3481 2407">
     <span class='ocr_line' id='line_1_69' title="bbox 1899 2317 3481 2407; baseline 0.005 -28"><span class='ocrx_word' id='word_1_489' title='bbox 1899 2343 2091 2381; x_wconf 78' lang='lat' dir='ltr'><strong>meum.</strong></span> <span class='ocrx_word' id='word_1_490' title='bbox 2112 2328 2177 2381; x_wconf 86' lang='lat' dir='ltr'><strong>Et</strong></span> <span class='ocrx_word' id='word_1_491' title='bbox 2210 2338 2359 2399; x_wconf 88' lang='lat' dir='ltr'><strong>post,</strong></span> <span class='ocrx_word' id='word_1_492' title='bbox 2392 2330 2489 2384; x_wconf 83' lang='lat' dir='ltr'><strong>llic</strong></span> <span class='ocrx_word' id='word_1_493' title='bbox 2535 2339 2610 2384; x_wconf 76' lang='lat' dir='ltr'><strong>est</strong></span> <span class='ocrx_word' id='word_1_494' title='bbox 2670 2332 2899 2401; x_wconf 74' lang='lat' dir='ltr'><strong>sanguis</strong></span> <span class='ocrx_word' id='word_1_495' title='bbox 2936 2317 3103 2407; x_wconf 61' lang='lat' dir='ltr'><strong>nicas.</strong></span> <span class='ocrx_word' id='word_1_496' title='bbox 3147 2332 3258 2389; x_wconf 78' lang='lat' dir='ltr'><strong>Nos</strong></span> <span class='ocrx_word' id='word_1_497' title='bbox 3328 2346 3481 2399; x_wconf 44' lang='lat' dir='ltr'><strong>vero.</strong></span> 
     </span>
    </p>
   </div>
   <div class='ocr_carea' id='block_1_70' title="bbox 1897 2418 3452 2486">
    <p class='ocr_par' dir='ltr' id='par_1_70' title="bbox 1897 2418 3452 2486">
     <span class='ocr_line' id='line_1_70' title="bbox 1897 2418 3452 2486; baseline 0.005 -15"><span class='ocrx_word' id='word_1_498' title='bbox 1897 2418 2063 2472; x_wconf 85' lang='lat' dir='ltr'><strong>semel</strong></span> <span class='ocrx_word' id='word_1_499' title='bbox 2093 2428 2298 2473; x_wconf 85' lang='lat' dir='ltr'><strong>tantum</strong></span> <span class='ocrx_word' id='word_1_500' title='bbox 2335 2421 2390 2473; x_wconf 92' lang='lat' dir='ltr'><strong>in</strong></span> <span class='ocrx_word' id='word_1_501' title='bbox 2422 2431 2576 2474; x_wconf 81' lang='lat' dir='ltr'><strong>sacra</strong></span> <span class='ocrx_word' id='word_1_502' title='bbox 2607 2420 3019 2475; x_wconf 75' lang='lat' dir='ltr'><strong>consecratione</strong></span> <span class='ocrx_word' id='word_1_503' title='bbox 3051 2422 3154 2484; x_wconf 84' lang='lat' dir='ltr'><strong>hoc</strong></span> <span class='ocrx_word' id='word_1_504' title='bbox 3176 2476 3179 2479; x_wconf 72' lang='grc'>,</span> <span class='ocrx_word' id='word_1_505' title='bbox 3200 2423 3452 2486; x_wconf 80' lang='lat' dir='ltr'><strong>dicimus.</strong></span> 
     </span>
    </p>
   </div>
   <div class='ocr_carea' id='block_1_71' title="bbox 1898 2504 3455 2585">
    <p class='ocr_par' dir='ltr' id='par_1_71' title="bbox 1898 2504 3455 2585">
     <span class='ocr_line' id='line_1_71' title="bbox 1898 2504 3455 2585; baseline 0.005 -27"><span class='ocrx_word' id='word_1_506' title='bbox 1898 2504 2162 2561; x_wconf 71' lang='lat' dir='ltr'><strong>Praeterea</strong></span> <span class='ocrx_word' id='word_1_507' title='bbox 2190 2522 2373 2562; x_wconf 80' lang='lat' dir='ltr'><strong>sacras</strong></span> <span class='ocrx_word' id='word_1_508' title='bbox 2403 2509 2719 2585; x_wconf 83' lang='lat' dir='ltr'><strong>particulas,</strong></span> <span class='ocrx_word' id='word_1_509' title='bbox 2751 2508 2855 2561; x_wconf 87' lang='lat' dir='ltr'><strong>hoc</strong></span> <span class='ocrx_word' id='word_1_510' title='bbox 2892 2516 2975 2562; x_wconf 89' lang='lat' dir='ltr'><strong>est</strong></span> <span class='ocrx_word' id='word_1_511' title='bbox 3003 2524 3153 2563; x_wconf 81' lang='lat' dir='ltr'><strong>sacra</strong></span> <span class='ocrx_word' id='word_1_512' title='bbox 3178 2509 3455 2567; x_wconf 83' lang='lat' dir='ltr'><strong>dormien-</strong></span> 
     </span>
    </p>
   </div>
   <div class='ocr_carea' id='block_1_72' title="bbox 1899 2597 3455 2669">
    <p class='ocr_par' dir='ltr' id='par_1_72' title="bbox 1899 2597 3455 2669">
     <span class='ocr_line' id='line_1_72' title="bbox 1899 2597 3455 2669; baseline 0.001 -18"><span class='ocrx_word' id='word_1_513' title='bbox 1899 2597 2033 2651; x_wconf 88' lang='lat' dir='ltr'><strong>tium</strong></span> <span class='ocrx_word' id='word_1_514' title='bbox 2060 2597 2394 2662; x_wconf 87' lang='lat' dir='ltr'><strong>memoriam,</strong></span> <span class='ocrx_word' id='word_1_515' title='bbox 2428 2597 2597 2651; x_wconf 89' lang='lat' dir='ltr'><strong>multo</strong></span> <span class='ocrx_word' id='word_1_516' title='bbox 2637 2605 2761 2651; x_wconf 87' lang='lat' dir='ltr'><strong>ante</strong></span> <span class='ocrx_word' id='word_1_517' title='bbox 2802 2598 3015 2651; x_wconf 88' lang='lat' dir='ltr'><strong>Domini</strong></span> <span class='ocrx_word' id='word_1_518' title='bbox 3074 2599 3257 2654; x_wconf 79' lang='lat' dir='ltr'><strong>verba</strong></span> <span class='ocrx_word' id='word_1_519' title='bbox 3287 2601 3455 2669; x_wconf 77' lang='lat' dir='ltr'><strong>.justa</strong></span> 
     </span>
    </p>
   </div>
   <div class='ocr_carea' id='block_1_73' title="bbox 1898 2687 3473 2760">
    <p class='ocr_par' dir='ltr' id='par_1_73' title="bbox 1898 2687 3473 2760">
     <span class='ocr_line' id='line_1_73' title="bbox 1898 2687 3473 2760; baseline 0.001 -16"><span class='ocrx_word' id='word_1_520' title='bbox 1898 2688 2151 2744; x_wconf 89' lang='lat' dir='ltr'><strong>eumdem</strong></span> <span class='ocrx_word' id='word_1_521' title='bbox 2180 2688 2490 2760; x_wconf 86' lang='lat' dir='ltr'><strong>Dionysium</strong></span> <span class='ocrx_word' id='word_1_522' title='bbox 2524 2687 2702 2743; x_wconf 80' lang='lat' dir='ltr'><strong>facere</strong></span> <span class='ocrx_word' id='word_1_523' title='bbox 2726 2688 3011 2754; x_wconf 88' lang='lat' dir='ltr'><strong>solebant;</strong></span> <span class='ocrx_word' id='word_1_524' title='bbox 3046 2704 3147 2744; x_wconf 85' lang='lat' dir='ltr'><strong>nos</strong></span> <span class='ocrx_word' id='word_1_525' title='bbox 3196 2706 3325 2744; x_wconf 89' lang='lat' dir='ltr'><strong>vero</strong></span> <span class='ocrx_word' id='word_1_526' title='bbox 3350 2691 3473 2746; x_wconf 79' lang='lat' dir='ltr'><strong>hoc</strong></span> 
     </span>
    </p>
   </div>
   <div class='ocr_carea' id='block_1_74' title="bbox 1903 2780 3477 2851">
    <p class='ocr_par' dir='ltr' id='par_1_74' title="bbox 1903 2780 3477 2851">
     <span class='ocr_line' id='line_1_74' title="bbox 1903 2780 3477 2851; baseline 0 -16"><span class='ocrx_word' id='word_1_527' title='bbox 1903 2781 2073 2835; x_wconf 79' lang='lat' dir='ltr'><strong>multo</strong></span> <span class='ocrx_word' id='word_1_528' title='bbox 2098 2789 2239 2851; x_wconf 85' lang='lat' dir='ltr'><strong>post,</strong></span> <span class='ocrx_word' id='word_1_529' title='bbox 2299 2782 2503 2835; x_wconf 88' lang='lat' dir='ltr'><strong>mut’ato</strong></span> <span class='ocrx_word' id='word_1_530' title='bbox 2525 2782 2709 2835; x_wconf 90' lang='lat' dir='ltr'><strong>nescio</strong></span> <span class='ocrx_word' id='word_1_531' title='bbox 2741 2780 3014 2849; x_wconf 88' lang='lat' dir='ltr'><strong>quomodo</strong></span> <span class='ocrx_word' id='word_1_532' title='bbox 3037 2780 3247 2845; x_wconf 87' lang='lat' dir='ltr'><strong>ordine,</strong></span> <span class='ocrx_word' id='word_1_533' title='bbox 3276 2782 3477 2837; x_wconf 26' lang='lat' dir='ltr'><strong>facere.</strong></span> 
     </span>
    </p>
   </div>
   <div class='ocr_carea' id='block_1_75' title="bbox 1906 2859 3452 2942">
    <p class='ocr_par' dir='ltr' id='par_1_75' title="bbox 1906 2859 3452 2942">
     <span class='ocr_line' id='line_1_75' title="bbox 1906 2859 3452 2942; baseline -0.001 -16"><span class='ocrx_word' id='word_1_534' title='bbox 1906 2872 2309 2927; x_wconf 65' lang='lat' dir='ltr'><strong>consuevimus.</strong></span> <span class='ocrx_word' id='word_1_535' title='bbox 2368 2870 2583 2927; x_wconf 77' lang='lat' dir='ltr'><strong>Minime</strong></span> <span class='ocrx_word' id='word_1_536' title='bbox 2622 2870 2787 2942; x_wconf 83' lang='lat' dir='ltr'><strong>igitur</strong></span> <span class='ocrx_word' id='word_1_537' title='bbox 2839 2871 3147 2928; x_wconf 89' lang='lat' dir='ltr'><strong>mirandum</strong></span> <span class='ocrx_word' id='word_1_538' title='bbox 3200 2859 3370 2936; x_wconf 69' lang='lat' dir='ltr'><strong>esset,</strong></span> <span class='ocrx_word' id='word_1_539' title='bbox 3407 2875 3452 2928; x_wconf 82' lang='lat' dir='ltr'><strong>si</strong></span> 
     </span>
    </p>
   </div>
   <div class='ocr_carea' id='block_1_76' title="bbox 1908 2961 3452 3035">
    <p class='ocr_par' dir='ltr' id='par_1_76' title="bbox 1908 2961 3452 3035">
     <span class='ocr_line' id='line_1_76' title="bbox 1908 2961 3452 3035; baseline -0.001 -18"><span class='ocrx_word' id='word_1_540' title='bbox 1908 2963 2017 3017; x_wconf 85' lang='lat' dir='ltr'><strong>hoc</strong></span> <span class='ocrx_word' id='word_1_541' title='bbox 2038 2963 2789 3035; x_wconf 68' lang='lat' dir='ltr'><strong>pmﬂgurativivocabulum,</strong></span> <span class='ocrx_word' id='word_1_542' title='bbox 2829 2961 3141 3018; x_wconf 75' lang='lat' dir='ltr'><strong>[tatiiasceni</strong></span> <span class='ocrx_word' id='word_1_543' title='bbox 3213 2972 3452 3033; x_wconf 89' lang='lat' dir='ltr'><strong>tempore</strong></span> 
     </span>
    </p>
   </div>
   <div class='ocr_carea' id='block_1_77' title="bbox 1902 3036 3455 3119">
    <p class='ocr_par' dir='ltr' id='par_1_77' title="bbox 1902 3036 3455 3119">
     <span class='ocr_line' id='line_1_77' title="bbox 1902 3036 3455 3119; baseline 0 -11"><span class='ocrx_word' id='word_1_544' title='bbox 1902 3064 2026 3108; x_wconf 88' lang='lat' dir='ltr'><strong>ante</strong></span> <span class='ocrx_word' id='word_1_545' title='bbox 2058 3036 2332 3108; x_wconf 84' lang='lat' dir='ltr'><strong>Dominica</strong></span> <span class='ocrx_word' id='word_1_546' title='bbox 2369 3053 2530 3109; x_wconf 67' lang='lat' dir='ltr'><strong>verba</strong></span> <span class='ocrx_word' id='word_1_547' title='bbox 2555 3055 2809 3119; x_wconf 86' lang='lat' dir='ltr'><strong>locatum,</strong></span> <span class='ocrx_word' id='word_1_548' title='bbox 2844 3053 3044 3109; x_wconf 83' lang='lat' dir='ltr'><strong>dehinc</strong></span> <span class='ocrx_word' id='word_1_549' title='bbox 3066 3070 3096 3108; x_wconf 83' lang='lat' dir='ltr'><strong>a</strong></span> <span class='ocrx_word' id='word_1_550' title='bbox 3136 3054 3455 3109; x_wconf 82' lang='lat' dir='ltr'><strong>recentiori-</strong></span> 
     </span>
    </p>
   </div>
   <div class='ocr_carea' id='block_1_78' title="bbox 1902 3132 3449 3219">
    <p class='ocr_par' dir='ltr' id='par_1_78' title="bbox 1902 3132 3449 3219">
     <span class='ocr_line' id='line_1_78' title="bbox 1902 3132 3449 3219; baseline 0 -20"><span class='ocrx_word' id='word_1_551' title='bbox 1902 3144 2003 3199; x_wconf 88' lang='lat' dir='ltr'><strong>bus</strong></span> <span class='ocrx_word' id='word_1_552' title='bbox 2031 3132 2098 3200; x_wconf 89' lang='lat' dir='ltr'><strong>eo</strong></span> <span class='ocrx_word' id='word_1_553' title='bbox 2124 3160 2231 3215; x_wconf 89' lang='lat' dir='ltr'><strong>quo</strong></span> <span class='ocrx_word' id='word_1_554' title='bbox 2250 3160 2399 3201; x_wconf 88' lang='lat' dir='ltr'><strong>nunc</strong></span> <span class='ocrx_word' id='word_1_555' title='bbox 2426 3146 2619 3214; x_wconf 82' lang='lat' dir='ltr'><strong>legitur</strong></span> <span class='ocrx_word' id='word_1_556' title='bbox 2649 3146 2769 3207; x_wconf 87' lang='lat' dir='ltr'><strong>loco</strong></span> <span class='ocrx_word' id='word_1_557' title='bbox 2808 3156 3077 3200; x_wconf 87' lang='lat' dir='ltr'><strong>mutatum</strong></span> <span class='ocrx_word' id='word_1_558' title='bbox 3102 3161 3167 3200; x_wconf 90' lang='lat' dir='ltr'><strong>ac</strong></span> <span class='ocrx_word' id='word_1_559' title='bbox 3216 3146 3449 3219; x_wconf 84' lang='lat' dir='ltr'><strong>positum</strong></span> 
     </span>
    </p>
   </div>
   <div class='ocr_carea' id='block_1_79' title="bbox 1901 3235 3449 3306">
    <p class='ocr_par' dir='ltr' id='par_1_79' title="bbox 1901 3235 3449 3306">
     <span class='ocr_line' id='line_1_79' title="bbox 1901 3235 3449 3306; baseline 0.001 -17"><span class='ocrx_word' id='word_1_560' title='bbox 1901 3236 2116 3291; x_wconf 82' lang='lat' dir='ltr'><strong>luisset.</strong></span> <span class='ocrx_word' id='word_1_561' title='bbox 2149 3235 2244 3291; x_wconf 83' lang='lat' dir='ltr'><strong>His</strong></span> <span class='ocrx_word' id='word_1_562' title='bbox 2271 3237 2343 3291; x_wconf 89' lang='lat' dir='ltr'><strong>ita</strong></span> <span class='ocrx_word' id='word_1_563' title='bbox 2363 3237 2646 3306; x_wconf 80' lang='lat' dir='ltr'><strong>expositis,</strong></span> <span class='ocrx_word' id='word_1_564' title='bbox 2675 3245 2925 3306; x_wconf 88' lang='lat' dir='ltr'><strong>superest</strong></span> <span class='ocrx_word' id='word_1_565' title='bbox 2971 3245 3031 3291; x_wconf 92' lang='lat' dir='ltr'><strong>ut</strong></span> <span class='ocrx_word' id='word_1_566' title='bbox 3051 3238 3123 3291; x_wconf 91' lang='lat' dir='ltr'><strong>ad</strong></span> <span class='ocrx_word' id='word_1_567' title='bbox 3146 3253 3205 3291; x_wconf 90' lang='lat' dir='ltr'><strong>ea</strong></span> <span class='ocrx_word' id='word_1_568' title='bbox 3235 3238 3449 3294; x_wconf 88' lang='lat' dir='ltr'><strong>tandem</strong></span> 
     </span>
    </p>
   </div>
   <div class='ocr_carea' id='block_1_80' title="bbox 1898 3320 3446 3399">
    <p class='ocr_par' dir='ltr' id='par_1_80' title="bbox 1898 3320 3446 3399">
     <span class='ocr_line' id='line_1_80' title="bbox 1898 3320 3446 3399; baseline 0.001 -22"><span class='ocrx_word' id='word_1_569' title='bbox 1898 3340 2020 3394; x_wconf 76' lang='lat' dir='ltr'><strong>qua:</strong></span> <span class='ocrx_word' id='word_1_570' title='bbox 2040 3326 2108 3379; x_wconf 89' lang='lat' dir='ltr'><strong>de</strong></span> <span class='ocrx_word' id='word_1_571' title='bbox 2140 3320 2327 3381; x_wconf 89' lang='lat' dir='ltr'><strong>sancto</strong></span> <span class='ocrx_word' id='word_1_572' title='bbox 2343 3326 2597 3397; x_wconf 85' lang='lat' dir='ltr'><strong>Dionysio</strong></span> <span class='ocrx_word' id='word_1_573' title='bbox 2630 3326 2697 3381; x_wconf 88' lang='lat' dir='ltr'><strong>ab</strong></span> <span class='ocrx_word' id='word_1_574' title='bbox 2718 3327 3045 3386; x_wconf 83' lang='lat' dir='ltr'><strong>adversariis</strong></span> <span class='ocrx_word' id='word_1_575' title='bbox 3064 3327 3227 3399; x_wconf 69' lang='lat' dir='ltr'><strong>obiici</strong></span> <span class='ocrx_word' id='word_1_576' title='bbox 3251 3328 3446 3387; x_wconf 89' lang='lat' dir='ltr'><strong>solent,</strong></span> 
     </span>
    </p>
   </div>
   <div class='ocr_carea' id='block_1_81' title="bbox 1910 3399 3451 3485">
    <p class='ocr_par' dir='ltr' id='par_1_81' title="bbox 1910 3399 3451 3485">
     <span class='ocr_line' id='line_1_81' title="bbox 1910 3399 3451 3485; baseline 0.003 -20"><span class='ocrx_word' id='word_1_577' title='bbox 1910 3404 2357 3481; x_wconf 79' lang='lat' dir='ltr'><strong>respondeamus.</strong></span> <span class='ocrx_word' id='word_1_578' title='bbox 2383 3399 2558 3481; x_wconf 76' lang='lat' dir='ltr'><strong>Verba</strong></span> <span class='ocrx_word' id='word_1_579' title='bbox 2588 3416 2708 3485; x_wconf 86' lang='lat' dir='ltr'><strong>ejus</strong></span> <span class='ocrx_word' id='word_1_580' title='bbox 2736 3417 2849 3470; x_wconf 69' lang='lat' dir='ltr'><strong>bac</strong></span> <span class='ocrx_word' id='word_1_581' title='bbox 2879 3424 3047 3481; x_wconf 22' lang='lat' dir='ltr'><strong>sunt“:</strong></span> <span class='ocrx_word' id='word_1_582' title='bbox 3076 3415 3206 3469; x_wconf 89' lang='lat' dir='ltr'><strong>inde</strong></span> <span class='ocrx_word' id='word_1_583' title='bbox 3232 3416 3451 3485; x_wconf 84' lang='lat' dir='ltr'><strong>divinus</strong></span> 
     </span>
    </p>
   </div>
   <div class='ocr_carea' id='block_1_82' title="bbox 1899 3490 3448 3573">
    <p class='ocr_par' dir='ltr' id='par_1_82' title="bbox 1899 3490 3448 3573">
     <span class='ocr_line' id='line_1_82' title="bbox 1899 3490 3448 3573; baseline 0.001 -17"><span class='ocrx_word' id='word_1_584' title='bbox 1899 3499 2200 3558; x_wconf 83' lang='lat' dir='ltr'><strong>bierarcha</strong></span> <span class='ocrx_word' id='word_1_585' title='bbox 2219 3504 2482 3559; x_wconf 86' lang='lat' dir='ltr'><strong>accedens</strong></span> <span class='ocrx_word' id='word_1_586' title='bbox 2534 3490 2600 3558; x_wconf 89' lang='lat' dir='ltr'><strong>ad</strong></span> <span class='ocrx_word' id='word_1_587' title='bbox 2625 3518 2839 3558; x_wconf 89' lang='lat' dir='ltr'><strong>sacrum</strong></span> <span class='ocrx_word' id='word_1_588' title='bbox 2866 3503 3066 3569; x_wconf 84' lang='lat' dir='ltr'><strong>altare,</strong></span> <span class='ocrx_word' id='word_1_589' title='bbox 3099 3504 3285 3557; x_wconf 89' lang='lat' dir='ltr'><strong>laudat</strong></span> <span class='ocrx_word' id='word_1_590' title='bbox 3312 3519 3448 3573; x_wconf 64' lang='lat' dir='ltr'><strong>prae-</strong></span> 
     </span>
    </p>
   </div>
   <div class='ocr_carea' id='block_1_83' title="bbox 1897 3588 3439 3668">
    <p class='ocr_par' dir='ltr' id='par_1_83' title="bbox 1897 3588 3439 3668">
     <span class='ocr_line' id='line_1_83' title="bbox 1897 3588 3439 3668; baseline 0 -25"><span class='ocrx_word' id='word_1_591' title='bbox 1897 3589 2070 3643; x_wconf 88' lang='lat' dir='ltr'><strong>dictas</strong></span> <span class='ocrx_word' id='word_1_592' title='bbox 2108 3604 2289 3645; x_wconf 87' lang='lat' dir='ltr'><strong>sacras</strong></span> <span class='ocrx_word' id='word_1_593' title='bbox 2318 3590 2667 3659; x_wconf 89' lang='lat' dir='ltr'><strong>operationes</strong></span> <span class='ocrx_word' id='word_1_594' title='bbox 2704 3590 2821 3658; x_wconf 86' lang='lat' dir='ltr'><strong>Dei,</strong></span> <span class='ocrx_word' id='word_1_595' title='bbox 2863 3589 3036 3659; x_wconf 81' lang='lat' dir='ltr'><strong>ipsius</strong></span> <span class='ocrx_word' id='word_1_596' title='bbox 3066 3588 3210 3655; x_wconf 79' lang='lat' dir='ltr'><strong>_Jesu</strong></span> <span class='ocrx_word' id='word_1_597' title='bbox 3240 3592 3439 3668; x_wconf 71' lang='lat' dir='ltr'><strong>provi-</strong></span> 
     </span>
    </p>
   </div>
   <div class='ocr_carea' id='block_1_84' title="bbox 1895 3679 3469 3751">
    <p class='ocr_par' dir='ltr' id='par_1_84' title="bbox 1895 3679 3469 3751">
     <span class='ocr_line' id='line_1_84' title="bbox 1895 3679 3469 3751; baseline 0.001 -18"><span class='ocrx_word' id='word_1_598' title='bbox 1895 3679 2115 3745; x_wconf 68' lang='lat' dir='ltr'><strong>demite,</strong></span> <span class='ocrx_word' id='word_1_599' title='bbox 2149 3694 2284 3749; x_wconf 88' lang='lat' dir='ltr'><strong>quas</strong></span> <span class='ocrx_word' id='word_1_600' title='bbox 2313 3694 2413 3751; x_wconf 90' lang='lat' dir='ltr'><strong>pro</strong></span> <span class='ocrx_word' id='word_1_601' title='bbox 2441 3681 2612 3734; x_wconf 85' lang='lat' dir='ltr'><strong>salute</strong></span> <span class='ocrx_word' id='word_1_602' title='bbox 2649 3680 2863 3749; x_wconf 85' lang='lat' dir='ltr'><strong>generis</strong></span> <span class='ocrx_word' id='word_1_603' title='bbox 2892 3680 3084 3744; x_wconf 89' lang='lat' dir='ltr'><strong>nostri,</strong></span> <span class='ocrx_word' id='word_1_604' title='bbox 3111 3680 3469 3749; x_wconf 29' lang='lat' dir='ltr'><strong>beneplacito.</strong></span> 
     </span>
    </p>
   </div>
   <div class='ocr_carea' id='block_1_85' title="bbox 1892 3760 3449 3840">
    <p class='ocr_par' dir='ltr' id='par_1_85' title="bbox 1892 3760 3449 3840">
     <span class='ocr_line' id='line_1_85' title="bbox 1892 3760 3449 3840; baseline -0.003 -15"><span class='ocrx_word' id='word_1_605' title='bbox 1892 3760 2217 3826; x_wconf 83' lang='lat' dir='ltr'><strong>sanctissimi</strong></span> <span class='ocrx_word' id='word_1_606' title='bbox 2236 3771 2430 3837; x_wconf 84' lang='lat' dir='ltr'><strong>Patris,</strong></span> <span class='ocrx_word' id='word_1_607' title='bbox 2450 3770 2504 3825; x_wconf 93' lang='lat' dir='ltr'><strong>iu</strong></span> <span class='ocrx_word' id='word_1_608' title='bbox 2519 3760 2723 3840; x_wconf 86' lang='lat' dir='ltr'><strong>Spiritu</strong></span> <span class='ocrx_word' id='word_1_609' title='bbox 2745 3778 2953 3835; x_wconf 85' lang='lat' dir='ltr'><strong>sancto,</strong></span> <span class='ocrx_word' id='word_1_610' title='bbox 2974 3767 3270 3824; x_wconf 89' lang='lat' dir='ltr'><strong>secundum</strong></span> <span class='ocrx_word' id='word_1_611' title='bbox 3284 3784 3449 3823; x_wconf 85' lang='lat' dir='ltr'><strong>evan-</strong></span> 
     </span>
    </p>
   </div>
   <div class='ocr_carea' id='block_1_86' title="bbox 1892 3846 3446 3933">
    <p class='ocr_par' dir='ltr' id='par_1_86' title="bbox 1892 3846 3446 3933">
     <span class='ocr_line' id='line_1_86' title="bbox 1892 3846 3446 3933; baseline -0.005 -16"><span class='ocrx_word' id='word_1_612' title='bbox 1892 3846 2061 3933; x_wconf 78' lang='lat' dir='ltr'><strong>gelica</strong></span> <span class='ocrx_word' id='word_1_613' title='bbox 2090 3862 2254 3917; x_wconf 85' lang='lat' dir='ltr'><strong>verba</strong></span> <span class='ocrx_word' id='word_1_614' title='bbox 2276 3870 2531 3933; x_wconf 83' lang='lat' dir='ltr'><strong>operatus</strong></span> <span class='ocrx_word' id='word_1_615' title='bbox 2543 3870 2643 3916; x_wconf 93' lang='lat' dir='ltr'><strong>est.</strong></span> <span class='ocrx_word' id='word_1_616' title='bbox 2672 3860 2966 3930; x_wconf 87' lang='lat' dir='ltr'><strong>Postquam</strong></span> <span class='ocrx_word' id='word_1_617' title='bbox 2985 3858 3446 3922; x_wconf 88' lang='lat' dir='ltr'><strong>autemlaudavit,</strong></span> 
     </span>
    </p>
   </div>
   <div class='ocr_carea' id='block_1_87' title="bbox 1892 3949 3503 4021">
    <p class='ocr_par' dir='ltr' id='par_1_87' title="bbox 1892 3949 3503 4021">
     <span class='ocr_line' id='line_1_87' title="bbox 1892 3949 3503 4021; baseline -0.006 -12"><span class='ocrx_word' id='word_1_618' title='bbox 1892 3962 1947 4009; x_wconf 89' lang='lat' dir='ltr'><strong>et</strong></span> <span class='ocrx_word' id='word_1_619' title='bbox 1981 3952 2341 4009; x_wconf 85' lang='lat' dir='ltr'><strong>venerandam</strong></span> <span class='ocrx_word' id='word_1_620' title='bbox 2399 3952 2927 4021; x_wconf 83' lang='lat' dir='ltr'><strong>intellectualemque</strong></span> <span class='ocrx_word' id='word_1_621' title='bbox 2988 3964 3115 4020; x_wconf 89' lang='lat' dir='ltr'><strong>spec</strong></span> <span class='ocrx_word' id='word_1_622' title='bbox 3139 3949 3441 4003; x_wconf 83' lang='lat' dir='ltr'><strong>ulatiouem</strong></span> <span class='ocrx_word' id='word_1_623' title='bbox 3474 3963 3503 4007; x_wconf 60' lang='lat' dir='ltr'><strong><em>ﬁ</em></strong></span> 
     </span>
    </p>
   </div>
   <div class='ocr_carea' id='block_1_88' title="bbox 1892 4040 3448 4119">
    <p class='ocr_par' dir='ltr' id='par_1_88' title="bbox 1892 4040 3448 4119">
     <span class='ocr_line' id='line_1_88' title="bbox 1892 4040 3448 4119; baseline -0.005 -18"><span class='ocrx_word' id='word_1_624' title='bbox 1892 4056 2082 4102; x_wconf 82' lang='lat' dir='ltr'><strong>eorum</strong></span> <span class='ocrx_word' id='word_1_625' title='bbox 2112 4044 2570 4119; x_wconf 82' lang='lat' dir='ltr'><strong>intellectualibus</strong></span> <span class='ocrx_word' id='word_1_626' title='bbox 2595 4044 2770 4099; x_wconf 73' lang='lat' dir='ltr'><strong>ocurts</strong></span> <span class='ocrx_word' id='word_1_627' title='bbox 2813 4044 3105 4113; x_wconf 82' lang='lat' dir='ltr'><strong>perspexit,</strong></span> <span class='ocrx_word' id='word_1_628' title='bbox 3130 4040 3195 4095; x_wconf 89' lang='lat' dir='ltr'><strong>ad</strong></span> <span class='ocrx_word' id='word_1_629' title='bbox 3232 4040 3448 4111; x_wconf 87' lang='lat' dir='ltr'><strong>symbo-</strong></span> 
     </span>
    </p>
   </div>
   <div class='ocr_carea' id='block_1_89' title="bbox 1892 4135 3447 4211">
    <p class='ocr_par' dir='ltr' id='par_1_89' title="bbox 1892 4135 3447 4211">
     <span class='ocr_line' id='line_1_89' title="bbox 1892 4135 3447 4211; baseline -0.005 -20"><span class='ocrx_word' id='word_1_630' title='bbox 1892 4136 2055 4194; x_wconf 88' lang='lat' dir='ltr'><strong>licam</strong></span> <span class='ocrx_word' id='word_1_631' title='bbox 2084 4152 2276 4193; x_wconf 89' lang='lat' dir='ltr'><strong>eorum</strong></span> <span class='ocrx_word' id='word_1_632' title='bbox 2302 4137 2767 4193; x_wconf 87' lang='lat' dir='ltr'><strong>consecrationem</strong></span> <span class='ocrx_word' id='word_1_633' title='bbox 2822 4135 2991 4211; x_wconf 83' lang='lat' dir='ltr'><strong>venit,</strong></span> <span class='ocrx_word' id='word_1_634' title='bbox 3017 4142 3070 4189; x_wconf 94' lang='lat' dir='ltr'><strong>et</strong></span> <span class='ocrx_word' id='word_1_635' title='bbox 3102 4136 3205 4188; x_wconf 87' lang='lat' dir='ltr'><strong>hoc</strong></span> <span class='ocrx_word' id='word_1_636' title='bbox 3250 4147 3447 4187; x_wconf 88' lang='lat' dir='ltr'><strong>secun-</strong></span> 
     </span>
    </p>
   </div>
   <div class='ocr_carea' id='block_1_90' title="bbox 246 4223 3445 4305">
    <p class='ocr_par' dir='ltr' id='par_1_90' title="bbox 246 4223 3445 4305">
     <span class='ocr_line' id='line_1_90' title="bbox 246 4223 3445 4305; baseline -0.003 -20"><span class='ocrx_word' id='word_1_637' title='bbox 246 4234 385 4289; x_wconf 80' lang='lat' dir='ltr'><strong>dans</strong></span> <span class='ocrx_word' id='word_1_638' title='bbox 408 4226 788 4299; x_wconf 86' lang='lat' dir='ltr'><strong>Damascenus,</strong></span> <span class='ocrx_word' id='word_1_639' title='bbox 820 4233 1199 4305; x_wconf 69' lang='lat' dir='ltr'><strong>praeﬂgurativi</strong></span> <span class='ocrx_word' id='word_1_640' title='bbox 1236 4232 1559 4288; x_wconf 88' lang='lat' dir='ltr'><strong>vocabulum</strong></span> <span class='ocrx_word' id='word_1_641' title='bbox 1600 4247 1795 4287; x_wconf 86' lang='lat' dir='ltr'><strong>renue-</strong></span> <span class='ocrx_word' id='word_1_642' title='bbox 1827 4233 1871 4287; x_wconf 88' lang='lat' dir='ltr'><strong>D</strong></span> <span class='ocrx_word' id='word_1_643' title='bbox 1900 4228 2030 4282; x_wconf 88' lang='lat' dir='ltr'><strong>dum</strong></span> <span class='ocrx_word' id='word_1_644' title='bbox 2086 4227 2436 4283; x_wconf 82' lang='lat' dir='ltr'><strong>traditionem</strong></span> <span class='ocrx_word' id='word_1_645' title='bbox 2487 4227 2747 4281; x_wconf 85' lang='lat' dir='ltr'><strong>divinam.</strong></span> <span class='ocrx_word' id='word_1_646' title='bbox 2785 4224 2935 4280; x_wconf 86' lang='lat' dir='ltr'><strong>Unde</strong></span> <span class='ocrx_word' id='word_1_647' title='bbox 2961 4225 3153 4279; x_wconf 87' lang='lat' dir='ltr'><strong>devote</strong></span> <span class='ocrx_word' id='word_1_648' title='bbox 3205 4223 3363 4278; x_wconf 89' lang='lat' dir='ltr'><strong>simul</strong></span> <span class='ocrx_word' id='word_1_649' title='bbox 3389 4235 3445 4277; x_wconf 88' lang='lat' dir='ltr'><strong>et</strong></span> 
     </span>
    </p>
   </div>
   <div class='ocr_carea' id='block_1_91' title="bbox 248 4322 1788 4393">
    <p class='ocr_par' dir='ltr' id='par_1_91' title="bbox 248 4322 1788 4393">
     <span class='ocr_line' id='line_1_91' title="bbox 248 4322 1788 4393; baseline 0.001 -17"><span class='ocrx_word' id='word_1_650' title='bbox 248 4325 338 4387; x_wconf 91' lang='lat' dir='ltr'><strong>rit,</strong></span> <span class='ocrx_word' id='word_1_651' title='bbox 368 4324 601 4393; x_wconf 88' lang='lat' dir='ltr'><strong>ideoque</strong></span> <span class='ocrx_word' id='word_1_652' title='bbox 634 4324 706 4377; x_wconf 91' lang='lat' dir='ltr'><strong>ita</strong></span> <span class='ocrx_word' id='word_1_653' title='bbox 738 4338 1009 4393; x_wconf 76' lang='lat' dir='ltr'><strong>exponere</strong></span> <span class='ocrx_word' id='word_1_654' title='bbox 1068 4324 1138 4379; x_wconf 89' lang='lat' dir='ltr'><strong>sit</strong></span> <span class='ocrx_word' id='word_1_655' title='bbox 1163 4335 1407 4389; x_wconf 86' lang='lat' dir='ltr'><strong>conatus,</strong></span> <span class='ocrx_word' id='word_1_656' title='bbox 1438 4338 1562 4378; x_wconf 88' lang='lat' dir='ltr'><strong>cum</strong></span> <span class='ocrx_word' id='word_1_657' title='bbox 1609 4322 1788 4393; x_wconf 57' lang='lat' dir='ltr'><strong>possi-</strong></span> 
     </span>
    </p>
   </div>
   <div class='ocr_carea' id='block_1_92' title="bbox 250 4412 1790 4483">
    <p class='ocr_par' dir='ltr' id='par_1_92' title="bbox 250 4412 1790 4483">
     <span class='ocr_line' id='line_1_92' title="bbox 250 4412 1790 4483; baseline 0.002 -17"><span class='ocrx_word' id='word_1_658' title='bbox 250 4415 353 4469; x_wconf 87' lang='lat' dir='ltr'><strong>bile</strong></span> <span class='ocrx_word' id='word_1_659' title='bbox 401 4415 487 4474; x_wconf 87' lang='lat' dir='ltr'><strong>sit.</strong></span> <span class='ocrx_word' id='word_1_660' title='bbox 520 4422 625 4469; x_wconf 85' lang='lat' dir='ltr'><strong>tam</strong></span> <span class='ocrx_word' id='word_1_661' title='bbox 649 4429 714 4468; x_wconf 79' lang='lat' dir='ltr'><strong>ex</strong></span> <span class='ocrx_word' id='word_1_662' title='bbox 778 4412 949 4483; x_wconf 88' lang='lat' dir='ltr'><strong>ipsius</strong></span> <span class='ocrx_word' id='word_1_663' title='bbox 974 4428 1141 4483; x_wconf 87' lang='lat' dir='ltr'><strong>quam</strong></span> <span class='ocrx_word' id='word_1_664' title='bbox 1173 4428 1240 4468; x_wconf 80' lang='lat' dir='ltr'><strong>ex</strong></span> <span class='ocrx_word' id='word_1_665' title='bbox 1268 4422 1584 4469; x_wconf 63' lang='lat' dir='ltr'><strong>ceterorum</strong></span> <span class='ocrx_word' id='word_1_666' title='bbox 1605 4414 1790 4469; x_wconf 87' lang='lat' dir='ltr'><strong>docto—</strong></span> 
     </span>
    </p>
   </div>
   <div class='ocr_carea' id='block_1_93' title="bbox 246 4494 1784 4575">
    <p class='ocr_par' dir='ltr' id='par_1_93' title="bbox 246 4494 1784 4575">
     <span class='ocr_line' id='line_1_93' title="bbox 246 4494 1784 4575; baseline 0 -18"><span class='ocrx_word' id='word_1_667' title='bbox 246 4521 361 4559; x_wconf 91' lang='lat' dir='ltr'><strong>rum</strong></span> <span class='ocrx_word' id='word_1_668' title='bbox 399 4506 686 4571; x_wconf 82' lang='lat' dir='ltr'><strong>sententia,</strong></span> <span class='ocrx_word' id='word_1_669' title='bbox 708 4505 1102 4560; x_wconf 81' lang='lat' dir='ltr'><strong>verumetiam</strong></span> <span class='ocrx_word' id='word_1_670' title='bbox 1131 4516 1330 4573; x_wconf 89' lang='lat' dir='ltr'><strong>corpus</strong></span> <span class='ocrx_word' id='word_1_671' title='bbox 1360 4494 1784 4575; x_wconf 58' lang='lat' dir='ltr'><strong>et&#39;sanguiuem,</strong></span> 
     </span>
    </p>
   </div>
   <div class='ocr_carea' id='block_1_94' title="bbox 242 4584 1791 4669">
    <p class='ocr_par' dir='ltr' id='par_1_94' title="bbox 242 4584 1791 4669">
     <span class='ocr_line' id='line_1_94' title="bbox 242 4584 1791 4669; baseline 0.003 -22"><span class='ocrx_word' id='word_1_672' title='bbox 242 4595 351 4650; x_wconf 86' lang='lat' dir='ltr'><strong>sive</strong></span> <span class='ocrx_word' id='word_1_673' title='bbox 380 4594 637 4663; x_wconf 81' lang='lat' dir='ltr'><strong>ﬁguram,</strong></span> <span class='ocrx_word' id='word_1_674' title='bbox 686 4596 800 4651; x_wconf 88' lang='lat' dir='ltr'><strong>sive</strong></span> <span class='ocrx_word' id='word_1_675' title='bbox 828 4584 1225 4665; x_wconf 63' lang='lat' dir='ltr'><strong>praeﬁgurativa</strong></span> <span class='ocrx_word' id='word_1_676' title='bbox 1284 4596 1791 4669; x_wconf 43' lang='lat' dir='ltr'><strong>nomiiiare.,Licet</strong></span> 
     </span>
    </p>
   </div>
   <div class='ocr_carea' id='block_1_95' title="bbox 242 4673 1787 4753">
    <p class='ocr_par' dir='ltr' id='par_1_95' title="bbox 242 4673 1787 4753">
     <span class='ocr_line' id='line_1_95' title="bbox 242 4673 1787 4753; baseline 0.003 -17"><span class='ocrx_word' id='word_1_677' title='bbox 242 4685 407 4752; x_wconf 84' lang='lat' dir='ltr'><strong>igitur</strong></span> <span class='ocrx_word' id='word_1_678' title='bbox 444 4684 603 4738; x_wconf 87' lang='lat' dir='ltr'><strong>nobis</strong></span> <span class='ocrx_word' id='word_1_679' title='bbox 623 4684 864 4740; x_wconf 87' lang='lat' dir='ltr'><strong>hocloco</strong></span> <span class='ocrx_word' id='word_1_680' title='bbox 889 4673 1095 4749; x_wconf 81' lang='lat' dir='ltr'><strong>dicere,</strong></span> <span class='ocrx_word' id='word_1_681' title='bbox 1125 4686 1267 4753; x_wconf 88' lang='lat' dir='ltr'><strong>quod</strong></span> <span class='ocrx_word' id='word_1_682' title='bbox 1302 4694 1520 4752; x_wconf 87' lang='lat' dir='ltr'><strong>sanctus</strong></span> <span class='ocrx_word' id='word_1_683' title='bbox 1550 4680 1787 4741; x_wconf 70' lang='lat' dir='ltr'><strong>Basilius</strong></span> 
     </span>
    </p>
   </div>
   <div class='ocr_carea' id='block_1_96' title="bbox 244 4768 1788 4855">
    <p class='ocr_par' dir='ltr' id='par_1_96' title="bbox 244 4768 1788 4855">
     <span class='ocr_line' id='line_1_96' title="bbox 244 4768 1788 4855; baseline 0.003 -30"><span class='ocrx_word' id='word_1_684' title='bbox 244 4774 304 4825; x_wconf 88' lang='lat' dir='ltr'><strong>ad</strong></span> <span class='ocrx_word' id='word_1_685' title='bbox 326 4774 772 4842; x_wconf 78' lang='lat' dir='ltr'><strong>Amphilochium</strong></span> <span class='ocrx_word' id='word_1_686' title='bbox 791 4776 1039 4855; x_wconf 74' lang='lat' dir='ltr'><strong>scribens</strong></span> <span class='ocrx_word' id='word_1_687' title='bbox 1058 4775 1417 4841; x_wconf 89' lang='lat' dir='ltr'><strong>iconiensem,</strong></span> <span class='ocrx_word' id='word_1_688' title='bbox 1442 4779 1508 4833; x_wconf 90' lang='lat' dir='ltr'><strong>de</strong></span> <span class='ocrx_word' id='word_1_689' title='bbox 1531 4768 1788 4847; x_wconf 79' lang='lat' dir='ltr'><strong>Dionysio</strong></span> 
     </span>
    </p>
   </div>
   <div class='ocr_carea' id='block_1_97' title="bbox 247 4864 1789 4937">
    <p class='ocr_par' dir='ltr' id='par_1_97' title="bbox 247 4864 1789 4937">
     <span class='ocr_line' id='line_1_97' title="bbox 247 4864 1789 4937; baseline 0.001 -19"><span class='ocrx_word' id='word_1_690' title='bbox 247 4864 612 4920; x_wconf 77' lang='lat' dir='ltr'><strong>Alexandrino</strong></span> <span class='ocrx_word' id='word_1_691' title='bbox 641 4877 874 4937; x_wconf 84' lang='lat' dir='ltr'><strong>martyre</strong></span> <span class='ocrx_word' id='word_1_692' title='bbox 905 4867 1102 4937; x_wconf 90' lang='lat' dir='ltr'><strong>inquit.</strong></span> <span class='ocrx_word' id='word_1_693' title='bbox 1141 4870 1275 4923; x_wconf 79' lang='lat' dir='ltr'><strong>Nam</strong></span> <span class='ocrx_word' id='word_1_694' title='bbox 1331 4884 1453 4923; x_wconf 90' lang='lat' dir='ltr'><strong>cum</strong></span> <span class='ocrx_word' id='word_1_695' title='bbox 1476 4868 1789 4937; x_wconf 88' lang='lat' dir='ltr'><strong>loqueretur</strong></span> 
     </span>
    </p>
   </div>
   <div class='ocr_carea' id='block_1_98' title="bbox 248 4953 1788 5030">
    <p class='ocr_par' dir='ltr' id='par_1_98' title="bbox 248 4953 1788 5030">
     <span class='ocr_line' id='line_1_98' title="bbox 248 4953 1788 5030; baseline 0.003 -23"><span class='ocrx_word' id='word_1_696' title='bbox 248 4953 310 5007; x_wconf 90' lang='lat' dir='ltr'><strong>de</strong></span> <span class='ocrx_word' id='word_1_697' title='bbox 336 4955 537 5022; x_wconf 87' lang='lat' dir='ltr'><strong>bisqui</strong></span> <span class='ocrx_word' id='word_1_698' title='bbox 568 4957 942 5025; x_wconf 78' lang='lat' dir='ltr'><strong>rebaptizandi</strong></span> <span class='ocrx_word' id='word_1_699' title='bbox 975 4970 1124 5025; x_wconf 89' lang='lat' dir='ltr'><strong>sunt,</strong></span> <span class='ocrx_word' id='word_1_700' title='bbox 1158 4960 1621 5030; x_wconf 88' lang='lat' dir='ltr'><strong>Pepusianosque.</strong></span> <span class='ocrx_word' id='word_1_701' title='bbox 1658 4973 1788 5012; x_wconf 87' lang='lat' dir='ltr'><strong>con-</strong></span> 
     </span>
    </p>
   </div>
   <div class='ocr_carea' id='block_1_99' title="bbox 251 5046 1783 5119">
    <p class='ocr_par' dir='ltr' id='par_1_99' title="bbox 251 5046 1783 5119">
     <span class='ocr_line' id='line_1_99' title="bbox 251 5046 1783 5119; baseline 0.004 -22"><span class='ocrx_word' id='word_1_702' title='bbox 251 5056 325 5099; x_wconf 87' lang='lat' dir='ltr'><strong>tra</strong></span> <span class='ocrx_word' id='word_1_703' title='bbox 400 5046 639 5116; x_wconf 85' lang='lat' dir='ltr'><strong>Dionysii</strong></span> <span class='ocrx_word' id='word_1_704' title='bbox 672 5051 1014 5115; x_wconf 81' lang='lat' dir='ltr'><strong>&#39;ententiam,</strong></span> <span class='ocrx_word' id='word_1_705' title='bbox 1054 5052 1465 5119; x_wconf 82' lang='lat' dir='ltr'><strong>rebaptizandos</strong></span> <span class='ocrx_word' id='word_1_706' title='bbox 1496 5060 1783 5105; x_wconf 89' lang='lat' dir='ltr'><strong>censeret:</strong></span> 
     </span>
    </p>
   </div>
   <div class='ocr_carea' id='block_1_100' title="bbox 251 5131 1787 5211">
    <p class='ocr_par' dir='ltr' id='par_1_100' title="bbox 251 5131 1787 5211">
     <span class='ocr_line' id='line_1_100' title="bbox 251 5131 1787 5211; baseline 0.005 -23"><span class='ocrx_word' id='word_1_707' title='bbox 251 5135 438 5201; x_wconf 72' lang='lat' dir='ltr'><strong>Miror,</strong></span> <span class='ocrx_word' id='word_1_708' title='bbox 475 5138 674 5206; x_wconf 88' lang='lat' dir='ltr'><strong>inquit,</strong></span> <span class='ocrx_word' id='word_1_709' title='bbox 710 5141 1006 5207; x_wconf 90' lang='lat' dir='ltr'><strong>quomodo.</strong></span> <span class='ocrx_word' id='word_1_710' title='bbox 1032 5142 1136 5197; x_wconf 87' lang='lat' dir='ltr'><strong>hoc</strong></span> <span class='ocrx_word' id='word_1_711' title='bbox 1174 5143 1393 5195; x_wconf 82' lang='lat' dir='ltr'><strong>latuerit</strong></span> <span class='ocrx_word' id='word_1_712' title='bbox 1451 5131 1787 5211; x_wconf 88' lang='lat' dir='ltr'><strong>Dionysium.</strong></span> 
     </span>
    </p>
   </div>
   <div class='ocr_carea' id='block_1_101' title="bbox 248 5230 1790 5298">
    <p class='ocr_par' dir='ltr' id='par_1_101' title="bbox 248 5230 1790 5298">
     <span class='ocr_line' id='line_1_101' title="bbox 248 5230 1790 5298; baseline 0.004 -16"><span class='ocrx_word' id='word_1_713' title='bbox 248 5230 490 5297; x_wconf 85' lang='lat' dir='ltr'><strong>quamvis</strong></span> <span class='ocrx_word' id='word_1_714' title='bbox 524 5244 788 5298; x_wconf 83' lang='lat' dir='ltr'><strong>canonum</strong></span> <span class='ocrx_word' id='word_1_715' title='bbox 822 5236 1066 5289; x_wconf 90' lang='lat' dir='ltr'><strong>omnium</strong></span> <span class='ocrx_word' id='word_1_716' title='bbox 1124 5233 1594 5298; x_wconf 80' lang='lat' dir='ltr'><strong>expertissimum.</strong></span> <span class='ocrx_word' id='word_1_717' title='bbox 1634 5231 1790 5288; x_wconf 78' lang='lat' dir='ltr'><strong>Vole-</strong></span> 
     </span>
    </p>
   </div>
   <div class='ocr_carea' id='block_1_102' title="bbox 253 5294 1791 5395">
    <p class='ocr_par' dir='ltr' id='par_1_102' title="bbox 253 5294 1791 5395">
     <span class='ocr_line' id='line_1_102' title="bbox 253 5294 1791 5395; baseline 0.001 -22"><span class='ocrx_word' id='word_1_718' title='bbox 253 5294 339 5373; x_wconf 81' lang='lat' dir='ltr'><strong>bat</strong></span> <span class='ocrx_word' id='word_1_719' title='bbox 366 5335 498 5380; x_wconf 80' lang='lat' dir='ltr'><strong>sane</strong></span> <span class='ocrx_word' id='word_1_720' title='bbox 536 5294 844 5389; x_wconf 54' lang='lat' dir='ltr'><strong>Dionysius,</strong></span> <span class='ocrx_word' id='word_1_721' title='bbox 872 5339 1177 5395; x_wconf 87' lang='lat' dir='ltr'><strong>quanquam</strong></span> <span class='ocrx_word' id='word_1_722' title='bbox 1211 5334 1446 5384; x_wconf 86' lang='lat' dir='ltr'><strong>sanctus,</strong></span> <span class='ocrx_word' id='word_1_723' title='bbox 1507 5324 1615 5375; x_wconf 89' lang='lat' dir='ltr'><strong>imo</strong></span> <span class='ocrx_word' id='word_1_724' title='bbox 1660 5338 1791 5376; x_wconf 89' lang='lat' dir='ltr'><strong>vero</strong></span> 
     </span>
    </p>
   </div>
   <div class='ocr_carea' id='block_1_103' title="bbox 254 5412 1818 5484">
    <p class='ocr_par' dir='ltr' id='par_1_103' title="bbox 254 5412 1818 5484">
     <span class='ocr_line' id='line_1_103' title="bbox 254 5412 1818 5484; baseline 0.004 -22"><span class='ocrx_word' id='word_1_725' title='bbox 254 5412 412 5467; x_wconf 87' lang='lat' dir='ltr'><strong>etiam</strong></span> <span class='ocrx_word' id='word_1_726' title='bbox 446 5420 671 5483; x_wconf 82' lang='lat' dir='ltr'><strong>martyr,</strong></span> <span class='ocrx_word' id='word_1_727' title='bbox 706 5424 801 5466; x_wconf 88' lang='lat' dir='ltr'><strong>eos</strong></span> <span class='ocrx_word' id='word_1_728' title='bbox 832 5415 924 5481; x_wconf 87' lang='lat' dir='ltr'><strong>qui</strong></span> <span class='ocrx_word' id='word_1_729' title='bbox 953 5431 1018 5469; x_wconf 81' lang='lat' dir='ltr'><strong>ex</strong></span> <span class='ocrx_word' id='word_1_730' title='bbox 1052 5417 1475 5484; x_wconf 80' lang='lat' dir='ltr'><strong>Pepusiauorum</strong></span> <span class='ocrx_word' id='word_1_731' title='bbox 1508 5414 1697 5468; x_wconf 65' lang='lat' dir='ltr'><strong>barcsi</strong></span> <span class='ocrx_word' id='word_1_732' title='bbox 1722 5413 1818 5475; x_wconf 70' lang='lat' dir='ltr'><strong>ad;</strong></span> 
     </span>
    </p>
   </div>
   <div class='ocr_carea' id='block_1_104' title="bbox 255 5488 1787 5577">
    <p class='ocr_par' dir='ltr' id='par_1_104' title="bbox 255 5488 1787 5577">
     <span class='ocr_line' id='line_1_104' title="bbox 255 5488 1787 5577; baseline 0.005 -26"><span class='ocrx_word' id='word_1_733' title='bbox 255 5499 402 5557; x_wconf 72' lang='lat' dir='ltr'><strong>tidem</strong></span> <span class='ocrx_word' id='word_1_734' title='bbox 449 5488 717 5567; x_wconf 69' lang='lat' dir='ltr'><strong>vetiincnt,</strong></span> <span class='ocrx_word' id='word_1_735' title='bbox 757 5516 861 5556; x_wconf 88' lang='lat' dir='ltr'><strong>non</strong></span> <span class='ocrx_word' id='word_1_736' title='bbox 894 5504 1094 5561; x_wconf 84' lang='lat' dir='ltr'><strong>debere</strong></span> <span class='ocrx_word' id='word_1_737' title='bbox 1125 5504 1399 5577; x_wconf 81' lang='lat' dir='ltr'><strong>baptizari.</strong></span> <span class='ocrx_word' id='word_1_738' title='bbox 1460 5504 1627 5573; x_wconf 75' lang='lat' dir='ltr'><strong>Cujus</strong></span> <span class='ocrx_word' id='word_1_739' title='bbox 1654 5518 1787 5559; x_wconf 85' lang='lat' dir='ltr'><strong>con-</strong></span> 
     </span>
    </p>
   </div>
   <div class='ocr_carea' id='block_1_105' title="bbox 1886 4313 3446 4395">
    <p class='ocr_par' dir='ltr' id='par_1_105' title="bbox 1886 4313 3446 4395">
     <span class='ocr_line' id='line_1_105' title="bbox 1886 4313 3446 4395; baseline -0.003 -24"><span class='ocrx_word' id='word_1_740' title='bbox 1886 4317 2227 4393; x_wconf 24' lang='lat' dir='ltr'><strong>rhierarchiee</strong></span> <span class='ocrx_word' id='word_1_741' title='bbox 2253 4322 2373 4386; x_wconf 87' lang='lat' dir='ltr'><strong>post</strong></span> <span class='ocrx_word' id='word_1_742' title='bbox 2413 4316 2599 4371; x_wconf 87' lang='lat' dir='ltr'><strong>laudes</strong></span> <span class='ocrx_word' id='word_1_743' title='bbox 2637 4316 2941 4369; x_wconf 85' lang='lat' dir='ltr'><strong>divinarum</strong></span> <span class='ocrx_word' id='word_1_744' title='bbox 2972 4313 3446 4395; x_wconf 27' lang='lat' dir='ltr'><strong>operationumale</strong></span> 
     </span>
    </p>
   </div>
   <div class='ocr_carea' id='block_1_106' title="bbox 1889 4404 3459 4484">
    <p class='ocr_par' dir='ltr' id='par_1_106' title="bbox 1889 4404 3459 4484">
     <span class='ocr_line' id='line_1_106' title="bbox 1889 4404 3459 4484; baseline -0.005 -21"><span class='ocrx_word' id='word_1_745' title='bbox 1889 4409 2293 4464; x_wconf 84' lang='lat' dir='ltr'><strong>consecratione</strong></span> <span class='ocrx_word' id='word_1_746' title='bbox 2312 4421 2522 4470; x_wconf 88' lang='lat' dir='ltr'><strong>eorum,</strong></span> <span class='ocrx_word' id='word_1_747' title='bbox 2538 4406 2848 4475; x_wconf 90' lang='lat' dir='ltr'><strong>respondet,</strong></span> <span class='ocrx_word' id='word_1_748' title='bbox 2868 4404 2941 4458; x_wconf 77' lang='lat' dir='ltr'><strong>Tu</strong></span> <span class='ocrx_word' id='word_1_749' title='bbox 2962 4405 3159 4466; x_wconf 65' lang='lat' dir='ltr'><strong>dixisti,</strong></span> <span class='ocrx_word' id='word_1_750' title='bbox 3177 4404 3459 4484; x_wconf 38' lang='lat' dir='ltr'><strong>inquiens,’</strong></span> 
     </span>
    </p>
   </div>
   <div class='ocr_carea' id='block_1_107' title="bbox 1891 4483 3441 4570">
    <p class='ocr_par' dir='ltr' id='par_1_107' title="bbox 1891 4483 3441 4570">
     <span class='ocr_line' id='line_1_107' title="bbox 1891 4483 3441 4570; baseline -0.005 -17"><span class='ocrx_word' id='word_1_751' title='bbox 1891 4498 2004 4553; x_wconf 83' lang='lat' dir='ltr'><strong>Hoc</strong></span> <span class='ocrx_word' id='word_1_752' title='bbox 2035 4498 2187 4570; x_wconf 68' lang='lat' dir='ltr'><strong>facile</strong></span> <span class='ocrx_word' id='word_1_753' title='bbox 2228 4500 2284 4553; x_wconf 81' lang='lat' dir='ltr'><strong>in</strong></span> <span class='ocrx_word' id='word_1_754' title='bbox 2327 4514 2495 4552; x_wconf 73' lang='lat' dir='ltr'><strong>meum</strong></span> <span class='ocrx_word' id='word_1_755' title='bbox 2532 4499 3092 4552; x_wconf 79' lang='lat' dir='ltr'><strong>commemorationem.</strong></span> <span class='ocrx_word' id='word_1_756' title='bbox 3109 4495 3307 4549; x_wconf 90' lang='lat' dir='ltr'><strong>Deinde</strong></span> <span class='ocrx_word' id='word_1_757' title='bbox 3346 4483 3441 4562; x_wconf 84' lang='lat' dir='ltr'><strong>po-</strong></span> 
     </span>
    </p>
   </div>
   <div class='ocr_carea' id='block_1_108' title="bbox 1889 4588 3463 4661">
    <p class='ocr_par' dir='ltr' id='par_1_108' title="bbox 1889 4588 3463 4661">
     <span class='ocr_line' id='line_1_108' title="bbox 1889 4588 3463 4661; baseline -0.004 -16"><span class='ocrx_word' id='word_1_758' title='bbox 1889 4593 2097 4645; x_wconf 85' lang='lat' dir='ltr'><strong>stulans</strong></span> <span class='ocrx_word' id='word_1_759' title='bbox 2142 4600 2215 4646; x_wconf 88' lang='lat' dir='ltr'><strong>ut-</strong></span> <span class='ocrx_word' id='word_1_760' title='bbox 2254 4591 2449 4661; x_wconf 85' lang='lat' dir='ltr'><strong>dignus</strong></span> <span class='ocrx_word' id='word_1_761' title='bbox 2512 4588 2604 4643; x_wconf 81' lang='lat' dir='ltr'><strong>ﬁat</strong></span> <span class='ocrx_word' id='word_1_762' title='bbox 2653 4589 2756 4643; x_wconf 83' lang='lat' dir='ltr'><strong>hac</strong></span> <span class='ocrx_word' id='word_1_763' title='bbox 2808 4588 3237 4648; x_wconf 80' lang='lat' dir='ltr'><strong>consecratione,</strong></span> <span class='ocrx_word' id='word_1_764' title='bbox 3276 4594 3329 4638; x_wconf 89' lang='lat' dir='ltr'><strong>et</strong></span> <span class='ocrx_word' id='word_1_765' title='bbox 3377 4592 3463 4639; x_wconf 83' lang='lat' dir='ltr'><strong>ad-</strong></span> 
     </span>
    </p>
   </div>
   <div class='ocr_carea' id='block_1_109' title="bbox 1889 4676 3440 4743">
    <p class='ocr_par' dir='ltr' id='par_1_109' title="bbox 1889 4676 3440 4743">
     <span class='ocr_line' id='line_1_109' title="bbox 1889 4676 3440 4743; baseline -0.001 -9"><span class='ocrx_word' id='word_1_766' title='bbox 1889 4682 2303 4736; x_wconf 86' lang='lat' dir='ltr'><strong>similitudinem</strong></span> <span class='ocrx_word' id='word_1_767' title='bbox 2337 4680 2540 4735; x_wconf 88' lang='lat' dir='ltr'><strong>Christi</strong></span> <span class='ocrx_word' id='word_1_768' title='bbox 2585 4680 2697 4733; x_wconf 64' lang='lat' dir='ltr'><strong>haec</strong></span> <span class='ocrx_word' id='word_1_769' title='bbox 2718 4679 2898 4731; x_wconf 85' lang='lat' dir='ltr'><strong>divina</strong></span> <span class='ocrx_word' id='word_1_770' title='bbox 2939 4677 3198 4743; x_wconf 84' lang='lat' dir='ltr'><strong>perlicere</strong></span> <span class='ocrx_word' id='word_1_771' title='bbox 3247 4676 3440 4731; x_wconf 82' lang='lat' dir='ltr'><strong>valeat.</strong></span> 
     </span>
    </p>
   </div>
   <div class='ocr_carea' id='block_1_110' title="bbox 1889 4767 3445 4836">
    <p class='ocr_par' dir='ltr' id='par_1_110' title="bbox 1889 4767 3445 4836">
     <span class='ocr_line' id='line_1_110' title="bbox 1889 4767 3445 4836; baseline -0.006 -8"><span class='ocrx_word' id='word_1_772' title='bbox 1889 4784 1941 4828; x_wconf 90' lang='lat' dir='ltr'><strong>et</strong></span> <span class='ocrx_word' id='word_1_773' title='bbox 1982 4783 2130 4830; x_wconf 81' lang='lat' dir='ltr'><strong>caste</strong></span> <span class='ocrx_word' id='word_1_774' title='bbox 2160 4773 2512 4836; x_wconf 83' lang='lat' dir='ltr'><strong>distribuere,</strong></span> <span class='ocrx_word' id='word_1_775' title='bbox 2542 4778 2821 4826; x_wconf 84' lang='lat' dir='ltr'><strong>consecrat</strong></span> <span class='ocrx_word' id='word_1_776' title='bbox 2854 4767 3215 4829; x_wconf 89' lang='lat' dir='ltr'><strong>divinissima,</strong></span> <span class='ocrx_word' id='word_1_777' title='bbox 3252 4774 3308 4820; x_wconf 93' lang='lat' dir='ltr'><strong>et</strong></span> <span class='ocrx_word' id='word_1_778' title='bbox 3333 4782 3445 4819; x_wconf 87' lang='lat' dir='ltr'><strong>ma-</strong></span> 
     </span>
    </p>
   </div>
   <div class='ocr_carea' id='block_1_111' title="bbox 1893 4857 3444 4931">
    <p class='ocr_par' dir='ltr' id='par_1_111' title="bbox 1893 4857 3444 4931">
     <span class='ocr_line' id='line_1_111' title="bbox 1893 4857 3444 4931; baseline -0.006 -13"><span class='ocrx_word' id='word_1_779' title='bbox 1893 4865 2112 4919; x_wconf 71' lang='lat' dir='ltr'><strong>nifestat</strong></span> <span class='ocrx_word' id='word_1_780' title='bbox 2145 4863 2357 4916; x_wconf 89' lang='lat' dir='ltr'><strong>laudata</strong></span> <span class='ocrx_word' id='word_1_781' title='bbox 2386 4876 2483 4930; x_wconf 87' lang='lat' dir='ltr'><strong>per</strong></span> <span class='ocrx_word' id='word_1_782' title='bbox 2509 4860 2751 4931; x_wconf 88' lang='lat' dir='ltr'><strong>symbola</strong></span> <span class='ocrx_word' id='word_1_783' title='bbox 2792 4866 2978 4912; x_wconf 85' lang='lat' dir='ltr'><strong>sancte</strong></span> <span class='ocrx_word' id='word_1_784' title='bbox 3028 4858 3329 4928; x_wconf 86' lang='lat' dir='ltr'><strong>preposita.</strong></span> <span class='ocrx_word' id='word_1_785' title='bbox 3362 4857 3444 4909; x_wconf 78' lang='lat' dir='ltr'><strong>Ad</strong></span> 
     </span>
    </p>
   </div>
   <div class='ocr_carea' id='block_1_112' title="bbox 1894 4951 3449 5029">
    <p class='ocr_par' dir='ltr' id='par_1_112' title="bbox 1894 4951 3449 5029">
     <span class='ocr_line' id='line_1_112' title="bbox 1894 4951 3449 5029; baseline -0.006 -20"><span class='ocrx_word' id='word_1_786' title='bbox 1894 4958 2002 5011; x_wconf 65' lang='lat' dir='ltr'><strong>hinc</strong></span> <span class='ocrx_word' id='word_1_787' title='bbox 2030 4955 2269 5027; x_wconf 88' lang='lat' dir='ltr'><strong>Dionysii</strong></span> <span class='ocrx_word' id='word_1_788' title='bbox 2303 4955 2486 5016; x_wconf 91' lang='lat' dir='ltr'><strong>verba,</strong></span> <span class='ocrx_word' id='word_1_789' title='bbox 2510 4967 2819 5021; x_wconf 87' lang='lat' dir='ltr'><strong>quanquam</strong></span> <span class='ocrx_word' id='word_1_790' title='bbox 2839 4951 3077 5008; x_wconf 77' lang='lat' dir='ltr'><strong>diliicilis</strong></span> <span class='ocrx_word' id='word_1_791' title='bbox 3091 4951 3209 5005; x_wconf 77' lang='lat' dir='ltr'><strong>fore</strong></span> <span class='ocrx_word' id='word_1_792' title='bbox 3228 4965 3449 5029; x_wconf 79' lang='lat' dir='ltr'><strong>respon-</strong></span> 
     </span>
    </p>
   </div>
   <div class='ocr_carea' id='block_1_113' title="bbox 1891 5038 3446 5117">
    <p class='ocr_par' dir='ltr' id='par_1_113' title="bbox 1891 5038 3446 5117">
     <span class='ocr_line' id='line_1_113' title="bbox 1891 5038 3446 5117; baseline -0.01 -13"><span class='ocrx_word' id='word_1_793' title='bbox 1891 5050 1973 5104; x_wconf 85' lang='lat' dir='ltr'><strong>sio</strong></span> <span class='ocrx_word' id='word_1_794' title='bbox 2008 5048 2281 5112; x_wconf 84' lang='lat' dir='ltr'><strong>videatur,</strong></span> <span class='ocrx_word' id='word_1_795' title='bbox 2312 5046 2452 5116; x_wconf 87' lang='lat' dir='ltr'><strong>apud</strong></span> <span class='ocrx_word' id='word_1_796' title='bbox 2478 5059 2583 5100; x_wconf 82' lang='lat' dir='ltr'><strong>eos</strong></span> <span class='ocrx_word' id='word_1_797' title='bbox 2611 5044 2910 5117; x_wconf 70' lang='lat' dir='ltr'><strong>praesertim</strong></span> <span class='ocrx_word' id='word_1_798' title='bbox 2955 5044 3048 5112; x_wconf 92' lang='lat' dir='ltr'><strong>qui</strong></span> <span class='ocrx_word' id='word_1_799' title='bbox 3082 5038 3446 5097; x_wconf 75' lang='lat' dir='ltr'><strong>contentionis</strong></span> 
     </span>
    </p>
   </div>
   <div class='ocr_carea' id='block_1_114' title="bbox 1892 5134 3461 5208">
    <p class='ocr_par' dir='ltr' id='par_1_114' title="bbox 1892 5134 3461 5208">
     <span class='ocr_line' id='line_1_114' title="bbox 1892 5134 3461 5208; baseline -0.008 -15"><span class='ocrx_word' id='word_1_800' title='bbox 1892 5138 2204 5208; x_wconf 88' lang='lat' dir='ltr'><strong>cupidiores</strong></span> <span class='ocrx_word' id='word_1_801' title='bbox 2226 5146 2354 5192; x_wconf 88' lang='lat' dir='ltr'><strong>sunt</strong></span> <span class='ocrx_word' id='word_1_802' title='bbox 2392 5152 2554 5207; x_wconf 88' lang='lat' dir='ltr'><strong>quam</strong></span> <span class='ocrx_word' id='word_1_803' title='bbox 2582 5137 2850 5199; x_wconf 85' lang='lat' dir='ltr'><strong>veritatis,</strong></span> <span class='ocrx_word' id='word_1_804' title='bbox 2890 5134 3119 5188; x_wconf 86' lang='lat' dir='ltr'><strong>dicimus</strong></span> <span class='ocrx_word' id='word_1_805' title='bbox 3148 5139 3323 5184; x_wconf 85' lang='lat' dir='ltr'><strong>tamen</strong></span> <span class='ocrx_word' id='word_1_806' title='bbox 3386 5140 3461 5181; x_wconf 80' lang='lat' dir='ltr'><strong>et-</strong></span> 
     </span>
    </p>
   </div>
   <div class='ocr_carea' id='block_1_115' title="bbox 1893 5224 3465 5303">
    <p class='ocr_par' dir='ltr' id='par_1_115' title="bbox 1893 5224 3465 5303">
     <span class='ocr_line' id='line_1_115' title="bbox 1893 5224 3465 5303; baseline -0.006 -17"><span class='ocrx_word' id='word_1_807' title='bbox 1893 5232 2126 5303; x_wconf 83' lang='lat' dir='ltr'><strong>ingenue</strong></span> <span class='ocrx_word' id='word_1_808' title='bbox 2157 5236 2514 5293; x_wconf 88' lang='lat' dir='ltr'><strong>attestamur,</strong></span> <span class='ocrx_word' id='word_1_809' title='bbox 2546 5230 2688 5299; x_wconf 87' lang='lat' dir='ltr'><strong>apud</strong></span> <span class='ocrx_word' id='word_1_810' title='bbox 2729 5226 2927 5297; x_wconf 86' lang='lat' dir='ltr'><strong>probas</strong></span> <span class='ocrx_word' id='word_1_811' title='bbox 2957 5232 3013 5278; x_wconf 90' lang='lat' dir='ltr'><strong>et</strong></span> <span class='ocrx_word' id='word_1_812' title='bbox 3038 5224 3258 5278; x_wconf 72' lang='lat' dir='ltr'><strong>devotas</strong></span> <span class='ocrx_word' id='word_1_813' title='bbox 3283 5236 3465 5277; x_wconf 84' lang='lat' dir='ltr'><strong>aures.</strong></span> 
     </span>
    </p>
   </div>
   <div class='ocr_carea' id='block_1_116' title="bbox 1894 5311 3440 5389">
    <p class='ocr_par' dir='ltr' id='par_1_116' title="bbox 1894 5311 3440 5389">
     <span class='ocr_line' id='line_1_116' title="bbox 1894 5311 3440 5389; baseline -0.006 -15"><span class='ocrx_word' id='word_1_814' title='bbox 1894 5321 2028 5375; x_wconf 84' lang='lat' dir='ltr'><strong>nihil</strong></span> <span class='ocrx_word' id='word_1_815' title='bbox 2057 5322 2111 5375; x_wconf 90' lang='lat' dir='ltr'><strong>in</strong></span> <span class='ocrx_word' id='word_1_816' title='bbox 2152 5321 2237 5374; x_wconf 77' lang='lat' dir='ltr'><strong>bis</strong></span> <span class='ocrx_word' id='word_1_817' title='bbox 2267 5334 2388 5375; x_wconf 84' lang='lat' dir='ltr'><strong>esse</strong></span> <span class='ocrx_word' id='word_1_818' title='bbox 2420 5318 2565 5389; x_wconf 88' lang='lat' dir='ltr'><strong>quod</strong></span> <span class='ocrx_word' id='word_1_819' title='bbox 2599 5319 2666 5373; x_wconf 87' lang='lat' dir='ltr'><strong>iis</strong></span> <span class='ocrx_word' id='word_1_820' title='bbox 2699 5332 2820 5387; x_wconf 71' lang='lat' dir='ltr'><strong>quae</strong></span> <span class='ocrx_word' id='word_1_821' title='bbox 2856 5328 3020 5383; x_wconf 88' lang='lat' dir='ltr'><strong>supra</strong></span> <span class='ocrx_word' id='word_1_822' title='bbox 3071 5311 3308 5367; x_wconf 81' lang='lat' dir='ltr'><strong>diximus</strong></span> <span class='ocrx_word' id='word_1_823' title='bbox 3343 5312 3440 5365; x_wconf 85' lang='lat' dir='ltr'><strong>ad—</strong></span> 
     </span>
    </p>
   </div>
   <div class='ocr_carea' id='block_1_117' title="bbox 1892 5396 3441 5475">
    <p class='ocr_par' dir='ltr' id='par_1_117' title="bbox 1892 5396 3441 5475">
     <span class='ocr_line' id='line_1_117' title="bbox 1892 5396 3441 5475; baseline -0.01 -8"><span class='ocrx_word' id='word_1_824' title='bbox 1892 5418 2158 5475; x_wconf 84' lang='lat' dir='ltr'><strong>versetur.</strong></span> <span class='ocrx_word' id='word_1_825' title='bbox 2188 5407 2329 5475; x_wconf 85' lang='lat' dir='ltr'><strong>Quid</strong></span> <span class='ocrx_word' id='word_1_826' title='bbox 2383 5410 2550 5475; x_wconf 86' lang='lat' dir='ltr'><strong>enim,</strong></span> <span class='ocrx_word' id='word_1_827' title='bbox 2574 5423 2617 5472; x_wconf 56' lang='grc' dir='ltr'><em>ο,</em></span> <span class='ocrx_word' id='word_1_828' title='bbox 2678 5396 2817 5462; x_wconf 72' lang='lat' dir='ltr'><strong>bone</strong></span> <span class='ocrx_word' id='word_1_829' title='bbox 2853 5405 3007 5471; x_wconf 73' lang='lat' dir='ltr'><strong>Iesu,</strong></span> <span class='ocrx_word' id='word_1_830' title='bbox 3044 5405 3267 5469; x_wconf 82' lang='lat' dir='ltr'><strong>clarius,</strong></span> <span class='ocrx_word' id='word_1_831' title='bbox 3310 5400 3441 5471; x_wconf 78' lang='lat' dir='ltr'><strong>quid</strong></span> 
     </span>
    </p>
   </div>
   <div class='ocr_carea' id='block_1_118' title="bbox 1894 5497 3441 5573">
    <p class='ocr_par' dir='ltr' id='par_1_118' title="bbox 1894 5497 3441 5573">
     <span class='ocr_line' id='line_1_118' title="bbox 1894 5497 3441 5573; baseline -0.005 -16"><span class='ocrx_word' id='word_1_832' title='bbox 1894 5500 2154 5573; x_wconf 86' lang='lat' dir='ltr'><strong>apertius,</strong></span> <span class='ocrx_word' id='word_1_833' title='bbox 2190 5500 2318 5571; x_wconf 78' lang='lat' dir='ltr'><strong>quid</strong></span> <span class='ocrx_word' id='word_1_834' title='bbox 2374 5498 2707 5555; x_wconf 77' lang='lat' dir='ltr'><strong>manifestius</strong></span> <span class='ocrx_word' id='word_1_835' title='bbox 2742 5497 2969 5553; x_wconf 69' lang='lat' dir='ltr'><strong>inveniri</strong></span> <span class='ocrx_word' id='word_1_836' title='bbox 3018 5508 3211 5567; x_wconf 64' lang='lat' dir='ltr'><strong>potest,</strong></span> <span class='ocrx_word' id='word_1_837' title='bbox 3277 5510 3441 5561; x_wconf 81' lang='lat' dir='ltr'><strong>quant</strong></span> 
     </span>
    </p>
   </div>
  </div>
