4122 6326
650 132 756 197 523

1600 128 2099 190 BESSARIONIS
2136 126 2193 189 S.
2236 127 2307 188 R.
2354 127 2419 188 Ε.
2462 129 2924 190 CARDINAL’iS
2964 146 2967 149 '

3752 121 3853 186 524

651 240 815 295 verba
845 246 1155 292 sanctorum
1185 237 1493 304 doctorum,
1526 238 1593 294 de
1625 238 1825 310 quibus
1868 255 2028 317 supra
2059 253 2207 292 men-
2234 242 2279 299 Α
2309 250 2658 306 peccatorum.
2688 239 3071 305 Quamobrem,
3092 239 3242 307 juxta
3274 237 3437 308 huius
3463 235 3707 291 doctoris
3732 246 3854 288 ssn-

650 330 852 384 tionem
885 327 1133 392 fecimus,
1169 330 1330 383 verba
1392 330 1600 384 Domini
1651 342 1860 385 mutare
1888 345 2080 400 panem
2137 330 2191 383 in

647 435 869 487 corpus.
907 419 998 473 illa
1027 430 1425 475 sacramentum
1456 421 1661 491 integre
1695 423 1978 489 perlicere.
2025 422 2195 476 verbo

647 509 739 562 Dei
772 524 959 577 panem
989 511 1333 572 sanctiﬁcari,
1390 526 1582 580 panem
1621 512 1673 564 in
1707 526 1904 580 corpus
1932 528 2029 581 per
2075 527 2197 565 ver-

651 598 777 656 bum
812 601 1031 664 mutari,
1089 608 1217 653 ante
1247 601 1411 656 verba
1460 614 1656 669 panem
1700 602 2020 670 simpliciter
2073 617 2195 657 esse

651 704 845 743 munus
873 690 1016 759 quod
1074 689 1320 752 oll‘ertur,
1355 700 1475 760 post
1503 692 1667 746 verba
1721 706 1842 746 mox
1895 693 1948 747 in
1998 707 2196 762 corpus

650 777 862 843 mutari,
903 778 1114 846 aliaque
1146 778 1497 847 bujusmodi?
1549 781 1593 832 Δ
1648 780 1847 849 quibus
1898 781 2193 851 quonmdo,

648 882 829 932 quaso
852 876 925 931 te,
957 868 1271 923 dissentiret
1298 868 1930 940 Dionysiusgprtrsertim
1950 872 2195 928 dnctrina

646 968 697 1011 et
733 959 995 1026 sapientia
1026 975 1090 1014 ae
1135 961 1261 1014 vita:
1290 959 1576 1015 sanctitate
1604 963 1899 1029 equalibus
1923 973 2084 1032 atque
2115 968 2192 1019 si-

648 1050 920 1118 millimis!
943 1051 1195 1106 Profecto
1224 1065 1385 1107 nemo
1410 1050 1515 1106 hoc
1537 1053 1731 1107 mentis
1756 1068 1976 1123 compos
2023 1055 2195 1109 fatea-

649 1151 757 1195 tur.
794 1142 889 1197 Est
926 1150 1105 1196 autem
1140 1142 1288 1210 quod
1322 1142 1613 1212 Dionysius
1638 1144 1835 1213 inquit,
1858 1146 2196 1215 tale-aliquid

646 1232 805 1299 quale
826 1232 1080 1299 superius
1118 1232 1374 1285 diximus.
1406 1232 1559 1298 Quod
1594 1249 1716 1289 cum
1759 1249 1925 1305 opera
1950 1238 2011 1305 in
2042 1252 2198 1290 erea-

650 1331 766 1373 tura
804 1322 969 1377 totius
999 1322 1283 1376 Trinitatis
1300 1323 1603 1376 communia
1630 1325 1756 1388 sint,
1798 1336 1854 1377 ut
1890 1326 1990 1379 hoc
2018 1326 2195 1378 omni-

648 1410 751 1463 bus
786 1411 957 1479 palam
982 1410 1092 1476 ﬁat,
1120 1426 1298 1479 opem
1333 1411 1564 1479 pretium
1594 1421 1678 1465 est
1707 1421 1874 1465 totam
1930 1428 2032 1468 nos
2074 1402 2199 1466 Tri4

650 1499 870 1555 nitatem
919 1503 1201 1556 invocare.
1229 1501 1384 1568 Quod
1419 1518 1543 1557 cum
1572 1504 1734 1559 simul
1776 1513 1836 1560 et
1866 1505 2068 1574 absque
2109 1505 2193 1559 in-

651 1591 876 1643 tervallo
904 1578 1165 1671 temporis
1198 1591 1470 1648 ﬂeri-non
1498 1586 1689 1662 possit,
1722 1610 1843 1649 cum
1900 1595 2195 1663 przesertim

648 1687 897 1746 oporteat
923 1695 1135 1735 omnem
1170 1682 1388 1737 illorum
1417 1699 1537 1753 quae
1558 1699 1619 1739 ea
1655 1693 1815 1739 nocte
1864 1693 2013 1754 gesta
2074 1697 2200 1740 sunt

650 1768 937 1825 historiam
996 1786 1274 1833 enarrare,
1333 1786 1556 1829 necesse
1608 1784 1691 1829 est
1754 1791 1854 1828 nos
1884 1792 2049 1830 unum
2076 1789 2201 1845 post

650 1863 818 1925 aliud,
853 1862 1148 1931 secundum
1179 1864 1285 1917 vim
1320 1873 1373 1918 et
1405 1878 1651 1923 naturam
1706 1880 1903 1923 nostrae
1958 1884 2197 1939 pronun-

651 1952 904 2019 tiationis,
931 1968 1220 2021 exponere.
1266 1954 1343 2009 ita
1385 1971 1512 2026 ergo
1563 1966 1677 2024 post
1707 1959 1871 2011 verba
1922 1958 2198 2013 Dominica

650 2039 1047 2115 (quibusjuxta
1081 2046 1524 2114 Chrysostomum
1554 2044 1759 2117 integre
1797 2046 2076 2113 perﬁcitur
2111 2066 2196 2105 sa-

649 2148 981 2191 cramentum
1014 2124 1075 2194 ac
1109 2138 1374 2205 proposita
1410 2148 1864 2201 transmutantur,
1914 2141 2198 2209 quibusve,

653 2240 713 2283 ut
759 2230 1051 2299 Gregorius
1076 2231 1349 2300 Nysseuus
1381 2235 1493 2293 ait,
1536 2232 1907 2286 sanctiﬁcatur
1941 2234 2116 2302 panis,
2144 2233 2199 2288 in

651 2336 955 2389 corpusque
989 2323 1329 2392 transfertur)
1362 2318 1578 2377 Patrem
1614 2338 1677 2381 ac
1709 2322 1973 2393 Spiritum
2022 2325 2200 2395 palam

652 2425 812 2483 atque
833 2423 1017 2482 aperte
1048 2417 1380 2471 invocamus.
1414 2416 1564 2471 lianc
1595 2432 1727 2473 vero,
1751 2419 2089 2474 manifestam
2117 2420 2204 2475 inv

651 2504 989 2563 vocationem
1047 2516 1297 2574 tanquam
1329 2508 1659 2563 multitudini
1716 2510 1986 2563 notiorem
2042 2508 2205 2565 tradit

655 2597 843 2651 beatus
868 2597 1176 2668 Dionysius.
1204 2614 1329 2652 cum
1353 2600 1692 2655 sacerdotem
1740 2602 1891 2667 dicit,
1918 2611 2203 2670 postquam

656 2702 755 2758 pro
782 2704 837 2743 se
863 2687 1172 2757 respondit,
1195 2691 1381 2743 dicens
1406 2732 1421 2755 ,
1460 2691 1531 2743 Tu
1575 2693 1777 2754 dixisti,
1792 2684 1920 2743 "Hoc
1971 2691 2125 2757 facite
2153 2695 2205 2744 in

656 2794 824 2830 meam
854 2782 1419 2843 commemorationem,
1488 2789 1616 2833 tunc
1636 2781 1857 2834 demum
1896 2780 1962 2833 ad
2019 2790 2208 2835 conse-

2301 330 2549 395 tentiam,
2572 332 2682 399 jam
2710 330 3010 401 perfectum
3034 340 3119 385 est
3148 337 3566 393 sacramentum,
3618 340 3743 382 cum
3772 322 3852 378 di-

2298 421 2475 476 eimus
2561 421 2931 476 remissionem
3001 428 3345 489 peccatorum
3405 418 3566 473 nobis
3637 414 3851 487 prabe-

2311 512 2382 567 ri.
2418 504 2659 567 Dicimus
2713 519 2893 565 autem
2959 510 3063 565 hoc
3115 509 3297 564 subito
3348 517 3468 579 post
3519 506 3685 562 verba
3739 504 3848 560 Do-

2299 605 2477 668 mini,
2560 604 2669 659 imo
2743 617 2875 657 vero
2954 604 3008 655 in
3103 600 3271 669 ipsius
3364 597 3578 654 Domini
3665 596 3844 650 verbs.

2300 694 2615 764 Sequuntur
2679 693 2825 748 enim
2907 690 3021 747 hac
3083 691 3169 745 illa
3254 687 3466 743 Domini
3517 685 3679 740 verba
3726 684 3849 754 qni-

2296 788 2401 843 bus
2445 787 2726 854 perficitur
2773 793 3192 846 sacramentum,
3220 776 3447 853 scilicet,
3504 777 3613 832 Hoc
3632 784 3711 833 est
3738 791 3848 831 cor-

2299 894 2397 945 pus
2424 892 2617 943 meum,
2640 884 2716 943 et,
2743 875 2841 930 Hie
2864 881 2940 928 est
2962 859 3174 941 sanguis
3209 885 3373 931 meus,
3394 864 3849 937 Quemadmodum

2298 982 2387 1022 res
2420 969 2535 1035 ipsa
2564 983 2677 1021 rem
2708 967 2876 1034 ipsam
2908 963 3177 1032 sequitur,
3210 962 3313 1015 hoc
3354 968 3458 1025 est,
3498 966 3847 1027 peccatorum

2298 1059 2546 1113 remissio
2573 1056 2835 1113 Dominici
2873 1053 3121 1122 corporis
3174 1050 3634 1113 communionem,
3699 1045 3853 1116 cujus

2297 1158 2380 1204 est
2407 1148 2655 1201 effectus.
2684 1146 2858 1201 Medio
2889 1143 3052 1213 igitur
3082 1140 3179 1196 illo
3210 1148 3475 1209 tempore,
3504 1152 3614 1207 quo
3667 1136 3853 1191 divina
3924 1204 3927 1207 _

2298 1251 2461 1305 opera
2496 1244 2619 1290 ante
2677 1236 2839 1289 verba
2896 1233 3111 1287 Domini
3156 1230 3475 1294 laudantur,
3519 1235 3574 1284 et
3628 1241 3738 1298 quo
3762 1241 3859 1281 ea-

2300 1329 2421 1379 dem
2464 1336 2586 1394 post
2615 1326 2701 1379 illa
2734 1325 2899 1378 verba
2929 1324 3129 1392 populo
3153 1320 3441 1376 manifesta
3481 1320 3639 1382 fiunt,
3661 1331 3857 1372 conse-

2301 1419 2471 1470 cratio
2503 1418 2580 1479 fit,
2606 1416 2714 1470 illis
2767 1416 3016 1469 videlicet
3038 1412 3471 1485 Dominiverbis.
3499 1405 3666 1464 Addit
3692 1409 3859 1463 etiam

2303 1506 2485 1572 postea
2520 1504 2661 1557 idem
2690 1520 2845 1559 sacer
2866 1488 3186 1572 Dionysius:
3214 1497 3504 1568 Postquam
3530 1511 3711 1553 autem
3741 1499 3862 1551 lau-

2301 1594 2534 1660 daverit,
2570 1601 2625 1647 et
2654 1582 3012 1647 venerandam
3039 1590 3575 1657 intellectualemque
3607 1589 3861 1657 specula-

2304 1687 2504 1739 tionem
2534 1698 2720 1737 eorum
2772 1682 3232 1738 intellectualibus
3265 1680 3440 1735 oculis
3491 1679 3860 1748 perspexerit,

2303 1778 2367 1831 ad
2401 1777 2748 1847 symbolicam
2773 1792 2956 1830 eorum
2982 1762 3447 1828 consecrationem
3479 1770 3645 1834 venit,
3679 1779 3735 1823 et
3756 1770 3864 1823 hoc

2305 1870 2604 1923 secundum
2639 1870 2886 1944 divinam.
2910 1868 3280 1923 traditionem.
3320 1865 3488 1930 Quem
3529 1864 3708 1918 locum
3769 1877 3865 1915 ex-

2303 1977 2509 2031 ponens
2532 1960 2902 2026 Maximusait
2921 1978 2949 2012 :<
2975 1957 3308 2013 Benedicens
3343 1954 3552 2011 scilicet
3581 1957 3775 2024 panem
3806 1961 3865 2007 et

2301 2054 2521 2108 calicem
2552 2064 2827 2105 sacrorum
2862 2066 3171 2104 munerum.
3230 2047 3369 2118 Ergo
3425 2046 3861 2103 benedictionem

2302 2146 2459 2213 panis
2484 2156 2538 2198 et
2569 2144 2751 2198 calicis
2801 2142 3265 2197 consecrationem
3299 2142 3374 2195 ait
3402 2137 3863 2220 esse-Dionysius,

2303 2244 2535 2304 eamqtie
2567 2234 2869 2289 secundum
2928 2235 3197 2288 divinam.
3228 2233 3597 2287 traditionem.
3628 2230 3865 2285 Benedi-

2303 2328 2412 2381 ctio
2438 2326 2603 2396 igitur
2642 2326 2798 2394 panis
2860 2336 2914 2378 et
2969 2326 3175 2390 calicis,
3212 2340 3318 2392 qua
3372 2334 3501 2379 tunc
3560 2323 3861 2379 secundum

2305 2418 2618 2487 Dionysium
2644 2417 2955 2471 sacerdotes
3002 2415 3498 2481 utebantur,’cum
3551 2398 3811 2468 dicebant
3846 2431 3860 2466 :

2307 2508 2375 2561 Et
2395 2507 2597 2577 gratias
2618 2523 2784 2576 agens
2814 2506 3117 2567 benedixit,
3141 2504 3519 2568 sanetilicavit,
3561 2505 3741 2573 fregit,
3773 2504 3869 2559 de-

2306 2602 2494 2667 ditque
2514 2596 2798 2664 discipulis
2825 2598 2939 2649 suis
2967 2597 3181 2649 dicens:
3205 2597 3432 2664 Accipite
3451 2604 3498 2648 et
3531 2602 3867 2660 mandante,

2307 2691 2399 2740 hoc
2422 2694 2495 2739 est
2524 2702 2708 2751 corpus
2743 2702 2912 2752 meum
2938 2700 2956 2738 :
3000 2685 3133 2748 haec,
3160 2687 3404 2753 inquam,
3431 2686 3743 2739 benedictio
3770 2700 3869 2756 per

2310 2777 2473 2830 verba
2503 2776 2721 2830 Domini
2754 2774 2965 2844 perlicit
3019 2783 3444 2829 sacramentum.
3499 2774 3865 2839 Quamobrem

655 2870 953 2924 arationem
976 2871 1255 2925 accedere.
1286 2871 1763 2926 Consecrationem
1788 2873 1933 2925 enim
1965 2873 2067 2927 hoc
2088 2874 2207 2928 loco
2235 2879 2278 2933 ο
2312 2872 2609 2931 secundum
2659 2869 2898 2922 divinam
2966 2866 3310 2921 traditionem
3357 2867 3461 2922 hoc
3513 2866 3646 2921 fieri-
3690 2867 3870 2937 inquit

657 2972 833 3026 vocat,
859 2976 977 3043 .non
1008 2962 1150 3016 illam
1179 2977 1298 3030 qua:
1319 2962 1434 3017 sola
1454 2971 1511 3017 et
1540 2962 1851 3034 principalis
1875 2974 1977 3028 est,
2006 2974 2062 3020 et
2085 2966 2202 3019 sine

656 3068 763 3123 qua
789 3052 974 3122 perlici
1001 3052 1335 3133 ‘mysterium
1381 3065 1489 3106 non
1542 3064 1747 3122 posset,
1781 3055 1874 3109 sed
1919 3071 2037 3110 eam
2085 3071 2204 3126 qua:

662 3146 841 3197 notior
866 3153 951 3198 est
974 3158 1037 3199 ac
1076 3143 1415 3199 manifestior
1449 3144 1806 3209 multitudini,
1866 3162 2093 3217 quaeque
2132 3149 2204 3202 ad

656 3236 887 3306 primam
917 3235 1059 3290 illam
1085 3244 1249 3305 atque
1300 3236 1623 3305 praecipuam
1645 3253 1765 3306 qua:
1811 3238 1867 3292 lit
1893 3239 2070 3294 verbis
2104 3240 2207 3294 Do-

658 3326 811 3395 mini,
845 3328 1098 3395 refertur,
1122 3340 1281 3396 quam
1310 3329 1498 3383 eodem
1526 3329 1782 3401 temporis
1809 3341 2102 3397 momento,
2131 3344 2206 3395 et,

659 3432 718 3477 ut
742 3435 901 3491 supra
926 3422 1178 3484 diximus,
1232 3422 1420 3477 eodem
1449 3436 1615 3488 nunc,
1657 3438 1782 3478 cum
1822 3424 2003 3479 verbis
2030 3425 2208 3479 Domi-

660 3514 797 3568 nicis
828 3512 1432 3581 protulissetsacerdos,
1465 3515 1508 3571 si
1544 3514 1596 3567 id
1629 3526 1825 3569 natura
1855 3531 2035 3570 rerum
2063 3517 2205 3571 ferre

659 3610 939 3679 potuisset.
972 3607 1085 3664 Hoc
1108 3618 1286 3662 autem
1316 3623 1381 3661 ex
1424 3624 1491 3661 eo
1533 3624 1747 3679 quoque
1770 3610 1827 3663 iit
1850 3612 2203 3677 manifestius,

658 3701 800 3772 quod
818 3700 981 3753 etiam
998 3710 1121 3753 ante
1148 3698 1261 3751 hac
1275 3698 1437 3751 verba
1457 3699 1748 3766 perfectum
1770 3702 1877 3770 jam
1902 3718 2213 3758 sacramen-

660 3804 775 3849 tum
802 3807 999 3862 pouere
1020 3790 1251 3852 videtur,
1270 3805 1391 3844 cum
1407 3792 1541 3844 dicit
1562 3793 1710 3858 quod
1728 3793 2031 3856 hierarcha,
2057 3809 2208 3848 acce-

659 3885 794 3937 dens
836 3882 899 3935 ad
936 3896 1148 3935 sacrum
1218 3882 1407 3946 altare,
1476 3881 1656 3935 laudat
1700 3882 1981 3949 pradictas
2031 3899 2211 3937 sacras

660 3974 1023 4044 operationes,
1050 3982 1103 4027 et
1156 3972 1227 4023 ita
1259 3983 1539 4025 consecrat
1568 3972 1924 4035 divinissima,
1956 3981 2013 4026 et
2038 3976 2212 4027 mani-

663 4071 820 4122 festat
848 4066 1087 4122 laudata.
1124 4062 1465 4121 Manifestare
1526 4076 1705 4121 autem
1761 4068 1998 4135 laudata,
2060 4069 2209 4136 juxta

660 4158 981 4226 expositoris
1029 4158 1349 4216 sententiam
1415 4160 1506 4227 qui
1539 4156 1638 4212 fuit
1663 4160 1747 4214 vir
1772 4161 2210 4231 sapientissimus

660 4250 939 4309 Maximus,
971 4258 1053 4305 est
1073 4245 1214 4305 clara
1233 4250 1410 4306 facere
1430 4266 1550 4319 quae
1574 4252 1789 4307 laudata
1812 4263 1958 4318 sunt,
1977 4255 2079 4308 hoc
2109 4264 2212 4317 est,

662 4340 841 4391 divina
889 4355 1049 4408 opera
1083 4341 1306 4402 Christi,
1347 4357 1465 4409 quae
1492 4346 1829 4399 enumeravit
1878 4343 2013 4399 facta
2043 4361 2071 4399 a
2099 4346 2214 4401 Sal-

662 4439 849 4481 vatore
881 4440 1066 4483 nostro
1083 4431 1135 4482 in
1166 4432 1536 4485 remissionem
1554 4440 1890 4501 peccatorum
1907 4446 1961 4491 et
1980 4437 2031 4489 in
2046 4438 2212 4491 Vitam

663 4530 947 4575 aeternam.
972 4519 1094 4573 llaec
1119 4520 1279 4573 verba
1302 4531 1425 4573 sunt
1447 4520 1683 4584 Maximi,
1714 4525 1819 4578 imo
1836 4526 1998 4580 etiam
2021 4512 2214 4596 Dionyé

663 4612 750 4667 sii.
789 4611 999 4665 Nemini
1032 4622 1212 4665 autem
1245 4611 1468 4663 dubium
1505 4622 1605 4674 est.
1639 4618 2211 4671 commemorationem

664 4702 969 4755 divinorum
1004 4699 1387 4753 beneficiorum
1416 4699 1530 4751 ﬁeri
1566 4714 1688 4755 :tntc
1728 4704 1889 4758 verba
1912 4705 2211 4759 Dominica.

664 4792 794 4857 Quae
818 4806 947 4845 vero
982 4790 1068 4842 illa
1100 4790 1225 4850 sint,
1248 4788 1359 4855 ipse
1392 4790 1580 4841 doctor
1613 4805 1912 4852 enumerat,
1943 4794 2215 4859 Quamob-

667 4896 780 4931 rem
807 4887 862 4931 et
924 4888 1048 4931 ante
1084 4876 1248 4929 verba
1280 4876 1490 4929 Domini
1541 4876 1703 4931 fuisse
1737 4880 1851 4934 haec
1882 4882 2213 4937 manifestis-

669 4974 804 5024 sime
843 4972 1037 5022 docere
1071 4970 1342 5019 videntur.
1377 4966 1528 5030 Quod
1598 4983 1774 5022 autem
1837 4972 1886 5023 in
1944 4974 2219 5027 remissio-

668 5077 789 5116 nem
842 5070 1186 5129 peccatorum
1216 5070 1268 5109 et
1298 5056 1463 5108 vitam
1492 5066 1746 5109 aeternam
1784 5062 1893 5125 ipsa
1918 5078 2082 5128 opera
2116 5063 2218 5115 du-

666 5161 809 5213 cant,
841 5164 961 5201 mox
989 5162 1087 5215 pen
1116 5145 1273 5198 verba
1300 5145 1578 5198 Dutninica
1634 5150 1901 5213 sequitur,
1939 5152 2043 5203 imo
2093 5168 2219 5206 vero

669 5241 809 5293 inter
840 5240 952 5308 ipsa
988 5236 1197 5292 Domini
1232 5236 1395 5290 verba
1425 5237 1752 5288 continetur.
1778 5237 1904 5290 .Hoc
1944 5240 2085 5291 enim
2120 5252 2215 5305 est,

668 5328 863 5393 inquit,
895 5343 1078 5395 corpus
1104 5341 1295 5389 meum,
1319 5324 1458 5393 quod
1485 5340 1579 5393 pro
1606 5324 1742 5377 vobis
1768 5325 2028 5393 frangitur
2060 5330 2112 5379 in
2143 5344 2221 5379 re-

673 5419 962 5471 mis-sionem
994 5428 1320 5485 peccatorum
1350 5436 1367 5482 ;
1400 5426 1494 5475 et;
1532 5417 1630 5471 Hic
1660 5427 1731 5470 est
1784 5421 1999 5487 sanguis
2058 5437 2221 5481 mena,

673 5509 760 5574 qui
793 5525 884 5576 pro
942 5512 1078 5562 vobis
1109 5518 1157 5561 ει
1190 5511 1365 5564 multis
1418 5510 1712 5581 e/{uudelur
1765 5512 1818 5564 in
1859 5512 2217 5565 remissionem

2311 2962 2614 3031 Dionysius.
2645 2959 2890 3013 Traditio
2925 2960 3070 3013 enim
3091 2958 3292 3013 Christi
3319 2958 3433 3014 Ι)ωο
3463 2959 3588 3023 fuit,
3620 2960 3867 3029 accipere

2309 3068 2527 3123 panem,
2555 3053 2756 3121 gratias
2803 3066 2995 3136 agere,
3043 3051 3390 3115 benedicere,
3440 3059 3496 3105 et
3552 3051 3716 3105 verba
3775 3050 3868 3105 illa

2312 3146 2686 3215 pronuntiare.
2745 3145 2934 3200 Nonne
2983 3141 3146 3214 igitur
3198 3143 3320 3197 luce
3368 3142 3571 3197 clarius
3619 3142 3869 3197 videmus

2309 3239 2472 3292 etiam
2508 3236 2819 3292 testimonio
2854 3234 3120 3306 Dionysii,
3155 3250 3253 3304 per
3306 3233 3471 3289 verba
3498 3230 3712 3288 Domini
3737 3248 3871 3288 con-

2310 3340 2581 3384 secratum
2619 3342 2741 3384 esse
2785 3326 3142 3383 Eucbaristias
3197 3326 3514 3398 mysterium
3536 3322 3869 3379 benedictio-

2318 3438 2386 3476 ne
2437 3416 2812 3491 prtecedentei
2843 3412 3134 3491 praesertim
3158 3419 3307 3488 juxta
3336 3414 3646 3473 Graecorum
3684 3419 3866 3482 ritum,

2311 3516 2402 3584 qui
2435 3521 2554 3583 post
2586 3512 2913 3567 oblationem
2954 3525 3239 3573 munerum
3273 3510 3327 3565 in
3360 3509 3541 3575 altari,
3576 3526 3853 3581 nunquam

2311 3620 2397 3671 ea,
2417 3619 2516 3658 nec
2538 3611 2717 3667 antea,
2740 3618 2839 3658 nec
2868 3612 2989 3672 post
3011 3600 3365 3664 benedicunt,
3392 3603 3495 3656 nisi
3519 3611 3725 3657 tantum
3743 3616 3866 3659 cum

2312 3714 2369 3751 se
2396 3698 2707 3751 existimant
2732 3710 3075 3759 consecrare,
3092 3696 3246 3766 quasi
3282 3694 3715 3750 benedictionem
3737 3710 3873 3749 con-

2316 3786 2607 3841 secrationi
2647 3784 3012 3839 necessariam
3039 3783 3435 3839 existimantes.
3468 3781 3698 3853 Propter
3725 3784 3867 3855 quod

2317 3886 2370 3929 et
2410 3876 2553 3928 hanc
2587 3874 3047 3945 benedictionem,
3101 3890 3264 3943 quam
3302 3873 3591 3943 Dionysius
3616 3885 3676 3929 et
3702 3874 3873 3929 laxi-

2319 3982 2440 4021 mus
2464 3974 2589 4019 ante
2614 3966 2776 4018 verba
2804 3964 3015 4023 Domini
3049 3964 3346 4022 faciendam
3370 3977 3613 4031 censent,
3644 3977 3870 4038 prater-

2319 4057 2545 4108 mittunt
2578 4055 2775 4120 nostri,
2828 4070 2933 4108 non
2964 4066 3110 4110 recte
3138 4054 3358 4139 quidem
3406 4040 3687 4117 iacientes.
3717 4057 3871 4124 QuOd

2282 4144 2290 4151 ’
2320 4150 2363 4200 si
2404 4156 2533 4201 tunc
2558 4146 2879 4201 benedicere
2906 4148 3081 4209 decet,
3118 4157 3174 4201 ut
3231 4148 3283 4203 bi
3333 4147 3584 4203 doctores
3614 4152 3877 4215 sentiunt,

2320 4242 2429 4293 imo
2470 4251 2599 4291 vero
2633 4245 2692 4294 ut
2732 4234 2991 4293 Dominus
3028 4235 3268 4303 tradidit,
3296 4240 3481 4309 procul
3513 4238 3683 4295 dubio
3746 4250 3881 4297 tunc

2318 4328 2542 4400 prolatis
2572 4326 2779 4385 Domini
2811 4330 2991 4384 verbis
3012 4330 3340 4385 credendum
3358 4343 3440 4387 est
3458 4328 3571 4386 ﬁeri
3590 4348 3883 4387 consecra-

2321 4424 2545 4477 tionem.
2581 4422 2780 4475 Subdit
2837 4423 3033 4475 deinde
3062 4423 3370 4492 Dionysius,
3405 4425 3548 4491 quod
3596 4426 3887 4493 postulans

2317 4513 2626 4574 hierarcha,
2684 4522 2744 4564 ut
2768 4510 2968 4580 dignus
2990 4512 3083 4565 tiat
3110 4514 3210 4565 hac
3262 4502 3695 4577 consecratione,
3719 4526 3773 4569 et
3806 4518 3880 4570 ad

2318 4603 2734 4658 similitudinem
2766 4602 2972 4655 Christi
3006 4602 3121 4654 hmc
3146 4602 3329 4655 divina
3352 4600 3619 4669 perﬁciat,
3658 4614 3709 4659 et
3731 4614 3884 4661 caste

2318 4693 2632 4760 distribuat,
2663 4694 3213 4763 participaturosque,
3260 4705 3423 4763 prout
3455 4710 3641 4750 sacros
3695 4695 3879 4763 decet,

2320 4787 2631 4854 participat,
2668 4793 2952 4837 consecrat
2988 4784 3346 4840 divinissima.
3380 4784 3451 4837 Ex
3481 4786 3680 4855 quibus
3710 4790 3888 4843 mani-

2320 4878 2612 4930 festissime
2644 4887 2890 4945 apparet,
2922 4875 3068 4945 quod
3109 4878 3218 4947 huic
3263 4877 3424 4930 verba
3454 4894 3762 4933 consecrare
3792 4894 3883 4934 asc

2321 4986 2427 5036 que
2466 4970 2715 5038 perﬁcere
2750 4985 2856 5037 per
2892 4968 3269 5039 synecdochen
3298 4968 3363 5039 ad
3388 4984 3467 5023 -ea
3490 4985 3609 5038 qua:
3639 4986 3888 5039 sequun-

2325 5074 2411 5115 tur
2452 5064 2625 5133 accipi
2652 5062 2870 5125 debent,
2902 5064 2949 5115 id
2979 5074 3065 5117 est
3090 5064 3155 5115 ad
3208 5074 3411 5116 castam
3443 5060 3886 5118 distributiOnem

2322 5156 2615 5224 etdignam
2650 5156 3141 5224 participationem,
3175 5169 3292 5222 quae
3322 5155 3503 5208 omnia
3543 5165 3664 5222 post
3686 5169 3889 5211 conse-

2323 5247 2619 5300 crationem
2652 5247 2895 5315 mysterii
2919 5245 3129 5314 precari
3158 5258 3219 5297 ac
3237 5254 3421 5311 petere
3440 5242 3697 5298 solemus.
3726 5242 3888 5310 Quod

2325 5336 2483 5389 facile
2512 5346 2596 5389 est
2625 5336 2946 5403 intelligere,
2974 5336 3018 5389 si
3050 5335 3176 5403 quis
3210 5333 3403 5384 missas
3455 5346 3485 5385 a
3518 5333 3746 5396 Jacobo,
3782 5334 3890 5391 Ba»

2324 5428 2446 5481 siiio
2472 5436 2527 5479 et
2553 5425 2938 5494 Cbrysostomo
2996 5428 3166 5479 editas
3214 5426 3501 5503 diligenter
3534 5426 3886 5480 animadver-

2331 5527 2404 5573 tat
2430 5534 2443 5570 :
2476 5526 2601 5571 tunc
2630 5517 2773 5573 enim
2803 5518 3071 5589 supplices
3096 5532 3334 5583 oramus,
3365 5527 3419 5571 ut
3442 5517 3603 5588 digne
3632 5531 3887 5577 commu-
