4106 6322
220 239 327 302 593

1155 260 1437 322 ORATIO
1474 231 1912 324 uocantes
1953 237 2102 324 mo
2147 232 2455 326 UNIONE.

3282 252 3382 338 set

208 359 472 454 ὲῖξήγηξιν
490 362 894 454 ᾲντεστήσαμεν
919 369 1144 443 ταύτην,
1169 378 1355 444 σαφῶς
1400 378 1745 446 παμάτῶσαν
1771 381 1819 434 Α
1849 362 1958 445 ἕχὲι
1989 381 2121 445 μετὰ
2183 379 2272 430 τοῦ
2332 343 2592 445 Πατρός.
2619 379 2726 432 Καὶ
2769 380 3042 449 ἀνωτέρω,
3072 382 3176 436 Τοῦ
3237 387 3386 454 Υῐοῦ,

206 447 308 516 τὴν
334 450 429 503 τοῦ
449 451 766 510 διδασκάλου
818 460 1095 514 διάνοιαν·
1127 468 1349 532 προσέτι
1398 467 1452 519 δὲ
1501 469 1594 519 καὶ
1643 468 1748 520 ἀπὸ

203 538 306 606 τῆς
328 542 619 610 ἀπολογίας
639 547 751 616 τῆς
771 549 1288 621 πρδς⁴Θεοδώρητον
1319 555 1377 608 τδ
1410 558 1539 609 αὐτὸ
1570 553 1744 617 τοῦτο,

160 685 164 688 ,
200 628 260 680 ετ
283 645 368 690 τις
384 634 738 702 εὐγνωμόνως
767 640 1076 716 ἀκούσεται,
1099 644 1268 708 δεῖξαι
1300 646 1594 712 δυνάμεθα.
1632 647 1749 697 Ἐκ-

199 720 494 804 πορεῷεται
529 726 626 791 μὲν
650 728 775 792 γὰρ,
823 719 1002 797 φηοὶν,
1031 730 1103 792 ὡς
1133 735 1196 784 ἐκ
1228 734 1320 785 τοῦ
1351 734 1483 785 Θεοῦ
1513 735 1605 785 καὶ
1633 735 1746 786 Παέ

199 811 335 878 τρὶς
367 813 425 863 τὸ
457 816 679 883 Πνεῦμα
709 819 767 870 τὸ
797 817 949 885 ἅγιον
1004 821 1139 873 κατὰ
1200 823 1296 890 τὴν
1351 824 1443 876 τοῦ
1499 825 1743 890 Μτῆρος

197 901 408 994 φωγὴν,
434 903 548 954 ἀλλ’
582 905 679 957 οὐκ
709 906 987 976 ἀλλότριόν
1010 911 1123 963 ἐστι
1145 912 1237 962 τοῦ
1265 912 1413 973 Υξοῦ,
1446 913 1617 963 πάντα
1639 911 1740 1001 γὰρ

197 1095 392 1145 gnere.
425 1081 625 1139 Deinde
644 1085 774 1137 satis
799 1086 909 1157 jam
937 1087 1002 1141 de
1031 1088 1134 1142 hoc
1163 1103 1258 1156 per
1291 1102 1388 1140 nos
1411 1085 1610 1138 dictum
1632 1094 1733 1148 est,

196 1173 422 1234 quando
447 1172 546 1225 etsi
580 1189 684 1226 non
724 1175 776 1226 in
817 1185 1064 1242 utroque,
1102 1170 1153 1229 in
1189 1178 1356 1229 altero
1406 1186 1579 1227 tamen
1612 1189 1735 1226 eum

193 1259 489 1310 mentitum
540 1259 705 1314 fuisse
755 1263 1118 1329 probavimus,
1161 1277 1282 1315 cum
1336 1257 1448 1328 ipse
1495 1261 1731 1328 quidem,

173 1339 345 1412 quod
409 1362 503 1413 per
548 1342 740 1402 Filium
789 1349 1024 1415 Spiritus
1067 1350 1260 1403 habeat
1303 1349 1732 1414 subsistentiam,

192 1437 453 1502 negaret;
503 1452 600 1490 nos
650 1448 828 1491 autem
878 1440 1201 1493 testimoniis
1232 1440 1512 1493 doctorum
1546 1440 1737 1506 proba-

189 1525 438 1576 verimus
463 1541 649 1579 verum
678 1542 817 1592 esse,
843 1527 913 1579 ita
950 1535 1008 1580 ut
1047 1545 1150 1582 non
1185 1530 1474 1585 debeamus
1520 1523 1736 1583 silentio

186 1613 333 1664 sacri
358 1613 571 1666 concilii
613 1613 731 1677 niti,
785 1624 838 1668 et
877 1615 1000 1669 inde
1033 1632 1278 1684 arguere,
1309 1619 1452 1686 quod
1484 1618 1736 1672 Theodo-

1857 462 2007 535 φητὶ.
2037 468 2254 532 Πνεῦμα
2282 470 2341 519 τὸ
2363 469 2604 536 Πνεῦμα,
2643 469 2735 520 καὶ
2770 470 2899 521 ἴδιον
2922 470 3104 536 αὐτοῦ,
3141 491 3390 540 μονονου-

1853 559 1906 625 χὶ
1936 558 2090 611 τοῦτο
2113 559 2300 624 λέγων,
2327 561 2400 618 ὡς
2432 561 2478 610 ei
2511 560 2600 612 καὶ
2630 560 2688 609 ὲκ
2717 559 2806 609 τοῦ
2848 560 3055 624 Harpe;
3094 561 3386 629 ἐκπορεύε-

1854 646 1977 698 σθαι
2020 647 2148 698 αὐτὸ
2176 649 2203 699 ὀ
2234 647 2490 716 σωτήριος
2511 664 2641 714 φησι
2668 648 2840 713 λόγος,
2874 647 2986 697 ἀλλ’
3020 647 3167 699 οὐδὲν
3219 646 3382 717 ἧττόν

1851 737 2083 788 ἐστικαὶ
2114 735 2203 788 τοῦ
2228 736 2378 798 Υῐοῦ,
2413 737 2702 804 ὡς’δη).αδὴ
2732 737 3156 804 ἐκπορευόμενον
3184 738 3240 800 ἐξ
3288 740 3383 789 αὑ-

1846 821 1938 872 τοῦ
1978 840 1991 853 ·
2021 825 2165 890 καὶὴ
2201 824 2364 886 αἰτία,
2398 819 2480 875 ὅτι
2509 826 2684 876 πάντα.
2716 824 2826 891 ἔχει
2854 825 2989 888 μετὰ
3011 825 3101 876 τοῦ
3134 826 3337 896 Πατρός
3365 841 3378 854 ο

1845 912 1932 962 διὰ
1959 913 2112 962 τοῦτο
2136 913 2262 979 γὰρ,
2293 912 2444 980 φησι,
2471 913 2563 964 καὶ
2611 913 2691 975 ea,
2759 913 2859 974 Ἐξ
2915 913 3057 980 ἐμοῦ
3099 915 3376 981 λήψεται,

1843 1087 1984 1155 quod
2011 1089 2110 1144 hoc
2157 1093 2222 1142 de
2265 1089 2466 1158 Spiritu
2523 1091 2734 1144 dixerat
2777 1091 3053 1147 Dominus.
3100 1092 3377 1146 Postremo

1804 1248 1806 1250 ν
1844 1177 1984 1228 idem
2018 1177 2208 1244 prohat
2232 1191 2341 1253 per.
2373 1178 2517 1231 illam
2564 1182 2959 1243 auctoritatem,
2995 1182 3138 1246 quod
3169 1181 3248 1233 ex'
3287 1201 3370 1244 eo,

1842 1265 1893 1316 id
1925 1275 2028 1329 est,
2055 1264 2192 1318 Filio
2222 1265 2446 1333 accipiat
2472 1267 2721 1335 Spiritus.
2762 1270 2872 1320 Hoc
2903 1269 3044 1320 enim
3076 1279 3129 1320 et
3159 1281 3376 1322 sanctus

1840 1353 2170 1421 Epiphanius
2195 1353 2450 1422 (utpaqu
2480 1366 2596 1424 post
2624 1359 2966 1424 ostenditur),
2998 1373 3094 1426 pro
3132 1372 3197 1410 co
3228 1360 3371 1424 quod

1839 1458 1904 1495 ex
1942 1457 2007 1495 eo
2063 1445 2335 1509 procedat,
2373 1446 2743 1513 accipinlpse
2777 1460 2991 1512 quoque
3045 1445 3228 1498 beatus
3268 1444 3376 1512 Cy-

1841 1531 1996 1583 rillus
2035 1531 2086 1584 in
2117 1534 2450 1598 expositione
2475 1550 2635 1602 super
2661 1535 2947 1596 Joannem,
2991 1535 3154 1602 ipsam
3186 1546 3372 1587 aucto-

1841 1620 2045 1672 ritatem
2080 1636 2350 1687 exponens
2372 1665 2384 1684 ,
2420 1624 2496 1676 sic
2542 1624 2716 1691 inquit
2749 1640 2760 1673 :
2792 1623 3049 1690 Accipere
3085 1624 3227 1676 enim
3257 1622 3375 1687 Spi-

187 1704 336 1755 ritus
362 1703 665 1769 scripsisset
713 1704 969 1772 Spiritum
1013 1718 1278 1770 sanctum,
1330 1724 1430 1762 nec
1460 1725 1525 1762 ex
1575 1708 1730 1773 Filio,
1766 1689 1806 1745 Β
1839 1709 1997 1761 ritum
2052 1708 2278 1760 dicimus
2333 1724 2398 1762 ex
2443 1689 2701 1765 Patre—et
2734 1713 2871 1763 Filio
2911 1689 3124 1779 eaqua:
3160 1712 3370 1763 illorum

188 1808 297 1846 nec
337 1809 433 1863 per
454 1793 647 1848 Filium
676 1796 1078 1850 subsistentiam
1109 1798 1330 1861 habere,
1357 1810 1410 1850 et
1438 1799 1734 1852 concilium

189 1884 281 1936 his
330 1885 533 1938 auditis
581 1887 826 1950 tacuerit,
885 1901 985 1939 nec
1017 1900 1138 1938 eum
1199 1886 1574 1952 redarguerit:
1613 1884 1734 1936 ideo’

188 1975 382 2036 tacuit,
419 1975 544 2042 quia
576 1991 697 2028 eum
729 1991 855 2029 vera
885 1977 1088 2029 dixisse
1114 1977 1337 2029 sciebat.
1368 1976 1503 2028 Ecce
1536 1975 1730 2029 etenim

187 2062 479 2130 probatum
510 2063 723 2128 quidem
741 2073 836 2128 est,
856 2063 1116 2132 Spiritum
1142 2073 1382 2117 sanctum
1413 2078 1508 2128 per
1539 2062 1730 2115 Filium

186 2153 597 2205 subsistentiam
628 2152 864 2215 habere;
898 2152 1134 2219 synodus
1166 2167 1290 2202 vero
1319 2165 1421 2202 non
1467 2151 1636 2201 solum
1666 2150 1733 2203 de

186 2245 382 2304 altero,
423 2240 672 2293 videlicet
701 2241 840 2308 quod
895 2256 1000 2292 non
1032 2257 1097 2291 ex
1145 2239 1280 2290 Filio
1325 2240 1516 2290 habeat
1557 2239 1731 2290 subsi-

185 2333 463 2394 stentiam,
499 2331 681 2391 tacuit,
719 2329 810 2381 sed
843 2328 1003 2381 etiam
1031 2328 1095 2381 de
1126 2330 1290 2379 altera
1315 2337 1482 2394 parte,
1508 2329 1606 2380 hoc
1626 2338 1726 2392 est,

183 2425 332 2490 quod
367 2435 464 2473 nec
504 2435 597 2486 per
635 2419 827 2472 Filium
858 2419 1130 2486 procedat,
1162 2418 1306 2485 quod
1350 2426 1526 2470 tamen
1558 2419 1730 2486 palam

186 2510 384 2564 falsum
409 2518 513 2561 est.
549 2505 1009 2571 Quemadmodum
1044 2508 1185 2560 enim
1226 2507 1327 2559 hoc
1362 2492 1574 2561 silentio
1602 2523 1734 2575 prae—

186 2598 357 2660 teriit,
403 2611 520 2648 cum
553 2605 730 2650 tamen
766 2597 955 2649 falsum
981 2598 1089 2661 (sit,
1137 2598 1206 2649 ita
1248 2597 1407 2650 etiam
1442 2598 1725 2663 reliquum,

185 2672 441 2739 videlicet
479 2687 617 2753 quod
661 2702 757 2739 nec
781 2702 844 2738 ex
895 2687 1030 2739 Filio
1060 2686 1466 2740 subsistentiam
1513 2685 1728 2747 habeat,

182 2792 310 2832 eum
351 2776 524 2843 ipsum
551 2792 763 2848 quoque
791 2778 982 2829 falsum
1017 2780 1105 2831 sit.
1134 2778 1252 2829 Ηευε
1285 2778 1446 2844 igitur
1490 2778 1539 2828 in
1568 2791 1727 2842 supe-

183 2867 427 2919 rioribus
483 2866 748 2930 diximus,
797 2878 844 2918 et
881 2883 1021 2919 nunc
1074 2868 1215 2919 illius
1247 2868 1374 2919 noni
1417 2868 1729 2919 anatlicma~

186 2955 358 3019 tismi,
388 2964 571 3007 Contra
601 2971 758 3022 quem
803 2954 1159 3007 Theodoritus
1190 2957 1428 3008 seribens
1451 2957 1535 3007 illa
1569 2955 1722 3018 dixit,

180 3045 361 3113 ipsius
400 3044 583 3112 Cyrilli
615 3045 1006 3111 expositionem
1031 3045 1354 3110 indusimus,
1381 3048 1618 3113 seipsum
1672 3056 1728 3098 et

181 3150 339 3188 suam
397 3145 629 3187 mentem
665 3135 1035 3201 'cxponentis,
1088 3143 1141 3186 et
1190 3147 1375 3186 contra
1445 3134 1725 3186 maledicta

184 3222 502 3275 Tbeodoriti
555 3223 881 3289 replicantis.
937 3223 1049 3274 Non
1088 3223 1241 3274 decet
1291 3223 1471 3288 igitur,
1530 3221 1727 3273 omisso

182 3315 278 3366 illo
299 3316 463 3367 alium
505 3328 748 3382 quaerere
795 3323 1078 3365 verborum
1114 3311 1294 3378 Cyrilli
1338 3311 1721 3376 expositorem,

181 3411 238 3456 et
271 3406 564 3468 praesertim
590 3403 912 3454 acerrimum
950 3401 1063 3467 ejus
1089 3400 1315 3451 hostem.
1343 3400 1517 3462 Quare
1546 3407 1722 3452 autem

180 3490 420 3557 Cyrillus
453 3489 712 3555 Spiritum
754 3488 960 3540 dixerat
986 3488 1255 3554 proprium
1289 3487 1428 3551 Filii,
1474 3486 1525 3538 in
1574 3502 1720 3540 nono

177 3582 662 3645 anathematismo,
713 3560 854 3648 quod
902 3580 1262 3632 Tbeodoritus
1314 3579 1546 3646 carpsit,
1608 3580 1722 3646 ipse

175 3687 496 3742 exponens:
533 3671 668 3736 Quia
695 3671 845 3734 dicit,
874 3671 947 3724 Ex
979 3684 1043 3722 eo
1074 3678 1173 3734 est,
1212 3681 1267 3722 et
1296 3670 1624 3722 conveniens
1668 3671 1720 3722 in

179 3767 285 3819 hoc
315 3763 754 3820 Occidentalibus
781 3763 1044 3816 Patr-ibus.
1077 3762 1137 3813 Et
1175 3762 1247 3814 illi
1277 3761 1420 3814 enim
1461 3759 1721 3828 Spiritum

176 3855 372 3910 dicunt
405 3856 520 3910 Filii
559 3866 810 3923 tanquam
835 3869 898 3906 ex
936 3869 1000 3906 eo
1017 3853 1424 3919 procedentem.
1458 3851 1721 3905 Praeterea

176 3963 245 4000 ex
271 3946 624 4015 responsione
653 3945 832 4013 Cyrilli
881 3944 943 3995 ad
993 3943 1378 4000 'l‘hcodoritum
1427 3942 1566 3995 idem
1601 3958 1724 4010 pro-

177 4053 310 4090 ...“ie
356 4049 661 4100 possumus,
690 4050 734 4087 SI
775 4034 894 4100 quis
949 4033 1063 4085 sine
1111 4033 1456 4086 contentione
1488 4033 1672 4086 audiat
1706 4050 1718 4085 :

177 4126 432 4180 Procedit
461 4125 700 4191 quidem,
738 4123 929 4188 inquit,
973 4121 1205 4184 Spiritus
1256 4130 1475 4175 sanctus
1507 4138 1572 4174 ex
1614 4121 1721 4174 Deo

177 4216 338 4268 Patre
394 4212 692 4264 secundum
737 4212 896 4262 verba
930 4210 1241 4271 Salvatoris,
1270 4225 1372 4261 non
1419 4218 1605 4266 tamen
1638 4219 1720 4262 est

1837 1809 1978 1861 sunt,
2013 1813 2116 1849 non
2155 1788 2405 1864 tanquam
2459 1800 2745 1865 aiiqnando
2781 1802 2996 1861 quidem
3026 1800 3372 1851 non'haben—

1835 1894 1939 1937 tem
1979 1887 2188 1938 insitam
2221 1887 2271 1936 in
2300 1887 2379 1939 eis
2412 1889 2726 1954 sapientiam
2775 1899 2829 1942 et
2876 1892 3206 1955 potentiam,
3247 1901 3367 1938 cum

1831 1974 2158 2042 intelligatur
2212 1974 2407 2029 habere
2472 1977 2711 2030 eamdem
2770 1979 3092 2042 essentiam,
3160 1991 3369 2041 semper

1831 2063 2025 2124 etenim
2077 2065 2287 2130 sapiens
2327 2077 2380 2118 et
2431 2076 2622 2132 potens
2659 2078 2743 2122 est
2792 2069 3059 2133 Spiritus;
3100 2069 3206 2120 imo
3240 2083 3368 2121 vero

1831 2153 1943 2218 ipsa
1982 2153 2242 2218 sapientia
2270 2162 2323 2205 et
2352 2157 2585 2220 potentia
2617 2167 2698 2208 est
2721 2200 2733 2219 ,
2780 2173 2886 2209 non
2928 2157 3366 2224 participatione,

1830 2241 1923 2294 sed
1949 2243 2286 2297 naturaliter.
2312 2243 2366 2296 Si
2403 2245 2564 2313 igitur
2596 2247 2644 2297 id
2687 2246 2825 2312 quod
2866 2246 3103 2314 Spiritus
3142 2262 3203 2298 ex
3236 2246 3373 2299 Filio

1831 2331 2042 2398 accipit,
2096 2331 2353 2400 sapientia
2403 2341 2456 2385 et
2496 2335 2731 2401 potentia
2788 2343 2903 2396 est,
2964 2337 3074 2387 haec
3102 2349 3226 2386 vero
3264 2351 3367 2384 non

1829 2420 2116 2488 aliquando
2169 2421 2383 2488 quidem
2446 2424 2640 2486 habet,
2701 2425 2987 2488 aliquando
3041 2440 3168 2477 vero
3225 2438 3367 2485 non,

1828 2523 2043 2575 semper
2090 2526 2318 2577 namque
2377 2513 2496 2564 talis
2536 2521 2615 2563 est
2673 2526 2882 2577 natura,
2939 2530 3042 2565 non
3087 2515 3371 2578 participa-

1831 2599 2008 2660 tione;
2061 2611 2379 2666 semperque
2431 2613 2457 2648 a
2508 2599 2638 2650 Filio
2677 2600 2892 2663 accipit,
2930 2615 3047 2665 qua:
3087 2613 3205 2650 cum
3258 2613 3363 2661 non

1829 2687 2020 2740 habeat
2055 2672 2484 2753 participatione,
2520 2697 2705 2739 natura
2733 2689 2848 2753 ejus
2895 2698 3053 2740 sunt:
3086 2688 3209 2753 quid
3246 2687 3370 2737 hinc

1827 2779 2130 2846 colligatur,
2163 2779 2282 2845 quis
2314 2777 2558 2845 ignorat?
2585 2779 2645 2829 Et
2670 2779 2859 2829 merito
2885 2781 2994 2830 [nec
3019 2780 3204 2832 beatus
3237 2778 3369 2828 dicit

1827 2870 2076 2938 Cyrillus,
2114 2870 2203 2936 qui
2246 2870 2297 2921 in
2341 2870 2608 2935 plerisque
2641 2869 2758 2920 aliis
2805 2868 2936 2920 locis
2981 2867 3254 2918 manifeste
3307 2881 3370 2918 ex

1831 2961 1984 3024 Filio,
2021 2960 2176 3012 sicuti
2228 2975 2294 3011 ex
2335 2961 2520 3023 Patre,
2578 2958 2867 3024 procedure
2926 2958 3057 3009 (ιὶιρίι
3111 2957 3370 3021 Spiritum

1830 3060 2093 3103 sanctum.
2138 3049 2193 3101 In
2227 3049 2456 3115 cpistola
2515 3064 2744 3114 namque
2780 3048 2843 3099 ad
2887 3046 3226 3098 Nestorium:
3261 3043 3367 3095 Etsi

1827 3149 1927 3202 est,
1993 3139 2186 3207 inquit,
2250 3138 2483 3206 Spiritus
2536 3138 2589 3190 in
2623 3137 2830 3205 prepria
2886 3135 3154 3203 ltyposutsi
3204 3143 3372 3201 prout

1828 3227 2061 3294 Spiritus
2097 3239 2195 3289 est,
2229 3243 2332 3279 non
2369 3227 2556 3290 Filius,
2584 3241 2689 3278 non
2727 3235 2808 3276 est
2844 3235 3019 3275 tamen
3051 3223 3115 3275 ab
3145 3238 3209 3273 eo
3238 3221 3369 3271 alie-

1826 3331 1945 3378 nus,
1974 3314 2190 3381 profluit
2223 3325 2401 3367 autem
2439 3329 2504 3366 ex
2537 3327 2602 3365 co
2653 3313 2807 3364 sicuti
2849 3328 2909 3362 ex
2952 3317 3055 3360 t‘eo
3095 3319 3147 3360 et
3190 3310 3363 3361 Patre.

1824 3402 1901 3455 Ne
1931 3401 2052 3469 quis
2074 3413 2250 3454 autem
2286 3402 2386 3455 hoc
2419 3403 2660 3462 verbum,
2707 3400 2994 3452 l‘mtlnere,
3029 3399 3091 3448 de
3132 3398 3366 3448 secunda

1822 3501 1875 3544 et
1909 3491 2188 3556 temporali
2229 3490 2572 3556 processione
2613 3495 2764 3554 putet
2798 3489 2886 3537 hie
2926 3487 3089 3536 fuisse
3128 3484 3360 3546 dictum;

1823 3585 1994 3650 primo
2038 3582 2253 3648 quidem
2313 3581 2466 3644 sciat,
2524 3579 2666 3647 quod
2707 3593 2810 3629 non
2839 3586 2921 3629 est
2959 3578 3042 3630 hic
3070 3592 3243 3627 sermo
3295 3576 3361 3628 de

1800 3671 2200 3724 distributione
2251 3669 2520 3721 donorum
2572 3677 2626 3721 et
2667 3667 3050 3720 charismatum
3103 3665 3356 3731 Spiritus,

1821 3761 1912 3815 sed
1935 3761 2000 3815 de
2033 3760 2145 3828 ipsa
2169 3759 2287 3827 ejus
2319 3757 2613 3829 hypostasi.
2648 3756 2848 3810 Deinde
2888 3756 3008 3818 hoc,
3049 3739 3353 3817 ‘Prollnere,

1822 3863 2034 3916 semper
2064 3847 2308 3915 reperies
2340 3846 2480 3914 apud
2518 3845 2662 3898 hunc
2702 3845 2972 3896 doctorem
3018 3859 3131 3910 pro,
3163 3844 3363 3895 Proce-

1822 3939 1971 3994 dere.
2001 3937 2216 4010 Etenim
2251 3946 2362 3989 tum
2398 3936 2450 3988 in
2483 3935 2817 4003 expositione
2849 3933 3109 4002 Symboli,
3142 3931 3360 3999 proﬂuit

1822 4024 2057 4095 quidem,
2103 4025 2298 4092 inquit,
2349 4027 2449 4080 hoc
2483 4034 2586 4090 est,
2629 4025 2908 4093 procedit:
2960 4032 3070 4076 tum
3110 4023 3162 4075 in
3213 4031 3364 4075 sexto

1820 4118 1885 4170 ad
1935 4116 2226 4188 Hermiam,
2286 4125 2339 4167 et
2377 4114 2638 4182 Spiritum
2688 4116 2904 4182 quidem
2951 4117 3191 4168 veritatis
3241 4130 3361 4166 eum

1820 4205 2080 4266 nominat,
2131 4203 2396 4269 proﬂuere
2434 4212 2611 4255 autem
2645 4216 2710 4255 ex
2764 4205 2876 4270 ipso
2922 4205 3114 4255 asserit
3170 4203 3358 4264 Patre,

177 4303 390 4357 alienus
418 4317 446 4354 a
487 4300 660 4364 Filio;
691 4299 866 4352 omnia
915 4315 1142 4366 namque
1181 4314 1300 4348 cum
1333 4298 1486 4352 Patre
1534 4299 1715 4351 habet.
1750 4298 1792 4352 D
1824 4303 1933 4346 tum
1961 4293 2118 4345 etiam
2152 4293 2425 4360 plerisque
2463 4293 2582 4347 aliis
2613 4293 2667 4345 in
2705 4294 2839 4346 locis
2866 4294 3011 4346 idem
3046 4292 3196 4346 dicit.
3223 4293 3358 4345 Illud

179 4396 242 4447 Et
279 4394 386 4447 hoc
415 4393 640 4460 ipsemet
680 4390 879 4454 docuit,
917 4389 1100 4442 dicens
1130 4389 1194 4442 de
1223 4388 1438 4456 Spiritu
1492 4398 1676 4442 sancto
1704 4403 1719 4441 :

176 4485 366 4539 Omnia
419 4498 732 4551 qmrrunque
777 4482 922 4534 habet
987 4479 1163 4544 Pater,
1225 4495 1339 4538 mea
1385 4488 1554 4533 sunt:
1602 4479 1723 4532 ideo

177 4576 316 4628 dixit
349 4573 536 4626 vobis:
577 4572 656 4624 Ea:
695 4586 802 4624 meo
842 4572 1088 4637 accipiet,
1123 4579 1168 4622 et
1207 4569 1538 4621 annuntiabit
1565 4559 1720 4650 vobis.

178 4663 312 4717 Nam
352 4664 511 4733 etsia
539 4661 716 4725 Patre,
751 4661 950 4729 inquit,
973 4658 1264 4726 procedere
1305 4658 1564 4722 Spiritum
1599 4671 1723 4710 san-

178 4763 326 4807 ctum
375 4737 619 4804 Salvator
664 4750 835 4813 dixit,
871 4765 977 4802 non
1015 4749 1192 4801 minus
1229 4757 1403 4800 tamen
1445 4751 1531 4799 est
1561 4747 1721 4799 etiam

178 4837 338 4890 Filii:
391 4846 470 4887 est
510 4843 685 4888 autem
741 4836 879 4897 Filii,
942 4835 1391 4901 quemadmodum
1434 4842 1488 4886 et
1530 4834 1719 4886 Patris.

179 4925 440 4993 Superius
466 4939 695 4990 namque
726 4925 862 4976 dixit
899 4941 910 4974 :
936 4923 1062 4975 Erat
1103 4937 1332 4988 namque
1358 4930 1520 4975 etest
1550 4922 1722 4988 Spiri-

180 5031 262 5068 tus
311 5014 448 5082 ejus,
505 5013 648 5066 sicut
706 5023 760 5067 et
806 5014 978 5067 Patris
1013 5032 1025 5067 :
1067 5023 1121 5066 et
1160 5028 1284 5066 non.
1320 5013 1483 5080 magis
1528 5012 1718 5076 Patris,

181 5102 370 5160 minus
385 5103 526 5168 Filii,
554 5105 647 5157 sed
681 5106 930 5158 similiter
959 5106 1261 5158 amborum.
1285 5104 1396 5157 lloc
1425 5118 1552 5156 vero
1585 5103 1720 5156 nihil

176 5194 320 5249 aliud
350 5190 450 5259 est,
479 5193 579 5246 nisi
604 5211 618 5246 ε
646 5193 1106 5258 Quemadmodum
1142 5201 1223 5246 est
1253 5192 1485 5260 Spiritus
1527 5191 1717 5255 Patris,

179 5295 434 5353 tanquam
471 5298 536 5336 ex
586 5298 651 5336 eo
703 5285 1020 5352 procedens,
1061 5285 1132 5337 ita
1162 5283 1368 5337 scilicet
1396 5281 1555 5332 etiam
1601 5279 1717 5332 Filii

177 5383 275 5439 est,
333 5384 589 5440 tanquam
655 5388 718 5427 ex
747 5389 812 5427 eo
862 5391 954 5442 per
1009 5389 1132 5427 eum
1177 5371 1492 5441 procedens.
1524 5370 1592 5422 Et
1618 5369 1720 5423 hoc

180 5466 588 5533 signiticatcunt
620 5463 670 5516 in
723 5464 1087 5517 testimonium
1125 5463 1284 5530 huius
1337 5461 1410 5513 rei
1465 5460 1710 5526 accipiat,

180 5555 317 5620 quod
346 5553 514 5608 Filius
547 5553 724 5607 omnia
757 5552 949 5606 habeat
986 5567 1101 5618 quae
1135 5561 1186 5605 et
1229 5553 1401 5614 Pater,
1446 5559 1498 5603 ct
1526 5550 1705 5616 addat,

1821 4395 2036 4449 quoque
2070 4382 2210 4448 quod
2251 4381 2381 4434 dicit
2417 4419 2431 4435 .
2465 4380 2632 4436 Sicuti
2684 4397 2746 4436 ex
2801 4382 2910 4436 Deo
2952 4393 3007 4435 et
3041 4383 3209 4446 Patre,
3256 4399 3358 4434 non

1822 4471 2135 4540 superﬂuit;
2175 4471 2305 4524 nihil
2339 4473 2480 4525 enim
2503 4472 2589 4527 ille
2614 4488 3105 4540 supervacaneum,
3132 4474 3222 4525 sed
3248 4490 3359 4522 on:—

1824 4566 1910 4618 nia
1931 4581 2052 4618 cum
2076 4579 2268 4632 magno
2299 4565 2536 4631 pondere
2569 4563 2729 4628 dicit;
2754 4572 2807 4616 et
2838 4566 2910 4618 ita
2938 4566 3071 4629 vult,
3102 4565 3358 4632 Spiritum

1820 4671 1939 4710 esse
1979 4654 2117 4720 Filii,
2156 4663 2418 4720 proutest
2454 4653 2628 4706 Patris
2659 4671 2670 4703 :
2718 4663 2771 4704 et
2803 4656 2872 4707 ita
2911 4657 3196 4721 proﬂuere,
3231 4670 3361 4721 pro-

1821 4745 1958 4809 dire,
2010 4754 2065 4798 et
2095 4759 2349 4797 emanare
2403 4759 2431 4795 a
2459 4742 2612 4806 Filio,
2643 4751 2800 4808 prout
2830 4757 2856 4793 a
2891 4745 3068 4806 Patre,
3097 4752 3150 4794 et
3206 4743 3355 4793 nullo

1821 4838 1982 4890 modo
2009 4838 2185 4888 aliter.
2221 4836 2347 4900 ideo
2375 4834 2427 4886 in
2470 4847 2717 4887 sermone
2746 4833 2808 4884 ad
2851 4833 3210 4885 Theodosium
3256 4834 3355 4886 im-

1823 4935 2124 4993 peratorem
2165 4924 2229 4976 de
2281 4926 2383 4977 hoc
2418 4925 2662 4992 loquens,
2697 4931 2750 4974 et
2795 4920 2978 4976 volens
3015 4925 3238 4991 probare
3284 4927 3354 4978 ita

1819 5030 1938 5067 esse
1976 5014 2096 5067 Filii
2133 5013 2433 5080 Spiritum,
2476 5020 2635 5081 prout
2671 5011 2872 5074 Patris;
2922 5023 2975 5065 et
3005 5015 3076 5067 ita
3109 5030 3170 5067 cx
3224 5015 3358 5067 Filio

1821 5104 1975 5158 nobis
2009 5097 2263 5158 emanare
2291 5119 2435 5169 eum,
2477 5111 2633 5172 prout
2662 5118 2724 5155 ex
2755 5103 2908 5156 Patre
2934 5123 2946 5157 :
2972 5098 3086 5158 Non
3117 5121 3180 5156 ex
3203 5120 3351 5165 men-

1817 5208 1976 5258 sura,
2035 5193 2247 5260 inquit,
2295 5193 2594 5246 secundum
2642 5191 2936 5260 Joannem,
2969 5195 3060 5247 dat
3098 5195 3352 5261 Spiritum

1818 5282 2004 5345 Filius,
2059 5280 2153 5333 sed
2187 5280 2301 5348 ipse
2337 5295 2459 5331 eum
2503 5293 2566 5331 ex
2614 5280 2789 5348 scipso
2815 5283 3030 5345 emittit,
3092 5283 3353 5347 quemad-

1817 5373 2035 5424 modum
2066 5379 2116 5422 et
2159 5371 2271 5437 ipse
2319 5369 2494 5422 Pater.
2536 5368 2709 5434 Quare
2738 5376 2921 5424 beatus
2966 5373 3161 5424 Paulus
3206 5373 3350 5427 omni

1817 5460 1868 5512 in
1911 5459 2012 5510 hoc
2045 5457 2352 5509 ditIerentia
2407 5459 2699 5528 proposiia,
2738 5474 2882 5512 nunc
2912 5459 3128 5525 quidem
3167 5460 3273 5511 Deo
3297 5474 3352 5513 et

1817 5549 1959 5604 Patri
2022 5548 2170 5601 illum
2223 5547 2490 5616 attribuit,
2546 5532 2690 5600 nunc
2749 5563 2931 5603 rursus
2954 5529 3106 5604 Filio.
3147 5549 3351 5604 Profert
