4106 6322
183 379 185 381 λ
231 300 340 364 501
1173 299 1456 359 ORATIO
1493 297 1770 382 DOGMA‘

1874 300 1933 356 ΞΛ
1979 295 2130 359 PRO
2174 298 2488 359 UNIONE.
3356 274 3474 368 σοὶ

239 417 311 491 ὃν
344 416 456 484 ἐγὼ
484 414 696 482 πέμψω
735 414 877 483 ὑμῖν
899 414 1057 482 παρὰ
1082 414 1189 467 τοῦ
1214 416 1459 482 Πατρός,
1493 415 1561 466 τὸ
1619 416 1804 468 Πνεῦο
1834 421 1879 478 Α
1914 415 2224 483 Πνεύματος
2251 415 2480 482 νοοῦμεν
2522 414 2834 479 ὑπόστασιν,
2878 417 2971 470 καὶ
3001 417 3062 469 τὸ
3109 420 3462 487 πεμπόμενον

233 523 318 574 μα
345 507 457 572 τῆς
477 507 782 571 ἀληθείας,
820 507 851 558 ὃ
882 506 1038 574 παρὰ
1070 505 1175 558 τοῦ
1208 508 1436 572 Πατρός
1484 507 1802 572 ἐκπορεύε-

239 609 354 649 ται.
385 595 558 647 Τοῦτο
583 596 638 647 δὲ
663 597 769 646 ’καὶ
813 595 1220 662 γραμματικῶν
1279 596 1465 656 παῖδες
1513 587 1683 656 οὕτως
1721 577 1800 648 dav
1899 596 2026 646 ἄνευ
2049 597 2144 662 τῆς
2170 595 2276 646 ἀπὸ
2299 595 2408 646 τῶν
2437 595 2609 660 λόγων
2639 596 2906 662 ἀνάγκης,
2945 597 3036 647 καὶ
3066 597 3126 648 τὸ
3160 598 3260 664 μιν
3290 601 3460 658 ἐκτισ-

239 685 449 736 εἷποιεν
474 701 491 716 ο
521 683 694 738 Ὅταν
719 672 846 754 ἐλοῇ
883 687 913 736 ό
972 685 1346 752 Παράκλητος,
1403 684 1460 747 ὃς
1505 685 1655 754 παρὰ
1704 684 1798 737 τοῦ
1902 684 2153 750 ρεύεσθαι
2185 685 2286 752 τὴν
2317 685 2616 737 ὑπόστασιν
2645 685 2939 752 ἀπονέμειν
2964 684 3056 737 τοῦ
3118 686 3455 756 Πνεὺμᾳτος,

237 774 452 842 Harpe;
477 776 857 844 ὲκπορεὺισαι,
889 775 950 827 ὃν
973 775 1081 841 ἐγὼ
1103 775 1304 842 πέμψω
1330 776 1459 844 ὑμῖν
1493 791 1506 804 ’
1532 775 1606 836 ὼς
1658 772 1803 827 εἶναι
1895 774 1991 842 τὴν
2018 773 2073 825 δὲ
2101 775 2260 841 χάριν
2285 774 2360 840 τῷ
2385 775 2722 842 πέμπεσθαι,
2757 774 2962 841 ἀλόγως
2993 775 3454 843 ἀποκληρυύντων

233 860 394 930 δῆλον
420 864 588 943 tauro
617 861 774 916 τοῦτο
800 863 1033 932 πέμψειν
1056 863 1240 926 αὑτὸν,
1272 863 1300 914 ὃ
1363 863 1511 932 παρὰ
1551 863 1646 915 τοῦ
1689 863 1796 916 Πα-
1895 865 2060 923 ἐστίν,
2109 865 2265 921 Ἀλλὰ
2288 866 2442 917 τοῦτό
2460 883 2523 932 γε
2555 867 2654 918 οὐκ
2680 867 2743 919 ἄν
2772 882 2857 928 τις
2890 867 3272 935 παραδέξαιτο.
3306 867 3452 931 Πέμ-

233 951 362 1016 τρὸς
385 951 762 1019 ἐκπορεύεται.
798 951 860 1004 Εἰ
908 949 1000 1003 οὖν
1032 954 1064 1020 ἡ
1102 953 1398 1014 ὑπόστασις
1419 951 1511 1003 τοῦ
1544 952 1793 1018 Πνεῦμα·
1893 969 2054 1004 πεται
2084 954 2190 1016 ἄρα
2223 954 2374 1020 παρὰ
2401 955 2493 1005 τοῦ
2525 952 2682 1012 Υἰοῦ,
2707 953 2824 1016 ἥτις
2855 949 2952 1002 καὶ
3002 951 3152 1018 παρὰ
3215 949 3307 1001 τοῦ
3343 949 3452 1000 “ac

232 1056 325 1100 τος
360 1038 511 1109 παρὰ
563 1041 658 1092 τοῦ
702 1042 918 1110 Πατρός
961 1027 1337 1107 ἐκπορεύεται,
1380 1043 1581 1110 ταύτην
1629 1044 1792 1094 atate
1892 1030 2018 1107 τ’ρὸς
2083 1041 2178 1090 τοῦ
2247 1041 2565 1106 ΙΙνεύματος
2619 1028 2906 1098 ὑπόστασις
2962 1035 3451 1103 ἒκπορεύεται,,ὡς

1903 507 1998 574 τὴν
2019 507 2186 569 αὐτὴν
2217 507 2355 556 νοεῖν
2410 506 2698 572 ὀφείλομεν
2727 521 2742 535 ⁸
2784 504 2845 558 τὸ
2895 507 3001 573 γὰρ
3057 507 3230 570 ἄλλως
3272 509 3464 575 ’λέγειν
3537 551 3541 554 ς

235 1127 363 1191 Υἱὸς
392 1132 599 1198 πέμπει
626 1146 640 1161 ·
665 1131 714 1180 εἰ
743 1130 797 1181 δὲ
835 1132 995 1198 χάριν
1049 1133 1075 1181 ὁ
1110 1129 1233 1190 m;
1265 1115 1481 1197 ’πέμπει
1528 1131 1626 1200 τὴν
1667 1131 1794 1182 ἀνυ-

234 1219 524 1280 πόστατον,
545 1220 645 1271 καὶ
678 1220 830 1288 παρὰ
860 1219 951 1270 τοῦ
985 1218 1193 1286 Πατρός
1220 1221 1278 1272 οὗ
1305 1221 1362 1271 τὸ
1389 1219 1635 1288 Πνεῦμαθ
1669 1220 1785 1286 ἀλλ’

231 1307 267 1373 ή
293 1308 452 1374 χάρις
496 1306 560 1358 ἂν
593 1307 962 1374 ὲκπορεὺοιτο.
1002 1308 1162 1359 Ἀλλὰ
1216 1307 1375 1361 τοῦτό
1413 1325 1477 1374 γι
1529 1310 1666 1376 πρὸς
1713 1311 1790 1377 τῷ

229 1396 533 1464 ἀδιανοήτῳ
560 1399 652 1448 καὶ
683 1397 896 1465 βλάσφη
907 1415 1028 1465 μον.
1077 1391 1228 1449 Ἐπεὶ
1248 1400 1356 1466 γὰρ
1395 1399 1516 1452 καθ’
1547 1401 1664 1463 ἑνὸς
1691 1401 1789 1453 καὶ

227 1483 324 1537 τοῦ
355 1486 520 1536 αὑτοῦ
547 1487 909 1552 ὑποκειμένου
938 1486 1030 1537 τοῦ
1059 1487 1368 1554 Πνεῦματοζ
1403 1486 1493 1540 δύο
1513 1489 1635 1540 τινὰ
1685 1505 1787 1541 κα-

227 1575 613 1644 τηγοροῦνται,
642 1577 704 1627 τὸ
736 1577 1132 1641 ἰκπορεύεσθαὶ
1194 1595 1254 1629 τε
1305 1578 1399 1631 καὶ
1452 1580 1783 1647 πέμπεσθαι,

227 1664 381 1716 ὼσὰν
400 1664 486 1730 ἐφ’
519 1664 642 1726 ἑνὸς
677 1665 785 1716 τῶν
814 1667 1299 1734 κατηγορουμένων
1337 1667 1401 1724 τὸ,
1431 1667 1784 1734 ὑποκείμενον

1891 1131 2000 1182 ἀπό
2023 1146 2078 1180 τε
2105 1131 2211 1180 τῶν
2230 1129 2425 1196 λογίων
2450 1129 2685 1197 ἐδείχθη,
2715 1130 2824 1181 ἀπό
2851 1145 2908 1178 τε
2959 1127 3066 1180 τῶν
3092 1113 3448 1177 διδασκάῗων.

1894 1221 2055 1271 Ὥστε
2073 1221 2168 1270 καὶ
2189 1221 2250 1271 τὸ
2274 1221 2336 1271 ἐκ
2355 1220 2448 1272 τοῦ
2483 1219 2611 1271 Υἱοῦ
2640 1220 2926 1286 λεγόμενον
2961 1218 3060 1286 τὴν
3087 1216 3180 1268 τοῦ
3207 1215 3449 1282 11νεύμα-

1891 1325 1985 1371 τος
2042 1310 2338 1362 ὑπόστασιν
2393 1312 2531 1362 νοεῖν
2580 1311 2797 1362 δίδωσιο
2861 1297 2964 1359 κᾶν
3013 1307 3301 1376 πηγάζειν,
3347 1307 3448 1359 κᾶν

1890 1389 2226 1468 πέμπεσθαι,
2255 1400 2406 1468 παρὰ
2454 1399 2548 1450 τοῦ
2583 1398 2710 1450 Υἱοῦ
2753 1398 2813 1449 τὸ
2871 1398 3087 1458 Πνεῦμα
3133 1397 3444 1462 ἀκούωμεν,

1887 1488 1984 1557 τὴν
2007 1489 2156 1539 θείαν
2182 1487 2390 1539 ἐκείνου
2449 1489 2589 1538 νοεῖν
2632 1488 2924 1552 ἀναγκαῖον
2973 1485 3289 1536 ὑπόστασιν.
3323 1483 3445 1544 Πῶς

1887 1577 1931 1629 δ’
1953 1577 2020 1629 ἂν
2046 1577 2220 1639 ἄλλως
2245 1577 2276 1645 ή
2301 1576 2393 1628 τοῦ
2417 1576 2733 1643 Πνεύματος
2761 1575 2879 1626 θεία
2910 1574 3204 1634 ὑπόστασις
3261 1574 3321 1623 ὲκ
3349 1570 3442 1622 τοῦ

1891 1667 2041 1728 Υιοῦ,
2083 1669 2113 1735 ἢ
2156 1670 2304 1736 παρὰ
2337 1668 2432 1717 τοῦ
2465 1665 2591 1716 Υἱοῦ
2627 1665 2733 1734 εἴη,
2791 1665 2822 1731 ἢ
2856 1663 3228 1724 ἀναόλύσειεν,
3264 1663 3297 1732 ἦ
3343 1679 3444 1728 πη-

225 1752 384 1805 τοῦτο
412 1753 787 1822 λαμϐάνεσθαι
812 1755 912 1832 δεῖ,
942 1756 1113 1819 οὕτως
1136 1757 1346 1824 ἀνάγκη
1402 1758 1498 1810 καὶ
1539 1758 1632 1840 ἐπ)
1688 1756 1782 1809 τοῦ
1815 1748 1856 1803 Β
1888 1759 2096 1823 γάσιιε,
2133 1757 2208 1825 μὴ
2236 1755 2448 1824 ἔχοντος
2479 1756 2682 1807 ἐκεῖνον
2726 1755 2906 1807 αἰτίαν
2943 1769 2960 1818 ;
2994 1753 3222 1820 συνορᾷν
3273 1748 3440 1818 ἔγωγ’

224 1844 416 1915 ἑτέρου
438 1845 729 1916 ληφθῆναι.
767 1829 940 1906 Ειοῦν
977 1848 1037 1900 τὸ
1064 1848 1496 1918 ἐκπορευόμενον
1541 1835 1640 1914 τήν
1695 1848 1789 1900 τοῦ

218 1999 391 2066 cedit,
429 2017 587 2068 quem
619 2016 718 2070 ego
741 2003 949 2056 mittam
1003 2003 1198 2075 vobis:
1235 2001 1294 2056 ut
1323 2003 1671 2060 manifestum
1709 2006 1779 2060 sit

221 2089 429 2157 ipsum,
466 2090 520 2144 id
569 2081 911 2155 est,‘Filium
960 2093 1273 2157 missurum,
1299 2093 1443 2165 quod
1472 2104 1526 2148 et
1562 2109 1590 2148 a
1621 2095 1776 2148 Patre

220 2168 495 2247 procedit.
546 2179 601 2232 Si
658 2180 822 2247 igitur
867 2196 1093 2248 persona
1131 2180 1363 2246 Spiritus
1390 2197 1419 2235 a
1452 2184 1608 2234 Patre
1643 2199 1774 2247 pro-

218 2267 391 2331 cedit,
433 2267 621 2320 eadem
673 2268 832 2320 etiam
865 2283 893 2319 a
938 2266 1074 2319 Filio
1107 2269 1358 2320 mittitur.
1383 2268 1536 2332 Quod
1576 2267 1620 2320 si
1654 2282 1773 2335 gra-

220 2356 357 2408 tiam
385 2355 553 2408 Ftlius
579 2369 686 2406 non
715 2355 1096 2407 subsistentem
1135 2355 1318 2419 mittit,
1350 2369 1380 2406 a
1412 2355 1568 2407 Patre
1606 2356 1793 2424 ctiam_

211 2460 333 2498 non
385 2459 637 2512 persona,
687 2443 778 2496 sed
835 2444 1008 2511 gratia
1058 2443 1321 2510 procedit.
1383 2441 1488 2496 Sed
1515 2445 1614 2496 hoc
1641 2459 1767 2498 cum

215 2535 471 2600 stultum,
523 2543 633 2586 tum
682 2535 904 2602 impium
945 2543 1033 2588 est
1083 2533 1282 2586 dicere.
1337 2531 1472 2588 Cum
1524 2534 1669 2587 enim
1701 2535 1768 2589 de

123 2626 128 2631 ’
197 2609 337 2681 ὐσο
399 2636 455 2680 et
498 2616 685 2679 cedem
734 2625 1000 2693 subjecto,
1059 2623 1316 2678 videlicet
1367 2613 1598 2692 Spiritu,
1660 2625 1768 2678 duo

218 2704 469 2788 quaedam
519 2716 904 2785 praedicantur,
963 2714 1261 2780 procedere
1290 2715 1500 2768 scilicet
1520 2719 1572 2767 et
1601 2715 1760 2782 mitti,

217 2806 414 2869 eodem
474 2805 634 2859 modo
691 2802 1406 2871 accipiendum‘subjertum
1439 2803 1505 2857 de
1538 2815 1766 2872 utroque

219 2895 534 2968 praedicam.
587 2895 642 2949 Si
685 2897 850 2964 igitur
906 2894 1221 2963 hypostasin
1295 2892 1531 2960 Spiritus
1579 2910 1767 2970 proce-

216 2989 354 3042 dere
412 2985 784 3053 intelligimus,
829 2985 1072 3045 eamdem
1096 2982 1263 3035 etiam
1294 2983 1434 3034 mitti
1467 2972 1766 3053 intelligere

215 3076 492 3130 debemus
544 3093 558 3127 :
608 3073 766 3126 aliter
825 3071 970 3126 enim
1038 3071 1219 3141 dicere
1265 3070 1471 3140 absque
1528 3074 1760 3139 ratione,

216 3165 427 3220 uenam
479 3163 852 3231 probationem
923 3162 1246 3216 adducendo
1270 3203 1284 3226 ,
1307 3160 1316 3166 ’
1341 3155 1765 3230 -et-pr0cedere
1799 3207 1804 3212 .

1897 1849 1993 1899 οὐκ
2012 1848 2140 1916 ἔχω.

1881 2002 1966 2054 vel
2022 2017 2086 2054 ex
2155 2011 2408 2069 utroque,
2471 1999 2930 2066 quemadmodum
2978 1998 3056 2049 ait
3102 1996 3355 2049 Christus
3417 2013 3433 2049 :

1879 2089 1980 2153 Qui
2001 2107 2063 2142 ea:
2088 2091 2248 2142 Putre
2279 2092 2586 2158 procedit,“
2639 2091 2719 2141 hic
2747 2103 2811 2140 ex
2835 2103 2948 2138 meo
2974 2086 3211 2154 accipiet.
3245 2085 3311 2137 Et
3338 2100 3431 2151 pa-
3459 2151 3462 2154 .

1878 2185 1951 2229 tet
1976 2179 2122 2244 quod
2152 2177 2239 2230 hic
2263 2177 2439 2229 dictor
2473 2177 2672 2228 nonde
2703 2175 3090 2228 distributione
3121 2158 3428 2228 charisma-

1880 2277 2016 2331 tum,
2047 2267 2115 2321 de
2150 2266 2355 2319 divinis
2393 2276 2581 2319 autem
2608 2267 2861 2329 personis
2882 2264 3321 2318 etsubsistentia
3353 2279 3423 2317 eo

1873 2371 1992 2411 rum
2039 2357 2303 2423 loquitur.
2356 2355 2415 2409 In
2469 2356 2838 2410 testimonium
2887 2365 3015 2408 vero
3057 2364 3111 2408 et
3157 2355 3432 2422 probatio-

1871 2461 2018 2508 nem,
2081 2445 2225 2513 quod
2286 2445 2527 2512 Spiritus
2567 2460 2635 2498 ex
2687 2445 2825 2500 Filio
2881 2460 3100 2513 quoque
3158 2446 3426 2513 procedit,

1870 2531 2437 2588 illam'auctoritatem
2495 2530 2790 2584 adducit‘:
2854 2532 2935 2585 Ex
2987 2548 3097 2584 meo
3167 2533 3428 2599 accipiet°

1869 2624 2090 2684 docens,
2135 2631 2193 2676 ut
2241 2637 2363 2676 cum
2402 2621 2686 2675 audiamus
2714 2623 2768 2675 in
2799 2623 3102 2691 Evangeliis
3137 2624 3424 2679 Dominum

1868 2717 2140 2770 dicentem
2205 2715 2271 2769 de
2323 2713 2550 2783 Spiritu,
2611 2715 2754 2783 quod
2813 2729 2878 2766 ex
2935 2730 3001 2768 eo
3047 2716 3312 2784 accipiet,
3350 2716 3424 2769 ita

1868 2805 2259 2871 intelligamus,
2315 2819 2378 2858 ac
2449 2806 2491 2856 si
2552 2804 2797 2869 diceret,
2860 2820 2925 2858 ex
3003 2819 3069 2859 eo
3123 2806 3425 2873 procedere

1866 2894 2128 2964 Spiritum
2182 2905 2450 2948 sanctum.
2499 2895 2641 2948 Idem
2697 2897 2754 2948 in
2823 2894 3215 2952 eisdem:Sed
3280 2897 3426 2953 dicet

1866 2987 2157 3057 quispiam.
2231 2985 2372 3054 Ergo
2424 2987 2557 3038 duos
2634 2984 2802 3038 Filios
2865 2999 2986 3040 esse
3037 2987 3309 3042 dicimus?
3358 2989 3426 3045 Et

1865 3076 2140 3144 quemodu
2179 3083 2262 3128 est
2315 3074 2668 3142 unigenitus?
2713 3075 2784 3130 At
2827 3071 3076 3144 quisnam
3125 3093 3185 3132 es
3212 3087 3286 3145 tu,
3330 3085 3424 3147 qui

1865 3170 2197 3224 contradicis
2235 3169 2393 3239 Deo?
2451 3169 2504 3223 Si
2533 3170 2676 3224 enim
2705 3169 2900 3224 Filium
2932 3172 3196 3238 nominat,
3236 3176 3329 3243 qui
3352 3191 3417 3230 ex

215 3253 466 3323 quidem,
501 3253 770 3324 hypostasi
803 3251 1037 3320 Spiritus
1069 3254 1390 3315 attribuere,
1450 3253 1590 3306 mitti
1615 3256 1762 3319 vero,
1797 3275 1844 3334 ε
1874 3260 2056 3323 Patre,‘
2095 3258 2360 3327 Spiritum
2419 3273 2546 3312 vero
2599 3268 2867 3323 sanctum.
2928 3263 3019 3330 qui
3073 3278 3139 3317 ex
3171 3274 3419 3333 utroque,

216 3346 407 3415 gratiae
464 3359 571 3397 non
629 3342 966 3405 subslsteuti,
1003 3333 1104 3394 hoc
1132 3342 1444 3405 ridiculum,
1477 3342 1768 3394 irrationa-

216 3433 349 3495 bile,
397 3441 451 3485 et
479 3430 842 3485 voluntarium
869 3440 973 3492 est,
1013 3440 1067 3482 et
1092 3431 1232 3496 quod
1268 3430 1448 3481 nullus
1475 3428 1760 3481 concedet.

213 3520 451 3574 Mittitur
494 3521 660 3586 igitur
713 3534 779 3572 ex
827 3519 962 3572 Filio
1017 3518 1130 3584 ipsa
1165 3516 1398 3583 Spiritus
1429 3516 1756 3582 hyposlasis,

213 3622 341 3676 qua:
396 3615 452 3660 et
497 3622 525 3658 a
580 3607 734 3658 Patre
763 3606 1019 3673 procedit,
1054 3603 1508 3672 quemadmodum
1533 3593 1600 3656 ab
1628 3605 1763 3671 ipsis

215 3696 496 3766 Evangelii
552 3696 756 3759 verbis,
801 3705 857 3746 et
907 3709 936 3746 a
991 3694 1308 3748 doctoribus
1337 3694 1619 3762 probatum
1652 3703 1757 3746 cst.

212 3789 400 3853 Quare
457 3787 499 3852 si
555 3785 715 3844 mitti,
771 3785 815 3837 si
869 3798 1144 3847 emanare,
1209 3783 1253 3836 si
1286 3783 1531 3850 prodire,
1566 3784 1609 3835 si
1635 3798 1761 3851 pro-

213 3877 408 3938 (luere,
435 3875 479 3926 si
507 3872 787 3936 scaturire,
817 3873 858 3924 si
888 3871 1018 3924 oriri
1051 3871 1314 3939 Spiritum
1346 3886 1376 3925 a
1411 3871 1547 3926 Filio
1573 3871 1755 3924 audia.

215 3984 358 4031 Inus,
393 3965 633 4018 divinam
685 3965 801 4032 ejus
838 3965 1148 4034 hy'poslasin
1205 3964 1506 4033 intelligere
1535 3978 1758 4018 necesse

211 4066 298 4112 est
341 4055 618 4108 :divinam
671 4067 849 4105 autent
897 4052 1126 4121 Spiritus
1162 4053 1473 4122 hypostasin
1532 4069 1596 4107 ex
1625 4053 1760 4107 Filio

213 4136 512 4208 proﬂuere,
566 4140 646 4193 vel
701 4153 973 4204 emanare,
1031 4149 1082 4212 et
1123 4141 1347 4208 reliqua,
1385 4155 1619 4210 quonam
1654 4142 1762 4194 alio

211 4233 380 4283 modo
427 4231 680 4298 possibile
729 4241 830 4294 est,
886 4231 986 4282 nisi
1033 4230 1202 4282 Filius
1229 4245 1390 4285 causa
1415 4232 1527 4285 sive
1560 4235 1763 4300 print-i-

213 4323 369 4391 pium
409 4321 576 4386 ipsius
610 4315 971 4371 subsistentia
1023 4317 1265 4384 Spiritus
1283 4321 1393 4373 sit?
1415 4320 1520 4373 Sed
1547 4337 1608 4374 ea
1642 4337 1760 4388 quat

210 4407 452 4474 Cyrillus
510 4406 578 4458 de
626 4408 973 4473 proccssione
1033 4407 1202 4474 ipsius
1255 4423 1498 4475 persomc
1525 4410 1760 4476 Spiritus

211 4495 390 4547 sancti
435 4509 502 4546 ex
559 4494 715 4547 Patre
771 4505 825 4547 et
869 4495 1004 4548 Filio
1036 4499 1184 4560 dicit,
1218 4497 1332 4551 haec
1359 4509 1414 4551 et
1447 4500 1530 4561 his
1559 4501 1755 4553 similia

1869 3357 1977 3400 etc.
2011 3346 2077 3399 Et
2107 3347 2302 3400 iterum
2337 3365 2350 3399 :
2382 3349 2617 3415 Spiritus
2650 3358 2892 3424 sanctus,
2936 3353 3182 3419 Spiritus
3221 3357 3424 3411 verita-

1872 3436 1938 3489 tis
1975 3445 2075 3497 cst,
2115 3438 2334 3489 tertium
2357 3438 2537 3490 lumen
2564 3455 2598 3490 τι
2632 3439 2791 3492 Putre
2816 3451 2870 3493 et
2897 3442 3055 3495 Filio.
3087 3444 3152 3496 Et
3181 3459 3369 3498 rursus
3397 3463 3414 3498 :

1869 3518 2338 3589 QuemadmOdum
2393 3527 2539 3578 enim
2627 3526 2795 3597 Nemo
2855 3533 2994 3581 novit
3053 3532 3264 3584 I'alrem
3319 3538 3416 3589 nisi

1869 3612 2057 3677 Filius,
2091 3629 2182 3664 nec
2211 3611 2408 3677 Filium
2444 3614 2545 3666 nisi
2579 3613 2735 3667 Pater
2774 3615 2830 3678 ‘;
2891 3617 2962 3669 ita
2997 3617 3180 3672 dicere
3217 3623 3410 3686 audeo,

1868 3720 1966 3758 nec
1996 3706 2252 3772 Spiritum
2299 3706 2403 3760 nisi
2448 3705 2605 3759 Pater
2657 3718 2714 3761 et
2741 3708 2926 3772 Filius,
2959 3726 2986 3762 a
3011 3727 3118 3778 quo
3142 3716 3408 3782 procedit,

1865 3803 1916 3847 et
1945 3809 1972 3846 a
1999 3810 2104 3861 quo
2125 3794 2338 3863 accipit,
2365 3796 2477 3861 (sed
2512 3797 2751 3876 adverte,
2778 3797 2921 3864 quod
2950 3798 3000 3852 in
3035 3803 3411 3869 superioribus

1867 3880 2110 3948 accipere
2169 3897 2267 3950 pro
2323 3883 2614 3949 procedere
2654 3886 2856 3953 posuit)
2913 3902 3087 3954 neque
3128 3890 3320 3944 Filium
3355 3905 3411 3948 et

1869 3970 2100 4036 Patrem,
2157 3972 2257 4026 nisi
2281 3989 2290 3994 '
2311 3972 2548 4044 Spiritus
2580 3983 2821 4040 sanctus,
2850 3980 2937 4044 qui
2974 3993 3095 4033 vere
3127 3980 3406 4048 gloriﬁcat,

1867 4061 1959 4128 qui
2004 4062 2186 4116 omnia
2235 4062 2417 4129 docet,
2455 4066 2546 4144 qui
2586 4066 2843 4121 ex‘Patre
2875 4077 2928 4120 et
2969 4067 3122 4125 Filio.
3156 4071 3291 4135 Quid
3327 4073 3410 4127 liis

1867 4151 2126 4220 apertius,
2185 4152 2313 4222 quid
2369 4155 2570 4208 clarius
2618 4156 2725 4210 dici
2786 4161 3207 4226 poteStiNonne
3235 4166 3408 4231 palam

1868 4239 1956 4293 isti
2014 4241 2261 4296 doctores
2317 4241 2512 4297 Filium
2564 4262 2781 4314 quoque
2813 4264 3030 4304 causam
3065 4252 3180 4307 sive
3204 4256 3410 4321 princi-

1868 4332 2014 4396 pium
2057 4331 2287 4399 Spiritus
2316 4337 2561 4400 ponunt?
2619 4329 2808 4392 Nonne
2843 4340 3041 4409 dot-ent
3072 4357 3136 4395 ex
3172 4358 3238 4397 eo
3275 4360 3408 4412 quo-

1867 4435 1972 4488 que
1999 4422 2171 4488 ipsum
2233 4424 2556 4492 procedere?
2602 4428 2736 4491 Quid
2777 4429 2983 4497 igitur?
3015 4430 3408 4490 Claudcmusne

1868 4523 2026 4562 aures
2092 4524 2305 4566 nostras
2360 4515 2442 4567 his
2497 4517 2933 4582 auctoritatibus,
2991 4531 3044 4573 et
3085 4524 3406 4577 testimoniis

211 4594 362 4638 sunt.
392 4583 652 4637 Craterum
687 4583 963 4636 audiamus
1025 4596 1268 4638 sanctum
1301 4588 1668 4656 Epiphaniam
1700 4591 1753 4641 in
1794 4594 1832 4645 Ι)
1862 4610 2168 4653 sanctorum
2223 4613 2328 4654 tam
2396 4606 2600 4669 multis,
2635 4617 2739 4659 tam
2772 4609 2996 4674 apertis,
3035 4619 3142 4671 tam
3183 4612 3401 4678 divinis,

210 4688 321 4726 suo
355 4672 614 4725 Ancorato
645 4685 894 4725 sermone
934 4672 1003 4722 ita
1029 4673 1294 4726 dicentem
1328 4691 1341 4726 :
1377 4676 1610 4742 Spiritus
1636 4692 1760 4731 suu-

210 4771 338 4819 cttts
389 4778 452 4816 ex
509 4761 662 4816 Patre
709 4772 762 4816 et
819 4763 974 4828 Filio,
1025 4766 1216 4816 tertius
1276 4766 1759 4820 nominatione‘.Et

211 4868 458 4909 rursus:
497 4852 730 4921 Uterque
782 4855 987 4908 Inbitat
1037 4856 1087 4906 in
1143 4856 1292 4920 justo
1328 4857 1567 4914 homine.
1592 4855 1756 4910 Chri-

211 4921 341 4995 stus
389 4951 446 4994 et
517 4943 752 5010 Spiritus
777 4946 913 5011 ejus.
947 4945 1097 5007 Quod
1135 4947 1176 4996 si
1218 4946 1466 4998 Christus
1499 4960 1562 4998 ex
1599 4945 1754 5000 Patre

211 5031 458 5084 creditur
513 5031 654 5084 Deus
701 5047 764 5086 ex
820 5035 944 5097 Deo,
998 5036 1227 5100 Spiritus
1269 5048 1483 5101 quoque
1528 5050 1593 5087 ex
1618 5036 1754 5104 ipso,

289 5185 306 5215 '
342 5182 529 5238 Matth.
558 5202 629 5253 XI,
663 5187 752 5241 27.

1867 4698 1970 4741 tum
2035 4692 2288 4744 consonis
2346 4693 2584 4746 invicem
2629 4704 2683 4747 et
2748 4699 2983 4761 veritati,
3037 4709 3090 4751 et
3123 4700 3401 4752 obstinato

1860 4782 2025 4833 corde
2079 4789 2263 4834 contra
2333 4783 2444 4837 haec
2492 4786 2920 4838 contendetnus?
2953 4789 3022 4838 At
3056 4788 3157 4840 hoc
3188 4804 3398 4841 nonsa-

1859 4868 2122 4934 pieutum,
2180 4886 2285 4922 nou
2348 4872 2615 4924 bonorum
2683 4875 2958 4928 bominum
2987 4878 3260 4942 proprium
3292 4888 3391 4943 est,

1858 4966 2122 5010 eteorum
2170 4961 2260 5026 qui
2292 4959 2690 5026 dispensatores
2741 4964 2893 5016 verbi
2933 4979 2986 5018 et
3018 4968 3394 5034 mysteriorum

1859 5045 2059 5100 Christi
2081 5058 2133 5102 ct
2163 5059 2360 5104 csse.et
2383 5048 2553 5102 videri
2585 5051 2769 5105 velint.
