4106 6322
879 350 959 357 Μ.»

266 416 423 477 ΕΞΒἿ

1228 410 1508 478 ORATlO
1544 409 1986 479 DOGMA'I‘ICA
2025 416 2176 483 ‘Ptto
2216 414 2509 513 UNIONE

3370 427 3471 491 6H

264 535 418 611 deus,
478 548 543 586 eo
593 532 721 601 quia
763 532 828 586 ad
879 531 1095 613 Graecos
1143 532 1427 614 loquebar,
1482 535 1678 604 quibus
1724 536 1815 590 illa
1848 544 2071 600 A‘rores
2098 538 2241 592 illius
2265 540 2984 609 auathematizat;quorum
3022 541 3075 594 in
3108 546 3253 596 nono
3283 556 3470 598 contm

265 615 389 677 uota
418 632 615 677 erant:
663 622 973 687 sciendum,
1010 623 1156 691 quod
1191 638 1313 677 cum
1330 622 1597 679 doctores
1628 624 1815 679 dicant

268 714 529 785 Spiritum
580 723 828 771 sanctum
858 729 925 769 ex
966 715 1125 770 Patre
1142 729 1255 785 per
1287 714 1482 770 Filium
1517 718 1815 788 procedere

230 832 233 833 ν
262 804 350 858 vel
374 791 675 872 proﬂuere,
717 813 773 859 et
820 814 1016 859 crctera
1044 806 1278 869 similia;
1308 814 1364 861 et
1389 817 1456 859 ex
1505 793 1817 875 hociappa-

265 903 383 949 reat
431 894 633 972 Filium
684 910 905 965 quoque
964 894 1209 969 Spiritus
1271 895 1603 965 principium
1656 912 1812 962 esse,

210 976 410 1056 V’Quod
456 990 648 1042 contra
685 1000 783 1044 eos
824 984 990 1051 facit;
1039 986 1125 1041 bis
1174 994 1410 1055 quatuor
1458 987 1814 1043 e’vasionibus

260 1080 406 1135 hanc
429 1079 723 1139 veritatem
752 1076 991 1132 evadere
1012 1084 1298 1144 conantur.
1336 1078 1519 1131 Primo
1549 1091 1810 1147 namque,

194 1220 196 1223 ,
261 1185 387 1225 cum
420 1170 704 1227 rarissime
730 1169 922 1226 dicant
948 1169 1227 1234 doctores,
1256 1168 1522 1238 Spiritum
1562 1177 1813 1227 sanctum

259 1276 327 1319 ex
384 1261 543 1320 Patre
600 1276 699 1329 per
744 1260 942 1314 Filium
981 1260 1293 1328 procedere,
1336 1258 1635 1327 saepissime
1686 1268 1814 1313 vero

256 1351 429 1414 mitti,
466 1351 764 1421 proﬂuere,
797 1350 1041 1420 prodire,
1076 1363 1349 1413 emanare,
1380 1349 1812 1419 scaturirehorii-

259 1439 327 1499 ri.
371 1449 431 1495 et
473 1440 815 1513 huiusmodi,
845 1440 1109 1499 fecerunt
1142 1428 1243 1494 sibi
1278 1439 1418 1494 hanc
1448 1440 1814 1494 voluntariam

256 1531 691 1601 distinctionem,
746 1529 897 1599 quod
936 1529 1192 1584 videlicet
1245 1529 1483 1584 verbum
1512 1530 1812 1599 procedere

255 1622 527 1677 duntaxat
568 1620 904 1691 signiﬁcaret
938 1620 1336 1689 rhypostaticatn
1366 1628 1422 1675 et
1467 1620 1811 1689 personalem

252 1712 493 1781 Spiritus
523 1712 702 1766 sancti
728 1711 1128 1765 emanationem
1160 1728 1173 1763 :
1204 1719 1403 1783 extera
1459 1721 1592 1794 vero
1647 1702 1813 1765 voca-

256 1801 840 1878 bula,_charismatum
886 1811 941 1855 et
992 1801 1261 1854 donorum
1294 1788 1542 1869 ejusdem
1580 1802 1649 1855 in
1710 1788 1839 1855 nos;

1918 622 2153 680 Nestorii
2218 642 2488 692 errorem,
2526 628 2619 696 qui
2682 628 3092 697 blaSpltemabat
3146 630 3339 685 Filium
3381 634 3473 687 Dei

1883 730 2111 784 .purum
2165 717 2441 772 hominem
2459 732 2614 780 'esse,
2646 716 2912 791 .Spiritus
2946 719 3116 788 sancti
3155 723 3326 789 gratia
3379 739 3475 793 per

1917 806 2390 876 participationem
2439 804 2873 873 sanctiﬁcatum;
2908 806 3051 862 idem
3102 820 3323 865 sanctus
3366 811 3487 882 Cy-'

1915 898 2070 953 rillus
2113 898 2371 967 Spiritum
2428 908 2673 974 sanetum
2734 898 2996 967 Spiritum
3056 898 3177 952 Filii
3226 910 3283 953 et
3346 916 3470 969 pro-

1918 987 2094 1056 prium
2128 988 2255 1042 Filii
2281 1002 2407 1042 esse
2455 987 2607 1042 dicit.
2645 988 2773 1041 Post
2813 987 2928 1043 haec
2967 987 3190 1056 quidam
3222 988 3475 1043 Theodo-

1918 1082 2070 1127 retus
2098 1073 2223 1143 Cyri
2268 1074 2588 1144 episcopus,
2623 1074 2705 1129 vir
2754 1074 2971 1142 quidem
3004 1074 3467 1139 'littcratissimus,

1916 1160 2167 1218 humana:
2205 1175 2385 1219 tamen
2425 1148 2704 1235 fragiliiali
2756 1164 3047 1235 subjectus,
3079 1167 3469 1235 superveniens

1918 1252 1986 1305 in.
2032 1252 2295 1320 synodum
2368 1266 2491 1306 sero
2540 1266 2686 1306 'cum
2763 1252 3070 1320 patriarcha
3132 1250 3470 1308 Antiocheno

1913 1343 2141 1418 Joanne,
2167 1325 2316 1399 cum‘
2344 1345 2672 1412 reperissent
2714 1344 2826 1415 jam
2854 1340 3162 1401 Nestorium
3207 1326 3468 1403 condem-

1915 1445 2123 1499 uatum,
2176 1445 2234 1489 et
2288 1436 2705 1514 pro~dcmeritis
2764 1436 2881 1491 suis
2938 1437 3067 1492 sede
3118 1440 3467 1507 patriarcha“

1915 1519 2522 1597 Constantinopolitana
2558 1528 2855 1597 privatum,
2899 1528 3155 1599 indignati
3211 1532 3356 1599 quod
3387 1529 3468 1585 eis

1914 1634 2023 1674 non
2078 1620 2402 1688 exspectatis
2457 1620 2771 1675 conclusum
2838 1619 3047 1685 fuerat,
3100 1606 3464 1679 defensionem

1912 1709 2146 1764 Nestorii
2172 1719 2564 1779 susceperunt.
2589 1708 2966 1767 Theodoretus
2994 1711 3177 1781 igitur,
3211 1721 3464 1782 tanquam

1912 1799 1995 1853 vir
2018 1798 2366 1854 doctissimus
2388 1840 2403 1865 ,
2440 1810 2631 1856 contra
2656 1800 2941 1855 duodecim
2977 1785 3465 1858 Anat’hema’tismos

253 1874 725 1969 distributionem,
773 1899 827 1944 et
874 1890 1224 1971 temporalem
1280 1890 1333 1942 in
1381 1892 1642 1965 mundum
1693 1891 1813 1960 ejus
1848 1874 2102 1964 ﬁCyrilli
2149 1889 2255 1944 alia
2312 1890 2601 1971 duodecim
2642 1889 2874 1959 capitula
2901 1890 3109 1957 edidit;
3146 1888 3377 1961 quorum
3402 1897 3462 1948 in

252 1973 592 2045 missionem,
643 1994 805 2053 quam
849 1980 1015 2033 etiam
1065 1994 1161 2047 per
1191 1977 1390 2032 Filium
1440 1980 1557 2034 ﬁeri
1608 1994 1809 2036 concc-

248 2070 422 2140 dunt.
443 2061 700 2125 Secundo
733 2071 944 2136 dicunt,
980 2069 1133 2139 quod
1159 2068 1283 2125 ideo
1320 2069 1523 2124 dicitur
1553 2086 1619 2125 ex
1648 2070 1806 2126 Patre
1837 2103 1850 2109 -

252 2174 349 2228 per
373 2161 595 2223 Filiam,
632 2176 740 2215 non
771 2161 901 2229 quia
935 2160 1106 2215 Filius
1145 2169 1230 2214 est
1266 2161 1598 2230 principium
1634 2162 1828 2231 Spiri-.

248 2256 341 2302 tus
380 2250 579 2312 sancti,
619 2244 714 2303 sed
742 2250 874 2317 quia
904 2248 1066 2303 Pater
1091 2258 1146 2303 et
1193 2240 1385 2327 Filius“
1409 2257 1538 2301 sunt
1583 2250 1805 2303 nomina

247 2337 516 2402 relativa;
544 2337 776 2391 alterum
800 2352 930 2391 vero
959 2337 1317 2406 relativorum‘
1336 2351 1443 2390 non
1471 2347 1651 2406 potest
1671 2339 1801 2400 dici,

247 2428 382 2497 quin
418 2420 753 2496 intelligatur
787 2427 1048 2491 alterum;
1084 2428 1205 2481 ideo
1237 2427 1488 2494 dicendo,
1525 2428 1604 2481 Ex
1623 2429 1800 2492 Patre,
1851 2416 1855 2419 ⁷

247 2534 475 2574 necesse
518 2528 603 2572 est
648 2519 811 2572 etiam
862 2517 1057 2572 Filium
1104 2518 1393 2572 nominare
1438 2528 1661 2588 propter
1694 2521 1801 2572 vim

247 2608 424 2678 ipsius
444 2606 747 2662 relationis.
780 2605 992 2668 .Tertio,
1032 2606 1660 2661 consubstantialitatem
1696 2607 1803 2661 Pa-

248 2700 351 2753 tris
399 2708 455 2753 et
498 2697 619 2751 Filii
666 2690 884 2753 causam
920 2697 1268 2762 esse-aiunt,
1315 2707 1375 2751 ut
1420 2712 1484 2751 ex
1515 2696 1675 2751 Patre
1707 2713 1802 2766 per

245 2786 445 2842 Ftiium
478 2786 718 2856 Spiritus
759 2799 881 2840 esse
928 2786 1179 2839 dicatur:
1216 2800 1340 2855 cum
1368 2786 1515 2840 enim
1555 2785 1800 2854 ejusdem
1836 2850 1844 2857 _

237 2878 564 2933 substantiae
597 2878 717 2935 sint,
750 2876 913 2930 Pater
963 2886 1018 2930 et
1056 2876 1252 2941 Filius,
1296 2875 1630 2941 necessario,
1674 2891 1800 2929 cum

243 2968 563 3021 diciturex
605 2966 787 3029 Patre,
850 2974 1066 3035 oportet
1112 2962 1178 3020 ut
1240 2964 1473 3019 dicatur
1512 2966 1677 3019 etiam
1736 2981 1804 3019 ex

238 3057 283 3111 Ε
288 3060 409 3113 ilio.
438 3059 667 3135 Quarto,
696 3057 823 3127 quia
862 3071 1280 3126 nonnunquam,
1310 3057 1588 3110 rarissime
1619 3069 1798 3110 tamin

140 3180 141 3183 η
237 3158 297 3205 et
325 3138 477 3219 apud
530 3154 753 3217 poetas,
783 3147 986 3221 quibus
1018 3148 1091 3202 ob
1120 3142 1437 3227 angustiam
1484 3146 1643 3200 metri
1674 3146 1802 3201 licet

1915 1995 2081 2046 nouo,
2123 1981 2211 2034 ubi
2240 1965 2462 2038 sanctus
2482 1981 2729 2051 Cyrillus
2758 1982 3018 2051 Spiritum
3048 1992 3292 2063 sanctum
3318 1970 3463 2063 Filii.

1912 2080 1968 2125 ct
2002 2069 2275 2140 proprium
2320 2070 2465 2133 Filii,
2508 2072 2644 2127 dicit
2667 2079 2807 2135 esse,
2844 2073 2925 2125 bis
2957 2071 3134 2127 verbis
3160 2062 3271 2127 ait:
3307 2062 3460 2139 Quod

1868 2162 1879 2167 ’
1909 2161 1957 2213 si
1982 2159 2214 2228 Cyrilltis
2253 2146 2511 2230 Spiritum
2543 2172 2788 2215 sanctum
2823 2160 3102 2229 proprium
3128 2154 3260 2217 Filii
3290 2163 3447 2225 dicit,

1913 2238 2187 2321 tanquam,
2215 2249 2728 2327 consubstantialem
2757 2251 2827 2313 ei,
2875 2249 3145 2304 hoc'vero
3206 2260 3457 2320 accepta-

1910 2356 2031 2392 mus
2064 2358 2079 2392 :
2119 2341 2260 2408 quod
2304 2341 2349 2391 si
2390 2350 2643 2410 tanquam
2686 2356 2751 2395 ex
2806 2341 2965 2404 Filio,
3003 2343 3084 2396 vel
3138 2337 3229 2411 per
3262 2343 3456 2398 Filium

1908 2445 2028 2484 esse
2055 2439 2109 2483 et
2155 2430 2527 2487 exsistentiam
2587 2430 2895 2496 habentem,
2956 2432 3059 2486 hoc
3099 2441 3158 2486 ut
3202 2433 3455 2501 blaspbc-

1906 2521 2068 2571 miam
2097 2518 2363 2588 ejicimus.
2406 2518 2487 2573 Ad
2522 2520 2632 2574 haec
2672 2528 2848 2573 totum
2896 2521 3288 2575 cecumenicutn
3324 2536 3456 2575 con-

1908 2609 2090 2662 cilium
2119 2611 2335 2664 tertium
2362 2609 2547 2691 tacuit,
2578 2600 2678 2664 nec
2708 2609 3005 2678 increpavit
3050 2597 3449 2682 Theodoretum

1911 2710 2164 2768 tanquam
2219 2700 2679 2757 maledicentem:
2733 2690 2968 2771 Cyrillus
3024 2713 3202 2757 tamen
3256 2702 3325 2756 ad
3386 2718 3449 2757 ea

1909 2784 2206 2857 respondit,
2259 2790 2550 2859 omniaque
2575 2788 2672 2845 sua
2710 2791 2944 2863 capitula
2986 2790 3106 2845 aliis
3166 2792 3452 2846 duodecim

1907 2880 2066 2933 IIOVlS
2120 2881 2372 2949 capitulis
2412 2881 2485 2935 ita
2537 2879 2717 2935 denuo
2762 2881 3034 2951 exponit,
3069 2892 3128 2935 ut
3188 2884 3455 2938 sententia

1908 2970 2044 3039 ejus,
2074 2970 2175 3024 etsi
2210 2985 2317 3031 non
2349 2970 2513 3050 nimis
2537 2970 2740 3040 apertis
2760 2959 3111 3037 verbis,clare
3145 2980 3326 3027 tamen
3355 2989 3455 3043 pro

1910 3061 2068 3129 nobis
2090 3075 2208 3116 esse
2233 3072 2508 3131 appareat.
2545 3062 2659 3117 Hoc
2690 3054 2919 3117 maxime
2942 3063 3156 3119 Graecos
3196 3064 3451 3127 oblectat,

1911 3150 1965 3204 in
1998 3149 2104 3205 hoc
2132 3147 2475 3218 potiSaimum
2501 3152 2811 3216 ,ronlldunt,
2857 3157 2959 3209 hoc
3002 3156 3107 3221 pro
3140 3156 3373 3209 maximo
3400 3167 3455 3207 et
3526 3170 3529 3171 ν

238 3241 618 3312 ntetaphorice
657 3249 710 3316 et
740 3240 965 3296 abusive
991 3238 1274 3311 vocabul-is
1302 3239 1404 3316 uti,
1447 3237 1792 3307 praepositio-
1822 3246 1867 3309 ο
1899 3242 2174 3296 inSolubili
2203 3230 2521 3313 argumento
2561 3252 2747 3313 putant
2766 3283 2793 3308 ,ν
2813 3243 2959 3312 quod
2994 3235 3333 3301 Theodoreto
3361 3263 3453 3300 nc-

234 3310 512 3401 nemfpe'r
562 3310 852 3399 aliquando
902 3338 1223 3398 repererunt
1257 3310 1428 3381 fidem
1491 3324 1799 3397 signiﬁcare

237 3423 388 3493 quod
430 3421 744 3493 pracpositio
776 3436 936 3483 cum;
993 3420 1204 3475 dicunt.
1230 3417 1494 3485 Spiritum
1538 3426 1785 3470 sanctum

235 3510 516 3576 ideO'dici
547 3524 614 3564 ex
650 3507 814 3562 Patre
843 3521 940 3575 per
970 3504 1169 3558 Filium
1203 3504 1525 3571 procedere,
1567 3502 1694 3569 quia
1728 3517 1795 3555 ex

238 3603 400 3657 Patre
434 3582 565 3654 cum
602 3596 739 3651 Filio
769 3594 931 3649 simul
960 3592 1207 3663 pcocedit
1232 3610 1247 3647 :
1279 3602 1336 3646 et
1359 3592 1444 3645 his
1476 3593 1651 3647 modis
1678 3606 1796 3644 om-

239 3706 340 3746 nes
390 3691 519 3744 illas
565 3688 917 3742 auctoritates
961 3690 1263 3751 exponunt,
1306 3682 1422 3737 sive
1455 3689 1793 3751 pervertunt.

228 3782 368 3836 Aﬂmc
397 3793 506 3835 nos
533 3760 597 3833 ex
638 3777 867 3847 ipsamet
923 3773 1309 3828 auctoritatum
1338 3773 1605 3829 sententia
1626 3783 1683 3827 et
1706 3766 1817 3825 ra-'

241 3871 493 3926 tionibus
541 3867 842 3923 verissimis
878 3863 1305 3924 confutavimus.
1354 3863 1651 3932 probantes
1686 3864 1796 3917 hac

235 3952 351 4018 non
400 3973 567 4030 posse
612 3956 929 4022 consistere,
964 3952 1066 4011 nec
1110 3954 1463 4025 opinionibus
1507 3955 1567 4007 'et
1614 3944 1806 4007 verbis.

235 4061 562 4107 sanctorum
626 4030 909 4103 doctorum
936 4047 1251 4102 convenire
1281 4086 1299 4111 ,
1357 4053 1521 4115 prout
1554 4059 1623 4097 ex
1664 4044 1797 4112 ipsis

212 4138 425 4207 verbis
474 4140 682 4196 clarius
741 4138 976 4194 videtur.
1046 4138 1327 4192 Praeterea
1358 4136 1640 4199 sciendum
1688 4142 1796 4199 est,

235 4232 382 4305 quod
416 4237 490 4292 ins
508 4233 673 4289 tertio
709 4232 1049 4290 mcutnenieo
1067 4232 1301 4288 concilio
1330 4239 1553 4293 sanctus
1566 4229 1800 4301 Cyrillus

234 4338 431 4384 contra
460 4325 779 4383 Nestorium
798 4337 856 4383 et
902 4327 1022 4397 ejus
1054 4324 1304 4380 haeresim
1332 4325 1480 4379 inter
1504 4322 1608 4375 alia
1631 4320 1798 4374 multa

174 4438 177 4439 '
233 4435 356 4489 quae
384 4403 797 4496 sapientissime
839 4417 1081 4488 scripsit,
1108 4413 1398 4471 duodecim
1439 4413 1607 4468 etiam
1652 4410 1819 4478 capi-'

234 4510 349 4564 tula
396 4500 585 4572 edidit
636 4520 828 4565 contra
878 4507 1163 4567 hareticos
1222 4504 1458 4561 Nestorii
1514 4500 1794 4564 articulos,

234 4616 356 4670 qua:
387 4601 894 4665 Anathematismos
918 4597 1228 4669 appellavit,
1264 4610 1331 4650 eo
1356 4592 1501 4663 quod
1532 4592 1584 4645 in
1606 4590 1686 4645 eis
1711 4600 1825 4641 ρι’-⁷

1908 3343 2067 3401 gante
2094 3331 2349 3401 Spiritum
2369 3350 2436 3387 ex
2463 3334 2621 3399 Filio,
2649 3337 2733 3389 vel
2764 3351 2859 3406 per
2886 3336 3079 3390 Filium
3116 3336 3314 3391 habere
3332 3354 3453 3391 esse

1904 3431 1959 3473 et
2010 3421 2435 3489 subsistentiam,
2482 3424 2774 3477 concilium
2824 3434 2997 3479 totum
3060 3428 3311 3488 tacuerit,
3352 3441 3452 3479 nec

1904 3523 2027 3561 eam
2084 3508 2353 3572 mendacii
2405 3520 2461 3563 et
2520 3511 2725 3564 erroris
2784 3500 3164 3581 redarguerit;
3217 3497 3459 3581 Cyrillus'

1903 3590 2116 3665 quoque
2142 3612 2251 3652 non
2274 3599 2347 3652 ita
2374 3610 2580 3670 aperte,
2605 3609 2664 3653 ut
2687 3610 2898 3670 putant.
2924 3602 3265 3670 responderit
3287 3619 3302 3668 ;
3324 3610 3447 3656 cum

1902 3696 2080 3741 tamen
2114 3688 2729 3766 sciant'l‘heodoretum
2790 3702 3075 3758 propterea
3121 3691 3450 3761 condemna-

1903 3789 2041 3842 tum,
2072 3786 2128 3831 et
2163 3779 2229 3832 ab
2271 3778 2510 3857 Ecclesia
2559 3779 2740 3835 multis
2764 3779 2964 3833 abhinc
2990 3778 3150 3833 annis
3210 3779 3444 3848 ejectum
3510 3827 3517 3837 .

1903 3870 2087 3926 fuisse.
2118 3870 2199 3925 Ad
2232 3871 2345 3925 haec
2386 3871 2549 3940 igitur
2598 3870 2853 3939 tanquam
2886 3868 3170 3924 notissima
3224 3871 3446 3945 Graecis,

1905 3950 2012 4016 non
2067 3974 2129 4013 ea
2156 3948 2317 4014 latius
2354 3958 2691 4028 explicando,
2726 3966 2787 4011 ut
2820 3958 2875 4012 in
2906 3958 3154 4012 oratione
3207 3958 3443 4021 videtur,

1900 4050 2282 4119 respondetur.
2310 4048 2414 4104 Sed
2452 4062 2611 4103 nemo
2639 4048 2707 4102 de
2743 4048 3084 4103 Theodoreto
3107 4050 3225 4103 viro
3248 4048 3449 4113 doctis-

1905 4139 2043 4192 simo
2084 4137 2297 4203 doleat;
2340 4152 2497 4193 suum
2534 4139 2681 4191 enim
2731 4138 3042 4207 recogndvit
3079 4153 3343 4201 errorem,
3393 4150 3447 4193 et

1906 4228 1959 4282 in
1998 4237 2192 4298 quarto
2215 4228 2641 4283 Chalcedonensi
2692 4228 2931 4298 generali
2977 4229 3208 4283 concilio
3242 4229 3449 4297 (su'per-

1904 4319 2041 4372 vixit
2093 4334 2325 4387 namque
2358 4319 2425 4373 ad
2472 4316 2612 4372 illud
2635 4304 2805 4389 usque
2837 4319 3069 4389 tempus)
3101 4319 3273 4387 palam
3322 4334 3444 4372 eum

1905 4408 2220 4470 confessus,
2274 4424 2303 4462 a
2357 4396 2539 4463 sancta
2589 4409 2830 4480 synodo,
2891 4410 3145 4479 tanquam
3196 4392 3439 4463 ltou'ora-

1846 4535 1855 4542 ο
1903 4499 2014 4551 bile
2054 4498 2354 4551 membrum
2406 4496 2680 4563 Ecclesiae,
2734 4510 3018 4568 susceptus
3063 4510 3122 4552 et
3162 4499 3443 4552 restitutus

1910 4586 2034 4640 fuit.
