4106 6322
630 344 736 411 615

1580 322 2080 414 BESSARIONIS
2121 356 2176 417 s.
2222 358 2292 416 Β.
2328 356 2394 418 E.
2438 355 2897 416 CABDINALIS

1494 613 3007 869 'BESSABIONIS

1353 976 2362 1125 CARDINALIS
2497 1010 3237 1127 NleENi

2058 1226 2413 1305 Momms

1012 1426 1135 1535 ΙΝ
1212 1424 1583 1517 OBITU
1664 1426 2200 1524 MANUELI

2347 1426 3057 1549 mmemor
3143 1428 3392 1517 IMP.
3449 1416 3461 1440 τ

638 1615 857 1678 (Nicolao
888 1614 1107 1677 Perotto,
1141 1612 1812 1726 arebiepisecari)“:iepoanxtgi:t
1835 1612 2298 1723 ἱίῗιῑῖῗὲἷὲξήθὲριὲ
2331 1614 3211 1742 maiiiur‘neggmitzbgnggli)Baron.,
3249 1619 3307 1669 ad
3338 1630 3415 1669 an.
3457 1618 3590 1679 H72,
3619 1634 3670 1672 n.
3713 1622 3837 1682 LVI,

706 1968 762 2021 Si
790 1968 923 2023 ﬂere
943 1968 1102 2021 etiam
1145 1964 1438 2035 aliquando
1464 1961 1651 2019 fas-est
1674 2005 1689 2026 ,
1734 1971 1793 2016 et
1824 1976 2057 2015 amaram
2090 1976 2181 2015 so-
2209 1966 2253 2022 Α
2287 1971 2336 2015 te
2366 1962 2489 2015 vitae
2525 1963 2843 2040 iucunditas
2892 1975 3089 2035 potest,
3130 1968 3214 2024 vel
3250 1972 3430 2039 potius
3456 1973 3729 2040 quomodo
3755 1974 3835 2029 vi-

633 2058 1249 2114 cietamm‘con‘stituere
1288 2065 1483 2111 cantus
1510 2065 1676 2129 atque
1702 2054 1928 2118 doloris,
1968 2069 2076 2106 non
2108 2054 2184 2106 vi-

635 2153 737 2204 (iCO
786 2152 924 2218 quod
983 2150 1197 2217 tempus
1231 2148 1359 2202 huic
1409 2146 1485 2199 rei
1535 2144 1936 2199 accommodari
1990 2142 2186 2198 melius

638 2241 837 2309 possit,
894 2255 1055 2307 quam
1108 2253 1367 2309 praesens,
1410 2234 1631 2305 in’quo
1668 2234 1932 2305 quidquid
1977 2234 2181 2305 gaudii,

634 2332 857 2384 laetitizn.
881 2345 941 2384 ac
971 2313 1265 2398 voluptatis
1301 2336 1438 2393 erat,
1474 2320 1747 2405 sublatum
1779 2337 1947 2397 atque
1976 2326 2181 2380 exstin-

586 2435 593 2442 ·
633 2432 779 2475 ctum
809 2430 908 2487 est,
975 2430 1029 2473 et
1063 2436 1155 2491 pro
1179 2420 1264 2474 bis
1297 2419 1562 2475 successit
1588 2418 1763 2482 dolor,
1796 2418 2186 2497 nitestitia,ge-

635 2513 819 2567 initus.
873 2513 1025 2578 Quod
1071 2524 1215 2566 nunc
1253 2525 1372 2566 esse
1430 2510 1589 2572 nobis
1640 2510 1894 2564 solatium
1949 2510 2183 2580 amplius

634 2611 834 2671 potest,
894 2618 1016 2671 quae
1064 2602 1310 2657 melioris
1352 2602 1581 2660 fortuna:
1625 2616 1787 2670 spes,
1831 2600 1974 2665 quod
2022 2610 2183 2655 tantm

526 2682 549 2729 ii
634 2693 964 2748 infelicitatis
995 2694 1296 2749 remedium
1325 2694 1346 2745 ?
1378 2692 1691 2747 Tondeatur
1712 2707 1856 2746 nunc
1887 2692 2035 2745 orbis
2075 2704 2183 2745 ter-

638 2801 841 2849 rarum,
872 2793 1082 2840 mutent
1121 2786 1361 2839 universi
1395 2782 1626 2850 vestefn,
1666 2785 1952 2852 lugubrem
1994 2796 2184 2835 omnes

639 2871 879 2927 habitum
907 2883 1145 2937 sumant,
1174 2883 1231 2926 et
1256 2884 1365 2926 tam
1396 2874 1663 2940 insignem
1698 2851 2057 2934 calamitatem
2078 2862 2183 2919 una

562 2991 567 2997 ι
637 2951 771 3018 voce
811 2964 1112 3031 deplorent.
1152 2962 1339 3029 Neque
1376 2962 1521 3015 enim
1576 2961 1905 3013 mediocrem
1956 2958 2185 3010 fecimus

537 3052 540 3054 ⁷
634 3057 925 3123 iacturam,
948 3066 1058 3110 nec
1077 3046 1276 3103 malum
1313 3050 1454 3117 passi
1484 3064 1673 3103 sumus
1705 3052 1788 3101 cui
1821 3048 2077 3115 adhiberi,
2100 3062 2185 3123 re-

641 3144 875 3197 medium
905 3143 1094 3212 possit.
1113 3142 1339 3213 Ablatus
1360 3140 1515 3195 nobis
1535 3150 1617 3195 est
1650 3149 1871 3218 repente
1906 3140 2064 3193 divus
2089 3139 2185 3193 im-

637 3236 879 3303 perator,
915 3234 1079 3287 totius
1129 3232 1279 3286 orbis
1327 3241 1593 3285 terrarum
1639 3231 1989 3298 decus;.qui
2042 3225 2185 3284 dorio

568 3340 575 3344 '
635 3326 872 3395 quodam
906 3323 1264 3378 Providentia:
1311 3330 1492 3377 rerum
1526 3322 1888 3390 gubernacula
1934 3336 2186 3389 suscepe-

625 3425 822 3494 lrat,ut
845 3414 1304 3483 tranquillitatem,
1323 3402 1582 3482 quietem,
1606 3413 1914 3467 felicitatem
1934 3414 2185 3471 pinnibus

638 3519 957 3577 prastaret;
1000 3502 1665 3573 utcontrnunis'omnium
1720 3517 1873 3577 pater
1898 3520 2068 3570 esset;
2125 3517 2184 3560 ut

638 3617 726 3654 res
755 3601 1000 3652 humanm
1031 3599 1293 3667 dignitate
1328 3607 1382 3653 et
1415 3600 1586 3666 gloria
1627 3588 1902 3653 ﬂorerent.
1954 3596 2180 3667 Janijam

635 3693 814 3744 omnis
845 3696 1057 3745 fortuna
1091 3699 1292 3741 mutata
1316 3699 1399 3743 est
1434 3704 1446 3738 :
1471 3690 1724 3741 labuntur
1748 3690 1929 3741 omnia
1958 3688 2008 3740 in
2030 3690 2183 3757 pejus

634 3795 683 3833 ιιι
712 3797 795 3833 res
824 3782 888 3831 ad
924 3779 1211 3845 pristinum
1243 3786 1441 3828 statum
1480 3778 1735 3828 redeunt.
1765 3774 1846 3826 Me
1877 3774 2173 3827 miserum!

636 3882 896 3940 quantum
928 3869 1100 3933 unius
1130 3866 1366 3918 hominis
1400 3866 1623 3917 interitu
1656 3867 1912 3933 damnum
1943 3880 2027 3918 res
2068 3866 2180 3939 hn-

563 3959 569 3963 ’
638 3975 809 4013 mana:
855 3957 1131 4010 fecerunt!
1165 3954 1315 4007 Abiit
1359 3953 1446 4005 ille
1489 3961 1652 4020 atque
1685 3953 1920 4005 ριεθετίι
1962 3966 1993 4004 e
2025 3957 2130 4003 vita
2168 3971 2177 4005 :

642 4053 799 4105 nobis
855 4049 987 4102 nihil
1029 4056 1223 4117 praeter
1263 4046 1517 4114 suspiria,
1571 4048 1635 4097 et
1668 4045 1893 4109 luctum,
1927 4052 1978 4098 et
2011 4046 2183 4112 lacry-

644 4160 758 4196 iras
795 4142 1036 4207 reliquit.
1092 4138 1333 4191 Abstulit
1386 4152 1420 4190 e
1458 4137 1619 4190 nobis
1656 4148 1872 4187 omnem
1913 4132 2180 4197 lectitiam,

641 4232 866 4285 abstult
915 4230 1247 4289 felicitatem,
1302 4224 1531 4279 abstulit
1584 4224 1915 4285 libertatem,
1949 4228 2003 4273 et
2038 4219 2183 4285 quod

638 4317 885 4369 ninnium
910 4315 1331 4381 pulcherrimum
1348 4320 1485 4377 erat,
1510 4313 1749 4380 seipsum
1766 4308 2006 4362 abstulit.
2026 4307 2140 4361 Heu
2165 4308 2179 4358 l

640 4406 764 4472 quis
797 4405 930 4455 adeo
965 4412 1238 4468 constans,
1269 4403 1352 4455 vel
1381 4401 1551 4453 durus
1581 4400 1781 4469 potius,
1817 4408 1872 4452 et
1894 4413 2021 4452 vere
2060 4396 2184 4449 ada-

644 4492 918 4545 mantinus
940 4500 1041 4555 est,
1074 4492 1165 4557 qui
1198 4501 1495 4558 temperare
1517 4506 1546 4542 a
1576 4490 1829 4558 lacrymis
1862 4489 2065 4558 possit:
2092 4487 2183 4556 qui

540 4581 547 4588 ’
640 4602 747 4639 non
794 4595 850 4638 et
889 4585 1069 4636 animo
1101 4590 1526 4643 commoveatur,
1560 4591 1617 4634 et
1648 4589 1766 4648 toto
1807 4594 2036 4649 corpore
2062 4592 2185 4661 per-

2287 2067 2411 2106 vere
2442 2054 2557 2107 sine
2590 2063 2640 2107 te
2670 2038 2901 2124 amplius
2933 2074 3241 2126 possumus,
3284 2064 3435 2129 quasi
3464 2078 3690 2133 corpora
3711 2067 3837 2134 qui-

2286 2144 2384 2195 bus
2423 2144 2697 2221 sublatum
2739 2146 2810 2199 sit
2848 2149 3047 2215 caput?
3092 2149 3285 2206 Mortui
3324 2154 3469 2205 enim
3498 2154 3605 2222 jam
3638 2170 3837 2209 omnes

2282 2232 2550 2300 videmur,
2604 2244 2660 2287 et
2707 2237 2773 2290 ad
2806 2236 3036 2291 nihilum
3079 2232 3285 2295 redacti
3312 2258 3530 2314 sumus.
3583 2244 3693 2310 Sol,
3740 2246 3836 2314 qui

2285 2332 2550 2377 terrarum
2598 2339 2765 2394 opera
2814 2326 3147 2397 fulgentibus
3193 2331 3362 2387 radiis
3414 2335 3633 2401 lustras,
3683 2336 3833 2389 heul

2282 2422 2445 2483 quam
2475 2414 2777 2470 infaustum
2813 2429 2978 2488 atque
3010 2420 3282 2479 infelicem
3318 2425 3459 2479 hunc
3490 2425 3633 2477 diem
3674 2424 3838 2478 nobis

2283 2504 2601 2559 illuceseere
2646 2506 2857 2561 fecistil
2916 2507 3074 2561 lleul
3136 2526 3295 2579 quam
3348 2514 3624 2578 acerbum,
3688 2514 3837 2567 indi~

2282 2608 2446 2664 gnum
2482 2612 2544 2651 ac
2576 2597 2888 2655 miserabile
2912 2604 3287 2668 spectaculum
3318 2604 3433 2673 ipse
3459 2604 3643 2659 vidisti
3670 2607 3681 2657 !
3716 2599 3833 2659 Me-

2282 2686 2388 2743 lius
2418 2701 2567 2741 certe
2600 2687 2797 2756 fuerat,
2839 2700 2889 2745 te
2922 2691 3026 2746 sub
3053 2689 3214 2749 terris
3240 2695 3505 2751 duntaxat
3533 2710 3831 2762 errantem,

2281 2775 2337 2828 in
2368 2780 2647 2844 perpetuis
2671 2794 2771 2833 nos
2813 2782 3059 2837 tenebris
3098 2784 3425 2855 relinquere,
3454 2798 3618 2856 quam
3653 2789 3833 2841 radio-
3894 2848 3901 2849 ί

2286 2882 2406 2919 rum
2445 2879 2661 2921 tuorum
2690 2871 2983 2938 splendore
3011 2875 3285 2931 illustrare
3318 2882 3629 2946 superiores
3649 2881 3838 2949 plagas

2288 2967 2348 3007 ut
2380 2956 2697 3013 infelicibus
2725 2962 2899 3015 Oculis
2938 2962 3159 3017 bustum
3187 2967 3291 3019 hoc
3324 2983 3674 3021 cerneremns
3699 2970 3836 3037 regii

2286 3048 2547 3113 corporis,
2582 3048 2728 3125 quod
2776 3060 2860 3109 tot
2878 3066 2976 3119 pro
3016 3055 3175 3107 nobis
3212 3056 3443 3121 labores,
3482 3065 3559 3110 tot
3595 3058 3831 3128 vigilias,

2288 3146 2365 3189 tot
2396 3139 2634 3209 pericula
2665 3154 2805 3209 saepe
2835 3143 3095 3197 subierat.
3139 3145 3182 3198 Ο
3225 3149 3412 3213 quales
3476 3149 3653 3201 radios
3679 3151 3828 3203 occi-

2287 3227 2447 3293 dens‘,
2486 3230 2674 3297 quales
2696 3246 2884 3287 rursus
2910 3221 3095 3288 erien’s
3123 3235 3384 3291 emisisti!
3416 3238 3712 3307 Correptus
3753 3252 3837 3293 est

2286 3318 2477 3371 morbo
2495 3319 2734 3387 optimus
2758 3321 3072 3391 imperator,
3093 3341 3291 3393 corpus
3314 3328 3429 3397 ejus
3457 3329 3527 3381 ita
3548 3345 3653 3381 non
3674 3331 3838 3386 modo

2286 3414 2464 3471 atate,
2518 3408 2610 3473 sed
2652 3410 2820 3463 variis
2854 3413 3016 3464 etiam
3075 3402 3372 3481 laboribus,
3418 3418 3727 3472 confectum
3774 3435 3842 3472 ac

2281 3498 2617 3554 debilitatum
2649 3511 2786 3569 erat,
2825 3515 2882 3557 ut
2906 3507 3171 3574 suspicari
3202 3524 3320 3562 mox
3352 3525 3539 3565 omnes
3562 3514 3838 3580 coeperint

2282 3588 2427 3657 quod
2460 3592 2665 3655 evenit,
2732 3602 3022 3662 tantusque
3066 3598 3275 3651 animos
3325 3600 3569 3653 omnium
3607 3614 3840 3669 repente

2285 3692 2463 3735 metus
2505 3682 2724 3767 invasit,
2776 3695 2834 3738 ut
2878 3687 3019 3739 nihil
3064 3687 3338 3757 indignius
3382 3706 3502 3746 esse
3546 3692 3838 3753 ferendum

2283 3774 2574 3827 videretur.
3368 3802 3375 3805 ·
3718 3782 3721 3783 ⁷

2354 3862 2468 3915 llcu
2494 3865 2506 3915 !
2536 3868 2667 3931 quot
2697 3880 2905 3933 preces,
2928 3878 3061 3936 quot
3084 3854 3525 3938 supplicationes,
3551 3885 3684 3941 quot
3708 3887 3835 3928 vota

2284 3962 2382 4013 pro
2420 3948 2563 4001 illius
2598 3952 2792 4016 salute,
2813 3954 2898 4006 vel
2940 3955 3121 4021 potius
3149 3972 3246 4024 pro
3278 3961 3443 4011 totius
3470 3962 3629 4029 prbis,
3665 3972 3841 4016 terra-

2288 4052 2403 4088 runt
2436 4038 2807 4094 incolumitate
2835 4046 3078 4097 omnium
3115 4061 3393 4114 generum,
3419 4060 3661 4117 aetatum,
3689 4056 3841 4106 ordi-

2287 4141 2415 4178 num
2457 4128 2640 4180 fucre!
2672 4129 2841 4182 Nemo
2865 4137 3091 4201 eratqui
3128 4142 3264 4191 mori
3298 4142 3602 4209 potius-illo
3638 4162 3837 4212 super-

2287 4218 2455 4279 stite,
2507 4233 2666 4285 quam
2734 4231 2948 4274 mortuo
2994 4222 3084 4275 illo
3136 4228 3318 4282 vivere
3367 4233 3598 4300 amplius
3646 4238 3839 4292 vellet.

2289 4306 2527 4361 Salutem
2551 4306 2693 4362 illius
2714 4324 2823 4362 sua:
2842 4313 3071 4379 quisque
3094 4316 3252 4369 saluti
3271 4304 3665 4390 anteponebat:
3692 4344 3844 4382 scic-

2288 4398 2420 4451 bant
2474 4415 2705 4467 namque
2746 4390 2945 4483 singuli
2998 4404 3223 4465 salutem
3274 4402 3422 4461 suam
3464 4415 3547 4464 ad‘
3584 4417 3842 4485 singulos

2289 4488 2538 4542 homines
2615 4490 2935 4569 pertinere,
3004 4493 3151 4549 illius
3220 4512 3348 4551 vero
3401 4500 3840 4559 incolumitatem

2287 4578 2528 4630 omnium
2566 4578 2871 4651 mortalium
2908 4590 2962 4633 et
3003 4582 3169 4638 totius
3214 4586 3363 4638 orbis
3409 4597 3675 4641 terrarum
3719 4608 3847 4646 ess:

641 4678 860 4729 Ιιοΐΐεειι
887 4675 1021 4742 ς.ρυί
1062 4687 1170 4725 non
1199 4671 1452 4740 qna-titet
1477 4669 1813 4735 defunctum,
1856 4686 1917 4725 ac
1952 4646 2176 4739 gcniitu,
2213 4646 2253 4702 (ἶ
2292 4682 2651 4721 communem.
2674 4666 2771 4721 Hic
2812 4670 2956 4722 enim
2983 4672 3296 4729 universum
3330 4677 3512 4729 orbem
3550 4682 3711 4746 quasi
3740 4679 3837 4733 tir-

638 4773 683 4821 si
716 4768 833 4818 lieri
865 4766 1059 4832 possit,
1099 4776 1359 4816 revocare
1397 4761 1471 4812 ‘in
1520 4760 1683 4811 vitam
1715 4748 2045 4812 contendat?
2073 4761 2181 4812 Cur

638 4875 665 4905 :i
697 4856 854 4907 nobis
882 4868 992 4910 tam
1030 4862 1259 4922 repente
1284 4851 1532 4914 evolasti,
1574 4850 1817 4917 piissime
1849 4834 2209 4925 imperatori.

638 4950 741 4996 tinr
772 4956 985 4998 manere
1024 4930 1306 4998 nobiscum
1340 4942 1549 4996 diutius
1593 4938 1857 4993 noluisti?
1888 4938 1998 4991 αυτ
2032 4940 2184 5006 regio

639 5039 731 5087 itlo
764 5046 1022 5087 vrrtutum
1047 5050 1261 5087 tuarum
1294 5040 1561 5099 concentu
1590 5031 1697 5084 frui
1734 5029 1892 5081 nobis
1911 5027 2053 5081 ultra
2080 5045 2185 5085 non

640 5128 831 5178 licuit?
862 5127 1157 5194 Suscepisti
1190 5127 1257 5178 de
1296 5126 1449 5177 nobis
1485 5124 1747 5182 hactenus
1767 5133 1983 5173 omnem
2006 5135 2189 5193 curam

640 5231 691 5271 et
727 5230 782 5285 ut
824 5218 926 5285 ipsi
972 5220 1073 5271 tuti
1118 5232 1179 5271 ac
1216 5218 1421 5271 laboris
1474 5197 1727 5281 expertes
1758 5212 2087 5275 viveremus,
2128 5223 2181 5263 tu

641 5309 787 5359 solus
835 5311 1063 5360 maxime
1109 5320 1325 5375 semper
1379 5303 1689 5358 elaborasti.
1742 5300 2035 5353 Tcstantur
2086 5304 2185 5353 hoc

641 5400 823 5466 populi
860 5415 1079 5464 omnes;
1128 5409 1400 5451 testantur
1445 5410 1635 5449 omnes
1671 5392 1997 5458 provincite;
2042 5401 2194 5443 terra

642 5487 908 5541 omnis/et
952 5494 1115 5540 maria
1141 5490 1323 5541 omnia
1357 5493 1647 5541 testantur.
1684 5484 1839 5538 Nunc
1883 5496 2010 5535 vero
2041 5481 2183 5534 bona

643 5578 818 5631 eninia
848 5589 1021 5630 tecum
1046 5580 1222 5632 ferens
1245 5580 1444 5633 abiisti.
1469 5576 1598 5641 Quae
1615 5579 1725 5645 jam
1753 5575 1910 5628 nobis
1926 5588 2045 5627 esse
2065 5574 2183 5625 sine

2283 4760 2525 4815 missima
2568 4760 2813 4827 quedam
2854 4759 3103 4813 columna
3150 4765 3470 4827 sustinebat,
3499 4781 3598 4819 nec
3636 4769 3849 4821 labefa-

2281 4846 2439 4911 ctari,
2458 4843 2857 4901 vexarijcverti
2876 4850 2985 4902 ullo
3000 4852 3245 4921 procellae
3269 4854 3465 4921 genere
3492 4854 3810 4927 patiebatur
3833 4878 3855 4922 ;

2283 4934 2375 4991 scd
2405 4950 2562 5004 aquo
2588 4927 2853 4991 virtutum
2877 4942 3145 5004 omnium,
3172 4941 3371 5009 quibus
3396 4944 3660 5013 praeditus
3694 4960 3847 5012 erat,

2285 5035 2716 5109 temperamento
2748 5032 2961 5086 firmum
2994 5050 3055 5087 ac
3086 5036 3337 5091 stabilem
3368 5041 3422 5092 in
3454 5042 3635 5095 medio
3688 5058 3854 5113 rege-

2288 5119 2399 5169 bat.
2438 5101 2489 5172 0'
2516 5121 2711 5187 quibus
2743 5124 2975 5187 artibus,
3020 5139 3129 5192 quo
3169 5126 3356 5181 labore
3392 5129 3643 5183 fundavit
3669 5101 3857 5202 inope.
3950 5134 3967 5140 “

2292 5223 2431 5261 rium
2485 5227 2590 5278 qua
2621 5214 2821 5267 virtute
2857 5216 3091 5267 firmavit
3113 5232 3174 5270 ac
3207 5218 3473 5274 stabilivit
3501 5221 3850 5287 libertatein,

2292 5318 2396 5368 qua
2436 5303 2725 5357 clementia
2756 5307 2906 5357 auxit
2958 5308 3281 5374 populorum
3319 5325 3540 5363 suorum
3566 5312 3853 5375 fortunas,

2290 5394 2550 5460 quietem,
2587 5396 2901 5449 felicitatem
2924 5397 2946 5461 Al
2980 5397 3021 5448 Ο
3059 5398 3271 5451 eximia:
3300 5401 3562 5468 principis
3594 5404 3853 5455 admira—

2291 5482 2532 5553 bilesque
2552 5486 2799 5551 virtutes,
2820 5488 3020 5555 quibus
3042 5488 3291 5541 omnibus
3311 5504 3499 5544 omnes
3520 5494 3854 5559 superabat,

2272 5575 2580 5641 prudentia
2618 5578 2788 5630 fortes
2833 5578 3102 5643 vincebat,
3146 5578 3467 5635 fortitudine
3521 5582 3855 5649 prudentes,

697 5699 714 5715 '
738 5697 875 5743 Anno
900 5694 912 5741 l
934 5692 1013 5741 ΗΕ)
1035 5692 1267 5743 defuncti.
1292 5692 1407 5741 Haec
1434 5690 1628 5753 juvenis
1663 5689 1817 5738 adhuc
1844 5690 2069 5741 Bessarto
2113 5686 2376 5750 peroravit.
2421 5687 2657 5737 Manuelis
2681 5687 2859 5748 scripta
2893 5688 3183 5749 collegimus
3212 5689 3257 5737 in
3314 5695 3446 5739 torno
3486 5699 3655 5741 nostro
3679 5692 3858 5744 CUI.

3729 356 3889 422 616.
3964 304 4065 364 "
