4106 6322
369 299 473 365 617

1145 315 1505 405 uomuit
1536 324 1615 385 [Ν
1655 324 1889 387 om'ru
1932 330 2330 396 MANUELIS
2372 330 2834 404 PALeOLOGI.

3472 330 3601 417 ets
3652 310 3656 314 ’

584 412 1283 530 έξειξῗξιιίῖίίυῗςίρρηείιῑο
1313 431 1563 530 callidos,
1600 434 1812 491 viribus
1846 455 1934 507 ro;
1965 447 2009 501 Λ
2041 449 2378 504 torrentibus
2409 451 2604 506 obruta
2630 442 2789 510 tellus
2807 436 3085 513 ferebatur
3112 458 3273 515 mnus
3302 424 3585 530 precerum

371 501 566 555 bustos
593 506 885 560 'anteibat.
929 510 1115 580 Atqui"
1147 516 1505 586 temperantia
1540 540 1698 579 nemo
1741 528 1790 582 ei
1829 501 1926 596 par

381 592 507 645 fuit.
537 592 755 650 Iustitia
783 600 1057 668 omnibus,
1088 606 1181 673 qui
1214 623 1450 685 unquam
1484 596 1729 669 Romano
1754 592 1924 686 impe-

371 681 456 735 rio
516 687 875 753 praefuerunt,
936 690 1156 750 habitus
1214 682 1317 754 est“
1359 706 1725 781 prmstantior.
1786 681 1968 775 Quid‘

369 778 530 873 fidem
574 784 710 853 ejus
740 796 1204 846 commemorem?
1232 798 1363 865 quid
1390 778 1748 858 facilitatem?
1794 807 1922 873 quid
1962 848 1969 857 ι

364 868 692 939 ingenium?
715 876 844 945 quid
868 880 1119 936 eximiam
1148 900 1328 940 rerum
1348 892 1592 945 omnium
1616 894 1925 949 scientiam?

365 963 496 1055 quid
526 965 910 1055 liberalitatem
925 974 947 1024 ?
963 974 1091 1043 quid
1120 979 1285 1032 animi
1306 983 1731 1050 magnitudinem
1755 988 1778 1037 ἲ
1794 988 1922 1055 quid

310 1090 313 1091 ν
360 1051 784 1124 humanitatem,
812 1051 1310 1133 mansuetudinem,
1333 1072 1649 1129 comitatem
1674 1080 1697 1130 ?
1718 1051 1923 1144 Metui-

362 1149 579 1200 seruml
620 1150 693 1204 ita
719 1151 972 1222 lacrymis
1012 1172 1075 1211 ac
1108 1159 1295 1215 dolore
1318 1161 1590 1229 debilitor,
1616 1177 1802 1233 ut‘prze
1835 1172 1921 1224 ni-

362 1237 475 1311 mio
506 1245 738 1295 moerere
759 1245 962 1303 referre
979 1250 1242 1307 virtutum
1265 1254 1382 1323 eius
1410 1259 1783 1314 excellentiam
1813 1278 1921 1316 non

306 1404 309 1405 ν
360 1330 587 1395 possim.
626 1332 720 1388 His
780 1334 1037 1396 omnibus
1081 1359 1226 1399 nunc
1258 1345 1613 1403 infelicissimi
1640 1332 1922 1407 hominum

358 1419 555 1485 privati
573 1440 780 1482 sumus.
798 1416 912 1484 Heu
935 1434 947 1485 l
968 1444 1219 1502 quantam
1234 1437 1497 1505 jacturatn
1512 1458 1620 1495 non
1645 1460 1748 1498 una
1768 1461 1921 1515 gens,

308 1586 323 1597 ρ
359 1522 459 1562 nec
490 1513 651 1567 unius
689 1518 925 1575 civitatis
958 1524 1223 1601 populus,
1256 1529 1349 1581 sed
1395 1544 1555 1585 omne
1583 1513 1925 1590 Christiano-
1973 1520 1983 1527 ’

357 1615 478 1653 rum
506 1620 675 1673 genus
712 1608 765 1661 in
802 1616 1087 1679 prasentia
1120 1616 1278 1672 fecit!
1320 1620 1361 1671 Ο
1395 1622 1590 1675 misera
1641 1624 1922 1681 hominum

356 1696 636 1767 conditio!
679 1699 711 1754 '0
748 1704 1117 1769 spesinan’es!
1157 1723 1189 1760 o
1222 1709 1379 1763 dulce
1413 1715 1686 1780 quondam
1718 1734 1919 1775 nomen

355 1785 605 1854 imperii!
638 1807 670 1844 ο
713 1792 875 1849 toties
910 1796 1217 1854 desiderata
1248 1811 1301 1856 et
1336 1804 1633 1875 aliquando
1664 1810 1921 1871 restituta
1952 1784 1998 1843 Β

353 1876 557 1934 Grrecis
602 1884 864 1941 libertas!
892 1902 925 1941 ο
968 1891 1058 1959 jus
1107 1890 1421 1950 inviolabile
1464 1910 1517 1953 et
1564 1902 1922 1969 sanctissimae

319 1969 323 1971 “
355 1971 537 2041 leges!
572 1975 801 2033 huccine
837 1982 1051 2037 tandem
1080 1987 1259 2041 omnia
1284 1988 1592 2047 recidisti's?
1624 1992 1743 2045 bo’m
1771 1994 1782 2045 l
1816 2012 1921 2064 quo

353 2066 743 2128 pervenimus?
776 2070 898 2125 hem
927 2074 939 2124 ι
972 2090 1080 2142 quo
1133 2077 1477 2133 miseriarum
1511 2090 1564 2135 et
1597 2069 1923 2139 calamitatis

352 2154 560 2205 redacti
584 2161 812 2211 sumus?
844 2160 1018 2230 Luget
1052 2181 1199 2219 nunc
1226 2178 1468 2233 senatus,
1501 2183 1738 2226 mcerent
1772 2178 1920 2242 prin-

351 2242 526 2325 cipes,
578 2245 870 2314 provincia:
899 2267 1089 2307 omnes
1118 2268 1447 2322 queruntur,
1477 2262 1695 2327 plorant
1730 2267 1915 2331 urbes,
1960 2266 1961 2269 “

351 2323 827 2405 ﬂentmunicipia,
865 2340 1117 2407 squalent
1148 2342 1395 2408 colonia,
1433 2323 1629 2400 domus
1661 2323 1919 2403 amicum;

353 2436 466 2490 tur,
492 2427 601 2495 agri
624 2427 863 2498 denique
896 2432 995 2499 ipsi
1030 2442 1135 2491 tam
1184 2445 1552 2503 mansuetum,
1595 2448 1699 2491 tam
1745 2441 1912 2509 pium,

350 2529 464 2571 tam
492 2520 783 2575 salutarem
818 2522 1125 2592 principem
1165 2528 1439 2593 suSpiriis,
1472 2538 1525 2583 et
1556 2530 1833 2600 lacrymis,
1863 2532 1916 2586 et

347 2608 483 2662 ﬂetu
510 2613 767 2681 prosequi
800 2610 1076 2671 videntur.
1102 2614 1145 2671 Ο
1172 2622 1414 2686 tempus!
1441 2621 1645 2675 siccine
1673 2625 1918 2691 superio-

345 2702 505 2754 ribus
528 2703 702 2772 malis,
744 2705 996 2761 ultimum
1034 2707 1158 2775 hoc,
1206 2720 1261 2763 et
1295 2712 1565 2777 omnium,
1600 2729 1717 2780 qua‘
1771 2716 1916 2782 passi

347 2806 590 2859 unquam
635 2782 857 2863 fuimus,
911 2798 1202 2853 maximum
1259 2810 1421 2870 atque
1478 2802 1916 2871 indignissimum

344 2883 553 2939 addere
604 2884 886 2942 debebas?
920 2890 1122 2945 siccine
1165 2902 1483 2948 caeterorum
1532 2896 1797 2951 malorum
1843 2899 1918 2952 fa-

346 2994 495 3031 mam
545 2994 605 3034 ac
662 2982 1104 3039 recordationem
1143 2988 1407 3054 postremi
1454 2987 1620 3058 hujus
1651 2991 1919 3059 magnitu~

2035 539 2309 594 manibus.
2347 538 2726 612 Undecunque
2783 562 2911 619 vero
2954 538 3154 603 civium
3186 548 3347 621 atque
3374 549 3588 608 extero-
3668 565 3679 572 ‘

2036 630 2154 679 rum
2189 628 2487 683 multitudo
2511 632 2843 697 conﬂuebat,
2874 637 3168 704 implentes
3192 642 3305 696 vias
3327 652 3382 697 et
3420 630 3589 698 mise-

2034 716 2184 768 rabili
2216 720 2419 795 gemitu
2454 733 2633 775 aerem
2660 714 2823 791 atque
2863 712 3066 796 mthera
3092 714 3447 797 complentes.
3466 735 3586 789 Una

2032 805 2276 860 omnium
2320 824 2442 883 vox,
2490 827 2628 867 unus
2681 815 2920 881 clamor,
2970 833 3112 871 unus
3168 810 3401 886 gemitus
3444 835 3586 878 erat.

2032 896 2136 951 Iste
2165 915 2293 953 vero
2323 901 2490 955 silens
2511 920 2573 959 ac
2604 906 2850 960 mortuus
2875 910 3110 977 jacebat,
3151 928 3251 965 nec
3284 929 3402 981 qua:
3432 900 3589 983 gere;

2032 985 2231 1042 bantur
2249 992 2510 1069 sentiens,
2541 1010 2639 1049 nec
2667 990 2945 1051 hominum
2963 1001 3228 1054 clamores
3254 1004 3584 1073 intelligens.

2029 1078 2173 1154 Nihil
2238 1094 2437 1151 praeter
2494 1086 2653 1140 inane
2705 1092 2939 1143 cadaver
3013 1094 3476 1161 conspiciebatur,
3532 1109 3591 1151 et

2031 1172 2186 1237 quasi
2245 1184 2403 1229 natus
2445 1192 2681 1247 unquam
2720 1162 2835 1243 non
2904 1178 3116 1247 fuisset,
3169 1194 3263 1237 aut
3308 1202 3588 1250 nunquam

2032 1262 2401 1343 imperasset,‘
2437 1277 2533 1321 aut
2586 1277 2664 1322 tot
2713 1284 2887 1323 annos
2927 1286 3032 1326 non
3083 1272 3329 1338 vixisset,
3366 1290 3589 1341 prorsus

2032 1355 2183 1409 omni
2219 1371 2384 1410 sensu
2426 1367 2549 1413 erat
2576 1359 2893 1415 destitutus.
2930 1360 3219 1416 Petebatur
3248 1364 3468 1431 quidem
3518 1368 3586 1418 ab
3635 1391 3639 1394 ν

2033 1457 2096 1495 eo
2120 1442 2271 1513 ratio.
2300 1460 2398 1499 cur
2435 1463 2534 1500 nos
2565 1448 2817 1503 deserere
2849 1450 3148 1513 ‘voluiSset;
3198 1469 3293 1519 pro
3326 1469 3589 1522 I‘CSPOIISO

2032 1532 2308 1589 silentium
2348 1550 2485 1601 erat.
2529 1524 2572 1593 Ο
2620 1542 3044 1597 taciturnitatem
3082 1544 3305 1602 inrisam
3338 1559 3391 1598 et
3422 1562 3450 1597 a
3486 1563 3583 1598 Iln-
3657 1609 3666 1626 δ

2027 1626 2371 1682 Μειιηίιιὶηιθ
2417 1633 2819 1701 exspectatam!
2861 1631 2957 1687 Ubi
3009 1644 3093 1687 est
3127 1635 3307 1703 lingua
3353 1636 3438 1688 illa
3479 1647 3586 1688 tam

2032 1704 2268 1781 erudita,
2322 1726 2430 1771 tam
2467 1706 2674 1786 suavis,
2716 1738 2781 1775 ex
2839 1738 2946 1791 qua
2990 1724 3148 1778 melle
3192 1724 3401 1777 dulcior
3434 1726 3587 1778 exire

2027 1808 2207 1862 oratio
2244 1812 2477 1877 solebat,
2512 1813 2667 1883 cujus
2705 1824 2853 1867 motu
2896 1814 3077 1869 omnia
3116 1824 3301 1869 tonare
3335 1815 3587 1869 videban-

2028 1908 2136 1963 tur,
2169 1902 2326 1970 cujus
2359 1902 2579 1957 ubertas
2630 1907 2845 1958 omnem
2879 1907 3161 1974 aperiebat
3207 1906 3586 1981 quaestioni-nt,

2026 2005 2189 2045 omne
2218 1991 2445 2053 dubium
2479 1993 2777 2056 soh'ebat,
2815 1995 2887 2047 ita
2925 2009 3053 2053 vero
3101 1995 3333 2048 docebat
3369 2002 3584 2053 cuncta.

2025 2080 2097 2133 ita
2148 2096 2525 2151 saepenumero
2579 2085 2863 2139 auditores
2891 2087 3202 2146 excitabat,
3243 2094 3299 2136 ut
3336 2100 3439 2136 non
3479 2098 3585 2137 tarn

2023 2172 2255 2227 suadere
2285 2189 2449 2240 quam
2500 2191 2611 2227 rem
2641 2186 2766 2234 ante
2802 2178 2991 2233 oculos
3039 2192 3262 2245 ponere,
3322 2191 3420 2228 nec
3478 2186 3584 2227 tam

2022 2262 2321 2316 accendere
2351 2262 2488 2317 alios
2513 2278 2675 2331 quam
2719 2264 2832 2334 ipse
2865 2266 3054 2319 ardere
3085 2265 3399 2343 videretur?
3433 2263 3585 2317 Unde

2023 2364 2169 2415 nunc
2206 2360 2313 2403 tam
2347 2356 2695 2420 repentinum
2732 2357 3052 2415 silentium?
3084 2341 3236 2411 Unde
3274 2341 3379 2410 tam
3404 2358 3584 2421 subita

2024 2439 2299 2490 mutatio?
2335 2442 2416 2492 An
2458 2453 2508 2494 te
2550 2458 2793 2512 quoque,
2828 2446 3036 2514 Optime
3075 2440 3382 2513 imperator.
3419 2463 3583 2512 supe-

2022 2540 2141 2579 rare
2170 2528 2362 2581 mortis
2392 2531 2598 2583 saevitia
2635 2535 2847 2598 potuit,
2883 2550 3044 2601 quem
3074 2537 3399 2588 Atlanticum
3432 2524 3581 2604 pcia-
3669 2562 3672 2566 λ

2018 2631 2115 2683 gus
2165 2632 2263 2683 pro
2313 2619 2469 2672 nobis
2521 2622 2920 2687 periclitantem
2980 2624 3149 2687 vidit,
3209 2639 3368 2689 quem
3430 2626 3598 2677 ltalia'

2019 2710 2245 2776 aspexit,
2278 2719 2332 2761 et
2363 2726 2482 2777 qua:
2512 2712 2651 2764 ultra
2686 2711 2890 2767 Italiam
2920 2722 3049 2764 sunt
3077 2711 3319 2765 occidua:
3349 2716 3580 2780 gentes?

2018 2798 2099 2851 Ad
2126 2814 2261 2867 quas
2293 2815 2412 2852 eum
2454 2800 2675 2867 petendi
2724 2804 2987 2855 adversus
3036 2802 3307 2856 Barbaros
3342 2804 3577 2871 prtesidii

2019 2891 2187 2960 gratia
2221 2892 2497 2961 profecms
2522 2893 2740 2959 fuisses,
2769 2894 3007 2951 maximo
3037 2894 3091 2946 in
3115 2896 3326 2950 nouere
3362 2895 3579 2949 habitus

2020 2982 2194 3037 fuisti.
2218 2985 2293 3037 Ει
2326 3001 2433 3054 quo
2466 2985 2627 3039 facile
2677 2988 3057 3054 perspeximus
3088 3003 3197 3041 non
3228 2989 3575 3055 pecuniarum

341 3073 481 3124 dine
508 3074 840 3129 obsu‘urare?
862 3076 1075 3133 Etenim
1106 3095 1447 3148 quaecunque
1476 3080 1634 3137 nobis
1670 3092 1793 3136 ante
1818 3083 1917 3137 hoc

2022 3072 2396 3139 multitudine,
2434 3090 2542 3128 non
2579 3072 2863 3143 capiarum
2896 3091 3125 3129 numero
3162 3077 3325 3130 robur
3365 3077 3577 3145 imperii

342 3165 577 3219 adVersa
635 3170 1048 3237 contingebant,
1135 3181 1323 3240 utpote
1371 3172 1533 3239 bella,
1609 3172 1916 3237 conﬂictus,

342 3276 365 3308 (
384 3257 555 3321 mdes,
575 3261 747 3327 spolia
778 3271 831 3314 et
861 3262 967 3315 alia
998 3278 1118 3332 quae
1146 3279 1212 3318 ex
1254 3265 1320 3318 iis
1343 3266 1495 3333 sequi
1516 3273 1920 3320 consueverunt

312 3350 536 3403 ‘diviua
564 3351 650 3404 illa
684 3350 1785 3420 imperatorissapicntiaemendabautur
1864 3356 1917 3408 in

343 3441 570 3495 melius.
628 3441 785 3494 Nunc
837 3436 1017 3505 autem
1049 3444 1116 3499 ab
1162 3444 1254 3496 illo
1297 3444 1490 3509 relicti,
1541 3458 1702 3510 quem
1748 3444 1914 3497 alium

343 3532 624 3592 habemus
654 3532 718 3583 ad
749 3548 910 3599 quem
947 3533 1263 3600 confugere,
1310 3550 1470 3600 quem
1499 3534 1802 3609 appellare,
1827 3550 1917 3588 cu-

336 3625 439 3693 jus
470 3616 778 3688 prazsidiu'm
817 3623 1467 3691 implorarepossumus?
1500 3625 1798 3679 Deventum
1831 3636 1915 3678 est

343 3712 419 3764 ad
469 3722 708 3769 extrema
742 3711 1007 3772 malorum
1056 3713 1328 3776 omnium,
1360 3713 1488 3767 faeti
1539 3728 1730 3767 sumus
1760 3713 1911 3781 quasi

343 3801 545 3870 pupilli
580 3801 756 3864 orbati
794 3810 969 3870 patre,
999 3818 1029 3856 a
1056 3818 1164 3872 quo
1198 3804 1598 3857 nostrO‘omnis
1632 3805 1754 3858 vita
1782 3820 1909 3873 pen-

340 3891 540 3957 debat,
582 3892 740 3959 cujus
780 3893 1003 3946 assiduo
1037 3892 1229 3971 labore
1259 3894 1439 3948 omnis
1465 3908 1567 3948 nos
1590 3894 1794 3951 laboris
1813 3910 1911 3949 ex-

339 3993 538 4055 pertes
569 3984 745 4043 vitam
780 3974 1116 4043 dueebamus
1145 3986 1587 4056 amoenissimam.
1620 3987 1735 4049 lam
1782 3978 1912 4043 vero

340 4077 513 4145 longe
536 4075 692 4130 nobis
712 4058 891 4147 emori
912 4084 1211 4145 prastaret,
1241 4093 1399 4146 quam
1427 4076 1479 4132 in
1513 4086 1660 4134 tanta
1692 4078 1911 4133 calami.

342 4180 463 4227 tate
516 4178 572 4227 et
615 4170 836 4225 miseria
893 4172 1098 4226 vivere.
1151 4172 1362 4227 Etenim
1415 4174 1555 4228 male
1601 4173 1807 4235 vivere.
1855 4183 1913 4228 ut

339 4275 512 4334 poeta
540 4262 738 4333 inquit.
768 4255 1064 4318 laboriosa.
1091 4278 1180 4319 res
1228 4275 1334 4319 est.
1371 4263 1416 4320 Ο
1453 4282 1709 4336 magnum
1749 4278 1912 4335 atque

342 4346 756 4411 intolerabilem
795 4354 1194 4425 dolorem,'qui
1218 4372 1413 4412 omnes
1440 4359 1645 4427 pariter
1684 4360 1904 4424 invasit,

2024 3164 2317 3228 contineri,
2361 3167 2454 3219 sed
2513 3170 2740 3231 virtute,
2791 3167 3163 3222 moderatione
3198 3183 3260 3222 ac
3313 3160 3575 3237 sapientia

2021 3255 2307 3327 principis.
2355 3258 2398 3313 0
2445 3259 2734 3326 prudentia
2785 3258 3114 3327 singularis.
3177 3274 3335 3326 quam
3396 3258 3573 3312 Latini
3657 3293 3663 3297 -

2021 3346 2291 3413 homines,
2320 3358 2374 3402 et
2402 3357 2597 3402 natura
2620 3360 2675 3403 et
2700 3351 2996 3404 multarum
3031 3343 3213 3404 rerum
3237 3340 3572 3418 experientia

2020 3437 2429 3505 prudentissimi
2455 3481 2470 3503 ,
2509 3440 2767 3495 admirari
2805 3457 2868 3496 ac
2900 3450 3123 3509 stupere
3156 3443 3434 3504 solebant,
3466 3458 3571 3509 qua

2017 3526 2297 3581 adhibitis
2326 3530 2656 3594 eloquentiae
2688 3547 2803 3585 sua:
2845 3533 3050 3593 nervis,
3101 3531 3256 3584 facile
3306 3530 3489 3584 Medos
3520 3541 3569 3585 et

2018 3615 2210 3669 Persas
2240 3618 2473 3675 induxit.
2514 3628 2571 3671 ut
2601 3621 2861 3674 adversus
2910 3621 3133 3687 impium
3180 3618 3331 3670 illum
3369 3619 3567 3673 Turca-

1966 3719 1978 3740 κ
2015 3721 2135 3758 rum
2182 3708 2568 3774 imperatorem
2620 3725 2769 3761 arma
2816 3718 3199 3776 capesserent,
3255 3710 3455 3777 quibus
3485 3712 3573 3763 ille

2012 3811 2182 3864 parvo
2210 3797 2503 3864 ittterjecto
2538 3807 2806 3864 tempore,
2838 3798 3013 3851 victus
3043 3813 3104 3851 ac
3137 3785 3449 3867 priilligatus
3478 3801 3573 3853 de-

2015 3886 2155 3941 bitas
2197 3888 2465 3941 scelerum
2500 3902 2726 3940 suorum
2778 3887 3328 3955 pmnas'luit..Taceo
3358 3892 3573 3956 quoties

2015 3985 2133 4036 sine
2168 3981 2376 4043 armis,
2433 3980 2547 4035 sola
2583 3967 2914 4034 auctoritate
2961 3990 3016 4033 et
3064 3980 3371 4047 prudentia,
3426 3983 3607 4048 quod
3659 3991 3663 3994 '

2014 4074 2449 4143 pulcherrimum
2472 4066 2711 4127 victoria:
2734 4085 2905 4139 genus
2937 4079 3041 4135 est,
3072 4072 3250 4125 hostes
3271 4072 3569 4138 superavit,

2015 4184 2288 4238 quamque
2321 4166 2488 4221 armis
2521 4180 2737 4234 quoque
2768 4162 2987 4231 quando
3020 4177 3106 4216 res
3136 4162 3323 4223 ferret,
3355 4163 3425 4216 ita
3452 4170 3570 4216 ute-

2014 4252 2219 4321 batur,
2284 4264 2343 4325 ut
2392 4255 2588 4310 merito
2620 4263 2674 4309 et
2723 4252 3057 4307 fortissimus
3104 4262 3158 4305 et
3199 4252 3276 4305 rei
3326 4252 3573 4307 militaris

2013 4348 2381 4419 peritissimus
2435 4347 2749 4411 haberetur.
2805 4345 2953 4409 Quot,
2998 4345 3160 4397 urbes
3210 4359 3401 4411 nuper,
3439 4356 3573 4411 ψιοι

338 4456 407 4501 ct
454 4447 727 4501 neminem
763 4446 1001 4515 reliquit.
1046 4447 1342 4511 intactum;
1390 4463 1499 4503 non
1544 4450 1744 4514 virum,
1802 4464 1910 4503 non
1949 4448 1990 4503 D
2019 4440 2241 4516 Oppida,
2274 4448 2329 4495 et
2357 4439 2463 4494 situ
2499 4447 2553 4490 et
2582 4440 2775 4490 natura
2803 4437 3046 4489 locorum
3090 4435 3475 4498 munitissima,
3520 4439 3572 4487 in

343 4540 662 4604 mulierem,
697 4555 810 4594 non
826 4539 1109 4610 juvenem,
1148 4542 1515 4596 nonsenem!
1548 4539 1592 4597 Ο
1622 4540 1909 4616 lugubrem

341 4631 497 4692 illam
537 4631 733 4684 famam
757 4629 1075 4683 acclinime
1106 4628 1401 4697 optabilem
1422 4647 1543 4699 quae
1564 4632 1767 4699 passim
1790 4646 1911 4699 per-

339 4729 542 4788 vagata
588 4733 780 4773 omnes
814 4707 881 4772 ad
920 4719 1088 4773 funus
1114 4719 1349 4788 piissimi
1390 4719 1732 4787 imperatoris
1760 4721 1913 4773 esci-

340 4810 533 4865 tabatl
566 4825 599 4863 ο
622 4808 990 4874 infelicissima
1022 4822 1174 4863 mors
1196 4809 1343 4865 illius
1374 4813 1529 4880 cujus
1553 4811 1606 4863 in
1635 4811 1740 4862 vita
1764 4811 1911 4863 salus

336 4902 504 4957 orbis
562 4911 836 4955 terrarum
869 4900 1151 4959 nitebatur
1178 4904 1190 4953 l
1220 4900 1264 4957 Ο
1292 4902 1547 4969 suspiria,
1578 4917 1612 4952 ο
1638 4900 1906 4970 lacrymte,

337 5008 379 5046 ο
413 4992 709 5059 singultus,
738 5006 771 5043 ο
790 5004 950 5045 voces
980 4990 1367 5053 acerbissimae,
1404 5006 1436 5043 ο
1456 4990 1776 5045 amarissimi
1800 4991 1910 5043 cla-

338 5097 550 5144 mores,
582 5096 614 5135 0
640 5081 893 5147 gemitus,
921 5095 955 5133 ο
985 5080 1163 5145 ﬂetus,
1226 5097 1259 5133 ο
1297 5082 1473 5135 luctus
1516 5080 1691 5133 omnis
1724 5095 1902 5145 sexus,

335 5169 547 5229 :etatis,
568 5167 798 5231 ordinis,
827 5169 1195 5223 conditionis!
1225 5169 1328 5222 Alii
1362 5169 1579 5236 quidem
1630 5169 1904 5222 doruinum

335 5259 816 5324 quirrebantraiii
853 5269 1059 5324 patrem
1105 5260 1314 5328 patriae,
1360 5261 1447 5313 alii
1500 5261 1901 5326 imperatorem,

335 5346 442 5400 alii
483 5358 794 5414 patronum,
832 5349 923 5402 alii
957 5350 1300 5417 magistrum,
1334 5350 1422 5400 alii
1460 5350 1602 5415 juris
1641 5357 1695 5399 et
1726 5350 1907 5417 legum

334 5436 714 5503 conditorem,
754 5455 944 5493 omnes
1002 5456 1126 5494 vero
1154 5455 1299 5503 eum,
1351 5442 1440 5507 qui
1487 5458 1582 5506 pro
1625 5443 1900 5506 omnibus,

338 5538 409 5583 ut
442 5528 533 5579 ille
578 5528 777 5594 inquit,
817 5533 999 5583 omnia
1046 5531 1218 5583 iactus
1279 5545 1414 5585 erat.
1449 5532 1490 5586 Ο
1526 5535 1701 5600 gravis
1746 5542 1903 5599 atque

335 5631 543 5687 aspera
589 5618 729 5670 inter
779 5634 872 5670 eos
898 5622 993 5686 qui
1041 5624 1266 5679 aderant
1310 5626 1620 5675 contentio!
1662 5624 1905 5676 certabat

333 5712 582 5786 quisque
608 5710 820 5762 ut'llctu
853 5711 1101 5776 superior
1133 5713 1421 5765 videretur.
1470 5714 1509 5765 Ο
1542 5718 1901 5782 ι;‹(“1’)·ινιὶιιίηη

2021 4530 2396 4597 Peloponneso
2419 4527 2656 4594 recepit!
2684 4526 2881 4586 Nonne
2904 4528 3067 4577 etiam
3094 4526 3379 4577 maximam
3405 4526 3571 4576 Thes-

2020 4619 2165 4684 salia:
2201 4629 2403 4693 partem
2437 4619 2666 4687 imperio
2711 4632 2811 4671 suo
2851 4616 3087 4683 adjecit?
3112 4616 3259 4667 idem
3302 4609 3364 4666 ‘et
3405 4616 3570 4667 armis

2019 4722 2275 4768 strenuus
2298 4719 2437 4771 erat,
2476 4718 2529 4762 et
2561 4707 2792 4761 consilio
2824 4707 3126 4773 providus;
3160 4703 3568 4755 babebat'euim

2020 4803 2391 4872 Thucydidem
2424 4815 2628 4861 secuti),
2664 4815 2725 4850 et
2758 4797 3207 4863 Xenophontem,
3258 4803 3309 4845 et
3358 4795 3400 4847 si
3444 4796 3567 4861 quis

2018 4890 2104 4944 his
2134 4891 2332 4943 similis
2361 4898 2493 4948 erat,
2526 4902 2757 4954 quorum
2806 4883 3033 4937 consilio
3080 4883 3340 4935 continuo
3384 4884 3563 4939 uti-ba-

2017 4991 2106 5034 tur
2138 4998 2150 5032 :
2194 4994 2255 5033 ex
2304 4993 2411 5045 quo
2455 4964 2616 5029 flebat
2659 4988 2733 5035 ut,
2768 4974 3226 5043 quemadmodum
3257 4975 3430 5041 inquit
3458 4974 3564 5025 Hn—

2018 5086 2220 5144 tucrus,
2247 5079 2300 5121 et
2335 5084 2426 5120 rex
2451 5069 2689 5133 optimus
2718 5074 2862 5118 esset
2894 5076 2943 5117 et
2974 5064 3563 5139 bellator-fortissimus.

2016 5162 2246 5226 etquod
2302 5175 2398 5211 nos
2451 5158 2725 5219 addimus,
2783 5155 3205 5207 [ξυύιιιὶιεείηιυε
3243 5164 3443 5203 imitor.
3500 5156 3565 5203 At

2018 5252 2106 5306 ubi
2150 5258 2293 5305 lium:
2362 5252 2473 5303 inec
2514 5251 2688 5301 etnuia
2724 5248 2885 5299 sum?
2924 5247 3017 5299 Liui
3061 5247 3295 5310 plausus,
3340 5254 3391 5291 et
3434 5260 3562 5307 erm.

2017 5350 2194 5404 conia,
2243 5356 2293 5398 cl
2350 5343 2573 5396 laudes?
2628 5343 2719 5391 ubi
2756 5337 3081 5405 ζιτέιιῖπνηιςη
3137 5334 3423 5384 ἱῑιοὶἶῖθὶῖίἰῖδ
3473 5332 3563 5384 ἔῖἶιί

2016 5444 2281 5503 Voluptas,
2320 5451 2480 5502 qutun
2514 5451 2576 5485 cx
2623 5432 2881 5498 primu/4135
2924 5427 3143 5483 εἷλ’ῗηὶΰ.
3173 5424 3561 5479 ηιυιιεπὲὶιὶοιιιῖ,

2016 5532 2322 5584 clementia,
2361 5533 2561 5577 tantum
2598 5510 2985 5585 {:Cl'i‘ii‘l'jilillti.
3028 5527 3078 5565 ut
3104 5552 3115 5573 ,
3157 5515 3246 5569 illo
3283 5517 3559 5579 imperium

2018 5629 2257 5683 regente,
2290 5614 2585 5667 iit‘allrSiml
2624 5613 2721 5661 sibi
2756 5627 2871 5660 esse
2912 5610 3260 5657 Viden-ritur?
3288 5608 3328 5654 il
3356 5620 3561 5656 summa

2018 5726 2196 5764 rerum
2236 5705 2491 5773 tranqurll
2520 5702 2646 5755 tasl
2673 5700 2761 5751 Illo
2815 5714 2907 5766 pro
2950 5700 3103 5749 nubzs
3139 5698 3433 5750 laboaaatc.
3474 5708 3557 5746 sca
