4106 6322
644 244 747 309 619

1492 214 1502 221 ’
1595 212 2094 303 BESSARIONlS
2127 242 2186 301 s.
2218 243 2288 300 ιι.
2320 242 2387 299 E.
2430 242 2891 301 CARDINALIS

3749 233 3851 302 620

2336 306 2369 325 υ

646 359 764 413 euri
790 338 921 413 otio
954 355 1291 413 fruebamur.
1318 355 1449 422 Quis
1478 355 1640 410 nobis
1689 356 1857 421 modo
1903 355 2199 425 imperato-
2230 346 2480 416 A-deeus'
2499 354 2628 407 illud
2668 365 2829 423 atque
2861 332 3264 407 ornamentum,
3296 346 3437 417 quod
3463 330 3701 403 omnium
3736 353 3852 420 pul-

652 451 765 504 rein
815 448 1022 514 reddet,
1072 449 1196 517 quis
1245 458 1476 516 patrem,
1535 447 1657 516 quis
1707 456 2016 516 patronum,
2078 447 2200 515 quis

649 547 1110 609 propugnatorem
1138 578 1152 603 ,
1199 539 1319 607 quis
1349 554 1573 606 .morum
1604 550 1657 595 et
1684 540 1809 594 vita:
1857 539 2195 608 magistrum,

649 632 772 697 quis
820 630 1097 697 dominum
1132 640 1238 685 tam
1276 630 1580 685 beneficum
1619 628 1677 685 et
1708 621 2042 685 salutarem?
2086 629 2194 682 Lu-

2302 449 2635 504 cberrimuin
2667 450 2925 519 habebas.
2960 449 3062 506 Ubi
3109 463 3256 502 nunc
3287 458 3369 510 est
3408 456 3498 501 tua
3549 448 3640 501 illa
3690 461 3848 513 aurea

2301 542 2573 605 cmsaries,
2597 542 2690 596 ubi
2726 541 3047 606 mortalibus
3078 538 3333 593 omnibus
3358 547 3543 608 gratus
3567 539 3851 608 aspectus?

2313 628 2463 689 Heu!
2503 631 2688 699 quales
2718 631 2819 685 tibi
2850 630 3052 688 crines.
3079 629 3278 699 quibus
3303 627 3601 681 virtutibus
3621 629 3850 687 intortos

654 730 777 789 geat
816 736 958 786 nune
986 706 1294 775 Christiana
1320 721 1655 789 respublica,
1678 721 1835 790 cuius
1865 719 2202 791 splendidis:
2268 786 2271 789 _
2304 720 2466 789 impia
2506 735 2654 782 mors
2679 722 2907 778 evulsit!
2940 722 3155 791 qualem
3185 720 3403 799 oculum
3433 718 3678 779 abstulit,
3708 719 3849 786 quod

651 808 821 861 simus
854 808 1041 863 oculus
1070 811 1374 865 exstinctus
1397 804 1499 864 est.
1532 809 1763 879 Incipiat
1793 810 1906 875 iam
1936 818 2079 863 terra
2104 808 2200 864 lle-

612 898 813 951 ‘bilem
876 909 1129 966 cantum;
1182 900 1436 955 columna
1477 900 1683 954 corruit
1740 915 1844 969 qua
1899 901 2194 965 sustentari

647 989 871 1043 solebat.
920 989 1121 1045 Omnes
1168 1006 1313 1045 nunc
1352 980 1572 1046 Saccum
1630 990 1856 1044 induant
1907 1001 1963 1043 et
2012 992 2195 1045 cinere

651 1090 992 1149 spargantur.
1031 1080 1354 1141 Remedium
1399 1095 1507 1134 non
1558 1080 1722 1135 habet
1762 1079 1866 1135 ista
1890 1081 2201 1135 calamitas:

647 1170 777 1234 Quis
824 1168 1189 1225 nunc‘claves
1240 1171 1371 1226 tanti
1420 1171 1635 1240 imperii
1674 1183 1898 1233 tenere.
1934 1172 2055 1234 quis
2085 1182 2197 1225 tra-

644 1272 792 1313 ctare
829 1260 994 1313 totius
1024 1260 1172 1314 orbis
1204 1260 1579 1328 gubernacula
1631 1264 1825 1331 poterit
1847 1262 1869 1314 ?
1893 1262 1941 1326 Ο
1978 1261 2190 1320 litterae.

643 1350 859 1416 plurale,
897 1350 1169 1404 cultorem
1201 1359 1467 1406 vestrum.
1516 1351 1687 1405 Periit
1732 1353 1825 1406 ille
1855 1353 1946 1420 qui
1987 1366 2084 1405 vos
2142 1352 2195 1403 in

641 1454 796 1492 emno
824 1448 881 1493 et
924 1440 1184 1495 sordibus
1228 1440 1476 1511 iacentes
1506 1442 1682 1513 erexit
1723 1450 1779 1496 et
1807 1443 1959 1510 quasi
1990 1456 2020 1496 e
2049 1450 2198 1493 tene-

642 1530 751 1582 bris
778 1530 843 1584 ad
868 1530 1045 1585 lucem
1083 1533 1403 1596 revocavit;
1428 1533 1521 1601 qui
1554 1541 1701 1585 tanto
1730 1546 1827 1585 vos
1858 1546 2045 1585 amore
2070 1543 2195 1599 pro-

638 1620 989 1688 sequebatur,
1025 1632 1085 1675 ut
1131 1636 1231 1675 nec
1268 1606 1487 1690 publica
1539 1636 1638 1674 nec
1699 1621 1909 1689 privata
1958 1619 2188 1688 negotia,

2270 851 2279 857 .
2305 822 2469 882 caput
2499 814 2752 881 abscidit,
2794 825 2846 869 et
2892 813 3292 893 te‘ser'nineeem
3323 826 3387 865 ac
3418 810 3846 875 semimortuam,

2300 901 2410 956 imo
2450 918 2581 958 vero
2622 914 2889 959 mortuam
2921 918 3144 974 prorsus
3170 911 3332 973 atque
3361 898 3693 974 immobilem
3727 897 3850 950 reli-

2298 992 2449 1060 quit!
2482 993 2631 1048 Heu!
2685 1010 2848 1071 quam
2882 996 3051 1050 latum
3086 1005 3143 1049 et
3178 1008 3338 1063 quam
3379 992 3678 1061 spatiosum
3708 1003 3849 1042 cam-

2298 1098 2426 1151 pum
2454 1083 2551 1137 tibi
2584 1085 3256 1155 proposuit,lacrymarum
3285 1090 3341 1138 et
3383 1082 3597 1145 luctus,
3634 1079 3847 1132 minime

2297 1174 2514 1241 quidem
2540 1175 2637 1230 tibi
2672 1176 2989 1244 Optabilem.
3012 1175 3401 1231 Verumtamen
3424 1172 3495 1227 ita
3512 1172 3726 1232 factum
3746 1177 3841 1231 est,

2298 1270 2352 1313 et
2384 1271 2439 1315 ru
2480 1262 2577 1316 ista
2610 1266 2848 1332 pateris;
2883 1264 3011 1334 quid
3043 1264 3187 1318 enim
3219 1263 3403 1317 facere
3428 1269 3601 1330 potes,
3637 1259 3755 1311 Deo
3779 1256 3845 1309 ita

2294 1351 2564 1418 iubente!
2590 1353 2809 1409 Stemus
2842 1369 2985 1407 nunc
3030 1353 3106 1406 tui
3137 1352 3253 1419 lilii,
3282 1350 3645 1413 miserabilem
3678 1346 3845 1400 induti

2301 1440 2541 1494 habitum
2569 1481 2583 1505 ,
2616 1452 2675 1513 et
2710 1443 2943 1497 ﬂebilem
2984 1436 3203 1520 cantum
3250 1441 3589 1496 inchoantes.
3621 1437 3666 1493 Ο
3714 1436 3843 1489 varii

2300 1531 2729 1601 multiplicesque
2758 1548 3039 1588 sermones
3079 1532 3136 1586 in
3168 1532 3370 1590 animo-
3394 1531 3573 1594 illius,
3609 1528 3761 1597 quasi
3793 1528 3842 1578 in

2299 1613 2591 1671 venerabili
2616 1605 3175 1690 quodamvdiversorio
3203 1620 3475 1689 dispositi,
3496 1628 3551 1674 et
3579 1619 3704 1672 inde
3735 1616 3845 1670 vel-

639 1722 741 1776 nec
771 1723 916 1762 curm
965 1708 1069 1764 aut
1104 1702 1539 1776 sollicitudines,
1582 1726 1685 1767 nec
1722 1712 1972 1781 voluptas
2006 1711 2186 1779 aliqua
2218 1695 2258 1751 Β
2296 1708 2370 1759 uti
2395 1724 2458 1760 ex
2491 1709 2961 1783 abundantissimo
2984 1709 3136 1764 fonte
3181 1694 3497 1763 manantes!
3532 1708 3594 1761 lli
3629 1708 3841 1775 quidem

639 1812 738 1853 nec
788 1814 1012 1855 somnus
1052 1802 1362 1859 distrahere
1416 1819 1541 1858 eum
1597 1819 1626 1858 a
1669 1813 1852 1859 VCSll‘O
1912 1807 2189 1859 CODSOl‘llO

637 1880 842 1969 posset.
888 1891 954 1946 Et
990 1892 1449 1961 quemadmodum
1492 1910 1591 1950 vos
1643 1894 1949 1949 incredibili
2010 1893 2191 1947 studio

637 1995 701 2034 ac
732 1981 1010 2051 diligentia
1047 1986 1383 2053 sequebatur
1409 2026 1424 2052 ,
1468 1985 1541 2039 ita
1574 1996 1819 2050 caeteros,
1851 1995 1912 2039 ut
1942 1985 2082 2039 idem
2115 1985 2191 2039 fa~

639 2079 847 2137 eerent,
883 2073 1193 2139 excitabat;
1228 2090 1328 2129 nec
1365 2075 1743 2132 adolescentes
1771 2077 2056 2140 duntaxat,
2093 2090 2189 2129 ve-

637 2177 755 2214 rum
804 2164 968 2218 etiam
1006 2180 1164 2221 senes
1209 2167 1274 2220 ad
1314 2166 1656 2238 disciplinam
1695 2166 2039 2223 hortabatur.
2073 2166 2192 2234 Quo

633 2253 835 2309 factum
871 2266 975 2324 est,
1013 2266 1073 2311 ut
1100 2259 1349 2328 plerique
1392 2275 1623 2329 quorum
1659 2243 1795 2315 aetas.
1844 2260 1958 2330 iam
2006 2259 2188 2329 ingra-

635 2356 857 2402 vescens
884 2357 1021 2415 erat,
1053 2351 1302 2419 exemplo
1332 2350 1524 2419 optimi
1556 2350 1901 2420 imperatoris
1930 2354 2185 2421 permoti,

632 2433 697 2487 ad
727 2437 1057 2503 optimarum
1104 2440 1303 2492 artium
1336 2439 1517 2495 studia
1570 2454 1629 2493 se
1677 2441 2074 2495 transtulerint.
2102 2440 2191 2495 Sic

630 2526 775 2578 enim
802 2536 996 2596 natura
1030 2538 1404 2599 comparatum
1434 2530 1538 2595 cst',
1576 2540 1635 2583 ut
1666 2526 1857 2599 quales
1878 2537 2007 2583 sunt
2043 2532 2190 2598 prin-

631 2615 800 2684 cipes,
838 2617 971 2672 tales
1002 2620 1163 2673 etiam
1210 2618 1415 2674 subditi
1452 2619 1618 2685 ﬁant;
1652 2628 1707 2673 et
1732 2620 2189 2688 quemadmodum

632 2720 694 2758 ea
729 2720 759 2758 a
794 2707 993 2773 quibus
1028 2710 1303 2779 principes
1331 2710 1646 2776 abhorrent,
1669 2710 1924 2764 omnibus
1957 2710 2192 2763 ludibrio

632 2804 784 2860 sunt,
818 2797 889 2849 ita
921 2813 1037 2865 quae
1073 2800 1148 2851 illi
1197 2801 1489 2865 honorant,
1544 2800 1799 2853 coluntur
1829 2799 1899 2850 ab
1942 2798 2194 2855 omnibus

632 2895 686 2937 et
719 2884 770 2936 in
808 2878 982 2943 ure’tio
1012 2885 1301 2938 habentur.
1332 2885 1374 2938 0
1410 2888 1577 2954 leges,
1613 2901 1645 2939 o
1682 2885 1911 2953 iudices,
1941 2899 1972 2937 o
1996 2885 2190 2947 forum,

2296 1796 2477 1860 fidem,
2521 1798 2800 1867 pietatem,
2848 1799 3163 1869 religionem
3211 1797 3578 1862 extollebant;
3611 1798 3684 1850 illi
3717 1809 3845 1849 temo

2293 1888 2397 1955 pla,
2435 1889 2721 1954 sacrificia,
2754 1890 2874 1946 dies
2900 1889 3066 1945 festos
3089 1888 3394 1952 ornabant;
3424 1887 3516 1941 alii
3549 1888 3615 1941 de
3645 1886 3844 1939 virtute

2291 1991 2346 2032 et
2392 1978 2638 2034 moribus
2686 1979 3076 2049 disputabant;
3130 1979 3380 2033 nonnulli
3439 1980 3565 2035 vitia
3613 1978 3845 2031 insecta-

2293 2073 2525 2135 bantur;
2560 2071 2826 2141 plcrique,
2861 2070 2992 2140 quid
3022 2071 3335 2141 agendum,
3384 2070 3515 2139 quid
3563 2070 3842 2125 vitandum

2292 2171 2459 2227 esset,
2494 2161 2797 2217 incredibili
2830 2162 3109 2229 facilitate,
3169 2149 3478 2231 splendore,
3507 2163 3699 2231 gratia,
3723 2160 3841 2230 dis-

2297 2254 2576 2308 serebant.
2610 2253 2801 2308 Testes
2822 2262 2969 2321 sunt,
2999 2253 3092 2323 qui
3120 2263 3332 2308 exstant
3363 2252 3677 2334 illiuslibri,
3700 2268 3845 2306 smn-

2293 2362 2433 2400 mam
2463 2345 2789 2413 doctrinam,
2816 2345 3090 2415 singulare
3112 2346 3386 2415 ingenium
3416 2353 3470 2400 et
3496 2345 3727 2400 divinam
3759 2360 3845 2398 sa-

2292 2437 2698 2505 pientiaﬂtprte
2746 2451 2803 2491 se
2850 2436 3109 2502 ferentes,
3168 2451 3478 2505 quanquam
3538 2435 3846 2489 infelicibus

2293 2528 2453 2582 nobis
2482 2528 2639 2595 longe
2672 2534 2953 2595 prastaret
2980 2528 3165 2580 vivum
3204 2526 3380 2589 illum,
3413 2540 3478 2580 ac
3521 2525 3846 2579 concienan-

2295 2628 2403 2674 tem
2436 2618 2717 2682 admirari,
2753 2634 2914 2687 quam
2948 2626 3071 2686 post
3101 2618 3317 2672 cineres
3350 2627 3424 2670 'ex
3452 2616 3597 2671 illius
3629 2615 3849 2683 seripl's

2294 2710 2438 2770 vitae,
2481 2717 2537 2762 et
2568 2708 2809 2774 virtutis,
2874 2708 2929 2764 et
2966 2724 3179 2762 morum
3236 2709 3419 2763 facere
3454 2697 3844 2778 coniecturam.

2293 2796 2535 2865 Magnam
2595 2805 2745 2849 certe
2782 2797 3048 2862 iacturam
3096 2811 3288 2849 omnes
3310 2796 3587 2857 fecerunt,
3622 2794 3714 2848 sed
3750 2780 3848 2847 nos

2299 2885 2349 2935 in
2406 2884 2595 2952 primis
2641 2884 2735 2948 ‘qui
2778 2884 2959 2937 adhuc
3017 2883 3391 2937 adolescentes
3426 2885 3586 2937 talem
3635 2884 3849 2943 virum,

632 2988 665 3024 o
694 2972 971 3037 subsellia,
998 2990 1029 3027 ο
1064 2974 1376 3037 tribunalia,
1424 2972 1601 3045 lugete
1634 2976 1960 3029 exstinctum
1997 2975 2194 3045 princi-
2222 3010 2263 3066 ο
2299 2973 2445 3039 prius
2472 2976 2584 3027 fere
2616 2989 2776 3042 quam
2808 2990 2969 3029 nosse
3020 2990 3335 3043 possumus,
3391 2975 3692 3027 amisimus.
3726 2973 3844 3027 Non

635 3080 756 3133 pem
808 3066 899 3133 qui
955 3065 1108 3119 vobis
1159 3066 1429 3120 tribuerat
1460 3074 1541 3119 'ut
1586 3075 1808 3135 propter
1850 3068 2076 3145 iustitiae
2133 3078 2190 3120 et

632 3156 903 3224 aequitatis
934 3157 1453 3211 administrationem
1498 3159 1609 3211 haec
1636 3159 1851 3213 nomina
1890 3159 2187 3228 iustissime

633 3247 1008 3315 possideretis.
1037 3247 1080 3302 Ο
1108 3250 1252 3302 cives
1286 3260 1339 3303 et
1378 3250 1589 3303 urbium
1617 3251 1925 3319 optimates.
1961 3258 2185 3307 muarete

632 3337 872 3393 ablatum
906 3340 1057 3395 vobis
1094 3342 1516 3409 imperatorem,
1552 3342 1641 3411 qui
1674 3350 1817 3399 tanta
1844 3341 2102 3396 facilitate
2131 3350 2185 3395 et

634 3431 918 3501 prudentia
949 3433 1223 3487 vobiscqu
1253 3433 1317 3488 de
1352 3434 1511 3489 rebus
1539 3434 1793 3488 Omnibus
1821 3433 2179 3504 loquebatur!

634 3524 677 3577 0
717 3539 999 3593 pauperes,
1056 3524 1175 3579 ﬂete
1217 3535 1505 3594 patronum
1554 3526 1644 3593 qui
1690 3540 1785 3580 vos
1838 3526 2175 3595 prOtegebat,

632 3616 973 3679 sublevabat,
1026 3617 1236 3670 alebat!
1286 3616 1329 3669 Ο
1377 3616 1638 3684 quidquid
1662 3615 1856 3701 \Graeci
1901 3618 2181 3687 sanguinis

636 3722 861 3773 usquam
895 3716 996 3770 est,
1032 3708 1236 3771 omnia,
1272 3714 1341 3758 ut'
1364 3705 1558 3770 facitis,
1585 3707 1836 3776 lacrymis
1861 3723 1922 3761 ac
1947 3724 2180 3763 mmrore

632 3797 939 3865 complete,
978 3811 1099 3851 cum
1158 3804 1339 3849 vestro
1386 3782 1747 3864 gubernatore
1795 3798 2013 3864 privati"
2038 3798 2174 3863 sitis,

635 3889 724 3953 qui
758 3902 851 3941 vos
877 3888 941 3941 ab
970 3889 1112 3940 omni
1149 3887 1350 3955 impetu
1381 3893 1437 3939 et
1466 3884 1703 3953 procella
1733 3883 1960 3939 fortuna:
1988 3889 2179 3939 tueba-

635 3990 753 4039 Iur,
808 3986 861 4031 et
908 3978 1174 4031 minantes
1218 3992 1359 4046 smpe
1397 3976 1663 4030 bellorum
1715 3975 1960 4028 turbines
2037 3990 2181 4030 nunc

632 4071 798 4124 armis
824 4082 875 4123 et
907 4070 1065 4134 bello,
1099 4085 1242 4123 nunc
1270 4070 1381 4123 sola
1417 4056 1700 4137 prudentia
1739 4075 1898 4135 atque
1943 4068 2178 4121 auctori—

635 4170 742 4213 tute
776 4161 1070 4211 avet-telat.
1117 4157 1325 4211 Etenim
1371 4157 1473 4213 hoc
1503 4157 1553 4209 in
1579 4156 1767 4225 primis
1793 4156 2175 4225 sapientissimi
2220 4210 2227 4211 ,

634 4247 972 4315 imperatoris
996 4248 1266 4315 proprium
1289 4259 1421 4313 erat,
1445 4264 1543 4302 nec
1562 4259 1792 4317 tempus,
1815 4263 1912 4302 nec
1934 4248 2173 4311 modum,

2296 3063 2448 3116 licuit
2482 3064 2642 3117 nobis
2662 3077 2915 3119 orantem
2967 3067 3163 3135 saepius
3193 3065 3418 3129 audire,
3470 3080 3577 3119 non
3628 3066 3845 3119 ceue’o-

2294 3154 2445 3208 nanti
2478 3155 2731 3223 plausum
2770 3154 3016 3219 reddere,
3064 3172 3170 3208 non
3216 3157 3290 3209 illi
3329 3156 3641 3225 priusquam
3666 3172 3703 3209 τε
3738 3158 3844 3209 vita

2293 3248 2617 3310 discederet,
2642 3247 2920 3316 primitias
2958 3248 3166 3317 ingenii
3217 3248 3387 3301 nostri
3436 3248 3844 3316 qualescunque
3876 3296 3879 3297 ν

2289 3344 2489 3403 essent,
2524 3337 2737 3415 offerre.
2768 3336 2923 3403 Nunc
2951 3352 3100 3399 vero,
3136 3352 3222 3391 me
3269 3337 3527 3392 miserum
3567 3347 3733 3406 atque
3765 3338 3843 3389 in-

2290 3424 2537 3488 felicem!
2580 3413 2831 3481 mmroris
2860 3438 2915 3481 et
2942 3428 3304 3499 lacrymarbm
3350 3438 3404 3481 et
3438 3431 3617 3483 luctus
3645 3428 3845 3483 offerre
3888 3444 3891 3447 ’

2289 3514 2554 3583 primitias
2580 3518 2842 3586 cogimur.
2870 3515 2983 3570 lleu
3012 3517 3024 3568 ι
3069 3516 3268 3586 inquae
3296 3528 3536 3587 tempora
3584 3518 3842 3572 reservati

2286 3620 2497 3670 sumus,
2522 3622 2681 3672 quam
2701 3622 2943 3660 amarum
2969 3608 3612 3671 nobisecrtameu,,mors
3636 3610 3843 3675 invida,

2287 3696 2653 3769 proposuisti!
2698 3696 2741 3750 Ο
2776 3697 2959 3751 clades
2985 3699 3245 3753 omnibus
3274 3714 3394 3767 qua:
3428 3698 3682 3765 linquam
3720 3701 3841 3755 fue-

2287 3795 2413 3837 runt
2442 3786 2688 3840 cladibus
2716 3789 2884 3856 major
2909 3789 2929 3839 lr
2955 3789 3235 3855 quomodo
3258 3790 3444 3844 vivere
3477 3791 3714 3859 amplius
3750 3808 3844 3859 po-

2288 3872 2553 3925 terimus!
2580 3875 2853 3941 quomodo
2900 3874 3171 3929 infelicem
3214 3876 3355 3930 banc
3382 3878 3636 3942 animam,
3668 3896 3841 3947 quan-

2290 3959 2681 4030 tulumcunque
2701 3966 2823 4016 vita:
2852 3965 3115 4032 supersit,
3154 3965 3207 4017 in
3250 3975 3399 4018 tanto
3426 3969 3571 4039 luctu
3606 3983 3671 4021 ac
3710 3985 3844 4023 mm—

2287 4067 2410 4105 rorc
2464 4052 2777 4107 traducere!
2814 4054 2919 4107 Ub!
2952 4069 3095 4107 nunc
3119 4063 3203 4106 est
3230 4055 3412 4122 regius
3445 4054 3650 4126 illepro
3685 4061 3844 4111 nobis
3928 4080 3935 4083 τ

2285 4157 2500 4210 semper
2552 4144 2775 4212 pervigil
2830 4143 3021 4210 oculus
3070 4158 3233 4210 quem
3289 4158 3562 4211 nunquam
3616 4146 3844 4198 vincere

2284 4248 2508 4286 Somnus
2536 4242 2761 4301 poterat,
2786 4248 2989 4305 rerum,
3013 4240 3072 4285 ut
3096 4231 3362 4286 Homerus
3385 4232 3841 4301 inquit,omniu:u

638 4357 735 4394 nec
770 4351 913 4392 aries
951 4340 1070 4393 belli
1112 4352 1165 4393 ει
1213 4341 1358 4408 pacgs
1414 4343 1680 4408 ignorare.
1735 4342 1889 4395 ιιυηε
1933 4342 2173 4410 profecto
2215 4344 2257 4397 υ
2286 4325 2542 4379 domitor.
2583 4325 2844 4395 Vigilabat
2877 4326 2963 4378 ille
3015 4336 3201 4378 noctes
3236 4333 3407 4385 totas.
3439 4334 3530 4377 aut
3570 4325 3845 4378 meditans

636 4433 829 4499 ..μὶιιιιτ
874 4429 1032 4482 etiam
1076 4428 1260 4481 hostes
1310 4440 1469 4496 atque
1528 4430 1789 4483 inimicos
1822 4433 1944 4500 eius
1993 4445 2181 4499 magna

620 4541 697 4585 ‘ex
740 4531 890 4591 parte
930 4518 1219 4587 prosequi,
1260 4533 1321 4569 ac
1354 4519 1625 4580 lamentis,
1667 4529 1720 4570 ct
1767 4520 1820 4571 iu
1879 4530 1983 4571 tam
2034 4520 2181 4585 gravi

635 4627 796 4683 atque
824 4614 1019 4667 acerbo
1063 4601 1209 4663 luctu
1244 4600 1521 4661 nobiscum
1557 4609 1794 4661 misceri.
1827 4608 1963 4661 Vicit
1997 4622 2183 4661 omnes

639 4705 898 4776 principis
927 4706 1127 4766 virtus,
1159 4702 1314 4771 cuius
1345 4707 1488 4751 tanta
1533 4698 1612 4751 vis
1642 4710 1758 4760 est,
1808 4709 1867 4750 ut
1910 4699 2070 4751 etiam
2116 4700 2182 4755 ab

639 4796 883 4849 hostibus
908 4795 1223 4851 honoretur,
1257 4788 1300 4842 Ο
1329 4787 1660 4858 Byzantium,
1696 4787 2038 4860 Byzantium!
2071 4803 2185 4839 om-

642 4888 789 4939 nium
824 4885 1033 4937 urbium
1062 4880 1419 4935 clarissimum
1468 4877 1671 4940 lumen,
1704 4877 1882 4930 decus
1904 4878 2053 4930 orbis
2080 4886 2181 4931 ter-

643 4990 845 5039 rarum,
872 4973 1255 5041 naufragorum
1278 4966 1833 5044 portus,-n1iserorum
1859 4958 2181 5035 perfugium,

644 5067 946 5137 praesidium
969 5062 1209 5117 omnium
1234 5060 1523 5117 bonorum.
1547 5057 1757 5123 qualem
1783 5056 2179 5123 imperatorem,

642 5167 840 5225 quanta
874 5153 1156 5223 sapientia,
1194 5150 1415 5218 pietate.
1444 5147 1726 5201 clementia
1758 5145 2035 5223 praeditum
2061 5146 2184 5197 hae-

646 5263 799 5301 !enus
832 5245 1095 5299 habuisti!
1134 5245 1224 5312 qui
1261 5241 1354 5294 libi
1389 5238 1666 5307 pristinam
1708 5236 2008 5288 libertatem
2042 5276 2053 5297 ,
2106 5236 2185 5287 di-

647 5340 927 5403 gnitatem,
956 5338 1217 5397 fortunas,
1250 5333 1534 5401 imperium
1572 5328 1837 5387 restituit;
1868 5325 1956 5391 qui
2004 5326 2184 5375 hostes

645 5427 1054 5495 tuosdominari
1085 5437 1239 5479 antea
1278 5425 1499 5481 solitos.
1534 5421 1627 5473 tibi
1664 5418 1931 5485 subjecit;
1965 5416 2057 5481 qui
2090 5429 2183 5479 pa-

642 5520 721 5569 cis
748 5520 827 5569 eis
861 5517 1003 5584 leges
1031 5528 1229 5583 prazter
1263 5532 1411 5583 spem
1466 5512 1703 5563 ninnium
1751 5508 1915 5559 dedit.
1947 5505 2095 5557 lleul
2132 5504 2182 5554 in

643 5618 870 5677 quantus
904 5620 1042 5657 nunc
1084 5620 1347 5659 (erumnas
1397 5604 1660 5659 incidisti!
1701 5598 1918 5664 Infelix!
1956 5595 2182 5649 amisisti

2286 4416 2510 4485 aliquid,
2546 4425 2633 4469 aut
2681 4416 2898 4484 legens;
2930 4415 3048 4469 dies
3079 4416 3133 4468 in
3180 4416 3524 4469 sermonibus
3551 4425 3716 4483 atque
3748 4433 3841 4469 ne-

2286 4508 2443 4576 gotiis
2482 4509 2859 4562 consumebat.
2919 4509 3129 4576 Optime
3178 4509 3503 4577 imperator!
3561 4509 3843 4577 quomodo

2286 4599 2551 4675 sustinere
2587 4598 2687 4651 sub
2713 4598 2815 4652 hoc
2843 4613 3025 4651 amaro
3072 4595 3251 4665 lapide
3301 4608 3508 4651 tantum
3537 4599 3711 4652 otium
3748 4616 3839 4668 po-

2290 4691 2434 4754 teris,
2466 4690 2557 4757 qui
2587 4688 2741 4756 quasi
2775 4703 2977 4756 pennas
3007 4685 3241 4753 habens,
3287 4689 3733 4743 circumvolitarc
3767 4700 3845 4742 to-

2289 4789 2399 4831 tum
2433 4783 2620 4833 urbem
2672 4764 2927 4833 solebas!
2957 4779 3239 4844 Quomodo
3269 4788 3375 4832 tam
3407 4780 3732 4833 diuturnum
3766 4782 3843 4833 si-

2285 4873 2511 4926 lentium
2544 4871 2684 4925 ferre
2705 4912 2719 4935 ,
2742 4872 2897 4939 cuius
2926 4871 3121 4935 oratio,
3151 4871 3304 4938 quasi
3328 4880 3524 4924 cantus
3554 4869 3840 4933 Sirenum,

2286 4964 2626 5018 demulcebat
2659 4963 2937 5016 hominum
2971 4977 3151 5026 aures,
3195 4969 3251 5014 et
3276 4962 3427 5025 quasi
3471 4975 3698 5027 magnes
3730 4961 3840 5014 fer-

2289 5070 2426 5119 rum,
2458 5068 2783 5122 quocunque
2815 5052 2978 5119 vellet
2999 5088 3025 5113 λ
3065 5065 3280 5116 semper
3320 5046 3600 5102 trahebat?
3630 5048 3842 5103 Verum

2290 5154 2341 5195 tu
2370 5145 2585 5212 quidem
2618 5144 2818 5204 abiisti,
2842 5151 2896 5195 et
2924 5142 2989 5195 ad
3016 5140 3241 5193 meliora
3272 5138 3575 5191 habitacula
3604 5152 3842 5195 vocatus

2289 5237 2525 5304 migrasti
2570 5237 2621 5287 in
2664 5226 2897 5294 caelum;
2950 5231 3041 5283 ubi
3107 5237 3423 5297 perpetuam
3475 5230 3661 5284 sedem
3712 5233 3837 5297 fide,

2294 5325 2573 5390 religione,
2618 5324 2818 5374 virtute
2860 5321 2956 5372 tibi
2993 5332 3317 5396 paraverasq
3354 5317 3463 5371 Nos
3499 5328 3687 5373 autem
3739 5338 3839 5376 cur

2291 5408 2522 5466 iurante
2558 5414 2704 5475 luctu
2752 5421 2805 5463 et
2854 5423 3109 5471 mmrorc,
3144 5417 3198 5460 et
3228 5408 3477 5476 laerymis
3529 5412 3842 5479 reliquisti?

2285 5490 2715 5557 Cur-discedens
2760 5516 2949 5553 onmes
3001 5514 3104 5551 non
3139 5500 3382 5551 vocasti?
3412 5500 3540 5552 Mori
3578 5505 3732 5556 enim
3764 5516 3839 5557 tc-

2289 5594 2404 5663 ινιίιιι
2442 5609 2598 5661 quam
2635 5592 2748 5647 sine
2778 5600 2826 5645 te
2860 5592 3035 5644 \ivcrc
3071 5590 3401 5643 commodius
3435 5591 3657 5645 fuisset!
3736 5577 3745 5583 ’
