  <div class='ocr_page' id='page_1' title='image "/cluster/home/n/w/nwhite01/storage/ocr_20150623/161/pst.000005714834/418.png"; bbox 0 0 4106 6322; ppageno 0'>
   <div class='ocr_carea' id='block_1_1' title="bbox 302 309 3506 434">
    <p class='ocr_par' dir='ltr' id='par_1_1' title="bbox 302 309 3506 434">
     <span class='ocr_line' id='line_1_1' title="bbox 302 309 3506 434; baseline 0.002 -15"><span class='ocrx_word' id='word_1_1' title='bbox 302 357 411 421; x_wconf 83' lang='lat'><strong>625</strong></span> <span class='ocrx_word' id='word_1_2' title='bbox 1080 311 1158 416; x_wconf 65' lang='lat' dir='ltr'><strong>ut</strong></span> <span class='ocrx_word' id='word_1_3' title='bbox 1206 309 1459 426; x_wconf 83' lang='lat' dir='ltr'><strong>l~LLUD,</strong></span> <span class='ocrx_word' id='word_1_4' title='bbox 1506 372 1522 403; x_wconf 77' lang='grc' dir='ltr'><strong><em>ι</em></strong></span> <span class='ocrx_word' id='word_1_5' title='bbox 1571 359 1638 417; x_wconf 71' lang='lat' dir='ltr'><strong>sx</strong></span> <span class='ocrx_word' id='word_1_6' title='bbox 1681 359 1839 418; x_wconf 73' lang='lat' dir='ltr'><strong>sun</strong></span> <span class='ocrx_word' id='word_1_7' title='bbox 1885 358 2072 416; x_wconf 76' lang='lat' dir='ltr'><strong>vom</strong></span> <span class='ocrx_word' id='word_1_8' title='bbox 2113 359 2446 434; x_wconf 74' lang='lat' dir='ltr'><strong>MANEBE,</strong></span> <span class='ocrx_word' id='word_1_9' title='bbox 2493 375 2511 407; x_wconf 74' lang='grc' dir='ltr'>ι</span> <span class='ocrx_word' id='word_1_10' title='bbox 2551 360 2706 420; x_wconf 72' lang='lat' dir='ltr'><strong>mc.-</strong></span> <span class='ocrx_word' id='word_1_11' title='bbox 3398 359 3506 424; x_wconf 74' lang='lat'><strong>626</strong></span> 
     </span>
    </p>
   </div>
   <div class='ocr_carea' id='block_1_2' title="bbox 305 458 3508 549">
    <p class='ocr_par' dir='ltr' id='par_1_2' title="bbox 305 458 3508 549">
     <span class='ocr_line' id='line_1_2' title="bbox 305 458 3508 549; baseline 0.002 -28"><span class='ocrx_word' id='word_1_12' title='bbox 305 474 378 522; x_wconf 73' lang='lat' dir='ltr'><strong>ad</strong></span> <span class='ocrx_word' id='word_1_13' title='bbox 409 469 502 524; x_wconf 84' lang='lat' dir='ltr'><strong>te?</strong></span> <span class='ocrx_word' id='word_1_14' title='bbox 534 468 682 534; x_wconf 78' lang='lat' dir='ltr'><strong>juxta</strong></span> <span class='ocrx_word' id='word_1_15' title='bbox 722 470 970 524; x_wconf 84' lang='lat' dir='ltr'><strong>Latinam</strong></span> <span class='ocrx_word' id='word_1_16' title='bbox 1015 487 1145 524; x_wconf 82' lang='lat' dir='ltr'><strong>vero</strong></span> <span class='ocrx_word' id='word_1_17' title='bbox 1190 473 1733 549; x_wconf 61' lang='lat' dir='ltr'><strong>interpretationem:</strong></span> <span class='ocrx_word' id='word_1_18' title='bbox 1775 472 1857 525; x_wconf 85' lang='lat' dir='ltr'><strong>Sic</strong></span> <span class='ocrx_word' id='word_1_19' title='bbox 1890 476 1929 530; x_wconf 68' lang='grc' dir='ltr'><strong>Α</strong></span> <span class='ocrx_word' id='word_1_20' title='bbox 1965 474 2405 534; x_wconf 83' lang='lat' dir='ltr'><strong>iucertitudinem</strong></span> <span class='ocrx_word' id='word_1_21' title='bbox 2436 476 2541 537; x_wconf 87' lang='lat' dir='ltr'><strong>sui,</strong></span> <span class='ocrx_word' id='word_1_22' title='bbox 2571 458 2670 549; x_wconf 73' lang='lat' dir='ltr'><strong>nec</strong></span> <span class='ocrx_word' id='word_1_23' title='bbox 2703 491 2824 527; x_wconf 83' lang='lat' dir='ltr'><strong>cum</strong></span> <span class='ocrx_word' id='word_1_24' title='bbox 2859 474 3153 528; x_wconf 76' lang='lat' dir='ltr'><strong>indicativo</strong></span> <span class='ocrx_word' id='word_1_25' title='bbox 3180 476 3402 530; x_wconf 86' lang='lat' dir='ltr'><strong>omnino</strong></span> <span class='ocrx_word' id='word_1_26' title='bbox 3429 477 3508 528; x_wconf 70' lang='lat' dir='ltr'><strong>af-</strong></span> 
     </span>
    </p>
   </div>
   <div class='ocr_carea' id='block_1_3' title="bbox 304 548 3506 634">
    <p class='ocr_par' dir='ltr' id='par_1_3' title="bbox 304 548 3506 634">
     <span class='ocr_line' id='line_1_3' title="bbox 304 548 3506 634; baseline 0.002 -22"><span class='ocrx_word' id='word_1_27' title='bbox 304 576 427 614; x_wconf 82' lang='lat' dir='ltr'><strong>eum</strong></span> <span class='ocrx_word' id='word_1_28' title='bbox 458 562 572 614; x_wconf 77' lang='lat' dir='ltr'><strong>volo</strong></span> <span class='ocrx_word' id='word_1_29' title='bbox 596 578 805 615; x_wconf 85' lang='lat' dir='ltr'><strong>manere</strong></span> <span class='ocrx_word' id='word_1_30' title='bbox 842 563 1000 615; x_wconf 84' lang='lat' dir='ltr'><strong>donec</strong></span> <span class='ocrx_word' id='word_1_31' title='bbox 1045 565 1268 630; x_wconf 68' lang='lat' dir='ltr'><strong>veniam,</strong></span> <span class='ocrx_word' id='word_1_32' title='bbox 1299 566 1424 634; x_wconf 77' lang='lat' dir='ltr'><strong>quid</strong></span> <span class='ocrx_word' id='word_1_33' title='bbox 1457 548 1524 616; x_wconf 78' lang='lat' dir='ltr'><strong>ad</strong></span> <span class='ocrx_word' id='word_1_34' title='bbox 1549 574 1594 617; x_wconf 77' lang='lat' dir='ltr'><strong>te</strong></span> <span class='ocrx_word' id='word_1_35' title='bbox 1619 565 1676 617; x_wconf 72' lang='lat'><strong>&#39;?</strong></span> <span class='ocrx_word' id='word_1_36' title='bbox 1705 564 1855 628; x_wconf 64' lang='lat' dir='ltr'><strong>Quac-</strong></span> <span class='ocrx_word' id='word_1_37' title='bbox 1962 565 2195 628; x_wconf 84' lang='lat' dir='ltr'><strong>ﬁrmare,</strong></span> <span class='ocrx_word' id='word_1_38' title='bbox 2225 583 2324 619; x_wconf 90' lang='lat' dir='ltr'><strong>nec</strong></span> <span class='ocrx_word' id='word_1_39' title='bbox 2360 581 2482 618; x_wconf 89' lang='lat' dir='ltr'><strong>cum</strong></span> <span class='ocrx_word' id='word_1_40' title='bbox 2521 551 2870 633; x_wconf 73' lang='lat' dir='ltr'><strong>subiunctivo</strong></span> <span class='ocrx_word' id='word_1_41' title='bbox 2903 581 3129 632; x_wconf 80' lang='lat' dir='ltr'><strong>prorsus</strong></span> <span class='ocrx_word' id='word_1_42' title='bbox 3152 582 3273 619; x_wconf 83' lang='lat' dir='ltr'><strong>esse</strong></span> <span class='ocrx_word' id='word_1_43' title='bbox 3298 567 3506 634; x_wconf 67' lang='lat' dir='ltr'><strong>ancipi-</strong></span> 
     </span>
    </p>
   </div>
   <div class='ocr_carea' id='block_1_4' title="bbox 309 651 3505 727">
    <p class='ocr_par' dir='ltr' id='par_1_4' title="bbox 309 651 3505 727">
     <span class='ocr_line' id='line_1_4' title="bbox 309 651 3505 727; baseline 0.001 -22"><span class='ocrx_word' id='word_1_44' title='bbox 309 651 444 718; x_wconf 80' lang='lat' dir='ltr'><strong>sivit</strong></span> <span class='ocrx_word' id='word_1_45' title='bbox 475 667 503 706; x_wconf 92' lang='lat' dir='ltr'><strong>a</strong></span> <span class='ocrx_word' id='word_1_46' title='bbox 534 668 619 708; x_wconf 88' lang='lat' dir='ltr'><strong>me</strong></span> <span class='ocrx_word' id='word_1_47' title='bbox 643 653 886 722; x_wconf 89' lang='lat' dir='ltr'><strong>quidam,</strong></span> <span class='ocrx_word' id='word_1_48' title='bbox 912 651 979 707; x_wconf 87' lang='lat' dir='ltr'><strong>an</strong></span> <span class='ocrx_word' id='word_1_49' title='bbox 1005 666 1151 714; x_wconf 86' lang='lat' dir='ltr'><strong>recte</strong></span> <span class='ocrx_word' id='word_1_50' title='bbox 1173 657 1446 723; x_wconf 79' lang='lat' dir='ltr'><strong>interpres</strong></span> <span class='ocrx_word' id='word_1_51' title='bbox 1474 670 1590 709; x_wconf 90' lang='lat' dir='ltr'><strong>eam</strong></span> <span class='ocrx_word' id='word_1_52' title='bbox 1626 655 1858 722; x_wconf 80' lang='lat' dir='ltr'><strong>particu-</strong></span> <span class='ocrx_word' id='word_1_53' title='bbox 1949 665 2064 710; x_wconf 73' lang='lat' dir='ltr'><strong>tem</strong></span> <span class='ocrx_word' id='word_1_54' title='bbox 2094 675 2107 720; x_wconf 89' lang='lat'><strong>;</strong></span> <span class='ocrx_word' id='word_1_55' title='bbox 2137 657 2393 726; x_wconf 64' lang='lat' dir='ltr'><strong>praesetiti</strong></span> <span class='ocrx_word' id='word_1_56' title='bbox 2430 671 2557 715; x_wconf 73' lang='lat' dir='ltr'><strong>vero</strong></span> <span class='ocrx_word' id='word_1_57' title='bbox 2591 656 2752 708; x_wconf 88' lang='lat' dir='ltr'><strong>etiam</strong></span> <span class='ocrx_word' id='word_1_58' title='bbox 2783 656 3127 724; x_wconf 78' lang='lat' dir='ltr'><strong>subjunctivo</strong></span> <span class='ocrx_word' id='word_1_59' title='bbox 3175 658 3505 727; x_wconf 77' lang='lat' dir='ltr'><strong>adjunctaw,</strong></span> 
     </span>
    </p>
   </div>
   <div class='ocr_carea' id='block_1_5' title="bbox 305 731 3503 818">
    <p class='ocr_par' dir='ltr' id='par_1_5' title="bbox 305 731 3503 818">
     <span class='ocr_line' id='line_1_5' title="bbox 305 731 3503 818; baseline 0 -20"><span class='ocrx_word' id='word_1_60' title='bbox 305 743 417 798; x_wconf 87' lang='lat' dir='ltr'><strong>lam</strong></span> <span class='ocrx_word' id='word_1_61' title='bbox 457 745 509 798; x_wconf 90' lang='lat' dir='ltr'><strong>in</strong></span> <span class='ocrx_word' id='word_1_62' title='bbox 538 745 790 800; x_wconf 88' lang='lat' dir='ltr'><strong>Latinum</strong></span> <span class='ocrx_word' id='word_1_63' title='bbox 817 747 1104 802; x_wconf 74' lang='lat' dir='ltr'><strong>vertisset?</strong></span> <span class='ocrx_word' id='word_1_64' title='bbox 1138 731 1236 801; x_wconf 81' lang='lat' dir='ltr'><strong>Cui</strong></span> <span class='ocrx_word' id='word_1_65' title='bbox 1265 765 1363 818; x_wconf 87' lang='lat' dir='ltr'><strong>ego</strong></span> <span class='ocrx_word' id='word_1_66' title='bbox 1397 767 1409 801; x_wconf 92' lang='lat'><strong>:</strong></span> <span class='ocrx_word' id='word_1_67' title='bbox 1439 750 1602 801; x_wconf 83' lang='lat' dir='ltr'><strong>Recte</strong></span> <span class='ocrx_word' id='word_1_68' title='bbox 1637 743 1854 816; x_wconf 80' lang='lat' dir='ltr'><strong>quidem</strong></span> <span class='ocrx_word' id='word_1_69' title='bbox 1956 734 2336 799; x_wconf 69' lang='lat' dir='ltr'><strong>certit&#39;udinem</strong></span> <span class='ocrx_word' id='word_1_70' title='bbox 2393 743 2721 813; x_wconf 83' lang='lat' dir='ltr'><strong>signiﬁcare.</strong></span> <span class='ocrx_word' id='word_1_71' title='bbox 2761 743 2908 796; x_wconf 77' lang='lat' dir='ltr'><strong>lianc</strong></span> <span class='ocrx_word' id='word_1_72' title='bbox 2953 760 3143 797; x_wconf 88' lang='lat' dir='ltr'><strong>eorum</strong></span> <span class='ocrx_word' id='word_1_73' title='bbox 3180 747 3503 800; x_wconf 89' lang='lat' dir='ltr'><strong>sententiam</strong></span> 
     </span>
    </p>
   </div>
   <div class='ocr_carea' id='block_1_6' title="bbox 299 824 3506 903">
    <p class='ocr_par' dir='ltr' id='par_1_6' title="bbox 299 824 3506 903">
     <span class='ocr_line' id='line_1_6' title="bbox 299 824 3506 903; baseline -0.001 -15"><span class='ocrx_word' id='word_1_74' title='bbox 299 834 375 889; x_wconf 84' lang='lat' dir='ltr'><strong>ab</strong></span> <span class='ocrx_word' id='word_1_75' title='bbox 417 834 575 889; x_wconf 88' lang='lat' dir='ltr'><strong>initio</strong></span> <span class='ocrx_word' id='word_1_76' title='bbox 606 837 915 890; x_wconf 84' lang='lat' dir='ltr'><strong>translatam</strong></span> <span class='ocrx_word' id='word_1_77' title='bbox 951 837 1116 891; x_wconf 82' lang='lat' dir='ltr'><strong>fuisse</strong></span> <span class='ocrx_word' id='word_1_78' title='bbox 1149 837 1406 901; x_wconf 78' lang='lat' dir='ltr'><strong>arbitror,</strong></span> <span class='ocrx_word' id='word_1_79' title='bbox 1436 848 1488 892; x_wconf 90' lang='lat' dir='ltr'><strong>et</strong></span> <span class='ocrx_word' id='word_1_80' title='bbox 1518 841 1579 901; x_wconf 81' lang='lat' dir='ltr'><strong>si,</strong></span> <span class='ocrx_word' id='word_1_81' title='bbox 1617 853 1721 889; x_wconf 92' lang='lat' dir='ltr'><strong>non</strong></span> <span class='ocrx_word' id='word_1_82' title='bbox 1754 838 1851 897; x_wconf 85' lang='lat' dir='ltr'><strong>sic,</strong></span> <span class='ocrx_word' id='word_1_83' title='bbox 1955 834 2279 901; x_wconf 84' lang='lat' dir='ltr'><strong>quibusdam</strong></span> <span class='ocrx_word' id='word_1_84' title='bbox 2311 829 2522 903; x_wconf 73' lang='lat' dir='ltr'><strong>Virgilii</strong></span> <span class='ocrx_word' id='word_1_85' title='bbox 2549 824 2926 894; x_wconf 80' lang='lat' dir='ltr'><strong>ac_Cicerouis</strong></span> <span class='ocrx_word' id='word_1_86' title='bbox 2963 834 3226 901; x_wconf 76' lang='lat' dir='ltr'><strong>exemplis</strong></span> <span class='ocrx_word' id='word_1_87' title='bbox 3255 835 3506 888; x_wconf 85' lang='lat' dir='ltr'><strong>nituntur</strong></span> 
     </span>
    </p>
   </div>
   <div class='ocr_carea' id='block_1_7' title="bbox 308 920 3560 995">
    <p class='ocr_par' dir='ltr' id='par_1_7' title="bbox 308 920 3560 995">
     <span class='ocr_line' id='line_1_7' title="bbox 308 920 3560 995; baseline -0.001 -18"><span class='ocrx_word' id='word_1_88' title='bbox 308 924 379 977; x_wconf 87' lang='lat' dir='ltr'><strong>ab</strong></span> <span class='ocrx_word' id='word_1_89' title='bbox 404 923 705 994; x_wconf 89' lang='lat' dir='ltr'><strong>interprete</strong></span> <span class='ocrx_word' id='word_1_90' title='bbox 725 926 983 994; x_wconf 88' lang='lat' dir='ltr'><strong>scriptum</strong></span> <span class='ocrx_word' id='word_1_91' title='bbox 1015 927 1285 980; x_wconf 71' lang='lat' dir='ltr'><strong>exstitisse</strong></span> <span class='ocrx_word' id='word_1_92' title='bbox 1311 944 1326 995; x_wconf 88' lang='lat'><strong>;</strong></span> <span class='ocrx_word' id='word_1_93' title='bbox 1354 927 1444 980; x_wconf 88' lang='lat' dir='ltr'><strong>sed</strong></span> <span class='ocrx_word' id='word_1_94' title='bbox 1477 936 1662 995; x_wconf 87' lang='lat' dir='ltr'><strong>postea</strong></span> <span class='ocrx_word' id='word_1_95' title='bbox 1689 925 1853 993; x_wconf 80' lang='lat' dir='ltr'><strong>(quod</strong></span> <span class='ocrx_word' id='word_1_96' title='bbox 1935 925 2240 993; x_wconf 58' lang='lat' dir='ltr'><strong>&#39;allirmare,</strong></span> <span class='ocrx_word' id='word_1_97' title='bbox 2271 924 2404 979; x_wconf 89' lang='lat' dir='ltr'><strong>Cum</strong></span> <span class='ocrx_word' id='word_1_98' title='bbox 2427 924 2595 993; x_wconf 73' lang='lat' dir='ltr'><strong>igitur</strong></span> <span class='ocrx_word' id='word_1_99' title='bbox 2627 921 2765 991; x_wconf 90' lang='lat' dir='ltr'><strong>apud</strong></span> <span class='ocrx_word' id='word_1_100' title='bbox 2796 920 3012 976; x_wconf 69' lang='lat' dir='ltr'><strong>Graecos</strong></span> <span class='ocrx_word' id='word_1_101' title='bbox 3037 923 3106 976; x_wconf 88' lang='lat' dir='ltr'><strong>ita</strong></span> <span class='ocrx_word' id='word_1_102' title='bbox 3127 923 3386 991; x_wconf 90' lang='lat' dir='ltr'><strong>scriplum</strong></span> <span class='ocrx_word' id='word_1_103' title='bbox 3413 927 3502 986; x_wconf 83' lang='lat' dir='ltr'><strong>sit,</strong></span> <span class='ocrx_word' id='word_1_104' title='bbox 3557 966 3560 968; x_wconf 55' lang='grc' dir='ltr'><strong><em>η</em></strong></span> 
     </span>
    </p>
   </div>
   <div class='ocr_carea' id='block_1_8' title="bbox 302 1010 3503 1082">
    <p class='ocr_par' dir='ltr' id='par_1_8' title="bbox 302 1010 3503 1082">
     <span class='ocr_line' id='line_1_8' title="bbox 302 1010 3503 1082; baseline 0 -18"><span class='ocrx_word' id='word_1_105' title='bbox 302 1013 558 1068; x_wconf 84' lang='lat' dir='ltr'><strong>accidere</strong></span> <span class='ocrx_word' id='word_1_106' title='bbox 587 1013 902 1082; x_wconf 81' lang='lat' dir='ltr'><strong>frequenter</strong></span> <span class='ocrx_word' id='word_1_107' title='bbox 941 1014 1099 1078; x_wconf 90' lang='lat' dir='ltr'><strong>solet)</strong></span> <span class='ocrx_word' id='word_1_108' title='bbox 1141 1015 1273 1068; x_wconf 83' lang='lat' dir='ltr'><strong>vitio</strong></span> <span class='ocrx_word' id='word_1_109' title='bbox 1316 1015 1659 1067; x_wconf 85' lang='lat' dir='ltr'><strong>dormitantis</strong></span> <span class='ocrx_word' id='word_1_110' title='bbox 1687 1015 1851 1067; x_wconf 85' lang='lat' dir='ltr'><strong>libra-</strong></span> <span class='ocrx_word' id='word_1_111' title='bbox 1952 1012 2046 1062; x_wconf 76' lang='grc' dir='ltr'><strong>ιάν</strong></span> <span class='ocrx_word' id='word_1_112' title='bbox 2079 1012 2240 1075; x_wconf 82' lang='grc' dir='ltr'><strong>θέλω,</strong></span> <span class='ocrx_word' id='word_1_113' title='bbox 2271 1011 2377 1065; x_wconf 80' lang='lat' dir='ltr'><strong>hoc</strong></span> <span class='ocrx_word' id='word_1_114' title='bbox 2410 1021 2513 1075; x_wconf 86' lang='lat' dir='ltr'><strong>est,</strong></span> <span class='ocrx_word' id='word_1_115' title='bbox 2547 1011 2593 1063; x_wconf 97' lang='lat' dir='ltr'><strong>si</strong></span> <span class='ocrx_word' id='word_1_116' title='bbox 2624 1010 2792 1073; x_wconf 78' lang='lat' dir='ltr'><strong>velim,</strong></span> <span class='ocrx_word' id='word_1_117' title='bbox 2831 1011 3015 1076; x_wconf 88' lang='lat' dir='ltr'><strong>procul</strong></span> <span class='ocrx_word' id='word_1_118' title='bbox 3063 1010 3228 1063; x_wconf 84' lang='lat' dir='ltr'><strong>dubio</strong></span> <span class='ocrx_word' id='word_1_119' title='bbox 3280 1013 3503 1064; x_wconf 72' lang='lat' dir='ltr'><strong>ct-rtitu-</strong></span> 
     </span>
    </p>
   </div>
   <div class='ocr_carea' id='block_1_9' title="bbox 302 1100 3501 1172">
    <p class='ocr_par' dir='ltr' id='par_1_9' title="bbox 302 1100 3501 1172">
     <span class='ocr_line' id='line_1_9' title="bbox 302 1100 3501 1172; baseline -0.001 -18"><span class='ocrx_word' id='word_1_120' title='bbox 302 1103 400 1169; x_wconf 88' lang='lat' dir='ltr'><strong>rii,</strong></span> <span class='ocrx_word' id='word_1_121' title='bbox 432 1105 477 1157; x_wconf 91' lang='lat' dir='ltr'><strong>si</strong></span> <span class='ocrx_word' id='word_1_122' title='bbox 508 1103 948 1172; x_wconf 68' lang='lat' dir='ltr'><strong>coniunctionem</strong></span> <span class='ocrx_word' id='word_1_123' title='bbox 983 1103 1036 1157; x_wconf 92' lang='lat' dir='ltr'><strong>in</strong></span> <span class='ocrx_word' id='word_1_124' title='bbox 1072 1103 1392 1158; x_wconf 82' lang='lat' dir='ltr'><strong>adverbium</strong></span> <span class='ocrx_word' id='word_1_125' title='bbox 1422 1106 1496 1157; x_wconf 85' lang='lat' dir='ltr'><strong>sic</strong></span> <span class='ocrx_word' id='word_1_126' title='bbox 1530 1104 1698 1158; x_wconf 80' lang='lat' dir='ltr'><strong>fuisse</strong></span> <span class='ocrx_word' id='word_1_127' title='bbox 1724 1119 1852 1156; x_wconf 87' lang='lat' dir='ltr'><strong>con-</strong></span> <span class='ocrx_word' id='word_1_128' title='bbox 1954 1101 2134 1155; x_wconf 90' lang='lat' dir='ltr'><strong>dinem</strong></span> <span class='ocrx_word' id='word_1_129' title='bbox 2163 1101 2450 1169; x_wconf 82' lang='lat' dir='ltr'><strong>utrobique</strong></span> <span class='ocrx_word' id='word_1_130' title='bbox 2477 1100 2768 1169; x_wconf 82' lang='lat' dir='ltr'><strong>signiﬁcari</strong></span> <span class='ocrx_word' id='word_1_131' title='bbox 2797 1109 3080 1155; x_wconf 87' lang='lat' dir='ltr'><strong>asserunt.</strong></span> <span class='ocrx_word' id='word_1_132' title='bbox 3108 1101 3348 1167; x_wconf 79' lang='lat' dir='ltr'><strong>ideoque</strong></span> <span class='ocrx_word' id='word_1_133' title='bbox 3379 1117 3501 1158; x_wconf 78' lang='lat' dir='ltr'><strong>seu,</strong></span> 
     </span>
    </p>
   </div>
   <div class='ocr_carea' id='block_1_10' title="bbox 295 1174 3498 1266">
    <p class='ocr_par' dir='ltr' id='par_1_10' title="bbox 295 1174 3498 1266">
     <span class='ocr_line' id='line_1_10' title="bbox 295 1174 3498 1266; baseline -0.001 -23"><span class='ocrx_word' id='word_1_134' title='bbox 295 1174 534 1254; x_wconf 78' lang='lat' dir='ltr'><strong>versam,</strong></span> <span class='ocrx_word' id='word_1_135' title='bbox 559 1206 668 1245; x_wconf 85' lang='lat' dir='ltr'><strong>una</strong></span> <span class='ocrx_word' id='word_1_136' title='bbox 699 1190 876 1246; x_wconf 81' lang='lat' dir='ltr'><strong>littera</strong></span> <span class='ocrx_word' id='word_1_137' title='bbox 907 1191 1110 1246; x_wconf 89' lang='lat' dir='ltr'><strong>addita.</strong></span> <span class='ocrx_word' id='word_1_138' title='bbox 1143 1191 1338 1245; x_wconf 76' lang='lat' dir='ltr'><strong>Facilis</strong></span> <span class='ocrx_word' id='word_1_139' title='bbox 1395 1204 1476 1247; x_wconf 85' lang='lat' dir='ltr'><strong>est</strong></span> <span class='ocrx_word' id='word_1_140' title='bbox 1505 1193 1649 1246; x_wconf 90' lang='lat' dir='ltr'><strong>enim</strong></span> <span class='ocrx_word' id='word_1_141' title='bbox 1679 1196 1854 1266; x_wconf 12' lang='lat' dir='ltr'><strong>adver-</strong></span> <span class='ocrx_word' id='word_1_142' title='bbox 1951 1192 1995 1244; x_wconf 89' lang='lat' dir='ltr'><strong>si</strong></span> <span class='ocrx_word' id='word_1_143' title='bbox 2018 1191 2186 1256; x_wconf 79' lang='lat' dir='ltr'><strong>velim,</strong></span> <span class='ocrx_word' id='word_1_144' title='bbox 2207 1199 2264 1244; x_wconf 88' lang='lat' dir='ltr'><strong>ut</strong></span> <span class='ocrx_word' id='word_1_145' title='bbox 2290 1190 2486 1257; x_wconf 74' lang='lat' dir='ltr'><strong>Graeci,</strong></span> <span class='ocrx_word' id='word_1_146' title='bbox 2513 1192 2624 1246; x_wconf 83' lang='lat' dir='ltr'><strong>sive</strong></span> <span class='ocrx_word' id='word_1_147' title='bbox 2649 1192 2722 1243; x_wconf 87' lang='lat' dir='ltr'><strong>sic</strong></span> <span class='ocrx_word' id='word_1_148' title='bbox 2744 1192 2879 1256; x_wconf 78' lang='lat' dir='ltr'><strong>voto,</strong></span> <span class='ocrx_word' id='word_1_149' title='bbox 2914 1200 2970 1244; x_wconf 91' lang='lat' dir='ltr'><strong>ut</strong></span> <span class='ocrx_word' id='word_1_150' title='bbox 3004 1190 3205 1252; x_wconf 81' lang='lat' dir='ltr'><strong>Latini,</strong></span> <span class='ocrx_word' id='word_1_151' title='bbox 3232 1191 3498 1254; x_wconf 78' lang='lat' dir='ltr'><strong>dicamus,</strong></span> 
     </span>
    </p>
   </div>
   <div class='ocr_carea' id='block_1_11' title="bbox 298 1280 3503 1364">
    <p class='ocr_par' dir='ltr' id='par_1_11' title="bbox 298 1280 3503 1364">
     <span class='ocr_line' id='line_1_11' title="bbox 298 1280 3503 1364; baseline -0.002 -30"><span class='ocrx_word' id='word_1_152' title='bbox 298 1295 482 1335; x_wconf 91' lang='lat' dir='ltr'><strong>rorem</strong></span> <span class='ocrx_word' id='word_1_153' title='bbox 522 1280 730 1350; x_wconf 85' lang='lat' dir='ltr'><strong>lapsus,</strong></span> <span class='ocrx_word' id='word_1_154' title='bbox 770 1281 985 1350; x_wconf 86' lang='lat' dir='ltr'><strong>quoties</strong></span> <span class='ocrx_word' id='word_1_155' title='bbox 1015 1281 1180 1336; x_wconf 88' lang='lat' dir='ltr'><strong>dictio</strong></span> <span class='ocrx_word' id='word_1_156' title='bbox 1213 1281 1416 1364; x_wconf 73' lang='lat' dir='ltr'><strong>aliquid</strong></span> <span class='ocrx_word' id='word_1_157' title='bbox 1459 1282 1770 1354; x_wconf 78' lang='lat' dir='ltr'><strong>signiﬁcans</strong></span> <span class='ocrx_word' id='word_1_158' title='bbox 1796 1283 1850 1337; x_wconf 92' lang='lat' dir='ltr'><strong>in</strong></span> <span class='ocrx_word' id='word_1_159' title='bbox 1953 1296 2111 1334; x_wconf 87' lang='lat' dir='ltr'><strong>unam</strong></span> <span class='ocrx_word' id='word_1_160' title='bbox 2145 1295 2367 1349; x_wconf 84' lang='lat' dir='ltr'><strong>prorsus</strong></span> <span class='ocrx_word' id='word_1_161' title='bbox 2390 1290 2442 1334; x_wconf 91' lang='lat' dir='ltr'><strong>et</strong></span> <span class='ocrx_word' id='word_1_162' title='bbox 2472 1281 2718 1335; x_wconf 83' lang='lat' dir='ltr'><strong>eamdem</strong></span> <span class='ocrx_word' id='word_1_163' title='bbox 2753 1296 2872 1335; x_wconf 90' lang='lat' dir='ltr'><strong>esse</strong></span> <span class='ocrx_word' id='word_1_164' title='bbox 2905 1280 3254 1334; x_wconf 83' lang='lat' dir='ltr'><strong>sententiam.</strong></span> <span class='ocrx_word' id='word_1_165' title='bbox 3286 1281 3503 1333; x_wconf 75' lang='lat' dir='ltr'><strong>Postre-</strong></span> 
     </span>
    </p>
   </div>
   <div class='ocr_carea' id='block_1_12' title="bbox 298 1368 3499 1440">
    <p class='ocr_par' dir='ltr' id='par_1_12' title="bbox 298 1368 3499 1440">
     <span class='ocr_line' id='line_1_12' title="bbox 298 1368 3499 1440; baseline 0.001 -20"><span class='ocrx_word' id='word_1_166' title='bbox 298 1368 595 1421; x_wconf 84' lang='lat' dir='ltr'><strong>dictionem</strong></span> <span class='ocrx_word' id='word_1_167' title='bbox 622 1369 770 1424; x_wconf 87' lang='lat' dir='ltr'><strong>aliud</strong></span> <span class='ocrx_word' id='word_1_168' title='bbox 805 1370 1225 1440; x_wconf 87' lang='lat' dir='ltr'><strong>signiﬁcantem,</strong></span> <span class='ocrx_word' id='word_1_169' title='bbox 1257 1387 1363 1425; x_wconf 90' lang='lat' dir='ltr'><strong>una</strong></span> <span class='ocrx_word' id='word_1_170' title='bbox 1395 1370 1850 1425; x_wconf 83' lang='lat' dir='ltr'><strong>duntaxataddita</strong></span> <span class='ocrx_word' id='word_1_171' title='bbox 1953 1386 2040 1424; x_wconf 93' lang='lat' dir='ltr'><strong>mo</strong></span> <span class='ocrx_word' id='word_1_172' title='bbox 2074 1370 2165 1423; x_wconf 87' lang='lat' dir='ltr'><strong>ubi</strong></span> <span class='ocrx_word' id='word_1_173' title='bbox 2214 1371 2450 1438; x_wconf 82' lang='lat' dir='ltr'><strong>negatio,</strong></span> <span class='ocrx_word' id='word_1_174' title='bbox 2497 1371 2774 1440; x_wconf 79' lang='lat' dir='ltr'><strong>inquiunt,</strong></span> <span class='ocrx_word' id='word_1_175' title='bbox 2828 1372 2910 1424; x_wconf 87' lang='lat' dir='ltr'><strong>vel</strong></span> <span class='ocrx_word' id='word_1_176' title='bbox 2947 1371 3272 1439; x_wconf 78' lang='lat' dir='ltr'><strong>ambiguitas</strong></span> <span class='ocrx_word' id='word_1_177' title='bbox 3321 1371 3499 1423; x_wconf 80' lang='lat' dir='ltr'><strong>locum</strong></span> 
     </span>
    </p>
   </div>
   <div class='ocr_carea' id='block_1_13' title="bbox 301 1458 3499 1532">
    <p class='ocr_par' dir='ltr' id='par_1_13' title="bbox 301 1458 3499 1532">
     <span class='ocr_line' id='line_1_13' title="bbox 301 1458 3499 1532; baseline 0 -20"><span class='ocrx_word' id='word_1_178' title='bbox 301 1458 392 1512; x_wconf 82' lang='lat' dir='ltr'><strong>vel</strong></span> <span class='ocrx_word' id='word_1_179' title='bbox 430 1458 672 1514; x_wconf 87' lang='lat' dir='ltr'><strong>detracta</strong></span> <span class='ocrx_word' id='word_1_180' title='bbox 711 1460 892 1514; x_wconf 87' lang='lat' dir='ltr'><strong>littera</strong></span> <span class='ocrx_word' id='word_1_181' title='bbox 916 1499 930 1525; x_wconf 93' lang='lat'><strong>,</strong></span> <span class='ocrx_word' id='word_1_182' title='bbox 977 1458 1297 1515; x_wconf 90' lang='lat' dir='ltr'><strong>commutari</strong></span> <span class='ocrx_word' id='word_1_183' title='bbox 1340 1471 1532 1527; x_wconf 84' lang='lat' dir='ltr'><strong>potest.</strong></span> <span class='ocrx_word' id='word_1_184' title='bbox 1587 1461 1722 1514; x_wconf 88' lang='lat' dir='ltr'><strong>Tum</strong></span> <span class='ocrx_word' id='word_1_185' title='bbox 1757 1460 1849 1514; x_wconf 90' lang='lat' dir='ltr'><strong>alii</strong></span> <span class='ocrx_word' id='word_1_186' title='bbox 1954 1476 2060 1514; x_wconf 91' lang='lat' dir='ltr'><strong>non</strong></span> <span class='ocrx_word' id='word_1_187' title='bbox 2095 1459 2279 1524; x_wconf 82' lang='lat' dir='ltr'><strong>habet,</strong></span> <span class='ocrx_word' id='word_1_188' title='bbox 2304 1460 2594 1515; x_wconf 78' lang='lat' dir='ltr'><strong>indicativo</strong></span> <span class='ocrx_word' id='word_1_189' title='bbox 2616 1476 2736 1515; x_wconf 91' lang='lat' dir='ltr'><strong>cum</strong></span> <span class='ocrx_word' id='word_1_190' title='bbox 2763 1462 2808 1514; x_wconf 87' lang='lat' dir='ltr'><strong>si</strong></span> <span class='ocrx_word' id='word_1_191' title='bbox 2836 1461 3216 1532; x_wconf 83' lang='lat' dir='ltr'><strong>conjunctione</strong></span> <span class='ocrx_word' id='word_1_192' title='bbox 3242 1463 3499 1514; x_wconf 80' lang='lat' dir='ltr'><strong>utendum</strong></span> 
     </span>
    </p>
   </div>
   <div class='ocr_carea' id='block_1_14' title="bbox 306 1550 3497 1620">
    <p class='ocr_par' dir='ltr' id='par_1_14' title="bbox 306 1550 3497 1620">
     <span class='ocr_line' id='line_1_14' title="bbox 306 1550 3497 1620; baseline 0 -17"><span class='ocrx_word' id='word_1_193' title='bbox 306 1550 529 1618; x_wconf 84' lang='lat' dir='ltr'><strong>quidam</strong></span> <span class='ocrx_word' id='word_1_194' title='bbox 570 1568 634 1604; x_wconf 83' lang='lat' dir='ltr'><strong>ex</strong></span> <span class='ocrx_word' id='word_1_195' title='bbox 665 1553 750 1604; x_wconf 88' lang='lat' dir='ltr'><strong>his</strong></span> <span class='ocrx_word' id='word_1_196' title='bbox 781 1553 871 1620; x_wconf 86' lang='lat' dir='ltr'><strong>qui</strong></span> <span class='ocrx_word' id='word_1_197' title='bbox 918 1553 1164 1612; x_wconf 88' lang='lat' dir='ltr'><strong>aderant.</strong></span> <span class='ocrx_word' id='word_1_198' title='bbox 1215 1554 1609 1616; x_wconf 76' lang='lat' dir='ltr'><strong>contradicere,</strong></span> <span class='ocrx_word' id='word_1_199' title='bbox 1639 1567 1744 1605; x_wconf 90' lang='lat' dir='ltr'><strong>non</strong></span> <span class='ocrx_word' id='word_1_200' title='bbox 1782 1555 1844 1619; x_wconf 89' lang='lat' dir='ltr'><strong>si,</strong></span> <span class='ocrx_word' id='word_1_201' title='bbox 1952 1560 2053 1604; x_wconf 90' lang='lat' dir='ltr'><strong>est.</strong></span> <span class='ocrx_word' id='word_1_202' title='bbox 2089 1551 2142 1604; x_wconf 92' lang='lat' dir='ltr'><strong>In</strong></span> <span class='ocrx_word' id='word_1_203' title='bbox 2169 1551 2271 1606; x_wconf 87' lang='lat' dir='ltr'><strong>hoc</strong></span> <span class='ocrx_word' id='word_1_204' title='bbox 2297 1565 2448 1617; x_wconf 85' lang='lat' dir='ltr'><strong>vero,</strong></span> <span class='ocrx_word' id='word_1_205' title='bbox 2480 1551 2547 1605; x_wconf 90' lang='lat' dir='ltr'><strong>dc</strong></span> <span class='ocrx_word' id='word_1_206' title='bbox 2579 1565 2688 1620; x_wconf 88' lang='lat' dir='ltr'><strong>quo</strong></span> <span class='ocrx_word' id='word_1_207' title='bbox 2716 1550 3013 1620; x_wconf 88' lang='lat' dir='ltr'><strong>loquimur,</strong></span> <span class='ocrx_word' id='word_1_208' title='bbox 3044 1552 3314 1620; x_wconf 80' lang='lat' dir='ltr'><strong>Evangelii</strong></span> <span class='ocrx_word' id='word_1_209' title='bbox 3359 1553 3497 1617; x_wconf 87' lang='lat' dir='ltr'><strong>loco,</strong></span> 
     </span>
    </p>
   </div>
   <div class='ocr_carea' id='block_1_15' title="bbox 302 1640 3502 1714">
    <p class='ocr_par' dir='ltr' id='par_1_15' title="bbox 302 1640 3502 1714">
     <span class='ocr_line' id='line_1_15' title="bbox 302 1640 3502 1714; baseline 0.001 -22"><span class='ocrx_word' id='word_1_210' title='bbox 302 1642 400 1694; x_wconf 86' lang='lat' dir='ltr'><strong>sed</strong></span> <span class='ocrx_word' id='word_1_211' title='bbox 430 1643 502 1693; x_wconf 78' lang='lat' dir='ltr'><strong>sic</strong></span> <span class='ocrx_word' id='word_1_212' title='bbox 528 1640 630 1710; x_wconf 87' lang='lat' dir='ltr'><strong>legi</strong></span> <span class='ocrx_word' id='word_1_213' title='bbox 679 1642 878 1696; x_wconf 83' lang='lat' dir='ltr'><strong>debere</strong></span> <span class='ocrx_word' id='word_1_214' title='bbox 907 1653 1277 1699; x_wconf 83' lang='lat' dir='ltr'><strong>asseverantes</strong></span> <span class='ocrx_word' id='word_1_215' title='bbox 1300 1644 1545 1714; x_wconf 85' lang='lat' dir='ltr'><strong>beneque</strong></span> <span class='ocrx_word' id='word_1_216' title='bbox 1570 1659 1627 1697; x_wconf 86' lang='lat' dir='ltr'><strong>se</strong></span> <span class='ocrx_word' id='word_1_217' title='bbox 1651 1643 1849 1697; x_wconf 85' lang='lat' dir='ltr'><strong>habere</strong></span> <span class='ocrx_word' id='word_1_218' title='bbox 1952 1641 2098 1696; x_wconf 89' lang='lat' dir='ltr'><strong>nulla</strong></span> <span class='ocrx_word' id='word_1_219' title='bbox 2135 1641 2302 1697; x_wconf 87' lang='lat' dir='ltr'><strong>habet</strong></span> <span class='ocrx_word' id='word_1_220' title='bbox 2350 1642 2532 1697; x_wconf 90' lang='lat' dir='ltr'><strong>locum</strong></span> <span class='ocrx_word' id='word_1_221' title='bbox 2587 1643 2938 1711; x_wconf 82' lang='lat' dir='ltr'><strong>ambiguitas.</strong></span> <span class='ocrx_word' id='word_1_222' title='bbox 2991 1643 3287 1696; x_wconf 82' lang='lat' dir='ltr'><strong>indicativo</strong></span> <span class='ocrx_word' id='word_1_223' title='bbox 3339 1644 3502 1712; x_wconf 79' lang='lat' dir='ltr'><strong>igitur</strong></span> 
     </span>
    </p>
   </div>
   <div class='ocr_carea' id='block_1_16' title="bbox 309 1730 3499 1804">
    <p class='ocr_par' dir='ltr' id='par_1_16' title="bbox 309 1730 3499 1804">
     <span class='ocr_line' id='line_1_16' title="bbox 309 1730 3499 1804; baseline -0 -20"><span class='ocrx_word' id='word_1_224' title='bbox 309 1731 560 1785; x_wconf 81' lang='lat' dir='ltr'><strong>Latinum</strong></span> <span class='ocrx_word' id='word_1_225' title='bbox 594 1747 894 1787; x_wconf 84' lang='lat' dir='ltr'><strong>sermonem</strong></span> <span class='ocrx_word' id='word_1_226' title='bbox 929 1735 1194 1800; x_wconf 90' lang='lat' dir='ltr'><strong>dicentes,</strong></span> <span class='ocrx_word' id='word_1_227' title='bbox 1231 1745 1284 1789; x_wconf 92' lang='lat' dir='ltr'><strong>et</strong></span> <span class='ocrx_word' id='word_1_228' title='bbox 1315 1735 1710 1804; x_wconf 11' lang='lat' dir='ltr'><strong>autvreetiorem</strong></span> <span class='ocrx_word' id='word_1_229' title='bbox 1732 1750 1850 1788; x_wconf 90' lang='lat' dir='ltr'><strong>esse</strong></span> <span class='ocrx_word' id='word_1_230' title='bbox 1886 1794 1919 1804; x_wconf 87' lang='lat'>__</span> <span class='ocrx_word' id='word_1_231' title='bbox 1953 1730 2291 1801; x_wconf 77' lang='lat' dir='ltr'><strong>adiungenda</strong></span> <span class='ocrx_word' id='word_1_232' title='bbox 2324 1731 2411 1785; x_wconf 91' lang='lat' dir='ltr'><strong>illa</strong></span> <span class='ocrx_word' id='word_1_233' title='bbox 2442 1732 2772 1801; x_wconf 74' lang='lat' dir='ltr'><strong>conjuucdo,</strong></span> <span class='ocrx_word' id='word_1_234' title='bbox 2809 1740 2880 1795; x_wconf 87' lang='lat' dir='ltr'><strong>et,</strong></span> <span class='ocrx_word' id='word_1_235' title='bbox 2924 1734 2966 1786; x_wconf 85' lang='lat' dir='ltr'><strong>si</strong></span> <span class='ocrx_word' id='word_1_236' title='bbox 3015 1731 3149 1796; x_wconf 85' lang='lat' dir='ltr'><strong>volo,</strong></span> <span class='ocrx_word' id='word_1_237' title='bbox 3195 1731 3499 1793; x_wconf 63' lang='lat' dir='ltr'><strong>dicendum,</strong></span> 
     </span>
    </p>
   </div>
   <div class='ocr_carea' id='block_1_17' title="bbox 304 1794 3499 1894">
    <p class='ocr_par' dir='ltr' id='par_1_17' title="bbox 304 1794 3499 1894">
     <span class='ocr_line' id='line_1_17' title="bbox 304 1794 3499 1894; baseline -0 -19"><span class='ocrx_word' id='word_1_238' title='bbox 304 1820 516 1886; x_wconf 81' lang='lat' dir='ltr'><strong>Graeco,</strong></span> <span class='ocrx_word' id='word_1_239' title='bbox 541 1831 635 1878; x_wconf 90' lang='lat' dir='ltr'><strong>aut</strong></span> <span class='ocrx_word' id='word_1_240' title='bbox 665 1823 756 1878; x_wconf 89' lang='lat' dir='ltr'><strong>illo</strong></span> <span class='ocrx_word' id='word_1_241' title='bbox 784 1823 891 1876; x_wconf 75' lang='lat' dir='ltr'><strong>nan</strong></span> <span class='ocrx_word' id='word_1_242' title='bbox 924 1825 1104 1880; x_wconf 81' lang='lat' dir='ltr'><strong>minus</strong></span> <span class='ocrx_word' id='word_1_243' title='bbox 1133 1794 1364 1887; x_wconf 84' lang='lat' dir='ltr'><strong>rectum,</strong></span> <span class='ocrx_word' id='word_1_244' title='bbox 1410 1802 1849 1894; x_wconf 88' lang='lat' dir='ltr'><strong>quandoquidem</strong></span> <span class='ocrx_word' id='word_1_245' title='bbox 1885 1794 1923 1848; x_wconf 69' lang='grc' dir='ltr'><strong>Β</strong></span> <span class='ocrx_word' id='word_1_246' title='bbox 1952 1823 2096 1890; x_wconf 89' lang='lat' dir='ltr'><strong>quod</strong></span> <span class='ocrx_word' id='word_1_247' title='bbox 2142 1822 2286 1876; x_wconf 88' lang='lat' dir='ltr'><strong>idem</strong></span> <span class='ocrx_word' id='word_1_248' title='bbox 2319 1831 2405 1877; x_wconf 90' lang='lat' dir='ltr'><strong>est</strong></span> <span class='ocrx_word' id='word_1_249' title='bbox 2435 1839 2496 1881; x_wconf 85' lang='lat' dir='ltr'><strong>ac</strong></span> <span class='ocrx_word' id='word_1_250' title='bbox 2555 1822 2597 1876; x_wconf 91' lang='lat' dir='ltr'><strong>si</strong></span> <span class='ocrx_word' id='word_1_251' title='bbox 2651 1812 2945 1886; x_wconf 85' lang='lat' dir='ltr'><strong>diceretur,</strong></span> <span class='ocrx_word' id='word_1_252' title='bbox 2981 1824 3055 1876; x_wconf 84' lang='lat' dir='ltr'><strong>sic</strong></span> <span class='ocrx_word' id='word_1_253' title='bbox 3083 1822 3233 1882; x_wconf 76' lang='lat' dir='ltr'><strong>volo;</strong></span> <span class='ocrx_word' id='word_1_254' title='bbox 3279 1822 3499 1885; x_wconf 87' lang='lat' dir='ltr'><strong>idcirco,</strong></span> 
     </span>
    </p>
   </div>
   <div class='ocr_carea' id='block_1_18' title="bbox 303 1902 3505 1985">
    <p class='ocr_par' dir='ltr' id='par_1_18' title="bbox 303 1902 3505 1985">
     <span class='ocr_line' id='line_1_18' title="bbox 303 1902 3505 1985; baseline -0.001 -21"><span class='ocrx_word' id='word_1_255' title='bbox 303 1914 422 1967; x_wconf 87' lang='lat' dir='ltr'><strong>sive</strong></span> <span class='ocrx_word' id='word_1_256' title='bbox 449 1914 514 1980; x_wconf 89' lang='lat' dir='ltr'><strong>si,</strong></span> <span class='ocrx_word' id='word_1_257' title='bbox 545 1915 657 1970; x_wconf 85' lang='lat' dir='ltr'><strong>sive</strong></span> <span class='ocrx_word' id='word_1_258' title='bbox 702 1917 776 1968; x_wconf 83' lang='lat' dir='ltr'><strong>sic</strong></span> <span class='ocrx_word' id='word_1_259' title='bbox 818 1915 1049 1981; x_wconf 86' lang='lat' dir='ltr'><strong>dicatur,</strong></span> <span class='ocrx_word' id='word_1_260' title='bbox 1089 1902 1276 1969; x_wconf 76' lang='lat' dir='ltr'><strong>eadem</strong></span> <span class='ocrx_word' id='word_1_261' title='bbox 1307 1916 1375 1969; x_wconf 89' lang='lat' dir='ltr'><strong>sit</strong></span> <span class='ocrx_word' id='word_1_262' title='bbox 1402 1917 1683 1984; x_wconf 83' lang='lat' dir='ltr'><strong>utriusque</strong></span> <span class='ocrx_word' id='word_1_263' title='bbox 1728 1932 1851 1970; x_wconf 87' lang='lat' dir='ltr'><strong>sen-</strong></span> <span class='ocrx_word' id='word_1_264' title='bbox 1951 1903 2024 1964; x_wconf 83' lang='lat' dir='ltr'><strong>sic</strong></span> <span class='ocrx_word' id='word_1_265' title='bbox 2069 1912 2186 1965; x_wconf 78' lang='lat' dir='ltr'><strong>uolo</strong></span> <span class='ocrx_word' id='word_1_266' title='bbox 2229 1913 2279 1964; x_wconf 91' lang='lat' dir='ltr'><strong>in</strong></span> <span class='ocrx_word' id='word_1_267' title='bbox 2329 1912 2624 1985; x_wconf 64' lang='lat' dir='ltr'><strong>Evangelio</strong></span> <span class='ocrx_word' id='word_1_268' title='bbox 2665 1913 2976 1980; x_wconf 87' lang='lat' dir='ltr'><strong>legendum.</strong></span> <span class='ocrx_word' id='word_1_269' title='bbox 3027 1912 3178 1977; x_wconf 87' lang='lat' dir='ltr'><strong>Quod</strong></span> <span class='ocrx_word' id='word_1_270' title='bbox 3223 1927 3351 1965; x_wconf 85' lang='lat' dir='ltr'><strong>vero</strong></span> <span class='ocrx_word' id='word_1_271' title='bbox 3393 1913 3505 1963; x_wconf 69' lang='lat' dir='ltr'><strong>Iure.</strong></span> 
     </span>
    </p>
   </div>
   <div class='ocr_carea' id='block_1_19' title="bbox 303 2001 3499 2069">
    <p class='ocr_par' dir='ltr' id='par_1_19' title="bbox 303 2001 3499 2069">
     <span class='ocr_line' id='line_1_19' title="bbox 303 2001 3499 2069; baseline 0 -16"><span class='ocrx_word' id='word_1_272' title='bbox 303 2001 496 2054; x_wconf 83' lang='lat' dir='ltr'><strong>tentia.</strong></span> <span class='ocrx_word' id='word_1_273' title='bbox 517 2001 670 2066; x_wconf 86' lang='lat' dir='ltr'><strong>Quod</strong></span> <span class='ocrx_word' id='word_1_274' title='bbox 702 2017 830 2057; x_wconf 82' lang='lat' dir='ltr'><strong>vero</strong></span> <span class='ocrx_word' id='word_1_275' title='bbox 855 2005 1056 2057; x_wconf 87' lang='lat' dir='ltr'><strong>rectius</strong></span> <span class='ocrx_word' id='word_1_276' title='bbox 1074 2005 1378 2058; x_wconf 89' lang='lat' dir='ltr'><strong>se‘haberct</strong></span> <span class='ocrx_word' id='word_1_277' title='bbox 1397 2020 1576 2060; x_wconf 78' lang='lat' dir='ltr'><strong>sermo</strong></span> <span class='ocrx_word' id='word_1_278' title='bbox 1603 2005 1845 2068; x_wconf 83' lang='lat' dir='ltr'><strong>Latinus,</strong></span> <span class='ocrx_word' id='word_1_279' title='bbox 1950 2002 2210 2055; x_wconf 88' lang='lat' dir='ltr'><strong>duoidem</strong></span> <span class='ocrx_word' id='word_1_280' title='bbox 2227 2002 2550 2069; x_wconf 85' lang='lat' dir='ltr'><strong>signiﬁcent,</strong></span> <span class='ocrx_word' id='word_1_281' title='bbox 2572 2003 2878 2069; x_wconf 84' lang='lat' dir='ltr'><strong>hujusmodi</strong></span> <span class='ocrx_word' id='word_1_282' title='bbox 2899 2003 3499 2069; x_wconf 82' lang='lat' dir='ltr'><strong>conllt&#39;manlexemplo.</strong></span> 
     </span>
    </p>
   </div>
   <div class='ocr_carea' id='block_1_20' title="bbox 301 2093 3500 2164">
    <p class='ocr_par' dir='ltr' id='par_1_20' title="bbox 301 2093 3500 2164">
     <span class='ocr_line' id='line_1_20' title="bbox 301 2093 3500 2164; baseline 0.001 -21"><span class='ocrx_word' id='word_1_283' title='bbox 301 2093 528 2147; x_wconf 86' lang='lat' dir='ltr'><strong>minime</strong></span> <span class='ocrx_word' id='word_1_284' title='bbox 555 2095 672 2148; x_wconf 87' lang='lat' dir='ltr'><strong>ausi</strong></span> <span class='ocrx_word' id='word_1_285' title='bbox 717 2105 846 2149; x_wconf 89' lang='lat' dir='ltr'><strong>sunt</strong></span> <span class='ocrx_word' id='word_1_286' title='bbox 878 2098 1166 2164; x_wconf 87' lang='lat' dir='ltr'><strong>prosequi,</strong></span> <span class='ocrx_word' id='word_1_287' title='bbox 1189 2097 1355 2154; x_wconf 88' lang='lat' dir='ltr'><strong>stulte</strong></span> <span class='ocrx_word' id='word_1_288' title='bbox 1403 2097 1512 2149; x_wconf 86' lang='lat' dir='ltr'><strong>ida</strong></span> <span class='ocrx_word' id='word_1_289' title='bbox 1542 2111 1601 2150; x_wconf 89' lang='lat' dir='ltr'><strong>se</strong></span> <span class='ocrx_word' id='word_1_290' title='bbox 1640 2097 1844 2149; x_wconf 88' lang='lat' dir='ltr'><strong>dictum</strong></span> <span class='ocrx_word' id='word_1_291' title='bbox 1949 2094 2002 2145; x_wconf 93' lang='lat' dir='ltr'><strong>Si</strong></span> <span class='ocrx_word' id='word_1_292' title='bbox 2045 2094 2168 2160; x_wconf 86' lang='lat' dir='ltr'><strong>quis</strong></span> <span class='ocrx_word' id='word_1_293' title='bbox 2199 2093 2365 2156; x_wconf 89' lang='lat' dir='ltr'><strong>enim,</strong></span> <span class='ocrx_word' id='word_1_294' title='bbox 2405 2093 2676 2161; x_wconf 90' lang='lat' dir='ltr'><strong>inquiunt,</strong></span> <span class='ocrx_word' id='word_1_295' title='bbox 2717 2093 2877 2146; x_wconf 85' lang='lat' dir='ltr'><strong>alicui</strong></span> <span class='ocrx_word' id='word_1_296' title='bbox 2911 2094 2962 2146; x_wconf 92' lang='lat' dir='ltr'><strong>in</strong></span> <span class='ocrx_word' id='word_1_297' title='bbox 2996 2093 3082 2145; x_wconf 91' lang='lat' dir='ltr'><strong>die</strong></span> <span class='ocrx_word' id='word_1_298' title='bbox 3111 2093 3332 2145; x_wconf 86' lang='lat' dir='ltr'><strong>Veneris</strong></span> <span class='ocrx_word' id='word_1_299' title='bbox 3375 2110 3500 2146; x_wconf 88' lang='lat' dir='ltr'><strong>car-</strong></span> 
     </span>
    </p>
   </div>
   <div class='ocr_carea' id='block_1_21' title="bbox 297 2180 3499 2264">
    <p class='ocr_par' dir='ltr' id='par_1_21' title="bbox 297 2180 3499 2264">
     <span class='ocr_line' id='line_1_21' title="bbox 297 2180 3499 2264; baseline 0.001 -30"><span class='ocrx_word' id='word_1_300' title='bbox 297 2182 684 2259; x_wconf 83' lang='lat' dir='ltr'><strong>intelligentes,</strong></span> <span class='ocrx_word' id='word_1_301' title='bbox 726 2195 780 2247; x_wconf 86' lang='lat' dir='ltr'><strong>et</strong></span> <span class='ocrx_word' id='word_1_302' title='bbox 828 2187 1195 2239; x_wconf 88' lang='lat' dir='ltr'><strong>contentionis</strong></span> <span class='ocrx_word' id='word_1_303' title='bbox 1246 2188 1422 2264; x_wconf 51' lang='lat' dir='ltr'><strong>notios</strong></span> <span class='ocrx_word' id='word_1_304' title='bbox 1466 2189 1631 2255; x_wconf 88' lang='lat' dir='ltr'><strong>gratia</strong></span> <span class='ocrx_word' id='word_1_305' title='bbox 1686 2200 1843 2252; x_wconf 89' lang='lat' dir='ltr'><strong>quam</strong></span> <span class='ocrx_word' id='word_1_306' title='bbox 1946 2197 2045 2236; x_wconf 90' lang='lat' dir='ltr'><strong>nes</strong></span> <span class='ocrx_word' id='word_1_307' title='bbox 2092 2182 2290 2264; x_wconf 81' lang='lat' dir='ltr'><strong>edenti</strong></span> <span class='ocrx_word' id='word_1_308' title='bbox 2334 2180 2406 2236; x_wconf 86' lang='lat' dir='ltr'><strong>ita</strong></span> <span class='ocrx_word' id='word_1_309' title='bbox 2463 2183 2678 2246; x_wconf 77' lang='lat' dir='ltr'><strong>dixerit,</strong></span> <span class='ocrx_word' id='word_1_310' title='bbox 2715 2182 2872 2238; x_wconf 88' lang='lat' dir='ltr'><strong>Tune</strong></span> <span class='ocrx_word' id='word_1_311' title='bbox 2921 2184 3008 2237; x_wconf 91' lang='lat' dir='ltr'><strong>die</strong></span> <span class='ocrx_word' id='word_1_312' title='bbox 3061 2185 3284 2254; x_wconf 77' lang='lat' dir='ltr'><strong>Veneris</strong></span> <span class='ocrx_word' id='word_1_313' title='bbox 3308 2200 3499 2240; x_wconf 84' lang='lat' dir='ltr'><strong>carnes</strong></span> 
     </span>
    </p>
   </div>
   <div class='ocr_carea' id='block_1_22' title="bbox 295 2267 3500 2350">
    <p class='ocr_par' dir='ltr' id='par_1_22' title="bbox 295 2267 3500 2350">
     <span class='ocr_line' id='line_1_22' title="bbox 295 2267 3500 2350; baseline 0.002 -26"><span class='ocrx_word' id='word_1_314' title='bbox 295 2271 567 2347; x_wconf 76' lang='lat' dir='ltr'><strong>veritatis.</strong></span> <span class='ocrx_word' id='word_1_315' title='bbox 599 2271 878 2340; x_wconf 89' lang='lat' dir='ltr'><strong>Siquidem</strong></span> <span class='ocrx_word' id='word_1_316' title='bbox 934 2267 1548 2347; x_wconf 9' lang='lat' dir='ltr'><strong>Evangelist‘aqloanpes</strong></span> <span class='ocrx_word' id='word_1_317' title='bbox 1577 2285 1627 2327; x_wconf 92' lang='lat' dir='ltr'><strong>et</strong></span> <span class='ocrx_word' id='word_1_318' title='bbox 1668 2275 1843 2326; x_wconf 84' lang='lat' dir='ltr'><strong>Evan-</strong></span> <span class='ocrx_word' id='word_1_319' title='bbox 1945 2274 2309 2328; x_wconf 77' lang='lat' dir='ltr'><strong>edis‘iet&#39;ille</strong></span> <span class='ocrx_word' id='word_1_320' title='bbox 2354 2275 2427 2328; x_wconf 89' lang='lat' dir='ltr'><strong>ita</strong></span> <span class='ocrx_word' id='word_1_321' title='bbox 2471 2274 2817 2345; x_wconf 87' lang='lat' dir='ltr'><strong>respondeat,</strong></span> <span class='ocrx_word' id='word_1_322' title='bbox 2867 2274 2923 2328; x_wconf 90' lang='lat' dir='ltr'><strong>Si</strong></span> <span class='ocrx_word' id='word_1_323' title='bbox 2973 2276 3091 2337; x_wconf 90' lang='lat' dir='ltr'><strong>edo,</strong></span> <span class='ocrx_word' id='word_1_324' title='bbox 3140 2274 3269 2343; x_wconf 89' lang='lat' dir='ltr'><strong>quid</strong></span> <span class='ocrx_word' id='word_1_325' title='bbox 3294 2275 3368 2350; x_wconf 80' lang='lat' dir='ltr'><strong>ad</strong></span> <span class='ocrx_word' id='word_1_326' title='bbox 3413 2279 3500 2330; x_wconf 86' lang='lat' dir='ltr'><strong>te?</strong></span> 
     </span>
    </p>
   </div>
   <div class='ocr_carea' id='block_1_23' title="bbox 297 2360 3493 2440">
    <p class='ocr_par' dir='ltr' id='par_1_23' title="bbox 297 2360 3493 2440">
     <span class='ocr_line' id='line_1_23' title="bbox 297 2360 3493 2440; baseline 0.003 -29"><span class='ocrx_word' id='word_1_327' title='bbox 297 2360 500 2429; x_wconf 86' lang='lat' dir='ltr'><strong>gelium</strong></span> <span class='ocrx_word' id='word_1_328' title='bbox 547 2376 703 2414; x_wconf 89' lang='lat' dir='ltr'><strong>suum</strong></span> <span class='ocrx_word' id='word_1_329' title='bbox 742 2362 948 2424; x_wconf 68' lang='lat' dir='ltr'><strong>Grieco,</strong></span> <span class='ocrx_word' id='word_1_330' title='bbox 995 2378 1100 2416; x_wconf 91' lang='lat' dir='ltr'><strong>non</strong></span> <span class='ocrx_word' id='word_1_331' title='bbox 1133 2363 1326 2416; x_wconf 88' lang='lat' dir='ltr'><strong>Latino</strong></span> <span class='ocrx_word' id='word_1_332' title='bbox 1351 2378 1602 2416; x_wconf 90' lang='lat' dir='ltr'><strong>sermone</strong></span> <span class='ocrx_word' id='word_1_333' title='bbox 1626 2379 1844 2432; x_wconf 87' lang='lat' dir='ltr'><strong>compo-</strong></span> <span class='ocrx_word' id='word_1_334' title='bbox 1945 2366 2198 2419; x_wconf 69' lang='lat' dir='ltr'><strong>Profecto</strong></span> <span class='ocrx_word' id='word_1_335' title='bbox 2232 2367 2279 2418; x_wconf 90' lang='lat' dir='ltr'><strong>si</strong></span> <span class='ocrx_word' id='word_1_336' title='bbox 2306 2367 2398 2440; x_wconf 80' lang='lat' dir='ltr'><strong>edo</strong></span> <span class='ocrx_word' id='word_1_337' title='bbox 2456 2366 2599 2435; x_wconf 80' lang='lat' dir='ltr'><strong>idem</strong></span> <span class='ocrx_word' id='word_1_338' title='bbox 2651 2374 2734 2420; x_wconf 91' lang='lat' dir='ltr'><strong>est</strong></span> <span class='ocrx_word' id='word_1_339' title='bbox 2781 2381 2843 2420; x_wconf 90' lang='lat' dir='ltr'><strong>ac</strong></span> <span class='ocrx_word' id='word_1_340' title='bbox 2877 2365 2919 2419; x_wconf 92' lang='lat' dir='ltr'><strong>si</strong></span> <span class='ocrx_word' id='word_1_341' title='bbox 2952 2368 3245 2430; x_wconf 83' lang='lat' dir='ltr'><strong>diceretur,</strong></span> <span class='ocrx_word' id='word_1_342' title='bbox 3272 2368 3345 2419; x_wconf 86' lang='lat' dir='ltr'><strong>sic</strong></span> <span class='ocrx_word' id='word_1_343' title='bbox 3379 2369 3493 2425; x_wconf 87' lang='lat' dir='ltr'><strong>edo.</strong></span> 
     </span>
    </p>
   </div>
   <div class='ocr_carea' id='block_1_24' title="bbox 291 2450 3495 2531">
    <p class='ocr_par' dir='ltr' id='par_1_24' title="bbox 291 2450 3495 2531">
     <span class='ocr_line' id='line_1_24' title="bbox 291 2450 3495 2531; baseline 0.001 -27"><span class='ocrx_word' id='word_1_344' title='bbox 291 2450 423 2514; x_wconf 82' lang='lat' dir='ltr'><strong>suit,</strong></span> <span class='ocrx_word' id='word_1_345' title='bbox 448 2459 504 2504; x_wconf 88' lang='lat' dir='ltr'><strong>et</strong></span> <span class='ocrx_word' id='word_1_346' title='bbox 532 2451 624 2502; x_wconf 77' lang='grc' dir='ltr'><strong>ἐὰν</strong></span> <span class='ocrx_word' id='word_1_347' title='bbox 653 2451 1038 2520; x_wconf 80' lang='lat' dir='ltr'><strong>conjunctione</strong></span> <span class='ocrx_word' id='word_1_348' title='bbox 1069 2467 1197 2506; x_wconf 89' lang='lat' dir='ltr'><strong>usus</strong></span> <span class='ocrx_word' id='word_1_349' title='bbox 1221 2462 1322 2512; x_wconf 88' lang='lat' dir='ltr'><strong>est.</strong></span> <span class='ocrx_word' id='word_1_350' title='bbox 1345 2467 1484 2519; x_wconf 73' lang='lat' dir='ltr'><strong>quae,</strong></span> <span class='ocrx_word' id='word_1_351' title='bbox 1518 2452 1569 2504; x_wconf 92' lang='lat' dir='ltr'><strong>in</strong></span> <span class='ocrx_word' id='word_1_352' title='bbox 1591 2452 1840 2507; x_wconf 80' lang='lat' dir='ltr'><strong>Latinum</strong></span> <span class='ocrx_word' id='word_1_353' title='bbox 1945 2457 2026 2510; x_wconf 86' lang='lat' dir='ltr'><strong>vel</strong></span> <span class='ocrx_word' id='word_1_354' title='bbox 2053 2461 2126 2510; x_wconf 86' lang='lat' dir='ltr'><strong>ita</strong></span> <span class='ocrx_word' id='word_1_355' title='bbox 2157 2460 2269 2521; x_wconf 86' lang='lat' dir='ltr'><strong>edo,</strong></span> <span class='ocrx_word' id='word_1_356' title='bbox 2291 2458 2420 2527; x_wconf 90' lang='lat' dir='ltr'><strong>quid</strong></span> <span class='ocrx_word' id='word_1_357' title='bbox 2447 2459 2512 2511; x_wconf 91' lang='lat' dir='ltr'><strong>ad</strong></span> <span class='ocrx_word' id='word_1_358' title='bbox 2547 2459 2638 2513; x_wconf 86' lang='lat' dir='ltr'><strong>te?</strong></span> <span class='ocrx_word' id='word_1_359' title='bbox 2665 2457 3127 2522; x_wconf 78' lang='lat' dir='ltr'><strong>Quemadmodum</strong></span> <span class='ocrx_word' id='word_1_360' title='bbox 3155 2459 3316 2528; x_wconf 80' lang='lat' dir='ltr'><strong>igitur</strong></span> <span class='ocrx_word' id='word_1_361' title='bbox 3339 2459 3384 2531; x_wconf 82' lang='lat' dir='ltr'><strong>si</strong></span> <span class='ocrx_word' id='word_1_362' title='bbox 3403 2462 3495 2511; x_wconf 81' lang='lat' dir='ltr'><strong>edn</strong></span> 
     </span>
    </p>
   </div>
   <div class='ocr_carea' id='block_1_25' title="bbox 291 2541 3494 2613">
    <p class='ocr_par' dir='ltr' id='par_1_25' title="bbox 291 2541 3494 2613">
     <span class='ocr_line' id='line_1_25' title="bbox 291 2541 3494 2613; baseline 0.003 -21"><span class='ocrx_word' id='word_1_363' title='bbox 291 2554 474 2606; x_wconf 89' lang='lat' dir='ltr'><strong>versa,</strong></span> <span class='ocrx_word' id='word_1_364' title='bbox 511 2542 557 2595; x_wconf 81' lang='lat' dir='ltr'><strong>si</strong></span> <span class='ocrx_word' id='word_1_365' title='bbox 584 2541 786 2610; x_wconf 90' lang='lat' dir='ltr'><strong>absque</strong></span> <span class='ocrx_word' id='word_1_366' title='bbox 818 2541 922 2596; x_wconf 86' lang='lat' dir='ltr'><strong>ulla</strong></span> <span class='ocrx_word' id='word_1_367' title='bbox 964 2542 1314 2609; x_wconf 82' lang='lat' dir='ltr'><strong>ambiguitate</strong></span> <span class='ocrx_word' id='word_1_368' title='bbox 1354 2542 1842 2610; x_wconf 68' lang='lat' dir='ltr'><strong>signiticat..lntcr-</strong></span> <span class='ocrx_word' id='word_1_369' title='bbox 1947 2557 2000 2600; x_wconf 92' lang='lat' dir='ltr'><strong>et</strong></span> <span class='ocrx_word' id='word_1_370' title='bbox 2035 2551 2109 2602; x_wconf 82' lang='lat' dir='ltr'><strong>sic</strong></span> <span class='ocrx_word' id='word_1_371' title='bbox 2151 2551 2247 2602; x_wconf 87' lang='lat' dir='ltr'><strong>edo</strong></span> <span class='ocrx_word' id='word_1_372' title='bbox 2282 2566 2450 2602; x_wconf 92' lang='lat' dir='ltr'><strong>unum</strong></span> <span class='ocrx_word' id='word_1_373' title='bbox 2481 2558 2630 2613; x_wconf 87' lang='lat' dir='ltr'><strong>sunt,</strong></span> <span class='ocrx_word' id='word_1_374' title='bbox 2672 2550 2744 2603; x_wconf 90' lang='lat' dir='ltr'><strong>ita</strong></span> <span class='ocrx_word' id='word_1_375' title='bbox 2777 2551 2943 2604; x_wconf 88' lang='lat' dir='ltr'><strong>etiam</strong></span> <span class='ocrx_word' id='word_1_376' title='bbox 2982 2551 3028 2603; x_wconf 87' lang='lat' dir='ltr'><strong>si</strong></span> <span class='ocrx_word' id='word_1_377' title='bbox 3061 2549 3172 2603; x_wconf 65' lang='lat' dir='ltr'><strong>volo</strong></span> <span class='ocrx_word' id='word_1_378' title='bbox 3202 2557 3255 2602; x_wconf 87' lang='lat' dir='ltr'><strong>et</strong></span> <span class='ocrx_word' id='word_1_379' title='bbox 3279 2552 3353 2602; x_wconf 85' lang='lat' dir='ltr'><strong>sic</strong></span> <span class='ocrx_word' id='word_1_380' title='bbox 3383 2550 3494 2602; x_wconf 76' lang='lat' dir='ltr'><strong>rolo</strong></span> 
     </span>
    </p>
   </div>
   <div class='ocr_carea' id='block_1_26' title="bbox 291 2631 3490 2708">
    <p class='ocr_par' dir='ltr' id='par_1_26' title="bbox 291 2631 3490 2708">
     <span class='ocr_line' id='line_1_26' title="bbox 291 2631 3490 2708; baseline 0.003 -26"><span class='ocrx_word' id='word_1_381' title='bbox 291 2646 421 2700; x_wconf 90' lang='lat' dir='ltr'><strong>pres</strong></span> <span class='ocrx_word' id='word_1_382' title='bbox 447 2646 592 2696; x_wconf 82' lang='lat' dir='ltr'><strong>vero,</strong></span> <span class='ocrx_word' id='word_1_383' title='bbox 625 2632 931 2702; x_wconf 84' lang='lat' dir='ltr'><strong>quicunque</strong></span> <span class='ocrx_word' id='word_1_384' title='bbox 981 2633 1028 2685; x_wconf 88' lang='lat' dir='ltr'><strong>is</strong></span> <span class='ocrx_word' id='word_1_385' title='bbox 1055 2633 1272 2702; x_wconf 87' lang='lat' dir='ltr'><strong>quidem</strong></span> <span class='ocrx_word' id='word_1_386' title='bbox 1329 2631 1513 2696; x_wconf 80' lang='lat' dir='ltr'><strong>fuerit,</strong></span> <span class='ocrx_word' id='word_1_387' title='bbox 1551 2638 1652 2686; x_wconf 87' lang='lat' dir='ltr'><strong>nec</strong></span> <span class='ocrx_word' id='word_1_388' title='bbox 1697 2642 1838 2687; x_wconf 84' lang='lat' dir='ltr'><strong>tanta</strong></span> <span class='ocrx_word' id='word_1_389' title='bbox 1944 2641 2083 2693; x_wconf 86' lang='lat' dir='ltr'><strong>idem</strong></span> <span class='ocrx_word' id='word_1_390' title='bbox 2113 2655 2232 2693; x_wconf 84' lang='lat' dir='ltr'><strong>csse</strong></span> <span class='ocrx_word' id='word_1_391' title='bbox 2259 2640 2539 2694; x_wconf 83' lang='lat' dir='ltr'><strong>fatendum</strong></span> <span class='ocrx_word' id='word_1_392' title='bbox 2565 2649 2811 2694; x_wconf 78' lang='lat' dir='ltr'><strong>cen&#39;scnt.</strong></span> <span class='ocrx_word' id='word_1_393' title='bbox 2843 2642 2998 2705; x_wconf 86' lang='lat' dir='ltr'><strong>Quod</strong></span> <span class='ocrx_word' id='word_1_394' title='bbox 3036 2641 3079 2694; x_wconf 93' lang='lat' dir='ltr'><strong>si</strong></span> <span class='ocrx_word' id='word_1_395' title='bbox 3119 2641 3240 2708; x_wconf 92' lang='lat' dir='ltr'><strong>quis</strong></span> <span class='ocrx_word' id='word_1_396' title='bbox 3275 2656 3490 2694; x_wconf 87' lang='lat' dir='ltr'><strong>causam</strong></span> 
     </span>
    </p>
   </div>
   <div class='ocr_carea' id='block_1_27' title="bbox 295 2722 3491 2804">
    <p class='ocr_par' dir='ltr' id='par_1_27' title="bbox 295 2722 3491 2804">
     <span class='ocr_line' id='line_1_27' title="bbox 295 2722 3491 2804; baseline 0.002 -28"><span class='ocrx_word' id='word_1_397' title='bbox 295 2723 533 2790; x_wconf 81' lang='lat' dir='ltr'><strong>Spiritus</strong></span> <span class='ocrx_word' id='word_1_398' title='bbox 581 2723 775 2792; x_wconf 90' lang='lat' dir='ltr'><strong>gratia,</strong></span> <span class='ocrx_word' id='word_1_399' title='bbox 830 2733 1028 2804; x_wconf 78' lang='lat' dir='ltr'><strong>quanta</strong></span> <span class='ocrx_word' id='word_1_400' title='bbox 1060 2722 1297 2778; x_wconf 85' lang='lat' dir='ltr'><strong>Joannes</strong></span> <span class='ocrx_word' id='word_1_401' title='bbox 1333 2725 1638 2778; x_wconf 86' lang='lat' dir='ltr'><strong>illustratus</strong></span> <span class='ocrx_word' id='word_1_402' title='bbox 1673 2724 1840 2780; x_wconf 78' lang='lat' dir='ltr'><strong>fuisse</strong></span> <span class='ocrx_word' id='word_1_403' title='bbox 1904 2787 1912 2800; x_wconf 22' lang='grc' dir='ltr'>Χ</span> <span class='ocrx_word' id='word_1_404' title='bbox 1949 2730 2153 2798; x_wconf 79' lang='lat' dir='ltr'><strong>ﬂagitet</strong></span> <span class='ocrx_word' id='word_1_405' title='bbox 2191 2745 2289 2782; x_wconf 90' lang='lat' dir='ltr'><strong>cur</strong></span> <span class='ocrx_word' id='word_1_406' title='bbox 2315 2729 2661 2804; x_wconf 60' lang='lat' dir='ltr'><strong>Evangelista</strong></span> <span class='ocrx_word' id='word_1_407' title='bbox 2708 2730 2927 2791; x_wconf 77' lang='lat' dir='ltr'><strong>dixerit,</strong></span> <span class='ocrx_word' id='word_1_408' title='bbox 2957 2729 3023 2781; x_wconf 84' lang='lat' dir='ltr'><strong>Et</strong></span> <span class='ocrx_word' id='word_1_409' title='bbox 3057 2747 3158 2781; x_wconf 85' lang='lat' dir='ltr'><strong>non</strong></span> <span class='ocrx_word' id='word_1_410' title='bbox 3189 2730 3319 2782; x_wconf 75' lang='lat' dir='ltr'><strong>dixit</strong></span> <span class='ocrx_word' id='word_1_411' title='bbox 3340 2730 3491 2782; x_wconf 74' lang='lat' dir='ltr'><strong>Iesus</strong></span> 
     </span>
    </p>
   </div>
   <div class='ocr_carea' id='block_1_28' title="bbox 291 2796 3487 2891">
    <p class='ocr_par' dir='ltr' id='par_1_28' title="bbox 291 2796 3487 2891">
     <span class='ocr_line' id='line_1_28' title="bbox 291 2796 3487 2891; baseline 0.002 -25"><span class='ocrx_word' id='word_1_412' title='bbox 291 2814 688 2868; x_wconf 83' lang='lat' dir='ltr'><strong>existimandus</strong></span> <span class='ocrx_word' id='word_1_413' title='bbox 718 2824 818 2873; x_wconf 90' lang='lat' dir='ltr'><strong>est.</strong></span> <span class='ocrx_word' id='word_1_414' title='bbox 840 2817 1071 2870; x_wconf 88' lang='lat' dir='ltr'><strong>etverbo</strong></span> <span class='ocrx_word' id='word_1_415' title='bbox 1096 2831 1226 2869; x_wconf 91' lang='lat' dir='ltr'><strong>usus</strong></span> <span class='ocrx_word' id='word_1_416' title='bbox 1252 2828 1332 2883; x_wconf 77' lang='lat' dir='ltr'><strong>est</strong></span> <span class='ocrx_word' id='word_1_417' title='bbox 1364 2817 1425 2869; x_wconf 89' lang='lat' dir='ltr'><strong>ad</strong></span> <span class='ocrx_word' id='word_1_418' title='bbox 1455 2833 1693 2869; x_wconf 79' lang='lat' dir='ltr'><strong>errorem</strong></span> <span class='ocrx_word' id='word_1_419' title='bbox 1719 2833 1842 2886; x_wconf 87' lang='lat' dir='ltr'><strong>pro-</strong></span> <span class='ocrx_word' id='word_1_420' title='bbox 1911 2805 1913 2810; x_wconf 29' lang='grc'><strong>¹</strong></span> <span class='ocrx_word' id='word_1_421' title='bbox 1943 2827 2081 2891; x_wconf 86' lang='lat' dir='ltr'><strong>quod</strong></span> <span class='ocrx_word' id='word_1_422' title='bbox 2112 2839 2215 2875; x_wconf 84' lang='lat' dir='ltr'><strong>non</strong></span> <span class='ocrx_word' id='word_1_423' title='bbox 2265 2796 2510 2881; x_wconf 69' lang='lat' dir='ltr'><strong>moritur,</strong></span> <span class='ocrx_word' id='word_1_424' title='bbox 2543 2821 2660 2884; x_wconf 89' lang='lat' dir='ltr'><strong>sed,</strong></span> <span class='ocrx_word' id='word_1_425' title='bbox 2692 2818 2751 2874; x_wconf 89' lang='lat' dir='ltr'><strong>Si</strong></span> <span class='ocrx_word' id='word_1_426' title='bbox 2793 2836 2914 2873; x_wconf 81' lang='lat' dir='ltr'><strong>eum</strong></span> <span class='ocrx_word' id='word_1_427' title='bbox 2941 2820 3053 2873; x_wconf 77' lang='lat' dir='ltr'><strong>uolo</strong></span> <span class='ocrx_word' id='word_1_428' title='bbox 3095 2836 3324 2884; x_wconf 77' lang='lat' dir='ltr'><strong>ntanere,</strong></span> <span class='ocrx_word' id='word_1_429' title='bbox 3352 2821 3487 2873; x_wconf 89' lang='lat' dir='ltr'><strong>nihil</strong></span> 
     </span>
    </p>
   </div>
   <div class='ocr_carea' id='block_1_29' title="bbox 294 2893 3486 2980">
    <p class='ocr_par' dir='ltr' id='par_1_29' title="bbox 294 2893 3486 2980">
     <span class='ocr_line' id='line_1_29' title="bbox 294 2893 3486 2980; baseline 0.002 -22"><span class='ocrx_word' id='word_1_430' title='bbox 294 2903 447 2968; x_wconf 87' lang='lat' dir='ltr'><strong>clivi,</strong></span> <span class='ocrx_word' id='word_1_431' title='bbox 480 2906 682 2976; x_wconf 90' lang='lat' dir='ltr'><strong>quippe</strong></span> <span class='ocrx_word' id='word_1_432' title='bbox 717 2907 901 2960; x_wconf 87' lang='lat' dir='ltr'><strong>addita</strong></span> <span class='ocrx_word' id='word_1_433' title='bbox 936 2908 982 2960; x_wconf 85' lang='lat' dir='ltr'><strong>si</strong></span> <span class='ocrx_word' id='word_1_434' title='bbox 1025 2909 1422 2977; x_wconf 83' lang='lat' dir='ltr'><strong>conjunctioni,</strong></span> <span class='ocrx_word' id='word_1_435' title='bbox 1461 2924 1555 2977; x_wconf 84' lang='lat' dir='ltr'><strong>per</strong></span> <span class='ocrx_word' id='word_1_436' title='bbox 1589 2893 1842 2978; x_wconf 80' lang='lat' dir='ltr'><strong>ignoran-</strong></span> <span class='ocrx_word' id='word_1_437' title='bbox 1944 2929 2067 2968; x_wconf 89' lang='lat' dir='ltr'><strong>eum</strong></span> <span class='ocrx_word' id='word_1_438' title='bbox 2099 2914 2279 2968; x_wconf 83' lang='lat' dir='ltr'><strong>dicere</strong></span> <span class='ocrx_word' id='word_1_439' title='bbox 2317 2920 2603 2967; x_wconf 85' lang='lat' dir='ltr'><strong>asserunt:</strong></span> <span class='ocrx_word' id='word_1_440' title='bbox 2637 2913 2815 2980; x_wconf 90' lang='lat' dir='ltr'><strong>primo</strong></span> <span class='ocrx_word' id='word_1_441' title='bbox 2843 2912 2990 2965; x_wconf 90' lang='lat' dir='ltr'><strong>enim</strong></span> <span class='ocrx_word' id='word_1_442' title='bbox 3023 2925 3134 2963; x_wconf 91' lang='lat' dir='ltr'><strong>non-</strong></span> <span class='ocrx_word' id='word_1_443' title='bbox 3158 2909 3264 2963; x_wconf 89' lang='lat' dir='ltr'><strong>vim</strong></span> <span class='ocrx_word' id='word_1_444' title='bbox 3292 2919 3486 2964; x_wconf 87' lang='lat' dir='ltr'><strong>etsen-</strong></span> 
     </span>
    </p>
   </div>
   <div class='ocr_carea' id='block_1_30' title="bbox 292 2998 3484 3094">
    <p class='ocr_par' dir='ltr' id='par_1_30' title="bbox 292 2998 3484 3094">
     <span class='ocr_line' id='line_1_30' title="bbox 292 2998 3484 3094; baseline 0.002 -44"><span class='ocrx_word' id='word_1_445' title='bbox 292 2998 421 3050; x_wconf 81' lang='lat' dir='ltr'><strong>tia’m</strong></span> <span class='ocrx_word' id='word_1_446' title='bbox 445 2998 837 3052; x_wconf 87' lang='lat' dir='ltr'><strong>siveincuriam</strong></span> <span class='ocrx_word' id='word_1_447' title='bbox 861 2999 1226 3063; x_wconf 77' lang='lat' dir='ltr'><strong>librariorum,</strong></span> <span class='ocrx_word' id='word_1_448' title='bbox 1250 3018 1274 3051; x_wconf 92' lang='lat' dir='ltr'><strong>c</strong></span> <span class='ocrx_word' id='word_1_449' title='bbox 1297 3001 1495 3094; x_wconf 49' lang='lat' dir='ltr'><strong>littera,</strong></span> <span class='ocrx_word' id='word_1_450' title='bbox 1521 3002 1697 3055; x_wconf 90' lang='lat' dir='ltr'><strong>omnis</strong></span> <span class='ocrx_word' id='word_1_451' title='bbox 1724 3019 1844 3056; x_wconf 82' lang='lat' dir='ltr'><strong>sen-</strong></span> <span class='ocrx_word' id='word_1_452' title='bbox 1946 3006 2416 3068; x_wconf 85' lang='lat' dir='ltr'><strong>sumverborum.</strong></span> <span class='ocrx_word' id='word_1_453' title='bbox 2453 3003 2549 3058; x_wconf 91' lang='lat' dir='ltr'><strong>sed</strong></span> <span class='ocrx_word' id='word_1_454' title='bbox 2579 3003 2742 3056; x_wconf 90' lang='lat' dir='ltr'><strong>verba</strong></span> <span class='ocrx_word' id='word_1_455' title='bbox 2772 3003 2978 3072; x_wconf 81' lang='lat' dir='ltr'><strong>ipsa~ab</strong></span> <span class='ocrx_word' id='word_1_456' title='bbox 3005 3003 3353 3072; x_wconf 83' lang='lat' dir='ltr'><strong>Evangelista</strong></span> <span class='ocrx_word' id='word_1_457' title='bbox 3385 3020 3484 3057; x_wconf 83' lang='lat' dir='ltr'><strong>ne-</strong></span> 
     </span>
    </p>
   </div>
   <div class='ocr_carea' id='block_1_31' title="bbox 291 3089 3482 3173">
    <p class='ocr_par' dir='ltr' id='par_1_31' title="bbox 291 3089 3482 3173">
     <span class='ocr_line' id='line_1_31' title="bbox 291 3089 3482 3173; baseline 0.002 -32"><span class='ocrx_word' id='word_1_458' title='bbox 291 3089 460 3142; x_wconf 87' lang='lat' dir='ltr'><strong>tentia</strong></span> <span class='ocrx_word' id='word_1_459' title='bbox 494 3089 829 3143; x_wconf 84' lang='lat' dir='ltr'><strong>subvertitur</strong></span> <span class='ocrx_word' id='word_1_460' title='bbox 849 3099 902 3143; x_wconf 90' lang='lat' dir='ltr'><strong>et</strong></span> <span class='ocrx_word' id='word_1_461' title='bbox 942 3106 1040 3158; x_wconf 88' lang='lat' dir='ltr'><strong>pro</strong></span> <span class='ocrx_word' id='word_1_462' title='bbox 1070 3089 1474 3160; x_wconf 80' lang='lat' dir='ltr'><strong>conjunctione,</strong></span> <span class='ocrx_word' id='word_1_463' title='bbox 1509 3110 1628 3162; x_wconf 69' lang='lat' dir='ltr'><strong>qua:</strong></span> <span class='ocrx_word' id='word_1_464' title='bbox 1673 3095 1836 3148; x_wconf 89' lang='lat' dir='ltr'><strong>dubia</strong></span> <span class='ocrx_word' id='word_1_465' title='bbox 1865 3116 1908 3173; x_wconf 63' lang='grc' dir='ltr'><strong>(ς</strong></span> <span class='ocrx_word' id='word_1_466' title='bbox 1941 3098 2076 3166; x_wconf 88' lang='lat' dir='ltr'><strong>gari,</strong></span> <span class='ocrx_word' id='word_1_467' title='bbox 2135 3096 2419 3151; x_wconf 87' lang='lat' dir='ltr'><strong>deinde-et</strong></span> <span class='ocrx_word' id='word_1_468' title='bbox 2461 3097 2536 3149; x_wconf 85' lang='lat' dir='ltr'><strong>sic</strong></span> <span class='ocrx_word' id='word_1_469' title='bbox 2579 3096 2691 3148; x_wconf 82' lang='lat' dir='ltr'><strong>volo</strong></span> <span class='ocrx_word' id='word_1_470' title='bbox 2735 3094 3042 3165; x_wconf 80' lang='lat' dir='ltr'><strong>signiﬁcare</strong></span> <span class='ocrx_word' id='word_1_471' title='bbox 3069 3101 3146 3149; x_wconf 83' lang='lat' dir='ltr'><strong>sic</strong></span> <span class='ocrx_word' id='word_1_472' title='bbox 3185 3095 3316 3149; x_wconf 84' lang='lat' dir='ltr'><strong>velle</strong></span> <span class='ocrx_word' id='word_1_473' title='bbox 3361 3111 3482 3150; x_wconf 87' lang='lat' dir='ltr'><strong>eum</strong></span> 
     </span>
    </p>
   </div>
   <div class='ocr_carea' id='block_1_32' title="bbox 289 3178 3490 3262">
    <p class='ocr_par' dir='ltr' id='par_1_32' title="bbox 289 3178 3490 3262">
     <span class='ocr_line' id='line_1_32' title="bbox 289 3178 3490 3262; baseline 0.003 -32"><span class='ocrx_word' id='word_1_474' title='bbox 289 3188 397 3262; x_wconf 77' lang='lat' dir='ltr'><strong>est,</strong></span> <span class='ocrx_word' id='word_1_475' title='bbox 425 3178 742 3232; x_wconf 88' lang='lat' dir='ltr'><strong>adverbium</strong></span> <span class='ocrx_word' id='word_1_476' title='bbox 769 3179 1000 3233; x_wconf 85' lang='lat' dir='ltr'><strong>eﬁicitur</strong></span> <span class='ocrx_word' id='word_1_477' title='bbox 1029 3179 1324 3235; x_wconf 80' lang='lat' dir='ltr'><strong>alhrmandi</strong></span> <span class='ocrx_word' id='word_1_478' title='bbox 1371 3182 1669 3246; x_wconf 85' lang='lat' dir='ltr'><strong>Quodvero</strong></span> <span class='ocrx_word' id='word_1_479' title='bbox 1687 3199 1838 3252; x_wconf 62' lang='lat' dir='ltr'><strong>mque</strong></span> <span class='ocrx_word' id='word_1_480' title='bbox 1943 3203 2182 3252; x_wconf 87' lang='lat' dir='ltr'><strong>manere,</strong></span> <span class='ocrx_word' id='word_1_481' title='bbox 2233 3187 2327 3242; x_wconf 88' lang='lat' dir='ltr'><strong>sed</strong></span> <span class='ocrx_word' id='word_1_482' title='bbox 2359 3187 2597 3241; x_wconf 87' lang='lat' dir='ltr'><strong>voluisse</strong></span> <span class='ocrx_word' id='word_1_483' title='bbox 2643 3187 2918 3242; x_wconf 75' lang='lat' dir='ltr'><strong>Christum</strong></span> <span class='ocrx_word' id='word_1_484' title='bbox 2965 3185 3363 3255; x_wconf 87' lang='lat' dir='ltr'><strong>reprehendere</strong></span> <span class='ocrx_word' id='word_1_485' title='bbox 3391 3187 3490 3240; x_wconf 90' lang='lat' dir='ltr'><strong>Pe—</strong></span> 
     </span>
    </p>
   </div>
   <div class='ocr_carea' id='block_1_33' title="bbox 285 3268 3488 3347">
    <p class='ocr_par' dir='ltr' id='par_1_33' title="bbox 285 3268 3488 3347">
     <span class='ocr_line' id='line_1_33' title="bbox 285 3268 3488 3347; baseline 0.003 -27"><span class='ocrx_word' id='word_1_486' title='bbox 285 3269 430 3322; x_wconf 61' lang='lat' dir='ltr'><strong>llene</strong></span> <span class='ocrx_word' id='word_1_487' title='bbox 463 3268 684 3325; x_wconf 85' lang='lat' dir='ltr'><strong>Latinus</strong></span> <span class='ocrx_word' id='word_1_488' title='bbox 717 3285 893 3325; x_wconf 87' lang='lat' dir='ltr'><strong>sermo</strong></span> <span class='ocrx_word' id='word_1_489' title='bbox 925 3287 982 3326; x_wconf 89' lang='lat' dir='ltr'><strong>se</strong></span> <span class='ocrx_word' id='word_1_490' title='bbox 1012 3272 1225 3339; x_wconf 82' lang='lat' dir='ltr'><strong>habeat,</strong></span> <span class='ocrx_word' id='word_1_491' title='bbox 1255 3275 1589 3343; x_wconf 77' lang='lat' dir='ltr'><strong>argumentis</strong></span> <span class='ocrx_word' id='word_1_492' title='bbox 1613 3276 1838 3344; x_wconf 88' lang='lat' dir='ltr'><strong>quibus-</strong></span> <span class='ocrx_word' id='word_1_493' title='bbox 1946 3280 2112 3344; x_wconf 80' lang='lat' dir='ltr'><strong>trum,</strong></span> <span class='ocrx_word' id='word_1_494' title='bbox 2139 3280 2308 3333; x_wconf 84' lang='lat' dir='ltr'><strong>veluti</strong></span> <span class='ocrx_word' id='word_1_495' title='bbox 2344 3279 2825 3347; x_wconf 70' lang='lat' dir='ltr'><strong>quaeritabundum</strong></span> <span class='ocrx_word' id='word_1_496' title='bbox 2853 3280 2920 3332; x_wconf 90' lang='lat' dir='ltr'><strong>de</strong></span> <span class='ocrx_word' id='word_1_497' title='bbox 2949 3277 3034 3332; x_wconf 87' lang='lat' dir='ltr'><strong>his</strong></span> <span class='ocrx_word' id='word_1_498' title='bbox 3067 3294 3189 3347; x_wconf 62' lang='lat' dir='ltr'><strong>qua!</strong></span> <span class='ocrx_word' id='word_1_499' title='bbox 3221 3277 3284 3331; x_wconf 90' lang='lat' dir='ltr'><strong>ad</strong></span> <span class='ocrx_word' id='word_1_500' title='bbox 3310 3293 3368 3331; x_wconf 92' lang='lat' dir='ltr'><strong>se</strong></span> <span class='ocrx_word' id='word_1_501' title='bbox 3389 3279 3488 3330; x_wconf 86' lang='lat' dir='ltr'><strong>mi-</strong></span> 
     </span>
    </p>
   </div>
   <div class='ocr_carea' id='block_1_34' title="bbox 290 3358 3483 3442">
    <p class='ocr_par' dir='ltr' id='par_1_34' title="bbox 290 3358 3483 3442">
     <span class='ocr_line' id='line_1_34' title="bbox 290 3358 3483 3442; baseline 0.003 -30"><span class='ocrx_word' id='word_1_502' title='bbox 290 3358 416 3414; x_wconf 86' lang='lat' dir='ltr'><strong>dam</strong></span> <span class='ocrx_word' id='word_1_503' title='bbox 442 3361 622 3424; x_wconf 79' lang='lat' dir='ltr'><strong>conati</strong></span> <span class='ocrx_word' id='word_1_504' title='bbox 651 3369 777 3416; x_wconf 90' lang='lat' dir='ltr'><strong>sunt</strong></span> <span class='ocrx_word' id='word_1_505' title='bbox 807 3364 1117 3429; x_wconf 88' lang='lat' dir='ltr'><strong>ostendere,</strong></span> <span class='ocrx_word' id='word_1_506' title='bbox 1153 3380 1270 3433; x_wconf 64' lang='lat' dir='ltr'><strong>quae</strong></span> <span class='ocrx_word' id='word_1_507' title='bbox 1306 3365 1543 3420; x_wconf 90' lang='lat' dir='ltr'><strong>breviter</strong></span> <span class='ocrx_word' id='word_1_508' title='bbox 1588 3368 1688 3420; x_wconf 87' lang='lat' dir='ltr'><strong>hoc</strong></span> <span class='ocrx_word' id='word_1_509' title='bbox 1716 3368 1835 3421; x_wconf 90' lang='lat' dir='ltr'><strong>loco</strong></span> <span class='ocrx_word' id='word_1_510' title='bbox 1940 3366 2090 3424; x_wconf 79' lang='lat' dir='ltr'><strong>nime</strong></span> <span class='ocrx_word' id='word_1_511' title='bbox 2137 3369 2495 3439; x_wconf 85' lang='lat' dir='ltr'><strong>pertinerent.</strong></span> <span class='ocrx_word' id='word_1_512' title='bbox 2532 3370 2880 3425; x_wconf 82' lang='lat' dir='ltr'><strong>Concludunt</strong></span> <span class='ocrx_word' id='word_1_513' title='bbox 2922 3385 3054 3440; x_wconf 81' lang='lat' dir='ltr'><strong>ergo</strong></span> <span class='ocrx_word' id='word_1_514' title='bbox 3086 3369 3483 3442; x_wconf 41' lang='lat' dir='ltr'><strong>injuriam‘ﬁeri</strong></span> 
     </span>
    </p>
   </div>
   <div class='ocr_carea' id='block_1_35' title="bbox 291 3450 3487 3530">
    <p class='ocr_par' dir='ltr' id='par_1_35' title="bbox 291 3450 3487 3530">
     <span class='ocr_line' id='line_1_35' title="bbox 291 3450 3487 3530; baseline 0.003 -27"><span class='ocrx_word' id='word_1_515' title='bbox 291 3450 577 3506; x_wconf 78' lang='lat' dir='ltr'><strong>referenda</strong></span> <span class='ocrx_word' id='word_1_516' title='bbox 603 3455 1045 3520; x_wconf 87' lang='lat' dir='ltr'><strong>existimavimus,</strong></span> <span class='ocrx_word' id='word_1_517' title='bbox 1079 3465 1132 3509; x_wconf 89' lang='lat' dir='ltr'><strong>et</strong></span> <span class='ocrx_word' id='word_1_518' title='bbox 1169 3456 1235 3509; x_wconf 85' lang='lat' dir='ltr'><strong>ad</strong></span> <span class='ocrx_word' id='word_1_519' title='bbox 1259 3458 1596 3525; x_wconf 82' lang='lat' dir='ltr'><strong>ea&#39;qusntum</strong></span> <span class='ocrx_word' id='word_1_520' title='bbox 1623 3458 1836 3514; x_wconf 75' lang='lat' dir='ltr'><strong>divinus</strong></span> <span class='ocrx_word' id='word_1_521' title='bbox 1940 3462 2251 3530; x_wconf 81' lang='lat' dir='ltr'><strong>Evangelio,</strong></span> <span class='ocrx_word' id='word_1_522' title='bbox 2281 3462 2324 3515; x_wconf 88' lang='lat' dir='ltr'><strong>si</strong></span> <span class='ocrx_word' id='word_1_523' title='bbox 2357 3463 2482 3530; x_wconf 89' lang='lat' dir='ltr'><strong>quis</strong></span> <span class='ocrx_word' id='word_1_524' title='bbox 2513 3462 2659 3516; x_wconf 91' lang='lat' dir='ltr'><strong>hunc</strong></span> <span class='ocrx_word' id='word_1_525' title='bbox 2690 3462 2870 3515; x_wconf 78' lang='lat' dir='ltr'><strong>locum</strong></span> <span class='ocrx_word' id='word_1_526' title='bbox 2899 3469 3093 3521; x_wconf 91' lang='lat' dir='ltr'><strong>mutet,</strong></span> <span class='ocrx_word' id='word_1_527' title='bbox 3119 3459 3487 3514; x_wconf 83' lang='lat' dir='ltr'><strong>moriendum-</strong></span> 
     </span>
    </p>
   </div>
   <div class='ocr_carea' id='block_1_36' title="bbox 286 3538 1907 3632">
    <p class='ocr_par' dir='ltr' id='par_1_36' title="bbox 286 3538 1833 3611">
     <span class='ocr_line' id='line_1_36' title="bbox 286 3538 1833 3611; baseline 0.005 -20"><span class='ocrx_word' id='word_1_528' title='bbox 286 3538 444 3593; x_wconf 81' lang='lat' dir='ltr'><strong>favor</strong></span> <span class='ocrx_word' id='word_1_529' title='bbox 475 3545 829 3605; x_wconf 88' lang='lat' dir='ltr'><strong>concesserit,</strong></span> <span class='ocrx_word' id='word_1_530' title='bbox 857 3543 1315 3611; x_wconf 82' lang='lat' dir='ltr'><strong>respondendum.</strong></span> <span class='ocrx_word' id='word_1_531' title='bbox 1364 3544 1547 3598; x_wconf 86' lang='lat' dir='ltr'><strong>Primo</strong></span> <span class='ocrx_word' id='word_1_532' title='bbox 1595 3547 1740 3599; x_wconf 90' lang='lat' dir='ltr'><strong>enim</strong></span> <span class='ocrx_word' id='word_1_533' title='bbox 1783 3548 1833 3600; x_wconf 92' lang='lat' dir='ltr'><strong>id</strong></span> 
     </span>
    </p>
   </div>
   <div class='ocr_carea' id='block_1_37' title="bbox 1859 3538 3480 3632">
    <p class='ocr_par' dir='ltr' id='par_1_37' title="bbox 1937 3551 3480 3632">
     <span class='ocr_line' id='line_1_37' title="bbox 1937 3551 3480 3632; baseline -0.001 -26"><span class='ocrx_word' id='word_1_534' title='bbox 1937 3569 2042 3622; x_wconf 88' lang='lat' dir='ltr'><strong>que</strong></span> <span class='ocrx_word' id='word_1_535' title='bbox 2070 3554 2254 3632; x_wconf 81' lang='lat' dir='ltr'><strong>potius</strong></span> <span class='ocrx_word' id='word_1_536' title='bbox 2278 3568 2402 3607; x_wconf 81' lang='lat' dir='ltr'><strong>esse</strong></span> <span class='ocrx_word' id='word_1_537' title='bbox 2431 3569 2591 3621; x_wconf 91' lang='lat' dir='ltr'><strong>quam</strong></span> <span class='ocrx_word' id='word_1_538' title='bbox 2623 3553 2732 3606; x_wconf 89' lang='lat' dir='ltr'><strong>tale</strong></span> <span class='ocrx_word' id='word_1_539' title='bbox 2771 3552 2975 3620; x_wconf 90' lang='lat' dir='ltr'><strong>aliquid</strong></span> <span class='ocrx_word' id='word_1_540' title='bbox 3008 3551 3322 3604; x_wconf 87' lang='lat' dir='ltr'><strong>tentandum</strong></span> <span class='ocrx_word' id='word_1_541' title='bbox 3344 3567 3358 3614; x_wconf 87' lang='lat'><strong>;</strong></span> <span class='ocrx_word' id='word_1_542' title='bbox 3382 3565 3480 3605; x_wconf 85' lang='lat' dir='ltr'><strong>nec</strong></span> 
     </span>
    </p>
   </div>
   <div class='ocr_carea' id='block_1_38' title="bbox 283 3631 3479 3707">
    <p class='ocr_par' dir='ltr' id='par_1_38' title="bbox 283 3631 3479 3707">
     <span class='ocr_line' id='line_1_38' title="bbox 283 3631 3479 3707; baseline 0.002 -26"><span class='ocrx_word' id='word_1_543' title='bbox 283 3631 611 3684; x_wconf 86' lang='lat' dir='ltr'><strong>auctoritate</strong></span> <span class='ocrx_word' id='word_1_544' title='bbox 642 3632 950 3700; x_wconf 74' lang='lat' dir='ltr'><strong>Hieronymi</strong></span> <span class='ocrx_word' id='word_1_545' title='bbox 979 3641 1034 3699; x_wconf 67' lang='lat' dir='ltr'><strong>et</strong></span> <span class='ocrx_word' id='word_1_546' title='bbox 1063 3633 1349 3701; x_wconf 79' lang='lat' dir='ltr'><strong>Augustini</strong></span> <span class='ocrx_word' id='word_1_547' title='bbox 1385 3647 1441 3689; x_wconf 88' lang='lat' dir='ltr'><strong>et</strong></span> <span class='ocrx_word' id='word_1_548' title='bbox 1473 3633 1700 3690; x_wconf 81' lang='lat' dir='ltr'><strong>aliorum</strong></span> <span class='ocrx_word' id='word_1_549' title='bbox 1734 3637 1835 3690; x_wconf 88' lang='lat' dir='ltr'><strong>La-</strong></span> <span class='ocrx_word' id='word_1_550' title='bbox 1937 3641 2137 3693; x_wconf 80' lang='lat' dir='ltr'><strong>debere</strong></span> <span class='ocrx_word' id='word_1_551' title='bbox 2160 3654 2488 3707; x_wconf 87' lang='lat' dir='ltr'><strong>quemquam</strong></span> <span class='ocrx_word' id='word_1_552' title='bbox 2528 3639 2861 3691; x_wconf 89' lang='lat' dir='ltr'><strong>catholicum</strong></span> <span class='ocrx_word' id='word_1_553' title='bbox 2895 3637 3098 3705; x_wconf 81' lang='lat' dir='ltr'><strong>putari.</strong></span> <span class='ocrx_word' id='word_1_554' title='bbox 3130 3640 3224 3703; x_wconf 80' lang='lat' dir='ltr'><strong>qui</strong></span> <span class='ocrx_word' id='word_1_555' title='bbox 3263 3645 3479 3689; x_wconf 76' lang='lat' dir='ltr'><strong>mutan-</strong></span> 
     </span>
    </p>
   </div>
   <div class='ocr_carea' id='block_1_39' title="bbox 285 3710 3484 3798">
    <p class='ocr_par' dir='ltr' id='par_1_39' title="bbox 285 3710 3484 3798">
     <span class='ocr_line' id='line_1_39' title="bbox 285 3710 3484 3798; baseline 0.002 -26"><span class='ocrx_word' id='word_1_556' title='bbox 285 3717 522 3772; x_wconf 85' lang='lat' dir='ltr'><strong>tinorum</strong></span> <span class='ocrx_word' id='word_1_557' title='bbox 553 3718 833 3773; x_wconf 86' lang='lat' dir='ltr'><strong>doctorum</strong></span> <span class='ocrx_word' id='word_1_558' title='bbox 867 3720 1209 3787; x_wconf 86' lang='lat' dir='ltr'><strong>conﬁrmant,</strong></span> <span class='ocrx_word' id='word_1_559' title='bbox 1245 3738 1382 3792; x_wconf 82' lang='lat' dir='ltr'><strong>quos</strong></span> <span class='ocrx_word' id='word_1_560' title='bbox 1405 3740 1472 3779; x_wconf 92' lang='lat' dir='ltr'><strong>eo</strong></span> <span class='ocrx_word' id='word_1_561' title='bbox 1499 3727 1696 3781; x_wconf 87' lang='lat' dir='ltr'><strong>inloco</strong></span> <span class='ocrx_word' id='word_1_562' title='bbox 1723 3745 1828 3782; x_wconf 86' lang='lat' dir='ltr'><strong>non</strong></span> <span class='ocrx_word' id='word_1_563' title='bbox 1935 3732 2056 3783; x_wconf 85' lang='lat' dir='ltr'><strong>dam</strong></span> <span class='ocrx_word' id='word_1_564' title='bbox 2095 3730 2238 3782; x_wconf 85' lang='lat' dir='ltr'><strong>hanc</strong></span> <span class='ocrx_word' id='word_1_565' title='bbox 2280 3710 2576 3798; x_wconf 26' lang='lat' dir='ltr'><strong>Evangelii.</strong></span> <span class='ocrx_word' id='word_1_566' title='bbox 2609 3728 2988 3794; x_wconf 61' lang='lat' dir='ltr'><strong>auctoritatem</strong></span> <span class='ocrx_word' id='word_1_567' title='bbox 3026 3726 3322 3792; x_wconf 90' lang='lat' dir='ltr'><strong>existimet,</strong></span> <span class='ocrx_word' id='word_1_568' title='bbox 3354 3742 3484 3780; x_wconf 86' lang='lat' dir='ltr'><strong>ceu-</strong></span> 
     </span>
    </p>
   </div>
   <div class='ocr_carea' id='block_1_40' title="bbox 276 3803 3478 3890">
    <p class='ocr_par' dir='ltr' id='par_1_40' title="bbox 276 3803 3478 3890">
     <span class='ocr_line' id='line_1_40' title="bbox 276 3803 3478 3890; baseline 0.001 -24"><span class='ocrx_word' id='word_1_569' title='bbox 276 3815 347 3876; x_wconf 85' lang='lat' dir='ltr'><strong>si,</strong></span> <span class='ocrx_word' id='word_1_570' title='bbox 384 3803 594 3878; x_wconf 23' lang='lat' dir='ltr'><strong>sed-sic,</strong></span> <span class='ocrx_word' id='word_1_571' title='bbox 620 3813 906 3882; x_wconf 88' lang='lat' dir='ltr'><strong>scripsisse</strong></span> <span class='ocrx_word' id='word_1_572' title='bbox 937 3825 991 3868; x_wconf 91' lang='lat' dir='ltr'><strong>et</strong></span> <span class='ocrx_word' id='word_1_573' title='bbox 1022 3816 1092 3869; x_wconf 90' lang='lat' dir='ltr'><strong>ita</strong></span> <span class='ocrx_word' id='word_1_574' title='bbox 1125 3831 1241 3870; x_wconf 89' lang='lat' dir='ltr'><strong>eam</strong></span> <span class='ocrx_word' id='word_1_575' title='bbox 1277 3813 1484 3883; x_wconf 84' lang='lat' dir='ltr'><strong>partem</strong></span> <span class='ocrx_word' id='word_1_576' title='bbox 1515 3824 1830 3890; x_wconf 82' lang='lat' dir='ltr'><strong>exposuisse</strong></span> <span class='ocrx_word' id='word_1_577' title='bbox 1933 3818 2274 3886; x_wconf 83' lang='lat' dir='ltr'><strong>sendumque</strong></span> <span class='ocrx_word' id='word_1_578' title='bbox 2308 3833 2430 3871; x_wconf 92' lang='lat' dir='ltr'><strong>eum</strong></span> <span class='ocrx_word' id='word_1_579' title='bbox 2462 3818 2557 3885; x_wconf 91' lang='lat' dir='ltr'><strong>qui</strong></span> <span class='ocrx_word' id='word_1_580' title='bbox 2585 3817 2638 3870; x_wconf 91' lang='lat' dir='ltr'><strong>id</strong></span> <span class='ocrx_word' id='word_1_581' title='bbox 2672 3831 2840 3871; x_wconf 88' lang='lat' dir='ltr'><strong>ausus</strong></span> <span class='ocrx_word' id='word_1_582' title='bbox 2869 3815 3055 3881; x_wconf 80' lang='lat' dir='ltr'><strong>fuerit,</strong></span> <span class='ocrx_word' id='word_1_583' title='bbox 3087 3817 3251 3870; x_wconf 88' lang='lat' dir='ltr'><strong>etiam</strong></span> <span class='ocrx_word' id='word_1_584' title='bbox 3295 3816 3478 3886; x_wconf 83' lang='lat' dir='ltr'><strong>pejora</strong></span> 
     </span>
    </p>
   </div>
   <div class='ocr_carea' id='block_1_41' title="bbox 279 3893 3335 3984">
    <p class='ocr_par' dir='ltr' id='par_1_41' title="bbox 279 3893 3335 3984">
     <span class='ocr_line' id='line_1_41' title="bbox 279 3893 3335 3984; baseline 0 -24"><span class='ocrx_word' id='word_1_585' title='bbox 279 3912 517 3960; x_wconf 88' lang='lat' dir='ltr'><strong>constat.</strong></span> <span class='ocrx_word' id='word_1_586' title='bbox 559 3904 670 3958; x_wconf 82' lang='lat' dir='ltr'><strong>Hos</strong></span> <span class='ocrx_word' id='word_1_587' title='bbox 699 3905 841 3958; x_wconf 89' lang='lat' dir='ltr'><strong>enim</strong></span> <span class='ocrx_word' id='word_1_588' title='bbox 879 3921 985 3960; x_wconf 90' lang='lat' dir='ltr'><strong>non</strong></span> <span class='ocrx_word' id='word_1_589' title='bbox 1011 3914 1094 3960; x_wconf 90' lang='lat' dir='ltr'><strong>est</strong></span> <span class='ocrx_word' id='word_1_590' title='bbox 1130 3893 1437 3963; x_wconf 12' lang='lat' dir='ltr'><strong>verisimile.</strong></span> <span class='ocrx_word' id='word_1_591' title='bbox 1463 3921 1517 3963; x_wconf 89' lang='lat' dir='ltr'><strong>et</strong></span> <span class='ocrx_word' id='word_1_592' title='bbox 1549 3912 1826 3966; x_wconf 88' lang='lat' dir='ltr'><strong>veritatem</strong></span> <span class='ocrx_word' id='word_1_593' title='bbox 1932 3911 2202 3974; x_wconf 75' lang='lat' dir='ltr'><strong>facturum</strong></span> <span class='ocrx_word' id='word_1_594' title='bbox 2234 3909 2419 3964; x_wconf 88' lang='lat' dir='ltr'><strong>addita</strong></span> <span class='ocrx_word' id='word_1_595' title='bbox 2458 3908 2509 3962; x_wconf 90' lang='lat' dir='ltr'><strong>ei</strong></span> <span class='ocrx_word' id='word_1_596' title='bbox 2541 3908 2867 3984; x_wconf 87' lang='lat' dir='ltr'><strong>auctoritate</strong></span> <span class='ocrx_word' id='word_1_597' title='bbox 2891 3914 3052 3975; x_wconf 83' lang='lat' dir='ltr'><strong>atque</strong></span> <span class='ocrx_word' id='word_1_598' title='bbox 3075 3899 3335 3975; x_wconf 84' lang='lat' dir='ltr'><strong>potentia.</strong></span> 
     </span>
    </p>
   </div>
   <div class='ocr_carea' id='block_1_42' title="bbox 277 3989 3474 4070">
    <p class='ocr_par' dir='ltr' id='par_1_42' title="bbox 277 3989 3474 4070">
     <span class='ocr_line' id='line_1_42' title="bbox 277 3989 3474 4070; baseline 0.002 -26"><span class='ocrx_word' id='word_1_599' title='bbox 277 3989 526 4056; x_wconf 82' lang='lat' dir='ltr'><strong>latuisse,</strong></span> <span class='ocrx_word' id='word_1_600' title='bbox 587 3996 676 4062; x_wconf 90' lang='lat' dir='ltr'><strong>qui</strong></span> <span class='ocrx_word' id='word_1_601' title='bbox 726 4006 781 4048; x_wconf 92' lang='lat' dir='ltr'><strong>et</strong></span> <span class='ocrx_word' id='word_1_602' title='bbox 825 3998 1178 4065; x_wconf 88' lang='lat' dir='ltr'><strong>sapientiores</strong></span> <span class='ocrx_word' id='word_1_603' title='bbox 1231 4001 1389 4054; x_wconf 91' lang='lat' dir='ltr'><strong>nobis</strong></span> <span class='ocrx_word' id='word_1_604' title='bbox 1434 4003 1586 4058; x_wconf 82' lang='lat' dir='ltr'><strong>fuere</strong></span> <span class='ocrx_word' id='word_1_605' title='bbox 1619 4013 1677 4058; x_wconf 91' lang='lat' dir='ltr'><strong>et</strong></span> <span class='ocrx_word' id='word_1_606' title='bbox 1721 4020 1827 4058; x_wconf 90' lang='lat' dir='ltr'><strong>non</strong></span> <span class='ocrx_word' id='word_1_607' title='bbox 2001 4002 2125 4056; x_wconf 75' lang='lat' dir='ltr'><strong>llaec</strong></span> <span class='ocrx_word' id='word_1_608' title='bbox 2151 3999 2370 4070; x_wconf 75' lang='lat' dir='ltr'><strong>quidem</strong></span> <span class='ocrx_word' id='word_1_609' title='bbox 2408 3999 2506 4054; x_wconf 88' lang='lat' dir='ltr'><strong>illi.</strong></span> <span class='ocrx_word' id='word_1_610' title='bbox 2548 3997 2655 4052; x_wconf 84' lang='lat' dir='ltr'><strong>Nos</strong></span> <span class='ocrx_word' id='word_1_611' title='bbox 2677 4013 2803 4053; x_wconf 87' lang='lat' dir='ltr'><strong>vero</strong></span> <span class='ocrx_word' id='word_1_612' title='bbox 2824 3999 2888 4052; x_wconf 86' lang='lat' dir='ltr'><strong>ad</strong></span> <span class='ocrx_word' id='word_1_613' title='bbox 2923 3993 2990 4053; x_wconf 81' lang='lat' dir='ltr'><strong>ea</strong></span> <span class='ocrx_word' id='word_1_614' title='bbox 3014 3999 3161 4070; x_wconf 88' lang='lat' dir='ltr'><strong>hunc</strong></span> <span class='ocrx_word' id='word_1_615' title='bbox 3182 3998 3235 4052; x_wconf 92' lang='lat' dir='ltr'><strong>in</strong></span> <span class='ocrx_word' id='word_1_616' title='bbox 3255 3999 3474 4054; x_wconf 89' lang='lat' dir='ltr'><strong>modum</strong></span> 
     </span>
    </p>
   </div>
   <div class='ocr_carea' id='block_1_43' title="bbox 281 4083 3473 4164">
    <p class='ocr_par' dir='ltr' id='par_1_43' title="bbox 281 4083 3473 4164">
     <span class='ocr_line' id='line_1_43' title="bbox 281 4083 3473 4164; baseline 0.002 -29"><span class='ocrx_word' id='word_1_617' title='bbox 281 4083 445 4138; x_wconf 88' lang='lat' dir='ltr'><strong>modo</strong></span> <span class='ocrx_word' id='word_1_618' title='bbox 469 4083 692 4149; x_wconf 63' lang='lat' dir='ltr'><strong>Latinae,</strong></span> <span class='ocrx_word' id='word_1_619' title='bbox 738 4087 832 4141; x_wconf 89' lang='lat' dir='ltr'><strong>sed</strong></span> <span class='ocrx_word' id='word_1_620' title='bbox 873 4089 1034 4143; x_wconf 83' lang='lat' dir='ltr'><strong>etiam</strong></span> <span class='ocrx_word' id='word_1_621' title='bbox 1067 4089 1265 4147; x_wconf 67' lang='lat' dir='ltr'><strong>Grmcae</strong></span> <span class='ocrx_word' id='word_1_622' title='bbox 1310 4094 1505 4162; x_wconf 72' lang='lat' dir='ltr'><strong>linguae</strong></span> <span class='ocrx_word' id='word_1_623' title='bbox 1538 4096 1825 4164; x_wconf 81' lang='lat' dir='ltr'><strong>doctiores,</strong></span> <span class='ocrx_word' id='word_1_624' title='bbox 1932 4091 2356 4161; x_wconf 85' lang='lat' dir='ltr'><strong>respondemus.</strong></span> <span class='ocrx_word' id='word_1_625' title='bbox 2404 4089 2635 4160; x_wconf 90' lang='lat' dir='ltr'><strong>Oportet</strong></span> <span class='ocrx_word' id='word_1_626' title='bbox 2660 4089 2806 4144; x_wconf 85' lang='lat' dir='ltr'><strong>enim</strong></span> <span class='ocrx_word' id='word_1_627' title='bbox 2836 4092 2927 4157; x_wconf 88' lang='lat' dir='ltr'><strong>qui</strong></span> <span class='ocrx_word' id='word_1_628' title='bbox 2960 4088 3157 4158; x_wconf 83' lang='lat' dir='ltr'><strong>aliquid</strong></span> <span class='ocrx_word' id='word_1_629' title='bbox 3191 4103 3255 4142; x_wconf 87' lang='lat' dir='ltr'><strong>ex</strong></span> <span class='ocrx_word' id='word_1_630' title='bbox 3282 4104 3385 4142; x_wconf 81' lang='lat' dir='ltr'><strong>una</strong></span> <span class='ocrx_word' id='word_1_631' title='bbox 3420 4091 3473 4142; x_wconf 88' lang='lat' dir='ltr'><strong>in</strong></span> 
     </span>
    </p>
   </div>
   <div class='ocr_carea' id='block_1_44' title="bbox 278 4174 3475 4255">
    <p class='ocr_par' dir='ltr' id='par_1_44' title="bbox 278 4174 3475 4255">
     <span class='ocr_line' id='line_1_44' title="bbox 278 4174 3475 4255; baseline -0.003 -19"><span class='ocrx_word' id='word_1_632' title='bbox 278 4174 500 4243; x_wconf 82' lang='lat' dir='ltr'><strong>quando</strong></span> <span class='ocrx_word' id='word_1_633' title='bbox 522 4179 819 4246; x_wconf 56' lang='lat' dir='ltr'><strong>prtesortim</strong></span> <span class='ocrx_word' id='word_1_634' title='bbox 844 4188 967 4255; x_wconf 64' lang='lat' dir='ltr'><strong>ante</strong></span> <span class='ocrx_word' id='word_1_635' title='bbox 986 4181 1223 4252; x_wconf 88' lang='lat' dir='ltr'><strong>ipsorum</strong></span> <span class='ocrx_word' id='word_1_636' title='bbox 1248 4200 1465 4254; x_wconf 86' lang='lat' dir='ltr'><strong>quoque</strong></span> <span class='ocrx_word' id='word_1_637' title='bbox 1488 4197 1699 4240; x_wconf 74' lang='lat' dir='ltr'><strong>a‘lalem</strong></span> <span class='ocrx_word' id='word_1_638' title='bbox 1720 4204 1827 4241; x_wconf 75' lang='lat' dir='ltr'><strong>non</strong></span> <span class='ocrx_word' id='word_1_639' title='bbox 1929 4185 2088 4236; x_wconf 87' lang='lat' dir='ltr'><strong>aliam</strong></span> <span class='ocrx_word' id='word_1_640' title='bbox 2125 4182 2380 4237; x_wconf 83' lang='lat' dir='ltr'><strong>transfert</strong></span> <span class='ocrx_word' id='word_1_641' title='bbox 2407 4182 2681 4252; x_wconf 69' lang='lat' dir='ltr'><strong>linguam,</strong></span> <span class='ocrx_word' id='word_1_642' title='bbox 2708 4184 2760 4234; x_wconf 84' lang='lat' dir='ltr'><strong>et</strong></span> <span class='ocrx_word' id='word_1_643' title='bbox 2816 4181 3050 4249; x_wconf 78' lang='lat' dir='ltr'><strong>linguam</strong></span> <span class='ocrx_word' id='word_1_644' title='bbox 3103 4180 3270 4247; x_wconf 81' lang='lat' dir='ltr'><strong>ipsam</strong></span> <span class='ocrx_word' id='word_1_645' title='bbox 3316 4193 3475 4232; x_wconf 84' lang='lat' dir='ltr'><strong>nosse.</strong></span> 
     </span>
    </p>
   </div>
   <div class='ocr_carea' id='block_1_45' title="bbox 277 4267 3476 4342">
    <p class='ocr_par' dir='ltr' id='par_1_45' title="bbox 277 4267 3476 4342">
     <span class='ocr_line' id='line_1_45' title="bbox 277 4267 3476 4342; baseline 0 -23"><span class='ocrx_word' id='word_1_646' title='bbox 277 4269 345 4332; x_wconf 88' lang='lat' dir='ltr'><strong>si,</strong></span> <span class='ocrx_word' id='word_1_647' title='bbox 381 4267 475 4322; x_wconf 87' lang='lat' dir='ltr'><strong>sed</strong></span> <span class='ocrx_word' id='word_1_648' title='bbox 508 4271 580 4322; x_wconf 85' lang='lat' dir='ltr'><strong>sic</strong></span> <span class='ocrx_word' id='word_1_649' title='bbox 611 4269 754 4337; x_wconf 88' lang='lat' dir='ltr'><strong>apud</strong></span> <span class='ocrx_word' id='word_1_650' title='bbox 802 4269 1023 4325; x_wconf 79' lang='lat' dir='ltr'><strong>Latinos</strong></span> <span class='ocrx_word' id='word_1_651' title='bbox 1070 4274 1329 4342; x_wconf 89' lang='lat' dir='ltr'><strong>scriptum</strong></span> <span class='ocrx_word' id='word_1_652' title='bbox 1362 4269 1542 4330; x_wconf 75' lang='lat' dir='ltr'><strong>fuisse</strong></span> <span class='ocrx_word' id='word_1_653' title='bbox 1581 4277 1827 4331; x_wconf 80' lang='lat' dir='ltr'><strong>animad-</strong></span> <span class='ocrx_word' id='word_1_654' title='bbox 1931 4289 2092 4342; x_wconf 83' lang='lat' dir='ltr'><strong>quam</strong></span> <span class='ocrx_word' id='word_1_655' title='bbox 2133 4272 2416 4341; x_wconf 75' lang='lat' dir='ltr'><strong>transfert,</strong></span> <span class='ocrx_word' id='word_1_656' title='bbox 2443 4281 2494 4325; x_wconf 88' lang='lat' dir='ltr'><strong>et</strong></span> <span class='ocrx_word' id='word_1_657' title='bbox 2527 4273 2649 4340; x_wconf 82' lang='lat' dir='ltr'><strong>ejus</strong></span> <span class='ocrx_word' id='word_1_658' title='bbox 2681 4286 2788 4341; x_wconf 86' lang='lat' dir='ltr'><strong>non</strong></span> <span class='ocrx_word' id='word_1_659' title='bbox 2827 4272 2984 4323; x_wconf 89' lang='lat' dir='ltr'><strong>modo</strong></span> <span class='ocrx_word' id='word_1_660' title='bbox 3025 4269 3305 4324; x_wconf 64' lang='lat' dir='ltr'><strong>sentcntiae</strong></span> <span class='ocrx_word' id='word_1_661' title='bbox 3335 4269 3476 4320; x_wconf 83' lang='lat' dir='ltr'><strong>veri-</strong></span> 
     </span>
    </p>
   </div>
   <div class='ocr_carea' id='block_1_46' title="bbox 277 4348 3473 4435">
    <p class='ocr_par' dir='ltr' id='par_1_46' title="bbox 277 4348 3473 4435">
     <span class='ocr_line' id='line_1_46' title="bbox 277 4348 3473 4435; baseline 0.001 -26"><span class='ocrx_word' id='word_1_662' title='bbox 277 4359 529 4414; x_wconf 83' lang='lat' dir='ltr'><strong>vcrtitur.</strong></span> <span class='ocrx_word' id='word_1_663' title='bbox 565 4360 689 4416; x_wconf 85' lang='lat' dir='ltr'><strong>Post</strong></span> <span class='ocrx_word' id='word_1_664' title='bbox 724 4363 836 4416; x_wconf 60' lang='lat' dir='ltr'><strong>hare</strong></span> <span class='ocrx_word' id='word_1_665' title='bbox 854 4375 1121 4429; x_wconf 86' lang='lat' dir='ltr'><strong>asserunt,</strong></span> <span class='ocrx_word' id='word_1_666' title='bbox 1145 4365 1279 4418; x_wconf 90' lang='lat' dir='ltr'><strong>nihil</strong></span> <span class='ocrx_word' id='word_1_667' title='bbox 1308 4366 1360 4416; x_wconf 89' lang='lat' dir='ltr'><strong>in</strong></span> <span class='ocrx_word' id='word_1_668' title='bbox 1380 4381 1529 4419; x_wconf 89' lang='lat' dir='ltr'><strong>sacra</strong></span> <span class='ocrx_word' id='word_1_669' title='bbox 1548 4366 1824 4435; x_wconf 78' lang='lat' dir='ltr'><strong>Scriptura</strong></span> <span class='ocrx_word' id='word_1_670' title='bbox 1856 4427 1891 4435; x_wconf 86' lang='lat'>_</span> <span class='ocrx_word' id='word_1_671' title='bbox 1932 4375 2116 4423; x_wconf 89' lang='lat' dir='ltr'><strong>tatem,</strong></span> <span class='ocrx_word' id='word_1_672' title='bbox 2141 4348 2240 4416; x_wconf 75' lang='lat' dir='ltr'><strong>sed</strong></span> <span class='ocrx_word' id='word_1_673' title='bbox 2265 4364 2427 4416; x_wconf 88' lang='lat' dir='ltr'><strong>etiam</strong></span> <span class='ocrx_word' id='word_1_674' title='bbox 2467 4356 2628 4415; x_wconf 81' lang='lat' dir='ltr'><strong>verba</strong></span> <span class='ocrx_word' id='word_1_675' title='bbox 2663 4361 2729 4414; x_wconf 90' lang='lat' dir='ltr'><strong>de</strong></span> <span class='ocrx_word' id='word_1_676' title='bbox 2748 4363 2931 4414; x_wconf 87' lang='lat' dir='ltr'><strong>verbis</strong></span> <span class='ocrx_word' id='word_1_677' title='bbox 2961 4354 3291 4430; x_wconf 81' lang='lat' dir='ltr'><strong>exprimere,</strong></span> <span class='ocrx_word' id='word_1_678' title='bbox 3314 4361 3473 4428; x_wconf 84' lang='lat' dir='ltr'><strong>idque</strong></span> 
     </span>
    </p>
   </div>
   <div class='ocr_carea' id='block_1_47' title="bbox 278 4427 3472 4524">
    <p class='ocr_par' dir='ltr' id='par_1_47' title="bbox 278 4427 3472 4524">
     <span class='ocr_line' id='line_1_47' title="bbox 278 4427 3472 4524; baseline 0.001 -23"><span class='ocrx_word' id='word_1_679' title='bbox 278 4449 651 4505; x_wconf 85' lang='lat' dir='ltr'><strong>innovandum</strong></span> <span class='ocrx_word' id='word_1_680' title='bbox 688 4465 826 4516; x_wconf 88' lang='lat' dir='ltr'><strong>esse,</strong></span> <span class='ocrx_word' id='word_1_681' title='bbox 851 4455 1252 4521; x_wconf 68' lang='lat' dir='ltr'><strong>praecipueque</strong></span> <span class='ocrx_word' id='word_1_682' title='bbox 1283 4457 1338 4506; x_wconf 77' lang='lat' dir='ltr'><strong>in</strong></span> <span class='ocrx_word' id='word_1_683' title='bbox 1390 4456 1695 4523; x_wconf 76' lang='lat' dir='ltr'><strong>Evangelio,</strong></span> <span class='ocrx_word' id='word_1_684' title='bbox 1734 4460 1821 4511; x_wconf 86' lang='lat' dir='ltr'><strong>ubi</strong></span> <span class='ocrx_word' id='word_1_685' title='bbox 1856 4427 1900 4480; x_wconf 70' lang='grc' dir='ltr'>θ</span> <span class='ocrx_word' id='word_1_686' title='bbox 1934 4453 2232 4524; x_wconf 70' lang='lat' dir='ltr'><strong>praesertim</strong></span> <span class='ocrx_word' id='word_1_687' title='bbox 2275 4446 2330 4505; x_wconf 87' lang='lat' dir='ltr'><strong>in</strong></span> <span class='ocrx_word' id='word_1_688' title='bbox 2368 4453 2538 4510; x_wconf 83' lang='lat' dir='ltr'><strong>sacris</strong></span> <span class='ocrx_word' id='word_1_689' title='bbox 2567 4452 2789 4513; x_wconf 88' lang='lat' dir='ltr'><strong>litteris,</strong></span> <span class='ocrx_word' id='word_1_690' title='bbox 2823 4451 2914 4505; x_wconf 90' lang='lat' dir='ltr'><strong>ubi</strong></span> <span class='ocrx_word' id='word_1_691' title='bbox 2956 4467 3063 4503; x_wconf 88' lang='lat' dir='ltr'><strong>non</strong></span> <span class='ocrx_word' id='word_1_692' title='bbox 3103 4451 3262 4505; x_wconf 88' lang='lat' dir='ltr'><strong>modo</strong></span> <span class='ocrx_word' id='word_1_693' title='bbox 3309 4453 3472 4504; x_wconf 86' lang='lat' dir='ltr'><strong>verba</strong></span> 
     </span>
    </p>
   </div>
   <div class='ocr_carea' id='block_1_48' title="bbox 279 4527 3524 4611">
    <p class='ocr_par' dir='ltr' id='par_1_48' title="bbox 279 4527 3524 4611">
     <span class='ocr_line' id='line_1_48' title="bbox 279 4527 3524 4611; baseline 0.001 -20"><span class='ocrx_word' id='word_1_694' title='bbox 279 4541 364 4594; x_wconf 85' lang='lat' dir='ltr'><strong>vel</strong></span> <span class='ocrx_word' id='word_1_695' title='bbox 403 4557 568 4594; x_wconf 88' lang='lat' dir='ltr'><strong>unum</strong></span> <span class='ocrx_word' id='word_1_696' title='bbox 602 4543 832 4610; x_wconf 88' lang='lat' dir='ltr'><strong>apicem,</strong></span> <span class='ocrx_word' id='word_1_697' title='bbox 866 4552 958 4595; x_wconf 91' lang='lat' dir='ltr'><strong>aut</strong></span> <span class='ocrx_word' id='word_1_698' title='bbox 991 4559 1155 4595; x_wconf 92' lang='lat' dir='ltr'><strong>unum</strong></span> <span class='ocrx_word' id='word_1_699' title='bbox 1194 4545 1302 4598; x_wconf 89' lang='lat' dir='ltr'><strong>iota</strong></span> <span class='ocrx_word' id='word_1_700' title='bbox 1339 4546 1625 4598; x_wconf 78' lang='lat' dir='ltr'><strong>immutare</strong></span> <span class='ocrx_word' id='word_1_701' title='bbox 1675 4549 1826 4601; x_wconf 74' lang='lat' dir='ltr'><strong>nefas</strong></span> <span class='ocrx_word' id='word_1_702' title='bbox 1934 4544 2047 4611; x_wconf 80' lang='lat' dir='ltr'><strong>ipsa</strong></span> <span class='ocrx_word' id='word_1_703' title='bbox 2082 4541 2376 4603; x_wconf 78' lang='lat' dir='ltr'><strong>custodiri.</strong></span> <span class='ocrx_word' id='word_1_704' title='bbox 2421 4543 2515 4596; x_wconf 86' lang='lat' dir='ltr'><strong>sed</strong></span> <span class='ocrx_word' id='word_1_705' title='bbox 2548 4544 2680 4595; x_wconf 86' lang='lat' dir='ltr'><strong>ordo</strong></span> <span class='ocrx_word' id='word_1_706' title='bbox 2710 4527 2927 4610; x_wconf 80' lang='lat' dir='ltr'><strong>quoque</strong></span> <span class='ocrx_word' id='word_1_707' title='bbox 2951 4541 3264 4606; x_wconf 84' lang='lat' dir='ltr'><strong>verborum,</strong></span> <span class='ocrx_word' id='word_1_708' title='bbox 3297 4543 3473 4609; x_wconf 88' lang='lat' dir='ltr'><strong>quoad</strong></span> <span class='ocrx_word' id='word_1_709' title='bbox 3510 4547 3524 4561; x_wconf 91' lang='lat'><strong><em>’</em></strong></span> 
     </span>
    </p>
   </div>
   <div class='ocr_carea' id='block_1_49' title="bbox 276 4618 3473 4703">
    <p class='ocr_par' dir='ltr' id='par_1_49' title="bbox 276 4618 3473 4703">
     <span class='ocr_line' id='line_1_49' title="bbox 276 4618 3473 4703; baseline -0.001 -18"><span class='ocrx_word' id='word_1_710' title='bbox 276 4641 380 4685; x_wconf 79' lang='lat' dir='ltr'><strong>est.</strong></span> <span class='ocrx_word' id='word_1_711' title='bbox 429 4630 655 4684; x_wconf 89' lang='lat' dir='ltr'><strong>Daretur</strong></span> <span class='ocrx_word' id='word_1_712' title='bbox 686 4634 828 4687; x_wconf 85' lang='lat' dir='ltr'><strong>enim</strong></span> <span class='ocrx_word' id='word_1_713' title='bbox 883 4633 983 4686; x_wconf 87' lang='lat' dir='ltr'><strong>hoc</strong></span> <span class='ocrx_word' id='word_1_714' title='bbox 1035 4635 1193 4686; x_wconf 87' lang='lat' dir='ltr'><strong>modo</strong></span> <span class='ocrx_word' id='word_1_715' title='bbox 1241 4633 1468 4688; x_wconf 79' lang='lat' dir='ltr'><strong>facultas</strong></span> <span class='ocrx_word' id='word_1_716' title='bbox 1523 4637 1825 4691; x_wconf 75' lang='lat' dir='ltr'><strong>volentibus</strong></span> <span class='ocrx_word' id='word_1_717' title='bbox 1931 4618 2048 4703; x_wconf 86' lang='lat' dir='ltr'><strong>ejus</strong></span> <span class='ocrx_word' id='word_1_718' title='bbox 2082 4632 2192 4686; x_wconf 89' lang='lat' dir='ltr'><strong>ﬁeri</strong></span> <span class='ocrx_word' id='word_1_719' title='bbox 2220 4639 2420 4702; x_wconf 84' lang='lat' dir='ltr'><strong>potest,</strong></span> <span class='ocrx_word' id='word_1_720' title='bbox 2469 4631 2679 4686; x_wconf 89' lang='lat' dir='ltr'><strong>servari</strong></span> <span class='ocrx_word' id='word_1_721' title='bbox 2709 4631 2891 4686; x_wconf 90' lang='lat' dir='ltr'><strong>debet.</strong></span> <span class='ocrx_word' id='word_1_722' title='bbox 2933 4631 3212 4701; x_wconf 85' lang='lat' dir='ltr'><strong>Siquidem</strong></span> <span class='ocrx_word' id='word_1_723' title='bbox 3240 4631 3292 4683; x_wconf 93' lang='lat' dir='ltr'><strong>in</strong></span> <span class='ocrx_word' id='word_1_724' title='bbox 3321 4646 3473 4683; x_wconf 87' lang='lat' dir='ltr'><strong>sacra</strong></span> 
     </span>
    </p>
   </div>
   <div class='ocr_carea' id='block_1_50' title="bbox 282 4719 3474 4794">
    <p class='ocr_par' dir='ltr' id='par_1_50' title="bbox 282 4719 3474 4794">
     <span class='ocr_line' id='line_1_50' title="bbox 282 4719 3474 4794; baseline -0.003 -18"><span class='ocrx_word' id='word_1_725' title='bbox 282 4722 617 4792; x_wconf 81' lang='lat' dir='ltr'><strong>Scripturam</strong></span> <span class='ocrx_word' id='word_1_726' title='bbox 660 4738 868 4778; x_wconf 85' lang='lat' dir='ltr'><strong>sacram</strong></span> <span class='ocrx_word' id='word_1_727' title='bbox 897 4738 1268 4794; x_wconf 84' lang='lat' dir='ltr'><strong>corrumpere,</strong></span> <span class='ocrx_word' id='word_1_728' title='bbox 1294 4727 1435 4790; x_wconf 88' lang='lat' dir='ltr'><strong>quod</strong></span> <span class='ocrx_word' id='word_1_729' title='bbox 1469 4726 1616 4781; x_wconf 89' lang='lat' dir='ltr'><strong>nullo</strong></span> <span class='ocrx_word' id='word_1_730' title='bbox 1663 4730 1822 4782; x_wconf 89' lang='lat' dir='ltr'><strong>modo</strong></span> <span class='ocrx_word' id='word_1_731' title='bbox 1934 4723 2216 4791; x_wconf 82' lang='lat' dir='ltr'><strong>Scriptura</strong></span> <span class='ocrx_word' id='word_1_732' title='bbox 2254 4722 2417 4776; x_wconf 90' lang='lat' dir='ltr'><strong>etiam</strong></span> <span class='ocrx_word' id='word_1_733' title='bbox 2447 4724 2579 4776; x_wconf 90' lang='lat' dir='ltr'><strong>ordo</strong></span> <span class='ocrx_word' id='word_1_734' title='bbox 2615 4722 2726 4788; x_wconf 86' lang='lat' dir='ltr'><strong>ipse</strong></span> <span class='ocrx_word' id='word_1_735' title='bbox 2761 4722 3073 4782; x_wconf 88' lang='lat' dir='ltr'><strong>verborum,</strong></span> <span class='ocrx_word' id='word_1_736' title='bbox 3114 4731 3172 4773; x_wconf 90' lang='lat' dir='ltr'><strong>ut</strong></span> <span class='ocrx_word' id='word_1_737' title='bbox 3219 4719 3474 4785; x_wconf 73' lang='lat' dir='ltr'><strong>Hierony-</strong></span> 
     </span>
    </p>
   </div>
   <div class='ocr_carea' id='block_1_51' title="bbox 279 4809 3511 4885">
    <p class='ocr_par' dir='ltr' id='par_1_51' title="bbox 279 4809 3511 4885">
     <span class='ocr_line' id='line_1_51' title="bbox 279 4809 3511 4885; baseline -0.002 -19"><span class='ocrx_word' id='word_1_738' title='bbox 279 4822 366 4866; x_wconf 88' lang='lat' dir='ltr'><strong>est</strong></span> <span class='ocrx_word' id='word_1_739' title='bbox 405 4814 847 4883; x_wconf 81' lang='lat' dir='ltr'><strong>permittendum.</strong></span> <span class='ocrx_word' id='word_1_740' title='bbox 879 4814 1011 4870; x_wconf 78' lang='lat' dir='ltr'><strong>Cum</strong></span> <span class='ocrx_word' id='word_1_741' title='bbox 1049 4815 1214 4884; x_wconf 83' lang='lat' dir='ltr'><strong>igitur</strong></span> <span class='ocrx_word' id='word_1_742' title='bbox 1243 4817 1382 4885; x_wconf 88' lang='lat' dir='ltr'><strong>apud</strong></span> <span class='ocrx_word' id='word_1_743' title='bbox 1412 4817 1633 4876; x_wconf 87' lang='lat' dir='ltr'><strong>Latinos</strong></span> <span class='ocrx_word' id='word_1_744' title='bbox 1650 4817 1818 4879; x_wconf 81' lang='lat' dir='ltr'><strong>Evan—</strong></span> <span class='ocrx_word' id='word_1_745' title='bbox 1933 4829 2053 4868; x_wconf 90' lang='lat' dir='ltr'><strong>mus</strong></span> <span class='ocrx_word' id='word_1_746' title='bbox 2079 4812 2142 4866; x_wconf 83' lang='lat' dir='ltr'><strong>ad</strong></span> <span class='ocrx_word' id='word_1_747' title='bbox 2192 4813 2596 4867; x_wconf 87' lang='lat' dir='ltr'><strong>Pammachium</strong></span> <span class='ocrx_word' id='word_1_748' title='bbox 2653 4813 2897 4864; x_wconf 84' lang='lat' dir='ltr'><strong>scribens</strong></span> <span class='ocrx_word' id='word_1_749' title='bbox 2931 4813 3123 4878; x_wconf 85' lang='lat' dir='ltr'><strong>inquit,</strong></span> <span class='ocrx_word' id='word_1_750' title='bbox 3155 4809 3465 4877; x_wconf 77' lang='lat' dir='ltr'><strong>mysterium</strong></span> <span class='ocrx_word' id='word_1_751' title='bbox 3502 4821 3511 4826; x_wconf 91' lang='grc'><strong>·</strong></span> 
     </span>
    </p>
   </div>
   <div class='ocr_carea' id='block_1_52' title="bbox 278 4893 3464 4981">
    <p class='ocr_par' dir='ltr' id='par_1_52' title="bbox 278 4893 3464 4981">
     <span class='ocr_line' id='line_1_52' title="bbox 278 4893 3464 4981; baseline -0.002 -23"><span class='ocrx_word' id='word_1_752' title='bbox 278 4905 482 4973; x_wconf 81' lang='lat' dir='ltr'><strong>gelium</strong></span> <span class='ocrx_word' id='word_1_753' title='bbox 515 4906 592 4958; x_wconf 89' lang='lat' dir='ltr'><strong>sic</strong></span> <span class='ocrx_word' id='word_1_754' title='bbox 624 4907 838 4968; x_wconf 88' lang='lat' dir='ltr'><strong>habeat,</strong></span> <span class='ocrx_word' id='word_1_755' title='bbox 868 4908 1038 4960; x_wconf 91' lang='lat' dir='ltr'><strong>asseri</strong></span> <span class='ocrx_word' id='word_1_756' title='bbox 1068 4909 1227 4962; x_wconf 89' lang='lat' dir='ltr'><strong>aliter</strong></span> <span class='ocrx_word' id='word_1_757' title='bbox 1250 4893 1518 4963; x_wconf 75' lang='lat' dir='ltr'><strong>mutarive</strong></span> <span class='ocrx_word' id='word_1_758' title='bbox 1561 4911 1680 4964; x_wconf 85' lang='lat' dir='ltr'><strong>sine</strong></span> <span class='ocrx_word' id='word_1_759' title='bbox 1709 4911 1820 4962; x_wconf 80' lang='lat' dir='ltr'><strong>cri-</strong></span> <span class='ocrx_word' id='word_1_760' title='bbox 1926 4916 2009 4962; x_wconf 90' lang='lat' dir='ltr'><strong>est</strong></span> <span class='ocrx_word' id='word_1_761' title='bbox 2040 4923 2054 4973; x_wconf 93' lang='lat'><strong>;</strong></span> <span class='ocrx_word' id='word_1_762' title='bbox 2111 4905 2491 4981; x_wconf 22' lang='lat' dir='ltr'><strong>periculosum.</strong></span> <span class='ocrx_word' id='word_1_763' title='bbox 2525 4913 2608 4955; x_wconf 88' lang='lat' dir='ltr'><strong>est</strong></span> <span class='ocrx_word' id='word_1_764' title='bbox 2652 4903 3028 4981; x_wconf 29' lang='lat' dir='ltr'><strong>c‘nitnaliquid</strong></span> <span class='ocrx_word' id='word_1_765' title='bbox 3058 4903 3197 4952; x_wconf 86' lang='lat' dir='ltr'><strong>inea</strong></span> <span class='ocrx_word' id='word_1_766' title='bbox 3235 4909 3464 4962; x_wconf 87' lang='lat' dir='ltr'><strong>mutare,</strong></span> 
     </span>
    </p>
   </div>
   <div class='ocr_carea' id='block_1_53' title="bbox 280 4976 3466 5070">
    <p class='ocr_par' dir='ltr' id='par_1_53' title="bbox 280 4976 3466 5070">
     <span class='ocr_line' id='line_1_53' title="bbox 280 4976 3466 5070; baseline -0.002 -21"><span class='ocrx_word' id='word_1_767' title='bbox 280 4995 426 5049; x_wconf 82' lang='lat' dir='ltr'><strong>mine</strong></span> <span class='ocrx_word' id='word_1_768' title='bbox 478 5011 581 5048; x_wconf 93' lang='lat' dir='ltr'><strong>non</strong></span> <span class='ocrx_word' id='word_1_769' title='bbox 635 5011 811 5066; x_wconf 83' lang='lat' dir='ltr'><strong>posse.</strong></span> <span class='ocrx_word' id='word_1_770' title='bbox 843 4997 1104 5054; x_wconf 59' lang='lat' dir='ltr'><strong>Praeterea</strong></span> <span class='ocrx_word' id='word_1_771' title='bbox 1170 5002 1214 5053; x_wconf 90' lang='lat' dir='ltr'><strong>si</strong></span> <span class='ocrx_word' id='word_1_772' title='bbox 1264 5001 1695 5070; x_wconf 86' lang='lat' dir='ltr'><strong>conjunctionem</strong></span> <span class='ocrx_word' id='word_1_773' title='bbox 1742 5001 1821 5054; x_wconf 84' lang='lat' dir='ltr'><strong>in-</strong></span> <span class='ocrx_word' id='word_1_774' title='bbox 1927 4998 2031 5051; x_wconf 87' lang='lat' dir='ltr'><strong>nisi</strong></span> <span class='ocrx_word' id='word_1_775' title='bbox 2062 4995 2367 5065; x_wconf 85' lang='lat' dir='ltr'><strong>preprietas</strong></span> <span class='ocrx_word' id='word_1_776' title='bbox 2396 4977 2630 5060; x_wconf 48' lang='lat' dir='ltr'><strong>linguan</strong></span> <span class='ocrx_word' id='word_1_777' title='bbox 2658 4976 2710 5042; x_wconf 79' lang='lat' dir='ltr'><strong>iit</strong></span> <span class='ocrx_word' id='word_1_778' title='bbox 2747 5007 2904 5058; x_wconf 90' lang='lat' dir='ltr'><strong>quam</strong></span> <span class='ocrx_word' id='word_1_779' title='bbox 2935 4991 2990 5042; x_wconf 87' lang='lat' dir='ltr'><strong>lit</strong></span> <span class='ocrx_word' id='word_1_780' title='bbox 3020 4990 3322 5055; x_wconf 83' lang='lat' dir='ltr'><strong>translatio,</strong></span> <span class='ocrx_word' id='word_1_781' title='bbox 3345 4999 3466 5042; x_wconf 89' lang='lat' dir='ltr'><strong>tan-</strong></span> 
     </span>
    </p>
   </div>
   <div class='ocr_carea' id='block_1_54' title="bbox 277 5072 3556 5155">
    <p class='ocr_par' dir='ltr' id='par_1_54' title="bbox 277 5072 3556 5155">
     <span class='ocr_line' id='line_1_54' title="bbox 277 5072 3556 5155; baseline -0 -21"><span class='ocrx_word' id='word_1_782' title='bbox 277 5082 476 5150; x_wconf 89' lang='lat' dir='ltr'><strong>quiunt</strong></span> <span class='ocrx_word' id='word_1_783' title='bbox 539 5085 831 5151; x_wconf 76' lang='lat' dir='ltr'><strong>aliquando</strong></span> <span class='ocrx_word' id='word_1_784' title='bbox 878 5085 1213 5149; x_wconf 81' lang='lat' dir='ltr'><strong>allirmative,</strong></span> <span class='ocrx_word' id='word_1_785' title='bbox 1263 5101 1650 5155; x_wconf 85' lang='lat' dir='ltr'><strong>nonnunquam</strong></span> <span class='ocrx_word' id='word_1_786' title='bbox 1695 5101 1822 5140; x_wconf 86' lang='lat' dir='ltr'><strong>vero</strong></span> <span class='ocrx_word' id='word_1_787' title='bbox 1929 5097 2034 5140; x_wconf 90' lang='lat' dir='ltr'><strong>tam</strong></span> <span class='ocrx_word' id='word_1_788' title='bbox 2063 5084 2277 5139; x_wconf 91' lang='lat' dir='ltr'><strong>interim</strong></span> <span class='ocrx_word' id='word_1_789' title='bbox 2307 5081 2702 5136; x_wconf 83' lang='lat' dir='ltr'><strong>observantiam</strong></span> <span class='ocrx_word' id='word_1_790' title='bbox 2729 5081 3136 5148; x_wconf 36' lang='lat' dir='ltr'><strong>non’patiatur;</strong></span> <span class='ocrx_word' id='word_1_791' title='bbox 3171 5093 3296 5134; x_wconf 88' lang='lat' dir='ltr'><strong>tunc</strong></span> <span class='ocrx_word' id='word_1_792' title='bbox 3321 5082 3466 5134; x_wconf 87' lang='lat' dir='ltr'><strong>enim</strong></span> <span class='ocrx_word' id='word_1_793' title='bbox 3548 5072 3556 5082; x_wconf 84' lang='grc'><em>’</em></span> 
     </span>
    </p>
   </div>
   <div class='ocr_carea' id='block_1_55' title="bbox 277 5169 3467 5244">
    <p class='ocr_par' dir='ltr' id='par_1_55' title="bbox 277 5169 3467 5244">
     <span class='ocr_line' id='line_1_55' title="bbox 277 5169 3467 5244; baseline -0 -19"><span class='ocrx_word' id='word_1_794' title='bbox 277 5171 653 5226; x_wconf 86' lang='lat' dir='ltr'><strong>etdubitative</strong></span> <span class='ocrx_word' id='word_1_795' title='bbox 680 5175 876 5241; x_wconf 77' lang='lat' dir='ltr'><strong>accipi,</strong></span> <span class='ocrx_word' id='word_1_796' title='bbox 911 5185 962 5227; x_wconf 85' lang='lat' dir='ltr'><strong>et</strong></span> <span class='ocrx_word' id='word_1_797' title='bbox 999 5191 1117 5226; x_wconf 85' lang='lat' dir='ltr'><strong>cum</strong></span> <span class='ocrx_word' id='word_1_798' title='bbox 1149 5178 1400 5244; x_wconf 64' lang='lat' dir='ltr'><strong>pratsenti</strong></span> <span class='ocrx_word' id='word_1_799' title='bbox 1434 5176 1516 5229; x_wconf 86' lang='lat' dir='ltr'><strong>vel</strong></span> <span class='ocrx_word' id='word_1_800' title='bbox 1547 5176 1820 5244; x_wconf 80' lang='lat' dir='ltr'><strong>praeterito</strong></span> <span class='ocrx_word' id='word_1_801' title='bbox 1925 5176 2050 5227; x_wconf 85' lang='lat' dir='ltr'><strong>licet</strong></span> <span class='ocrx_word' id='word_1_802' title='bbox 2080 5174 2419 5226; x_wconf 86' lang='lat' dir='ltr'><strong>diversorum</strong></span> <span class='ocrx_word' id='word_1_803' title='bbox 2452 5171 2741 5231; x_wconf 86' lang='lat' dir='ltr'><strong>verborum</strong></span> <span class='ocrx_word' id='word_1_804' title='bbox 2770 5171 2971 5224; x_wconf 87' lang='lat' dir='ltr'><strong>ambitu</strong></span> <span class='ocrx_word' id='word_1_805' title='bbox 3015 5170 3260 5225; x_wconf 78' lang='lat' dir='ltr'><strong>eamdem</strong></span> <span class='ocrx_word' id='word_1_806' title='bbox 3295 5169 3467 5224; x_wconf 82' lang='lat' dir='ltr'><strong>ﬁdeli-</strong></span> 
     </span>
    </p>
   </div>
   <div class='ocr_carea' id='block_1_56' title="bbox 279 5258 3464 5336">
    <p class='ocr_par' dir='ltr' id='par_1_56' title="bbox 279 5258 3464 5336">
     <span class='ocr_line' id='line_1_56' title="bbox 279 5258 3464 5336; baseline -0.003 -18"><span class='ocrx_word' id='word_1_807' title='bbox 279 5265 575 5318; x_wconf 86' lang='lat' dir='ltr'><strong>indicativo</strong></span> <span class='ocrx_word' id='word_1_808' title='bbox 624 5266 952 5334; x_wconf 79' lang='lat' dir='ltr'><strong>atljnngitur,</strong></span> <span class='ocrx_word' id='word_1_809' title='bbox 989 5285 1106 5334; x_wconf 72' lang='lat' dir='ltr'><strong>qua:</strong></span> <span class='ocrx_word' id='word_1_810' title='bbox 1145 5276 1386 5336; x_wconf 85' lang='lat' dir='ltr'><strong>tempora</strong></span> <span class='ocrx_word' id='word_1_811' title='bbox 1426 5269 1658 5321; x_wconf 85' lang='lat' dir='ltr'><strong>certiora</strong></span> <span class='ocrx_word' id='word_1_812' title='bbox 1690 5274 1818 5318; x_wconf 89' lang='lat' dir='ltr'><strong>sunt</strong></span> <span class='ocrx_word' id='word_1_813' title='bbox 1926 5272 2006 5314; x_wconf 88' lang='lat' dir='ltr'><strong>ter</strong></span> <span class='ocrx_word' id='word_1_814' title='bbox 2029 5269 2417 5328; x_wconf 75' lang='lat' dir='ltr'><strong>reprzesentarc</strong></span> <span class='ocrx_word' id='word_1_815' title='bbox 2443 5261 2790 5314; x_wconf 87' lang='lat' dir='ltr'><strong>sententiam.</strong></span> <span class='ocrx_word' id='word_1_816' title='bbox 2821 5259 2924 5312; x_wconf 88' lang='lat' dir='ltr'><strong>Sed</strong></span> <span class='ocrx_word' id='word_1_817' title='bbox 2966 5261 3068 5311; x_wconf 85' lang='lat' dir='ltr'><strong>hoc</strong></span> <span class='ocrx_word' id='word_1_818' title='bbox 3106 5260 3156 5311; x_wconf 89' lang='lat' dir='ltr'><strong>in</strong></span> <span class='ocrx_word' id='word_1_819' title='bbox 3181 5258 3464 5326; x_wconf 68' lang='lat' dir='ltr'><strong>praesentia</strong></span> 
     </span>
    </p>
   </div>
   <div class='ocr_carea' id='block_1_57' title="bbox 275 5349 3461 5426">
    <p class='ocr_par' dir='ltr' id='par_1_57' title="bbox 275 5349 3461 5426">
     <span class='ocr_line' id='line_1_57' title="bbox 275 5349 3461 5426; baseline -0.003 -18"><span class='ocrx_word' id='word_1_820' title='bbox 275 5366 334 5409; x_wconf 89' lang='lat' dir='ltr'><strong>et</strong></span> <span class='ocrx_word' id='word_1_821' title='bbox 358 5355 509 5423; x_wconf 86' lang='lat' dir='ltr'><strong>quasi</strong></span> <span class='ocrx_word' id='word_1_822' title='bbox 541 5355 950 5409; x_wconf 84' lang='lat' dir='ltr'><strong>determinatam</strong></span> <span class='ocrx_word' id='word_1_823' title='bbox 998 5375 1109 5410; x_wconf 88' lang='lat' dir='ltr'><strong>rem</strong></span> <span class='ocrx_word' id='word_1_824' title='bbox 1160 5368 1446 5426; x_wconf 81' lang='lat' dir='ltr'><strong>notamque</strong></span> <span class='ocrx_word' id='word_1_825' title='bbox 1494 5358 1816 5425; x_wconf 69' lang='lat' dir='ltr'><strong>signiﬁcant,</strong></span> <span class='ocrx_word' id='word_1_826' title='bbox 1921 5355 2100 5407; x_wconf 86' lang='lat' dir='ltr'><strong>locum</strong></span> <span class='ocrx_word' id='word_1_827' title='bbox 2142 5369 2248 5406; x_wconf 85' lang='lat' dir='ltr'><strong>non</strong></span> <span class='ocrx_word' id='word_1_828' title='bbox 2284 5356 2465 5408; x_wconf 89' lang='lat' dir='ltr'><strong>habet.</strong></span> <span class='ocrx_word' id='word_1_829' title='bbox 2493 5354 2628 5408; x_wconf 81' lang='lat' dir='ltr'><strong>Cum</strong></span> <span class='ocrx_word' id='word_1_830' title='bbox 2673 5353 2782 5406; x_wconf 65' lang='lat' dir='ltr'><strong>haec</strong></span> <span class='ocrx_word' id='word_1_831' title='bbox 2815 5354 2884 5404; x_wconf 87' lang='lat' dir='ltr'><strong>ita</strong></span> <span class='ocrx_word' id='word_1_832' title='bbox 2929 5352 3056 5413; x_wconf 86' lang='lat' dir='ltr'><strong>sint,</strong></span> <span class='ocrx_word' id='word_1_833' title='bbox 3091 5349 3217 5401; x_wconf 79' lang='lat' dir='ltr'><strong>illud</strong></span> <span class='ocrx_word' id='word_1_834' title='bbox 3244 5362 3461 5415; x_wconf 87' lang='lat' dir='ltr'><strong>quoque</strong></span> 
     </span>
    </p>
   </div>
   <div class='ocr_carea' id='block_1_58' title="bbox 280 5439 3459 5516">
    <p class='ocr_par' dir='ltr' id='par_1_58' title="bbox 280 5439 3459 5516">
     <span class='ocr_line' id='line_1_58' title="bbox 280 5439 3459 5516; baseline -0.002 -18"><span class='ocrx_word' id='word_1_835' title='bbox 280 5443 598 5498; x_wconf 78' lang='lat' dir='ltr'><strong>aﬂirmative</strong></span> <span class='ocrx_word' id='word_1_836' title='bbox 629 5447 765 5511; x_wconf 86' lang='lat' dir='ltr'><strong>capi,</strong></span> <span class='ocrx_word' id='word_1_837' title='bbox 796 5461 917 5496; x_wconf 86' lang='lat' dir='ltr'><strong>cum</strong></span> <span class='ocrx_word' id='word_1_838' title='bbox 959 5462 1085 5499; x_wconf 77' lang='lat' dir='ltr'><strong>vero</strong></span> <span class='ocrx_word' id='word_1_839' title='bbox 1111 5449 1456 5516; x_wconf 78' lang='lat' dir='ltr'><strong>subjuuclivo</strong></span> <span class='ocrx_word' id='word_1_840' title='bbox 1490 5447 1815 5507; x_wconf 85' lang='lat' dir='ltr'><strong>adnectitur,</strong></span> <span class='ocrx_word' id='word_1_841' title='bbox 1919 5446 2350 5501; x_wconf 66' lang='lat' dir='ltr'><strong>animadvertere</strong></span> <span class='ocrx_word' id='word_1_842' title='bbox 2389 5445 2662 5506; x_wconf 80' lang='lat' dir='ltr'><strong>convenit,</strong></span> <span class='ocrx_word' id='word_1_843' title='bbox 2717 5443 2856 5509; x_wconf 85' lang='lat' dir='ltr'><strong>quod</strong></span> <span class='ocrx_word' id='word_1_844' title='bbox 2909 5444 3032 5494; x_wconf 88' lang='lat' dir='ltr'><strong>licet</strong></span> <span class='ocrx_word' id='word_1_845' title='bbox 3081 5439 3459 5493; x_wconf 83' lang='lat' dir='ltr'><strong>nonnullorum</strong></span> 
     </span>
    </p>
   </div>
   <div class='ocr_carea' id='block_1_59' title="bbox 278 5519 3454 5606">
    <p class='ocr_par' dir='ltr' id='par_1_59' title="bbox 278 5519 3454 5606">
     <span class='ocr_line' id='line_1_59' title="bbox 278 5519 3454 5606; baseline -0.001 -17"><span class='ocrx_word' id='word_1_846' title='bbox 278 5534 598 5600; x_wconf 77' lang='lat' dir='ltr'><strong>dubitativc.</strong></span> <span class='ocrx_word' id='word_1_847' title='bbox 627 5534 778 5595; x_wconf 80' lang='lat' dir='ltr'><strong>Quod</strong></span> <span class='ocrx_word' id='word_1_848' title='bbox 811 5537 851 5585; x_wconf 89' lang='lat' dir='ltr'><strong>si</strong></span> <span class='ocrx_word' id='word_1_849' title='bbox 906 5536 1084 5588; x_wconf 80' lang='lat' dir='ltr'><strong>futuro</strong></span> <span class='ocrx_word' id='word_1_850' title='bbox 1111 5539 1382 5605; x_wconf 62' lang='lat' dir='ltr'><strong>jungatur,</strong></span> <span class='ocrx_word' id='word_1_851' title='bbox 1429 5519 1553 5592; x_wconf 72' lang='lat' dir='ltr'><strong>tune</strong></span> <span class='ocrx_word' id='word_1_852' title='bbox 1598 5547 1817 5606; x_wconf 79' lang='lat' dir='ltr'><strong>propter</strong></span> <span class='ocrx_word' id='word_1_853' title='bbox 1917 5533 2099 5605; x_wconf 81' lang='lat' dir='ltr'><strong>opinio</strong></span> <span class='ocrx_word' id='word_1_854' title='bbox 2126 5537 2306 5602; x_wconf 80' lang='lat' dir='ltr'><strong>fuerit,</strong></span> <span class='ocrx_word' id='word_1_855' title='bbox 2348 5541 2559 5590; x_wconf 86' lang='lat' dir='ltr'><strong>beatum</strong></span> <span class='ocrx_word' id='word_1_856' title='bbox 2598 5535 2858 5590; x_wconf 72' lang='lat' dir='ltr'><strong>Joannem</strong></span> <span class='ocrx_word' id='word_1_857' title='bbox 2897 5530 3285 5598; x_wconf 78' lang='lat' dir='ltr'><strong>Evangelistam</strong></span> <span class='ocrx_word' id='word_1_858' title='bbox 3321 5548 3454 5589; x_wconf 81' lang='lat' dir='ltr'><strong>nou-</strong></span> 
     </span>
    </p>
   </div>
   <div class='ocr_carea' id='block_1_60' title="bbox 357 5717 933 5786">
    <p class='ocr_par' dir='ltr' id='par_1_60' title="bbox 357 5717 933 5786">
     <span class='ocr_line' id='line_1_60' title="bbox 357 5717 933 5786; baseline -0.005 -9"><span class='ocrx_word' id='word_1_859' title='bbox 357 5726 369 5754; x_wconf 86' lang='lat'><strong><em>‘</em></strong></span> <span class='ocrx_word' id='word_1_860' title='bbox 404 5722 558 5777; x_wconf 79' lang='lat' dir='ltr'><strong>Joan.</strong></span> <span class='ocrx_word' id='word_1_861' title='bbox 594 5739 696 5786; x_wconf 74' lang='lat' dir='ltr'><strong>xxi,</strong></span> <span class='ocrx_word' id='word_1_862' title='bbox 728 5717 792 5772; x_wconf 59' lang='grc' dir='ltr'>Ἡ</span> <span class='ocrx_word' id='word_1_863' title='bbox 851 5721 933 5774; x_wconf 73' lang='lat'><strong>2-3.</strong></span> 
     </span>
    </p>
   </div>
  </div>
