4106 6322
634 155 745 216 627
834 130 841 135 ’

1581 165 2084 232 BESSABIONIS
2141 170 2202 232 s.
2235 173 2306 236 Β.
2347 171 2412 235 Ε.
2455 141 2912 232 εᾸῐιυιΝΑιιε

3745 171 3876 236 θεε

637 269 771 319 dum
795 267 905 321 vita
938 266 1186 325 functum
1213 287 1272 329 es
1340 317 1355 341 ,
1385 276 1481 332 sed
1513 280 1818 337 secundum
1849 284 2053 341 Christi
2095 267 2191 340 ad-
2216 289 2261 349 Α
2294 269 2640 342 traductione
2687 274 2959 340 catholica
3009 291 3193 340 utatur
3242 286 3503 341 Ecclesia.
3537 286 3707 362 Legat
3750 287 3870 357 qi

639 365 866 431 sentum
892 360 1126 424 vivendo
1153 365 1480 433 praestolari,
1509 384 1640 424 vera
1670 379 1850 429 tamen
1880 384 2194 430 sanctorum

636 446 928 504 doctorum
975 454 1241 509 sententia
1272 465 1376 523 est,
1429 468 1703 514 mortuum
1735 479 1858 517 eum
1915 465 2196 528 esse.‘no,n

648 547 827 593 tamen
866 557 961 610 per
993 545 1334 614 martyrium,
1375 563 1478 604 nec
1512 551 1830 609 inﬁrmitate
1873 555 2051 622 primo
2082 558 2198 610 mal-

2296 379 2412 430 vuit
2461 378 2592 460 ejus‘
2619 378 2685 432 ad
2733 377 3136 448 Pammacltium
3157 379 3226 431 .de
3248 380 3442 447 Optimo
3468 394 3652 448 genere
3684 379 3872 431 inter.

2298 463 2543 536 pretandi
2567 465 2846 536 epistolas,
2877 465 2941 518 ad
2975 463 3284 519 Marcellum
3316 473 3496 516 contra
3531 466 3872 516 detractor-es
3945 535 3948 537 g

2299 572 2440 622 suos,
2483 555 2550 608 ad
2593 551 2808 613 beatum
2850 553 3210 624 Augustinum
3259 553 3688 622 quamplurimas
3729 553 3876 620 eius

644 643 904 696 ceratmn,
937 634 1022 686 vel
1049 637 1239 690 mortis
1269 637 1459 694 dolore
1488 652 1545 694 et
1572 643 1822 711 angustia
1849 659 2194 714 oppressum,
2228 657 2250 672 κ
2291 643 2664 705 defensiones,
2716 651 2773 715 _et
2803 641 2875 695 ita
2909 655 3030 695 esse
3075 631 3360 709 intelliget.
3413 637 3554 704 Quid
3600 652 3734 694 vero
3785 637 3889 716 ad;

645 719 738 772 sed
787 735 881 774 sua
929 733 1144 790 sponte,
1178 724 1306 778 dum
1348 725 1517 783 sanus
1545 739 1711 795 esset,
1760 732 1826 786 ad
1864 734 2197 802 sepulcrum,

646 811 763 878 ejus
790 812 1170 881 jussioneper
1217 816 1514 885 discipulos
1563 818 1792 886 fessum,
1829 823 2196 888 descendisse,

645 899 906 966 jacuisse,
945 903 1194 971 spiritum
1227 906 1473 962 Creatori
1506 889 1814 969 reddidisse
1842 900 1898 967 et
1920 915 1987 968 ad
2015 927 2200 983 patres

644 993 944 1057 appositum
979 994 1165 1049 fuisse.
1198 998 1412 1066 Legaut
1441 1004 1537 1068 qui
1574 1004 1766 1057 volunt
1811 1003 2198 1075 Hieronymum

652 1083 704 1132 in
735 1081 999 1153 Prologis,
1046 1097 1155 1140 tum
1196 1089 1333 1158 ejus,
1364 1089 1430 1144 de
1454 1107 1562 1160 quo
1593 1093 1890 1161 loquimur,
1915 1095 2198 1164 Evangelii

649 1174 892 1245 Joannis,
915 1189 1028 1230 tum
1064 1180 1186 1235 libri
1221 1183 1595 1254 Apocalypsis,
1627 1187 1783 1254 cujus
1803 1202 1865 1240 ea
1891 1189 2199 1239 suntverlia

650 1281 767 1327 qum.
823 1269 979 1319 modo
1026 1271 1330 1326 retulimus.
1374 1273 1579 1343 Legant
1630 1275 1994 1342 Augustinum
2039 1291 2205 1344 super

649 1355 856 1410 Joanne
891 1360 976 1412 ubi
1009 1359 1073 1411 de
1108 1362 1209 1413 hac
1236 1364 1541 1429 quaestione
1573 1366 1771 1433 agitur.
1805 1366 2009 1435 Legatit
2034 1366 2205 1436 Chry-

655 1457 951 1498 sustttttltttn
983 1450 1032 1500 in
1071 1451 1255 1503 inultis
1287 1452 1444 1515 locis,
1481 1462 1818 1521 canorosque
1874 1457 2207 1522 quampluri-

657 1550 770 1586 mos
821 1547 874 1588 et
915 1552 1038 1589 cum
1091 1547 1163 1590 tut
1212 1542 1507 1610 tantisque.
1540 1544 1856 1598 doctoribus
1901 1546 2043 1600 idem
2105 1547 2204 1616 ipsi

2302 734 2588 788 Damasum
2624 731 2935 801 pontificem
2983 732 3281 786 Romanum
3312 728 3384 783 ‘in
3411 728 3727 798 praefatione
3766 742 3880 781 sn-

2301 821 2398 892 per
2427 820 2738 875 Matthteum
2767 821 2988 882 scribat,
3019 813 3253 882 si'libet,
3281 817 3586 872 videamus.
3617 815 3875 879 Novum,

2303 912 2498 981 inquit,
2523 927 2658 980 Opus
2678 921 2761 965 me
2785 910 2961 965 facere
2985 909 3134 978 cogis
3149 903 3214 962 ei
3235 909 3427 971 veteri,
3448 918 3505 962 et
3529 917 3653 978 post
3668 921 3878 961 exem-

2304 1001 2470 1070 plaria
2516 999 2923 1070 Scripturarnm
2957 1010 3070 1054 toto
3112 1000 3244 1054 orbe
3276 998 3498 1056 diffusa.
3544 995 3701 1066 quasi
3731 994 3878 1063 quii-

2304 1092 2427 1145 datn
2464 1092 2670 1146 arbiter
2698 1092 2937 1159 sedeam,
2968 1103 3023 1146 et
3053 1093 3178 1160 quia
3207 1091 3350 1144 inter
3382 1103 3441 1143 se
3473 1087 3705 1151 variant,
3735 1101 3877 1165 qua:

2306 1192 2431 1234 sunt
2459 1181 2548 1235 illa
2579 1197 2695 1250 quae
2722 1198 2844 1236 cum
2871 1181 3055 1236 Graeca
3088 1181 3449 1246 consentiant,
3478 1180 3707 1234 veritate
3733 1177 3869 1240 dis-

2307 1285 2544 1323 cernam.
2577 1271 2617 1324 E
2674 1269 2874 1339 quibus
2904 1272 3155 1326 omnibus
3183 1272 3304 1324 luce
3347 1270 3548 1323 clarius
3611 1275 3874 1345 apparet,

2310 1353 2572 1433 liceatne,
2594 1369 2649 1412 et
2688 1360 2831 1428 pium
2863 1375 2944 1433 an
3001 1360 3153 1413 nefas
3183 1362 3252 1413 sit
3286 1374 3492 1428 sacram
3522 1358 3875 1426 Seripturam

2309 1464 2373 1501 ex
2403 1449 2503 1502 alia
2538 1453 2850 1504 translatam
2881 1452 3062 1520 lingua
3085 1451 3450 1520 adcriginalis
3479 1450 3697 1518 linguae,
3718 1447 3883 1503 unde

2315 1537 2555 1591 traducta
2589 1551 2696 1599 est,
2737 1540 3016 1592 veritatem
3050 1539 3329 1593 reducere.
3374 1541 3503 1592 Post
3525 1541 3638 1593 haec
3661 1553 3887 1592 memn-

657 1639 873 1690 tltto'ltie
897 1625 1126 1678 sentiant
1169 1629 1252 1693 (ut
1275 1628 1353 1683 fas
1381 1631 1507 1700 est).
1538 1632 1670 1685 Nam
1706 1633 1807 1688 etsi
1840 1634 2006 1704 aliqui
2035 1652 2100 1690 ex
2123 1615 2204 1690 re-
2239 1615 2278 1673 Β
2311 1627 2386 1680 ria
2430 1631 2717 1700 repetenda
2749 1639 2898 1692 sum.
2950 1645 3069 1698 qua!
3112 1630 3282 1683 εεηεῑί
3333 1633 3586 1683 ἀοοῑοτθε
3639 1630 3703 1682 de
3743 1646 3887 1696 Pm'

655 1715 990 1769 ccutiiribtts
1013 1718 1170 1770 aliter
1198 1721 1487 1787 senserint,
1530 1726 1774 1779 nonnulli
1805 1735 1982 1781 tamen
2014 1744 2077 1780 ex
2105 1727 2203 1792 eis,

654 1820 706 1857 et
740 1808 772 1857 ii
802 1810 1020 1874 quidem
1056 1813 1200 1864 inter
1230 1812 1352 1868 illos
1375 1813 1648 1870 doctiores
1679 1816 1873 1882 habiti,
1896 1818 2003 1872 illis
2023 1830 2208 1888 aperte

660 1901 1065 1961 «rutili-adiciunt,
1120 1918 1308 1956 eorum
1342 1919 1480 1973 quos
1501 1905 1745 1961 diximus
1775 1908 2059 1963 doctorum
2087 1925 2210 1966 sen-

660 1990 879 2040 tentiqu
911 1996 1218 2058 probantes,
1252 2003 1306 2048 et
1336 2005 1600 2065 quantum
1639 1998 1695 2051 in
1726 2000 1806 2053 eis
1829 2007 1936 2065 est,
1971 2001 2037 2054 de
2068 2017 2208 2056 novo

656 2081 973 2146 i-xengitzitis
1025 2084 1332 2139 rationibus
1364 2090 1803 2157 corroborantes,
1839 2091 1978 2146 adeo
2001 2102 2059 2146 ut
2099 2093 2210 2148 haec

659 2181 968 2225 sanctorum
999 2172 1066 2226 de
1094 2186 1262 2231 morte
1287 2179 1516 2236 Joannis
1543 2183 1729 2250 opinio
1771 2194 1863 2238 aut
1890 2189 2206 2241 necessaria

659 2261 725 2310 sit
769 2273 821 2312 et
868 2265 1014 2317 omni
1069 2266 1410 2324 dubitatione
1460 2287 1674 2337 carens,
1726 2285 1820 2328 aut
1849 2275 1894 2330 si
1921 2276 2084 2330 dubia
2117 2277 2208 2341 sit,

662 2353 800 2415 apud
833 2354 1187 2419 paucissimos
1213 2359 1282 2413 sit
1309 2360 1494 2427 dubia,
1539 2364 1683 2432 quod
1713 2377 1767 2419 et
1807 2368 1952 2432 pium
2007 2384 2114 2422 non
2143 2371 2212 2421 sit

660 2442 751 2492 dut
778 2444 930 2499 itare.
962 2447 1161 2501 Tamen
1197 2452 1659 2523 utdisputationis
1691 2460 1862 2527 gratia
1901 2461 1952 2513 in
1979 2477 2214 2529 prtesen—

664 2534 732 2585 tia
785 2540 1132 2605 concedatur,
1175 2543 1303 2598 illud
1349 2556 1496 2602 certe
1541 2550 1886 2605 manifestum
1928 2561 2030 2612 est,
2073 2569 2212 2604 mor-

667 2637 815 2677 tuum
848 2644 965 2682 esse
989 2630 1276 2699 Joannem,
1320 2636 1444 2703 plus
1491 2640 1624 2706 certi
1657 2641 1856 2693 habere
1905 2658 2065 2708 quant
2095 2658 2216 2694 am-

669 2716 811 2783 bigui
849 2733 864 2778 ;
895 2719 1073 2771 vivere
1113 2727 1262 2785 vero,
1309 2726 1443 2776 certi
1495 2726 1656 2787 nihil,
1694 2728 1785 2779 sed
1821 2729 2062 2795 ambigui
2101 2730 2217 2796 plu-

668 2807 887 2868 rimum,
930 2823 1052 2858 cum
1084 2810 1262 2862 nullus
1291 2825 1353 2862 ex
1380 2812 1573 2879 priscis
1603 2815 1860 2871 Patribus
1909 2821 2222 2887 sanctisque.
2254 2803 2261 2809 I

2311 1717 2474 1770 fundo
2509 1720 2898 1788 multiplicique
2921 1736 3192 1774 sacrarum
3221 1722 3620 1787 Scripturarum
3657 1719 3886 1787 intelle-

2311 1817 2400 1862 ctu
2427 1810 2720 1874 edixerint,
2745 1822 2945 1879 quanta
2971 1811 3038 1864 de
3071 1811 3215 1863 varia
3235 1811 3474 1879 ejusdem
3498 1809 3627 1862 dicti
3653 1809 3886 1875 exposi-

2313 1902 2457 1956 tione
2478 1916 2582 1953 non
2606 1904 2762 1954 modo
2787 1903 3266 1962 sentiuntsvernm
3285 1902 3446 1955 etiam
3476 1898 3876 1969 prmscferuut,

2310 1998 2644 2056 exponentes
2685 2005 2782 2043 eas
2811 1989 3208 2059 multiplicibus
3237 1990 3515 2058 variisque
3557 1987 3882 2043 sententiis.

2317 2078 2449 2132 l-linc
2479 2090 2561 2133 est
2586 2081 2730 2149 qu‘od
2772 2093 3012 2136 sanetam
3046 2081 3404 2151 Scriptorum,
3439 2080 3887 2149 profundissimo

2313 2183 2627 2238 comparant
2661 2174 2866 2242 pelago,
2894 2189 2956 2227 ex
2985 2189 3094 2242 quo
3110 2162 3686 2242 quantumlibet'aquue
3724 2170 3879 2245 lt_au-
3933 2182 3938 2184 '

2316 2261 2440 2319 rias,
2473 2260 2594 2327 plus
2629 2245 2806 2315 tamen
2821 2277 3030 2330 seraper
3066 2273 3152 2318 est
3180 2264 3324 2332 quod
3353 2247 3626 2332 superest.
3656 2261 3881 2316 Idcirco

2314 2364 2431 2402 eam
2467 2360 2719 2403 assenunt
2747 2351 2935 2423 plures
2967 2353 3322 2422 diversasque
3354 2351 3730 2422 expositiones
3747 2365 3884 2405 sus-

2314 2442 2518 2508 cipere,
2553 2456 2741 2497 omnes
2780 2452 2956 2498 tamen
2987 2459 3164 2499 veras.
3192 2444 3304 2498 Hoc
3335 2454 3512 2498 autem
3543 2443 3677 2497 adeo
3705 2441 3886 2512 pleri-

2317 2547 2422 2598 que
2459 2548 2648 2588 omncs
2676 2534 2946 2587 atlirmant
2975 2535 3228 2588 Eeclesi:e
3276 2535 3548 2597 doctores,
3584 2546 3642 2588 ut
3677 2548 3883 2603 supcr—

2318 2634 2611 2671 vaeaneum
2633 2621 2702 2672 sit
2723 2621 2785 2671 ad
2810 2623 2862 2672 id
2887 2622 3220 2688 probandum
3249 2614 3410 2676 testes
3427 2625 3719 2698 adducere,
3737 2637 3886 2690 pra-

2321 2706 2505 2758 sertim
2546 2707 2794 2760 brevitati
2839 2710 3202 2769 studentibus;
3246 2712 3524 2765 Postremo
3548 2713 3677 2764 illud
3695 2714 3890 2768 scien-

2323 2793 2449 2846 dum
2481 2805 2588 2856 est,
2608 2798 2936 2866 exemplaria
2964 2800 3139 2854 tribus
3168 2800 3340 2854 modis
3362 2803 3648 2871 depravari
3669 2801 3880 2866 Solere,

671 2895 985 2960 doctoribus
1007 2897 1057 2949 id
1080 2899 1323 2953 allirmet.
1347 2901 1628 2956 Neminem
1655 2918 1911 2973 praeterea
1938 2909 2104 2962 latere
2129 2912 2218 2964 de-

2324 2891 2681 2956 appositioue,
2725 2901 2817 2944 aut
2857 2895 3302 2959 commutatione,
3345 2906 3441 2949 aut
3481 2896 3883 2968 subtractione.

674 2986 781 3046 bet,
818 3000 1004 3038 sacros
1035 2987 1202 3038 libros
1248 2988 1455 3044 Veteris
1487 2991 1731 3061 Novique
1780 2995 2109 3051 TeStamenti
2157 2999 2220 3053 ab

2327 2982 2674 3049 Appositioue
2723 2983 2963 3052 quidem,
2991 3000 3113 3038 cum
3166 3001 3262 3054 pro
3308 2988 3537 3041 arbitrio
3585 2997 3767 3047 nostro
3827 2989 3884 3042 id

676 3075 807 3141 ipsis
842 3075 1094 3129 Ecclesiae
1130 3079 1402 3134 nascentis
1432 3083 1672 3138 exordiis
1694 3087 1835 3153 apud
1870 3087 2089 3142 Latinos
2114 3099 2222 3142 tum

674 3183 736 3218 ex
767 3166 986 3222 llrbrazo
1015 3178 1071 3221 ut
1102 3180 1332 3235 veteres,
1365 3182 1476 3227 tum
1501 3190 1530 3229 e
1561 3173 1771 3239 Graeco,
1807 3185 1943 3231 utet
1978 3194 2148 3232 navos
2172 3189 2224 3232 et

677 3268 910 3319 veteres,
945 3276 1039 3329 per
1065 3263 1417 3333 Septuaginta
1453 3266 1784 3336 lnterpretes
1833 3270 2011 3325 editos
2059 3270 2226 3326 fuisse

674 3349 835 3418 longo
871 3361 994 3404 ante
1029 3353 1418 3425 Hieronymum
1443 3369 1707 3428 tempore,
1743 3364 2001 3416 trecentis
2022 3365 2229 3419 scilicet

600 3449 602 3451 '
677 3452 731 3494 ct
765 3443 995 3510 amplius
1023 3446 1202 3509 annis,
1227 3462 1330 3514 qua
1359 3448 1598 3508 editione
1622 3463 1805 3506 sancta
1837 3453 2022 3520 Latina
2049 3457 2229 3510 Eccle-

679 3534 758 3586 sia
795 3544 921 3588 tunc
955 3537 1224 3598 Utebatur,
1257 3552 1483 3606 eamque
1513 3549 1722 3595 veteres
1760 3544 2088 3598 sanctissimi
2133 3545 2227 3597 du-

677 3639 876 3688 ctores,
900 3624 1221 3694 Cyprianus,
1243 3627 1501 3710 Hilarius,
1519 3633 1876 3697 Augustinus.
1906 3633 2230 3703 Hieronymo

683 3725 1006 3778 eomtaneus,
1054 3718 1159 3769 imo
1189 3734 1318 3773 vero
1360 3720 1454 3773 illo
1496 3736 1625 3774 sene
1657 3722 1771 3788 ipse
1801 3725 2039 3791 juvenis,
2067 3741 2233 3790 expo—

682 3824 868 3861 suere.
908 3809 1106 3863 Multos
1132 3821 1391 3877 prieterea
1414 3809 1582 3864 fuisse
1613 3826 1894 3864 sacrarum
1931 3814 2231 3866 litterarum

681 3915 712 3950 c
735 3900 917 3953 Graeco
950 3906 1002 3952 in
1040 3904 1292 3955 Latinum
1325 3905 1673 3970 interpretes,
1715 3915 1944 3958 testatur
1977 3911 2234 3976 Augusui-

687 4005 788 4042 nus
825 3993 878 4042 in
924 3994 1082 4044 tertio
1133 3994 1203 4044 De
1239 3995 1478 4047 doctrina
1521 3995 1819 4050 Christiana
1865 3999 2023 4061 libro,
2052 4001 2123 4054 ita
2155 4004 2235 4054 iu—

686 4094 860 4143 quens
893 4095 906 4129 :
940 4080 1038 4142 Qui
1073 4090 1216 4133 enim
1251 4082 1588 4153 Scripturant
1635 4105 1698 4142 ex
1743 4089 1965 4144 llcbrtea
2012 4093 2060 4143 in
2093 4092 2235 4147 Lati-

691 4183 812 4217 nam
871 4181 1153 4224 verterunt
1200 4175 1459 4245 linguam,
1503 4182 1777 4233 numerari
1833 4191 2087 4248 posmtnt;
2143 4185 2278 4250 qui,‘

2326 3072 2577 3140 supplere
2609 3074 2858 3127 volumus
2885 3076 2937 3126 in
2963 3075 3280 3144 Scripturis,
3323 3081 3465 3145 quod
3495 3078 3900 3147 intpcrl'ectutrr

2332 3178 2395 3216 ac
2419 3165 2600 3218 minus
2627 3169 2916 3218 continens
2946 3167 3339 3228 existimamus,
3367 3169 3508 3223 sicut
3534 3179 3617 3223 est
3653 3170 3706 3222 in
3733 3170 3887 3224 libro

2328 3254 2556 3322 Regum,
2604 3255 2694 3309 ubi
2746 3270 2868 3310 cum
2899 3242 3274 3314 tractaturide
3301 3261 3537 3314 secunda
3585 3262 3887 3317 diﬂ‘usione

2327 3343 2731 3400 Philistiuorum
2771 3348 2822 3401 in
2861 3349 2996 3403 valle
3030 3350 3316 3419 Raphaim,
3363 3353 3594 3408 infertur
3635 3355 3889 3422 :Comu-

2331 3438 2428 3489 luit
2460 3447 2636 3492 autem
2667 3439 2833 3492 Dauid
2866 3440 3170 3510 Dominum,
3209 3453 3264 3497 et
3293 3445 3346 3497 in
3379 3445 3701 3513 quibusdam
3731 3465 3886 3504 uten-

2330 3530 2475 3599 dosis
2501 3530 2779 3583 codicibus
2805 3533 3044 3585 additum
3078 3535 3372 3602 reperitur,
3404 3536 3461 3588 Si
3490 3541 3772 3592 ascendam
3813 3525 3886 3593 ait

2340 3619 2655 3685 l‘hiiistium,
2686 3631 2746 3672 .et
2804 3625 2949 3687 dabis
3006 3640 3089 3676 eos
3121 3627 3171 3676 iu
3212 3643 3373 3678 manu
3416 3643 3532 3680 mea
3562 3630 3599 3696 ‘,
3637 3631 3783 3698 quod
3833 3633 3887 3684 in

2335 3709 2563 3763 Hebro-0
2608 3713 2754 3767 fonte
2793 3731 2898 3766 non
2932 3718 3220 3782 reperitur,
3259 3717 3410 3784 juxta
3447 3735 3636 3772 eorum
3666 3725 3889 3776 senten-

2339 3801 2489 3865 tiam,
2524 3804 2614 3869 qui
2656 3819 2772 3854 eam
2825 3806 3060 3869 linguam
3092 3807 3337 3874 apprime
3365 3808 3580 3862 callent.
3625 3812 3728 3884 ξεί]
3757 3813 3888 3881 quia

2338 3894 2389 3945 in
2427 3895 2598 3960 prima
2630 3894 3046 3949 Pliilistinorum
3081 3896 3369 3950 diﬂ‘usione
3398 3897 3614 3966 legitur,
3644 3902 3734 3956 hic
3751 3920 3888 3972 quo-

2338 4003 2441 4050 que
2479 3987 2722 4039 nonnulli
2759 4002 2981 4041 censere
3008 3984 3317 4040 debuerunt
3340 3992 3713 4063 repetendum.
3742 3993 3810 4047 At
3838 3997 3889 4047 in

2338 4079 2531 4136 Genesi
2565 4095 2628 4133 eo
2659 4083 2709 4134 in
2757 4082 2895 4144 loco,
2933 4081 3022 4134 ubi
3066 4082 3268 4133 dicitur
3299 4099 3310 4134 :
3342 4082 3524 4136 Nonne
3563 4103 3657 4152 pro
3698 4086 3893 4140 Rachel

2338 4169 2536 4227 servivi
2553 4172 2643 4222 tibi
2665 4172 2687 4222 7
2711 4188 2872 4239 quare
2904 4173 3195 4238 imposuisti
3228 4174 3352 4224 mihi
3371 4172 3430 4225 ’ἲ
3457 4175 3676 4242 quidam
3703 4191 3895 4245 super-

691 4269 867 4309 ιιυιριη
900 4275 928 4311 e
957 4261 1134 4313 quin.
1170 4267 1510 4333 imm-prela”
1539 4282 1683 4331 sum,
1713 4273 1859 4324 "uno
1880 4273 2059 4326 nmdm
2088 4273 2235 4327 "me
2271 4257 2310 4309 D
2343 4261 2446 4313 (luo
2479 4261 2684 4313 addunt
2719 4264 2885 4314 Lirim.
2918 4263 3351 4315 Cmmmttutioue
3391 4279 3537 4328 vero,
3570 4281 3691 4317 cum
3733 4268 3896 4337 sylla-

693 4358 898 4402 tantutn
958 4352 1285 4417 Scriptorum
1338 4359 1505 4409 multo
1543 4371 1659 4425 post
1689 4371 1931 4429 tempore
1981 4381 2239 4429 superve—

693 4436 850 4490 niens
880 4437 1255 4505 Hieronymus.
1293 4445 1535 4509 egregius
1570 4446 1770 4508 doctor,
1797 4450 1974 4501 denuo
2005 4463 2237 4505 veterem

689 4541 756 4576 ex
793 4524 1028 4586 Ilebrmo
1073 4542 1259 4578 :mu'am
1295 4546 1322 4580 e
1347 4530 1533 4582 Ghl'Cti
1568 4534 1713 4583 fonte
1751 4535 2017 4601 traduxit;
2055 4555 2158 4605 qua
2188 4543 2236 4591 in

696 4635 754 4669 re
790 4618 885 4670 etsi
932 4619 1113 4669 multis
1154 4619 1383 4682 pra-buit
1412 4621 1641 4673 intrandi
1683 4634 1870 4676 contra
1901 4643 1957 4680 se
1999 4646 2239 4694 causam,

698 4711 864 4759 inulta
898 4720 1072 4760 tamen
1117 4710 1275 4760 aliter
1314 4725 1471 4775 quam
1503 4713 1643 4761 edita
1669 4728 1694 4764 a
1725 4714 1997 4781 prioribus
2021 4721 2239 4774 fuerant

693 4801 942 4863 dictavit,
980 4811 1055 4862 ct,
1097 4810 1158 4852 ut
1186 4802 1299 4868 ipse
1353 4803 1505 4861 dicit,
1554 4806 1863 4860 emendavit
1912 4819 2076 4878 atque
2123 4827 2240 4864 cor-

689 4893 860 4954 rexit,
887 4909 983 4946 nec
1015 4904 1235 4946 C3)l€l‘.|5
1265 4893 1434 4945 solum
1465 4895 1753 4964 Scriptura:
1783 4912 1982 4964 partes,
2007 4903 2099 4955 sed
2130 4903 2241 4969 ipsa

696 5001 918 5054 quoque
961 4985 1275 5053 Eiangeltu.
1323 4985 1446 5038 llzcc
1476 4986 1618 5037 enim
1652 4997 1775 5038 sunt
1811 4991 1926 5056 ejus
1954 4993 2113 5044 verba
2146 4993 2241 5045 ad-

703 5094 893 5132 versus
924 5077 1256 5131 detracturos
1291 5092 1439 5139 Slltls,
1473 5092 1592 5141 qua:
1630 5078 1787 5128 modo
1820 5080 2121 5132 retulimus.
2171 5081 2243 5133 Ita

703 5183 882 5226 tamen
911 5173 1134 5241 probata
1165 5171 1230 5223 ab
1259 5171 1514 5222 omnibus
1546 5170 1662 5236 ejus
1706 5171 1990 5222 translatio
2030 5172 2152 5232 fuit,
2189 5185 2239 5223 ut

705 5267 950 5331 antiqua,
985 5265 1087 5324 vei,
1123 5278 1178 5315 ut
1230 5263 1410 5314 verius
1444 5261 1639 5323 dicam,
1691 5271 1764 5312 tot
1805 5261 2040 5326 antiquis
2083 5263 2243 5313 inter—

707 5356 1103 5422 pretationibus
1135 5353 1480 5412 «Mitti-rutis,
1534 5350 1949 5417 llierunymiana
1990 5350 2244 5400 duntaxat

2346 4352 2532 4402 barum
2563 4342 2674 4403 'ant
2721 4353 2953 4419 parziuut
3002 4352 3360 4405 similitudine
3406 4354 3491 4406 vel
3537 4354 3894 4424 ambiguitate

2343 4442 2584 4510 decepti,
2611 4458 2757 4495 nunc
2800 4440 3137 4495 detrahendo
3169 4441 3395 4508 aliquid.
3446 4457 3591 4494 nunc
3618 4443 3891 4504 addendo,

2345 4533 2617 4586 interdum
2659 4531 3036 4582 autmutando
3060 4531 3122 4580 ad
3162 4529 3328 4580 nostri
3368 4528 3584 4581 arbitrii
3621 4531 3896 4597 conjectu-

2345 4637 2481 4678 ram.
2523 4630 2703 4688 partes
2740 4634 2836 4687 pro
2870 4620 3111 4686 partibus
3138 4619 3429 4678 varianius,
3468 4627 3522 4669 ut
3558 4619 3611 4669 in
3662 4618 3846 4672 Exodo
3878 4635 3890 4671 :

2346 4713 2576 4766 Cunctas
2603 4721 2770 4762 autem
2813 4711 3036 4780 populus
3080 4709 3280 4760 videbat
3313 4723 3455 4759 voces
3485 4710 3525 4771 ³,
3560 4724 3656 4777 pro
3691 4711 3894 4763 videbat

2347 4805 2594 4874 plerique
2619 4802 2859 4855 audiebat
2895 4803 3162 4867 scripsere
3186 4814 3251 4853 eo
3283 4801 3424 4868 quod
3454 4816 3557 4855 vox
3590 4803 3893 4873 audiri-po-

2349 4901 2456 4950 tius
2487 4897 2653 4950 soleat
2676 4909 2834 4964 quam
2865 4894 3055 4946 videri.
3094 4894 3158 4947 Et
3199 4894 3247 4946 in
3278 4892 3497 4958 Genesi,
3541 4893 3671 4948 Cum
3705 4895 3894 4964 Joseplt

2351 4990 2619 5040 duodecim
2649 4995 2776 5039 esset
2805 4978 3068 5038 annorum
3101 4984 3122 5014 ⁸
3154 5001 3247 5052 pro
3288 4986 3463 5037 decem
3505 4997 3554 5037 ct
3583 4996 3800 5056 septem.
3831 4985 3894 5040 Et

2353 5079 2403 5130 in
2440 5076 2936 5129 Lamentationibus
2954 5074 3199 5126 Jeremiat
3225 5088 3322 5142 pro
3340 5077 3562 5126 vastatio
3585 5084 3631 5126 et
3657 5075 3892 5130 contritio

2357 5168 2660 5221 t-utirinatio
2694 5175 2739 5218 et
2767 5167 3026 5217 contritio.
3074 5162 3133 5215 Et
3163 5163 3213 5214 in
3248 5164 3410 5215 Amos
3431 5168 3696 5231 propheta
3728 5177 3893 5220 tonsa—

2355 5277 2457 5310 τίη,
2493 5259 2677 5326 "regis,
2715 5272 2809 5322 pro
2838 5264 3051 5306 tonsura
3088 5253 3238 5321 regis.
3282 5251 3664 5309 Subtractione
3695 5269 3889 5317 autem.

2356 5368 2476 5402 eum
2496 5351 2559 5403 de
2585 5337 2856 5415 Scriptura
2883 5347 3126 5398 minuere
3149 5343 3345 5412 aliquid
3364 5346 3770 5415 praesumimus,
3787 5348 3892 5402 sine

786 5540 800 5569 ¹
838 5539 880 5591 ll
933 5537 1058 5590 iter.
1094 5553 1144 5603 γ,
1213 5541 1289 5589 Ιυ.
1371 5536 1387 5564 ³
1449 5535 1578 5590 Gen.
1626 5530 1884 5595 xxxx,25.
1968 5531 1983 5557 ³
2019 5529 2185 5582 Exod.
2230 5544 2315 5592 xx,
2364 5527 2441 5579 IS.
2521 5527 2536 5558 ⁵
2571 5528 2702 5583 Gen.
2738 5541 2937 5592 xxxvii,
2968 5527 3018 5579 2.
