4106 6322
181 237 312 308 629.

984 246 1066 309 IN
1100 248 1415 323 1LLUD,«
1464 222 1739 326 stituit
1776 249 1966 310 νοω
2000 249 2338 319 MANERE,
2379 265 2396 295 ι
2437 250 2594 309 ETC.

3290 245 3396 310 630

174 366 301 420 quo
323 350 521 420 plenus
550 349 914 407 nihilominus
937 354 1187 409 redditur
1211 352 1548 418 intellectus,
1574 366 1635 410 ut
1656 366 1740 410 est
1767 341 1823 419 Χ
1843 359 2085 428 vitiatam
2120 366 2280 428 atque
2313 358 2624 412 mendosam
2650 373 2666 422 ;
2699 372 2947 426 opusque
2977 371 3099 412 esse
3132 366 3193 439 ut
3221 356 3268 410 is
3284 370 3386 426 qui

180 441 328 521 illud
359 441 411 495 in
433 441 731 531 Ezechiele.
764 445 873 499 :Et
903 445 1036 500 dixit
1078 447 1150 499 ad
1179 449 1366 514 uiru‘m,
1405 449 1498 518 qui
1537 449 1744 526 indutus

123 579 128 582 .
183 542 304 586 erat
332 531 486 586 lineis
514 543 567 594 et
593 535 670 587 ait
702 536 749 601 ί,
783 535 884 592 hoc
915 535 1060 605 quod
1099 536 1562 606 ultimopon'itur.
1596 539 1742 592 scili-

187 633 295 687 cet,
320 633 372 677 et
397 625 495 690 ait,
528 623 576 680 si
631 625 754 694 quis
775 637 1130 695 praesumeret
1161 626 1493 691 diminuere,
1538 627 1779 682 intelle-~

186 713 302 767 ctui
342 714 662 772 nullatenus
694 716 1002 786 derogaret.
1034 715 1129 780 ;Et
1177 717 1231 778 in
1282 718 1546 772 Zacliaria
1581 736 1595 771 :
1631 715 1776 786 Ipse.

152 832 163 842 ν
184 803 463 871 ιεάἱῇσαὺὶι
479 806 731 875 templum
746 806 964 860 Domino
982 817 1032 861 et
1053 815 1283 862 exstrue!
1299 809 1545 877 templum
1568 807 1748 863 Domi-

183 911 252 948 no
265 896 307 960 ',
328 895 474 966 quod
499 904 772 967 postremo
793 900 1013 968 ponitur
1032 908 1081 952 et
1107 907 1336 953 exstruat
1363 899 1613 969 templum
1640 900 1745 953 Do:

183 986 330 1039 mino
347 985 414 1039 de
445 987 634 1044 multis
655 988 1050 1056 exemplaribus
1071 981 1370 1042 detractum
1396 997 1497 1043 est.
1526 988 1680 1053 Quod
1700 987 1745 1041 si

182 1069 311 1143 Quis
337 1075 403 1131 de
433 1077 520 1130 bis
539 1076 694 1145 plura
720 1075 989 1131 desiderat
1008 1078 1310 1148 testimonia
1327 1085 1378 1130 et
1397 1077 1558 1131 latius
1588 1091 1746 1131 nosse

182 1166 326 1220 hanc
353 1182 465 1220 rem
489 1167 660 1236 cupit,
686 1166 968 1222 Nicolaum
995 1168 1136 1238 legat
1166 1168 1299 1224 tituli
1330 1168 1542 1223 Damasi
1566 1168 1744 1222 diaeo.

179 1271 317 1310 num
343 1270 402 1310 et
426 1253 767 1312 bibliothecae
796 1257 1219 1327 suti‘raganeum,
1244 1259 1440 1319 virum.
1483 1268 1745 1330 quantum

132 1381 138 1384 -
160 1337 483 1417 intelligere
505 1347 654 1410 licet,
672 1348 952 1429 Hebraicis
979 1350 1179 1420 linguae
1203 1350 1614 1420 peritissimum,
1631 1350 1746 1417 qui,

182 1429 335 1490 Lucii
370 1439 596 1494 secundi
645 1439 875 1494 Romani
924 1429 1200 1509 pontiﬁcis
1247 1451 1508 1511 tempore,
1551 1442 1623 1495 ad
1645 1439 1787 1504 Pe-,

184 1537 329 1581 trum
362 1526 594 1584 basilica:
632 1528 815 1585 Sancti
848 1532 992 1586 Petri
1026 1535 1352 1588 canonicum
1387 1535 1658 1597 scribens,
1683 1532 1751 1587 dc

181 1625 385 1679 sanctae
433 1617 726 1687 Scriptum
782 1621 1165 1676 emendatione
1224 1624 1391 1676 multa
1468 1623 1746 1679 disseruit.

176 1703 352 1759 Nobis
378 1709 525 1759 enim
575 1707 941 1776 prolixitatem
978 1710 1333 1780 fugientibus,
1365 1712 1500 1767 satis
1528 1719 1612 1765 est
1634 1726 1743 1764 uno

185 1795 269 1849 vel
331 1797 548 1862 duobus
605 1800 929 1855 testimoniis
985 1801 1128 1869 quod
1190 1800 1423 1868 probare
1473 1800 1746 1866 volumus,

183 1897 453 1953 astruere,
477 1889 736 1950 lectorem
779 1892 1064 1960 impigrum
1101 1891 1166 1944 ad
1201 1907 1316 1957 eos,
1361 1907 1389 1944 a
1419 1890 1616 1962 quibus
1649 1907 1748 1945 nos

187 1977 659 2049 ittecsumpsimus
681 1982 1102 2036 remittentibus.
1132 1983 1291 2043 Plura
1343 1998 1576 2051 namque
1604 1983 1745 2038 idem

184 2067 446 2123 Nicotaus
466 2059 541 2122 ait
569 2087 583 2122 :
618 2068 883 2124 Lustrans
909 2058 1164 2137 armaria,
1191 2073 1482 2142 nequibant
1508 2073 1611 2127 hoc
1628 2072 1748 2127 adi-

183 2155 344 2224 pisci,
387 2159 602 2212 veracia
643 2160 852 2213 scilicet
879 2162 1205 2229 exemplaria
1234 2163 1498 2226 invenire,
1525 2163 1660 2230 quia
1693 2173 1747 2217 et

183 2261 308 2313 quae
342 2261 374 2300 a
404 2246 732 2300 ductissimis
781 2249 912 2300 viris
941 2249 1262 2301 dicebantur
1310 2258 1577 2312 correcta,
1607 2264 1744 2301 uno-

185 2351 404 2406 quoque
427 2336 480 2390 in
519 2351 620 2390 suo
648 2352 809 2390 sensu
830 2336 1160 2401 abundante,
1184 2337 1314 2389 adeo
1341 2337 1741 2404 discrepabunt,

103 2414 118 2422 by
186 2441 248 2484 ut
301 2444 440 2497 pene
467 2412 622 2498 quot
654 2428 1030 2503 codices,‘tot
1056 2428 1384 2495 exemplaria
1421 2431 1739 2496 reperirem,

188 2533 363 2585 usque
393 2516 530 2569 adeo
571 2517 734 2570 etiam
770 2515 1060 2570 millesimo
1099 2515 1213 2571 fere
1252 2525 1375 2585 post
1416 2519 1715 2585 interpreta

189 2612 395 2662 tionem
431 2608 748 2680 Hieronymi
777 2624 943 2671 anno,
980 2609 1198 2665 codices
1235 2625 1404 2665 sacrae
1445 2612 1744 2680 Scriptura:

188 2702 434 2757 mendosi
492 2712 656 2771 atque
709 2702 950 2772 cerrupti
1002 2713 1183 2768 erant,
1212 2695 1288 2757 et
1317 2703 1387 2756 ita
1423 2705 1563 2757 inter
1592 2719 1648 2758 se
1688 2705 1743 2757 in

188 2791 467 2861 plerisque
495 2791 889 2862 discrepantes,
924 2799 981 2845 ut
1006 2807 1123 2861 qua:
1153 2792 1514 2865 Hieronymus
1530 2795 1602 2847 ad
1643 2794 1766 2846 [δτι-⁷

191 2898 404 2937 masum
444 2883 756 2952 scripserat,
780 2884 969 2957 eadem
1004 2884 1281 2948 Nicolaus,
1310 2898 1433 2954 post
1460 2896 1539 2940 tot
1573 2902 1747 2941 anno-

1847 464 1912 502 ex
1942 464 2050 503 una
2085 448 2136 502 in
2169 448 2328 502 aliam
2365 448 2603 517 linguam
2635 445 2836 515 aliquid
2867 447 3150 511 transfert,
3177 458 3298 505 cam
3330 462 3422 508 ex,

1847 557 1953 608 qua
1989 541 2046 594 tit
2080 539 2381 602 translatio,
2414 538 2466 593 in
2506 536 2785 600 omnibus,
2823 545 3084 606 quantum
3122 537 3238 593 tlerl
3297 552 3420 607 pop.

1850 641 1974 692 test.
2002 642 2283 702 sequatur,
2315 630 2359 684 si
2404 643 2462 683 se
2491 624 2734 682 veritatis
2762 626 3268 695 interpretem-esse
3321 636 3411 679 at-

1847 741 1952 794 que
1979 722 2150 778 videri
2188 723 2367 790 cupit.
2391 719 2543 786 Quod
2574 718 2618 772 si
2649 717 2771 786 quis
2805 716 2856 770 in
2890 706 3205 794 interpretis
3226 731 3399 784 opere

1847 830 2004 871 error
2051 814 2526 875 animadvertitur,
2584 809 2630 863 si
2700 822 2806 877 qua
2859 793 3129 862 dubitatio
3185 809 3395 874 oritur,

1849 905 2092 975 profecto
2112 918 2180 958 eo
2214 903 2606 957 recurrendt’tm
2636 910 2740 965 est,
2771 899 2914 955 unde
2948 899 3086 953 facta
3111 907 3192 954 est
3221 907 3397 953 trans-

1847 995 2001 1050 latio.
2045 993 2188 1049 Audi
2220 983 2530 1062 enimquid
2558 986 2753 1047 beatus
2781 989 3142 1059 Hieronymus
3171 987 3394 1066 in_pr:c-
3448 1035 3453 1039 .

1848 1087 2049 1142 ratione
2077 1102 2240 1157 super
2294 1085 2602 1141 Matthieum
2653 1083 2856 1139 scribat
2895 1082 2992 1137 :Si
3029 1081 3248 1140 veritas.
3313 1080 3398 1132 in-

1847 1180 1991 1246 quit,
2016 1190 2098 1233 est
2125 1178 2414 1246 qurerenda
2446 1178 2514 1231 de
2547 1175 2814 1247 pluribus,
2854 1189 2960 1230 cur
3000 1187 3107 1226 non
3148 1173 3213 1225 ad
3251 1172 3395 1226 Grae-

1846 1258 1964 1324 cam
1995 1269 2260 1339 originem
2312 1277 2674 1331 recurrentes,
2703 1281 2766 1321 ea
2793 1280 2916 1341 qua:
2965 1264 3052 1318 vel
3108 1280 3137 1316 τι
3188 1261 3397 1316 vitiosis
3476 1273 3478 1275 ‘

1851 1352 2238 1430 interpretibus
2270 1360 2406 1415 male
2432 1345 2596 1433 dicta,
2623 1360 2704 1413 vel
2731 1374 2760 1412 a
2793 1354 3271 1432 p’rmsumptoribus
3299 1342 3398 1408 im-

1851 1439 2044 1523 peritis
2075 1446 2719 1525 emendataperversius,
2750 1449 2834 1519 vel
2872 1464 2902 1501 a
2931 1446 3167 1526 librariis
3194 1445 3397 1499 dormi-

1853 1546 2096 1603 tantibus
2123 1554 2217 1599 aut
2240 1543 2423 1597 addita
2457 1553 2601 1608 sunt,
2633 1550 2726 1596 aut
2781 1549 2983 1594 mutata
3038 1533 3396 1607 corrigimus?

1851 1636 2185 1706 Augustinus
2217 1649 2433 1703 quoque
2464 1635 2519 1688 in
2567 1631 2811 1695 secundo
2871 1631 2946 1684 De
2985 1631 3224 1684 doctrina
3251 1628 3398 1684 Chri-

1850 1728 2026 1780 stiana
2057 1724 2197 1778 libro
2225 1726 2296 1778 ita
2329 1724 2504 1794 inquit
2535 1741 2550 1778 :
2587 1708 2790 1776 Latina:
2814 1722 3034 1790 quidem
3075 1720 3269 1790 linguae
3297 1717 3417 1770 ho-‘
3474 1756 3475 1759 η

1850 1819 2024 1873 mines
2056 1806 2195 1887 quos
2223 1832 2370 1872 nunc
2410 1798 2760 1871 instruendus
2799 1815 3157 1881 suscepimus,
3190 1812 3399 1863 duabus

1849 1905 1968 1964 aliis
2000 1908 2066 1965 ad
2099 1910 2505 1979 Scripturarum
2539 1908 2845 1981 divinarum
2876 1904 3237 1973 cognitionem
3262 1914 3399 1970 opus

1850 2002 2079 2065 habent,
2111 2001 2329 2056 Hebraea
2364 1984 2904 2059 scilicet'ethra‘ca,
2940 2004 2998 2049 ut
3024 1995 3096 2047 ad
3128 1993 3398 2060 exempla-
3439 2018 3443 2020 -

1849 2091 1928 2143 ria
1960 2089 2315 2159 praecedentia
2336 2072 2676 2152 'recurratur,
2709 2089 2753 2142 si
2803 2101 2964 2156 quam
3001 2083 3398 2151 dubitationem

1847 2182 2095 2235 attulerit
2136 2165 2456 2235 Latinorum
2509 2180 2868 2247 interpretum
2903 2177 3112 2231 infinita
3142 2177 3396 2230 varietas.

1845 2273 2058 2326 Rursus
2089 2289 2103 2325 :
2138 2256 2434 2328 codicibus
2472 2269 2836 2328 emendandis
2869 2250 3148 2338 primitus
3175 2267 3400 2335 vigilare

1847 2362 2009 2420 debet
2034 2343 2255 2416 solertia
2281 2370 2504 2424 eorum;
2543 2345 2973 2428 quii‘Scripturas
3002 2358 3215 2411 divinas
3239 2369 3400 2410 nosse

1844 2446 2176 2520 desiderant,
2205 2459 2266 2504 ut
2302 2451 2610 2505 emendatis
2645 2466 2751 2505 non
2785 2449 3055 2505 emendati
3089 2449 3300 2502 cedant.
3332 2445 3400 2500 Et

1845 2543 2040 2596 iterum
2075 2556 2100 2596 τ
2125 2542 2318 2619 Libros
2343 2552 2520 2594 autem
2557 2535 2687 2594 Novi
2720 2538 3073 2600 Testamenti,
3104 2537 3147 2589 si
3179 2536 3308 2604 quid
3341 2536 3396 2588 in

1846 2634 2059 2698 Latinis
2081 2633 2430 2708 varietatibus
2451 2633 2666 2693 titubat,
2689 2629 2892 2708 Graecis
2921 2628 3115 2682 cedere
3140 2633 3395 2694 oportere

1847 2741 1953 2780 non
1985 2726 2210 2781 dubium
2244 2707 2346 2779 est.
2377 2724 2568 2779 Nonne
2597 2721 2684 2776 bis
2711 2707 3180 2780 Sanctissimorum
3211 2717 3395 2773 docto-

1848 2833 1968 2871 rum
1995 2816 2175 2871 verbis
2209 2815 2555 2878 instruimur,
2588 2827 2713 2866 cum
2743 2810 2914 2871 multa
2964 2808 3137 2870 fuisse
3186 2798 3242 2872 et
3272 2820 3396 2860 esse

1846 2909 1933 2963 vel
1966 2890 2323 2975 interpretum
2349 2905 2632 2971 varietate,
2674 2903 2776 2968 vel
2809 2901 3060 2970 imperite
3097 2896 3396 2954 emendan-

189 2966 565 3066 τξυηίείτεωδ»
597 2975 1187 3066 πτίωίη³⁴¹ὴ²¹ῗ⁴ξ¹ην
1224 2986 1300 3045 ιρι
1324 2979 1742 3033 δεί¹¹⁰θί⁰⁷ίθ¹“’
1775 3009 1815 3066 c
1851 3002 1986 3056 tium
2027 2966 2182 3063 vitio,
2221 2999 2306 3054 vel
2333 2966 2744 3053 dormitantium
2796 2966 3147 3048 librariorum
3182 2990 3397 3062 incuria

186 3064 357 3131 plaria
387 3079 507 3118 esse
541 3071 676 3133 quot
716 3064 952 3119 codices.
985 3063 1152 3118 Addit
1190 3076 1449 3134 praeterea
1498 3082 1557 3121 se
1595 3083 1739 3121 non-

188 3155 338 3210 nulla
369 3156 702 3226 comperisse
739 3157 806 3210 de
844 3156 1071 3211 lic-hmo
1098 3158 1439 3223 abessequm
1468 3168 1644 3213 tamen
1688 3159 1743 3214 in

188 3248 446 3302 omnibus
491 3248 696 3312 Latinis
729 3249 1015 3305 codicibus
1039 3251 1410 3319 p‘ariiortniter
1456 3252 1744 3320 reperiunt»

192 3348 300 3391 tur.
335 3339 490 3403 Quod
521 3339 665 3406 enim
707 3340 758 3392 in
806 3339 1003 3394 Genesi
1044 3350 1147 3404 cst,
1187 3331 1328 3392 Dixit
1364 3342 1494 3394 Cain
1524 3343 1592 3392 ad
1617 3341 1747 3394 Abel

186 3430 409 3494 fratrem
451 3445 624 3494 suum,
653 3421 1001 3497 Egrediamur
1030 3430 1169 3496 foras
1202 3431 1242 3494 3,
1273 3434 1520 3498 quamvis
1549 3432 1601 3483 in
1625 3446 1741 3504 opl-

190 3520 351 3571 nibus
388 3517 596 3572 Latinis
647 3518 930 3572 codicibus
983 3518 1058 3571 ita
1108 3519 1337 3586 legatur,
1376 3520 1430 3570 in
1465 3518 1743 3574 llehraicis

190 3619 401 3682 tantum
421 3608 576 3670 illud,
602 3607 951 3676 Egrediamttr
978 3609 1139 3676 foras,
1163 3625 1272 3662 non
1300 3626 1418 3674 esse
1441 3611 1702 3680 scriptum
1725 3628 1740 3678 ;

185 3707 238 3751 ct
265 3698 460 3751 eodem
507 3695 667 3750 modo
711 3696 776 3748 de
817 3697 1028 3774 caeteris
1067 3684 1392 3760 quibusdam
1431 3699 1528 3754 ait.
1572 3700 1743 3770 Cujus

191 3794 264 3845 rei
295 3804 543 3852 causam,
579 3788 699 3842 sive
723 3786 868 3856 quod
895 3789 1261 3858 Hieronymus
1296 3789 1348 3842 in
1378 3790 1499 3843 atiis
1531 3799 1740 3861 reperta

192 3880 668 3944 translationibus,
707 3881 760 3932 in
795 3896 894 3934 sua
926 3879 1087 3933 etiam
1119 3883 1500 3947 connexuerit,
1537 3883 1650 3938 sive
1675 3885 1744 3940 ab

189 3975 316 4039 alio,
353 3989 454 4028 usu
482 3974 714 4043 pristino
747 3973 1097 4042 praevalente,
1124 3975 1469 4042 postmodum
1501 3989 1743 4032 connexa

144 4086 150 4091 ί
190 4071 321 4133 sint,
379 4070 591 4122 nescire
647 4079 723 4127 se,
757 4065 976 4121 asserit.
1008 4065 1281 4134 Additque
1327 4068 1432 4122 lioe
1465 4070 1547 4122 sui
1578 4071 1745 4124 studii

191 4159 378 4223 fuisse,
407 4159 582 4227 quoad
622 4158 819 4227 potuit,
853 4159 1124 4225 superﬂua
1179 4174 1444 4223 resecare,
1488 4164 1746 4216 transfor-

194 4263 334 4304 mata
372 4250 700 4312 reformare,
759 4262 811 4302 et
837 4265 902 4300 ea
937 4265 1125 4302 rursus
1160 4251 1359 4303 addere
1392 4267 1510 4318 quae
1542 4267 1570 4304 a
1605 4267 1744 4320 prte-

193 4341 570 4410 sumptoribus
603 4351 856 4406 tanquam
880 4335 1152 4407 superﬂua
1199 4340 1420 4392 fuerant
1443 4349 1743 4409 amputata.
1767 4320 1820 4404 νυ

190 4433 263 4485 ita
289 4434 368 4486 vir
392 4433 484 4485 ille
515 4431 732 4492 doctus,
765 4431 926 4481 etiam
951 4416 1264 4498 longissimo
1287 4441 1408 4496 post
1434 4431 1744 4500 Hieronymi

190 4525 484 4578 editionem
522 4532 788 4591 tempore,
817 4521 986 4578 multa
1013 4523 1247 4590 putavit,
1281 4522 1389 4572 imo
1432 4537 1560 4575 vero
1595 4533 1743 4576 certo

195 4616 389 4677 tenuit,
413 4614 500 4667 vel
527 4613 799 4681 apposita,
834 4612 915 4668 vel
959 4621 1311 4673 commutata,
1345 4613 1424 4664 vtcl
1478 4615 1743 4677 dumeta,

193 4705 645 4774 quemadmodum
677 4714 728 4757 ct
751 4714 878 4756 ante
899 4702 1211 4770 Hieronymi
1237 4709 1476 4772 tempora
1505 4706 1740 4772 fuerant,

191 4809 240 4850 et
273 4797 396 4853 ideo
430 4795 789 4853 detrahenda.
817 4795 1146 4859 rcaddenda,
1179 4797 1521 4849 emendanda
1545 4807 1601 4850 ct
1625 4811 1744 4849 cor-

195 4889 412 4958 rigenda
444 4902 587 4941 esse.
620 4886 713 4940 His
746 4887 914 4954 igitur
946 4889 1017 4939 ita
1055 4889 1304 4959 cognitis,
1345 4903 1487 4940 nunc
1519 4886 1581 4939 ad
1629 4903 1739 4940 rem

197 4980 361 5045 ipsam
394 4980 465 5034 de
485 4990 594 5048 qna
625 4982 854 5047 quaestio
887 4990 989 5043 est,
1014 4979 1317 5032 veniamus.

185 5072 189 5074 ’
260 5069 394 5123 Cum
427 5086 640 5124 sacrum
673 5071 897 5125 Joannis
936 5070 1284 5138 Evangelium
1318 5059 1551 5122 Joannes
1619 5069 1736 5137 ipse

194 5161 469 5236 apostolus
517 5169 574 5213 et
625 5160 988 5229 Evangelista,
1043 5159 1280 5226 Spiritus
1334 5159 1504 5212 sancti
1567 5160 1736 5227 gratia

196 5249 403 5314 plenus,
433 5249 623 5304 Graeco
673 5265 923 5305 sermone
954 5252 1254 5320 scripserit,
1320 5252 1450 5303 milli
1512 5250 1735 5302 dubiant

191 5351 306 5391 esse
340 5337 520 5401 debet,
552 5341 852 5404 quamlibet
879 5325 1282 5393 translationem
1315 5340 1562 5407 til‘t'b‘tttnli
1595 5340 1740 5396 litte-

195 5441 263 5480 rze
299 5429 520 5481 minime
553 5430 988 5495 respondentem,
1044 5446 1147 5482 non
1210 5439 1406 5480 rectam
1444 5445 1582 5484 csse.
1644 5430 1735 5479 scd

266 5608 500 5666 ‘Ezcclt.
537 5622 609 5669 ix,
655 5605 730 5656 ll.
808 5606 826 5634 ’
859 5604 1082 5656 Zacitar.
1117 5617 1189 5665 VI,
1224 5603 1306 5655 12.
1374 5603 1404 5666 f
1437 5604 1568 5654 (icti.
1628 5619 1696 5668 tv,
1749 5606 1801 5660 8,

1849 3092 2157 3160 depravata,
2190 3101 2303 3145 tum
2333 3105 2395 3144 ea
2418 3088 2613 3156 corrigi
2646 3087 2813 3141 licere
2835 3094 2995 3154 atque
3021 3084 3219 3137 debere
3239 3082 3264 3134 ‘i
3297 3082 3397 3134 Per

1849 3175 1994 3236 illam
2027 3184 2230 3251 quippe
2257 3180 2494 3250 regulam
2531 3177 2894 3232 monemunin
2914 3174 3271 3244 inquisitione
3299 3188 3395 3228 vc-

1847 3273 2022 3324 ritatis
2060 3261 2223 3340 atque
2257 3268 2375 3339 ejus
2409 3267 2831 3336 investigatione
2852 3263 3265 3334 ad'originalem
3294 3262 3400 3314 lin-

1844 3378 2004 3430 guam
2028 3371 2083 3416 et
2100 3356 2431 3428 exemplaria
2451 3350 2811 3426 praecedentia
2833 3355 3224 3411 recurrendum
3253 3368 3392 3428 esse,

1845 3467 1907 3506 ac
1936 3451 2254 3505 Latinorum
2302 3450 2568 3504 librorum
2627 3435 2942 3499 varietatem
2974 3445 3172 3499 Griecis
3199 3442 3406 3495 cedere-

1843 3551 2118 3609 oportere.
2157 3538 2470 3607 _Videndum
2516 3540 2710 3605 itaque
2763 3535 2959 3602 primo,
3016 3533 3284 3602 quomodo
3337 3548 3395 3586 se

1845 3632 2041 3684 habeat
2073 3630 2129 3683 in
2157 3629 2340 3683 Graecia
2375 3637 2535 3696 atque
2571 3625 2822 3696 originali
2884 3625 3088 3692 lingua,
3129 3622 3262 3685 lucc,
3324 3623 3394 3677 de

1845 3738 1951 3788 qua
1979 3719 2294 3790 quarimus,
2350 3715 2626 3784 Evangelii
2658 3715 2973 3776 aucturitas,
3009 3722 3065 3766 et
3094 3729 3158 3766 an
3214 3727 3400 3766 sermo

1848 3811 2072 3865 Latinus
2101 3810 2287 3866 Graeco
2324 3808 2665 3870 consentiat;
2714 3804 2858 3874 quod
2889 3803 2933 3858 si
2962 3802 3267 3866 dissentiat,
3323 3817 3391 3854 an

1848 3905 1898 3957 id
1929 3903 2084 3958 facile
2113 3901 2350 3971 potuerit
2405 3896 2816 3954 dormitantium
2857 3894 3207 3948 librariorum
3259 3891 3394 3944 vitio

1854 3997 1997 4061 ﬁeri,
2029 4003 2083 4049 et
2106 4010 2172 4049 an
2203 3994 2253 4046 in
2290 3992 2409 4046 aliis
2447 4005 2661 4060 quoque
2693 3989 2864 4042 simile
2894 3984 3094 4055 aliquid
3133 3983 3244 4037 tieri
3305 3998 3394 4049 po-

1851 4089 2016 4141 tuerit
2045 4087 2315 4140 factumve
2349 4083 2422 4135 sit
2471 4084 2674 4151 absque
2708 4078 2881 4135 sancti
2911 4077 3155 4134 doctoris
3177 4075 3394 4145 peritis-

1850 4177 2081 4244 simique
2106 4175 2424 4244 interpretis
2459 4170 2958 4246 Hieronymicnlpa
2983 4177 3074 4223 aut
3101 4167 3394 4237 reprehen-

1852 4267 2025 4320 sione.
2055 4265 2257 4329 Deinde
2286 4262 2813 4331 aliquotrationibus
2837 4261 3017 4314 Graeca
3049 4261 3222 4314 littera
3247 4274 3397 4313 com-

1848 4353 2126 4420 probanda
2162 4367 2224 4405 ac
2257 4351 2626 4404 conﬁrmanda
2681 4360 2783 4402 est.
2826 4349 3106 4403 Postremo
3154 4349 3392 4402 rationes

1825 4446 1910 4497 .ab
1938 4444 2246 4498 adversario
2269 4444 2511 4497 adductae
2543 4430 2811 4496 solvenda:
2838 4449 2983 4495 sunt.

1912 4534 2068 4604 Apud
2129 4533 2344 4589 Graecos
2389 4532 2712 4588 manifestus
2775 4541 2859 4586 est
2911 4547 3100 4588 sensus
3150 4532 3392 4605 Evange-

1844 4626 1922 4685 lii,
1953 4641 2128 4700 neque
2166 4626 2344 4695 aliqua
2377 4627 2660 4681 verborum
2693 4624 3044 4689 ambiguitate
3073 4624 3387 4685 involutus;

1846 4726 2030 4783 aperte
2073 4731 2307 4784 namque
2345 4716 2485 4784 apud
2518 4715 2636 4770 illos
2669 4714 2740 4766 ita
2772 4713 3050 4773 scribitur,
3075 4710 3201 4761 Ἐὰν
3229 4710 3401 4784 αὑτὸν.

1845 4805 1984 4856 Θέλω
2013 4807 2197 4873 μένειν
2220 4807 2321 4866 ἕως
2350 4805 2602 4872 ἔρχομαι,
2627 4803 2678 4854 τί
2713 4817 2846 4869 προς
2881 4806 2971 4864 σέ;
3001 4799 3145 4871 quod
3177 4800 3280 4851 nisi
3317 4799 3398 4852 ita-

1841 4897 2252 4964 interpretatur,
2293 4904 2350 4946 ut
2376 4894 2536 4954 dicat,
2569 4893 2627 4945 Si
2680 4908 2797 4944 eum
2827 4891 3000 4953 uelim,
3041 4890 3146 4953 vel,
3179 4887 3237 4943 Si
3269 4906 3398 4944 eum

1839 4985 1954 5038 volo
1987 5000 2197 5036 manere
2223 4985 2383 5035 donec
2409 4985 2632 5047 veniant,
2664 4983 2784 5052 quid
2819 4983 2887 5035 ad
2916 4982 3006 5035 te?
3040 4991 3185 5036 ructo
3215 4982 3390 5037 inter-

1840 5083 2108 5141 prctnlum
2154 5089 2272 5126 esse
2305 5089 2413 5127 non
2461 5084 2673 5146 potest;
2707 5075 2890 5129 Graeca
2944 5074 3090 5128 enim
3146 5075 3232 5129 illa
3263 5091 3399 5148 con-

1838 5163 2049 5231 junctio
2082 5164 2174 5216 ἐὰν
2208 5164 2339 5217 nihil
2372 5165 2516 5218 aliud
2544 5181 2701 5234 quam
2733 5167 2777 5218 si
2809 5166 3224 5230 conditionalem
3257 5182 3387 5219 con-

1842 5255 2173 5320 iunctionem
2220 5255 2560 5310 causalcmve
2612 5258 2900 5325 signiﬁcat.
2936 5266 3251 5323 tantumque
3309 5258 3390 5309 in-

1848 5354 2012 5397 lCl‘t‘Sl
2050 5345 2190 5399 inter
2225 5349 2339 5412 ἐὰν,
2404 5347 2453 5400 id
2489 5356 2571 5400 est
2618 5350 2683 5411 si,
2718 5358 2791 5410 et,
2825 5349 3015 5410 οὕτως,
3052 5348 3153 5400 hoc
3182 5356 3261 5399 cst
3296 5350 3397 5412 sic,

1847 5435 1987 5502 z-pittl
2024 5435 2257 5500 (Irrecos,
2322 5446 2583 5506 quantum
2625 5438 2734 5491 fere
2771 5437 2908 5490 inter
2951 5438 3058 5492 duo
3096 5439 3386 5492 contraria.
