4106 6322
683 318 783 381 631

1612 325 2110 387 BESSARIONIS
2149 329 2209 393 S.
2246 330 2319 391 R‘.
2367 332 2428 391 E.
2473 329 2933 388 C.\l’.Dl.\'.\l.lS

3798 330 3912 393 632

683 430 963 499 Siquidem
990 431 1083 485 ἐὰν
1111 434 1441 505 ambiguam,
1498 437 1667 501 οὕτως
1722 456 1854 495 vero
1884 441 2247 497 certissimam
2275 441 2326 501 Δ
2353 460 2383 497 a
2414 444 2783 512 praepositioni
2833 442 3040 496 addita.
3086 440 3166 493 Ita
3207 441 3259 493 in
3314 442 3490 509 prima
3534 440 3778 510 Epistula
3834 441 3907 495 ad

690 536 803 574 rem
840 521 1128 590 signitlcat,
1160 532 1218 578 ut
1250 525 1399 579 nullo
1440 529 1603 582 modo
1627 532 1892 599 suspicari
1912 534 2036 603 quis
2054 535 2247 600 possit,

692 610 903 665 librarii
935 614 1067 669 vitio
1118 615 1223 673 hoc
1254 618 1397 685 apud
1447 618 1663 675 Graecos
1721 624 1943 678 evenire
1982 627 2246 693 potuisse.

686 699 843 755 Nulla
875 704 1020 757 enim
1076 706 1131 760 in
1164 724 1269 761 una
1302 709 1531 763 duarum
1572 712 1875 767 dictionum
1932 715 2112 769 littera
2168 727 2252 771 est

690 811 806 863 qua:
840 799 998 864 sit,in
1052 799 1262 864 altera;
1327 804 1473 857 nulla
1511 806 1654 859 inter
1686 809 1779 861 eas
1814 817 1898 862 est
1926 809 2144 884 penitus
2178 809 2250 862 si-

687 887 956 956 militudo,
974 891 1177 959 quippe
1199 894 1295 945 ἐὰν
1316 894 1493 948 tribus
1512 896 1708 959 litteris
1735 898 2082 968 componitur
2104 900 2244 970 quod

686 977 879 1032 Latine
917 981 1191 1051 significat
1219 985 1285 1048 si,
1311 984 1482 1048 οὕτως
1509 1002 1656 1054 vero,
1690 988 1832 1056 quod
1862 991 1935 1043 sic
1961 1006 1991 1045 a
2040 988 2247 1045 Latinis

685 1068 1099 1138 interpretatur,
1133 1074 1385 1144 quinque
1434 1076 1647 1132 litteras
1686 1079 1868 1141 habet.
1913 1090 2059 1134 tanta
2102 1082 2245 1143 inter

690 1160 787 1231 has
814 1161 953 1215 duas
1005 1164 1274 1218 dictiones
1311 1167 1453 1235 apud
1503 1168 1720 1223 Graecos
1771 1170 2076 1227 differentia
2136 1184 2239 1240 est.
2282 1200 2285 1203 -

683 1240 968 1310 Quomodo
1002 1255 1167 1323 igitur
1203 1270 1262 1308 se
1304 1258 1447 1325 apud
1481 1259 1700 1314 Grtecos
1752 1249 1951 1315 habeat
2008 1262 2120 1335 hic.
2174 1263 2242 1318 de

685 1356 794 1405 quo
823 1342 1124 1410 loquimur,
1160 1346 1434 1421 Evangelii
1494 1349 1667 1415 locus,
1699 1360 1752 1403 ct
1781 1352 2057 1419 quomodo
2097 1352 2237 1407 Lati-

686 1446 789 1518 nus
826 1448 1006 1486 sermo
1038 1437 1091 1488 in
1123 1434 1227 1489 hoc
1254 1438 1283 1489 ἐι
1315 1438 1502 1492 Grmco
1530 1441 1839 1502 dissentiat.
1873 1442 2009 1495 satis
2026 1458 2104 1499 ex
2157 1444 2241 1497 his

636 1548 639 1551 λ
688 1534 809 1587 qua:
841 1521 1079 1577 diximus
1118 1535 1367 1593 apparet.
1422 1526 1578 1592 Quod
1608 1538 1794 1582 autem
1830 1529 2108 1585 inLatina
2138 1533 2243 1585 lin-

684 1629 785 1679 gna
816 1612 971 1666 facile
1010 1615 1133 1668 talis
1159 1630 1322 1669 error.
1346 1620 1565 1671 evenire
1599 1622 1854 1685 potuerit,
1900 1620 1954 1674 in
1990 1633 2239 1692 promptu

685 1712 770 1754 est
804 1704 1058 1771 intuenti,
1097 1717 1297 1775 quanta
1337 1709 1406 1761 sit
1436 1708 1626 1762 harum
1668 1704 1897 1766 duarum
1939 1713 2236 1769 dictionum

683 1793 730 1843 si
762 1801 814 1847 et
844 1795 918 1847 sic
944 1796 1243 1851 similitudo
1278 1807 1439 1867 atque
1469 1800 1738 1857 vicinitas.
1771 1804 1940 1860 Unica
1972 1807 2120 1859 enim
2147 1807 2240 1861 lit~

626 1895 631 1898 ·
687 1894 801 1937 tera
833 1900 881 1951 c,
916 1885 1262 1963 dormitantis
1288 1891 1504 1945 lectoris
1540 1892 1674 1946 vitio
1707 1895 1912 1956 addita,
1951 1896 2079 1949 illud
2115 1898 2160 1949 si
2187 1910 2242 1951 et

680 1976 757 2027 sic
786 1987 997 2031 mutare
1026 1981 1228 2047 potuit,
1280 1984 1744 2051 quemadmodum
1799 1997 2071 2041 tonsuram
2104 1992 2240 2058 regis

685 2066 738 2117 in
772 2074 1035 2120 tonsorem
1058 2072 1249 2140 gregis,
1272 2084 1327 2125 et
1357 2076 1700 2128 vastationem
1729 2077 1783 2129 in
1812 2078 2241 2133 vaticinationem

684 2167 887 2211 mutata
914 2157 1103 2226 fuisse,
1128 2177 1235 2215 non
1253 2172 1458 2229 nostra,
1480 2166 1572 2219 sed
1589 2167 1935 2236 antiquorum
1955 2170 2238 2223 doctorum

682 2250 952 2303 sententia
993 2265 1158 2322 supra
1194 2255 1691 2331 demonstravimus
1720 2261 2116 2331 manifesteque
2152 2279 2241 2317 os-

685 2340 981 2396 tendimus.
1014 2343 1162 2400 ldem
1195 2346 1381 2403 multis
1409 2365 1627 2419 quoque
1655 2352 1775 2405 aliis
1803 2353 2011 2409 inlocis’
2041 2355 2237 2409 factum

589 2440 598 2448 ‘
680 2432 953 2487 exstitisse
982 2433 1214 2502 probari.
1258 2449 1458 2507 potest.
1500 2440 1619 2494 Mox
1652 2442 1705 2495 in
1743 2443 1858 2511 ipso
1918 2446 2031 2499 fere
2083 2446 2239 2499 initio

679 2520 923 2589 ejusdem
958 2526 1231 2596 Evangelii
1257 2527 1479 2584 Joannis
1506 2530 1626 2607 ubi,
1663 2533 1797 2585 Οὐδὲ
1847 2535 1910 2585 ὲκ
1940 2534 2240 2603 θελήματος

665 2614 913 2680 ,σαρκὸςί
936 2613 1052 2676 Nec
1070 2633 1133 2671 ea:
1153 2618 1427 2699 voluntate
1447 2625 1621 2677 carnis
1654 2624 1693 2687 ',
1726 2624 1822 2691 ait,
1857 2626 2090 2694 imperiti
2119 2630 2238 2693 qui-

680 2702 804 2758 dam
829 2722 921 2759 nec
944 2724 1008 2759 ea:
1030 2708 1292 2779 voluptate
1321 2717 1492 2779 carnis
1513 2716 1777 2779 scribunt,
1807 2734 1838 2769 n
1862 2717 1914 2770 in
1938 2735 1971 2786 p
1999 2734 2240 2772 commu-

680 2804 880 2862 tantes,
914 2799 1058 2865 quod
1093 2802 1303 2857 scilicet
1333 2804 1399 2856 ad
1429 2819 1649 2858 carnem
1704 2808 1983 2870 pertineat
2004 2808 2118 2873 ipsa
2150 2824 2242 2860 vo-

681 2880 883 2948 luptas.
918 2885 985 2936 Et
1006 2888 1149 2953 apud
1182 2889 1434 2941 eumdem
1471 2900 1591 2956 post
1621 2892 1784 2944 verba
1814 2890 2014 2944 Christi
2042 2893 2240 2958 quibus

680 2968 881 3023 allatus
905 2981 987 3024 est
1020 2973 1263 3040 Matrem,
1297 2988 1351 3029 et
1380 2992 1499 3029 eam
1523 2978 1738 3044 Joanhi,
1769 2994 1927 3047 quem
1957 2974 2236 3049 diligebat,

2351 532 2685 604 Cerintbios.
2719 534 2812 587 ubi
2845 533 3015 590 Graeci
3048 532 3316 597 scribunt,
3347 535 3409 583 υἱ
3439 534 3548 603 γὰρ
3581 534 3782 596 πάντες
3842 534 3909 585 ὲκ

2349 623 2442 677 τοῦ
2476 623 2589 683 ἑνὸς
2625 622 2787 693 ἄρτου
2822 621 3140 691 μετέχομεν,
3175 620 3229 674 id
3284 631 3390 681 est.
3449 622 3637 676 Omnes
3665 624 3802 675 enim
3842 624 3909 673 de

2351 731 2452 768 uno
2482 732 2617 784 pane
2644 703 3024 783 participamus
3054 712 3094 779 ⁸,
3126 712 3314 771 Latini
3345 712 3584 771 addunt.
3635 722 3682 766 et
3709 714 3773 766 de
3799 730 3910 765 uno

2348 805 2525 860 calice.
2570 806 2632 860 Et
2659 804 2801 874 apud
2827 804 3135 861 Mattheeum
3187 818 3310 870 cap.
3346 817 3469 867 xxv,
3511 802 3769 869 Ἐξῆλοον
3824 804 3909 861 ei;

2348 897 2653 965 ἀπάντησιν
2686 895 2779 948 τοῦ
2804 878 3152 964 νυξιφέουπίἃ
3186 902 3297 956 est.
3359 890 3654 944 Exiverunt
3701 892 3906 943 obuiam

2307 1032 2313 1044 ,
2349 996 2535 1057 sponso
2563 990 2606 1050 ⁸,
2640 988 2818 1041 Latini
2862 986 3085 1046 habent.
3136 990 3184 1038 et
3214 999 3439 1049 sponsas,
3473 998 3597 1051 qua:
3654 980 3909 1051 profectu

2345 1082 2602 1149 augurari
2638 1079 2764 1135 licet
2796 1080 2851 1134 in
2898 1076 3243 1156 marginibus
3282 1072 3417 1130 ‘olim
3473 1076 3749 1128 librorum
3805 1090 3909 1141 pro

2342 1170 2778 1238 expositionibus
2816 1169 3023 1239 posita,
3059 1168 3127 1221 ab
3169 1165 3371 1235 ignaris
3404 1164 3604 1218 deinde
3636 1162 3912 1217 librariis
3992 1190 3999 1197 -

2347 1261 2584 1315 orationi
2622 1262 2826 1315 intexta
2858 1260 3046 1313 fuisse.
3083 1260 3215 1312 ltem
3246 1257 3298 1310 in
3346 1256 3387 1309 Il
3439 1256 3505 1309 ad
3560 1254 3904 1317 Corinthios,

2343 1353 2436 1407 ubi
2472 1353 2643 1408 Graeci
2690 1355 2910 1417 habent.
2962 1352 3054 1413 Ei;
3086 1352 3372 1420 πρόσωπον
3409 1350 3519 1417 τῶν
3573 1348 3905 1417 ἐκκλησιῶν.

2344 1442 2396 1495 id
2424 1451 2529 1507 est,
2558 1442 2623 1496 In
2653 1444 2837 1512 faciem
2866 1443 3203 1496 ecclesiarum
3238 1443 3280 1502 ⁵.
3329 1441 3503 1493 Latini
3560 1440 3808 1493 scribunt
3836 1437 3907 1489 In

2343 1537 2547 1603 faciems
2576 1534 2911 1588 ecclesiarum
2944 1534 3055 1599 Dei,
3112 1534 3377 1586 addentes
3408 1531 3529 1599 .Dei.
3574 1531 3640 1584 Et
3672 1532 3723 1582 in
3760 1530 3797 1589 Ι,
3832 1531 3905 1582 ad

2343 1622 2603 1685 Timoth.,
2628 1623 3021 1694 Ἐμπίπτουσιν
3058 1624 3134 1682 εἰς
3169 1622 3475 1690 πειρασμὸν
3510 1624 3606 1672 καὶ
3666 1621 3903 1683 παγίδα.

2342 1711 2396 1764 id
2422 1721 2523 1777 est,
2559 1711 2805 1768 Incidunt
2829 1714 2882 1764 in
2911 1713 3250 1765 tentatienem
3280 1721 3324 1763 et
3346 1713 3397 1763 in
3430 1711 3697 1779 laqueum,
3726 1711 3907 1763 Latini

2342 1803 2548 1857 addant
2575 1804 2791 1868 diaboli,
2832 1805 2988 1872 quasi
3015 1804 3258 1855 volentes
3287 1805 3545 1871 supplere
3584 1805 3730 1871 quod
3790 1804 3899 1853 im-

2344 1895 2645 1964 perfectum
2699 1904 2751 1949 et
2806 1896 2987 1949 minus
3042 1896 3328 1951 continens
3362 1895 3675 1947 videbatur.
3737 1894 3905 1946 Multa

2344 1986 2673 2056 hujusmodi,
2704 2002 2801 2055 per
2834 1974 3024 2040 omnes
3058 2002 3339 2040 sacrarum
3374 1987 3693 2040 litterarum
3733 1987 3906 2039 libros

2341 2082 2543 2147 addita,
2579 2081 2811 2148 diligens
2866 2081 3223 2149 investigator
3278 2081 3541 2141 inveniet.
3603 2096 3724 2149 quae
3781 2096 3905 2143 nos,

2343 2172 2624 2238 brevitati-
2662 2172 2951 2227 studentes
2975 2216 2990 2239 ,
3017 2171 3023 2177 ’
3049 2174 3522 2242 inpraesentiarum
3588 2173 3900 2227 omisimus.

2341 2265 2444 2319 Per
2489 2266 2917 2329 subtractionem
2963 2264 3127 2319 etiam
3160 2264 3398 2333 itemque
3429 2281 3526 2333 per
3594 2277 3903 2319 commuta-

2343 2350 2543 2412 tionem
2570 2358 2844 2424 ejusmodi
2879 2372 3097 2412 errores
3122 2371 3279 2431 posse
3310 2358 3451 2421 fieri.
3475 2358 3631 2418 satis,
3691 2358 3749 2411 ni
3805 2357 3906 2410 fal-

2341 2451 2444 2513 lor,
2478 2449 2835 2515 ostendimus,
2898 2463 2963 2501 ne
2998 2449 3235 2516 amplius
3270 2450 3322 2502 in
3367 2449 3451 2503 his
3482 2448 3642 2504 nobis
3708 2450 3907 2501 immo-

2342 2528 2570 2595 randum
2598 2532 2761 2604 lorct,
2788 2541 2976 2607 paucis
3014 2540 3181 2594 multa
3215 2539 3686 2609 comprehendere
3715 2540 3907 2593 volen-

2343 2632 2507 2695 tibus,
2539 2632 2639 2685 nisi
2672 2631 2917 2700 qutedam
2945 2632 3120 2703 adhuc
3144 2648 3355 2686 summa
3388 2633 3590 2687 addere
3637 2648 3741 2688 nos
3769 2633 3906 2687 bea-

2344 2723 2535 2777 tissimi
2569 2723 2809 2776 doctoris
2839 2724 3123 2791 Augustini
3156 2725 3513 2792 compelleret
3570 2726 3901 2779 auctoritas.

2344 2809 2478 2865 lli'nc
2508 2812 2559 2864 in
2592 2827 2630 2863 il
2678 2811 2752 2863 De
2796 2814 3034 2869 doctrina
3066 2813 3368 2867 Christiana
3398 2815 3539 2867 libro
3568 2814 3641 2867 ita
3676 2816 3860 2882 inquit
3889 2832 3904 2867 :

2343 2902 2422 2955 Ex
2452 2901 2709 2969 ambiguo
2743 2903 2943 2970 linguae
2970 2901 3328 2970 praeeden'tis
3372 2904 3697 2971 plerumque
3732 2903 3904 2957 inter-

2346 3010 2467 3063 pres
2501 2996 2727 3061 fallitur,
2764 3010 2886 3049 cum
2912 3010 3025 3047 non
3065 2994 3204 3049 bene
3237 2995 3509 3050 sententia
3542 3007 3671 3051 nom
3710 3006 3816 3059 est,
3853 3007 3908 3048 et

682 3061 1104 3152 commendavit,
1136 3064 1542 3134 subiunguntur
1578 3067 1745 3135 ipsius
1785 3070 2017 3137 apostoli
2074 3071 2237 3126 verba

2341 3061 2459 3139 eam
2496 3083 2949 3153 significationem
2984 3081 3263 3143 transfert,
3296 3095 3420 3149 qua:
3476 3097 3503 3134 a
3542 3096 3706 3136 sensu
3765 3081 3905 3134 scri-

678 3144 753 3202 tle
786 3164 846 3203 se
891 3150 1188 3219 loquentis,
1226 3155 1454 3208 Ἔλαϐεν
1486 3158 1514 3208 ὁ
1561 3158 1806 3226 μαθητὴς
1851 3160 2024 3228 αὐτὴν
2057 3164 2141 3224 εἰς
2173 3165 2239 3214 τὰ

606 3308 608 3311 .
685 3237 817 3305 Bia,
866 3240 971 3295 hoc
1000 3253 1105 3309 est,
1138 3244 1343 3315 Accepi:
1382 3262 1493 3300 eam
1524 3246 1809 3317 discipulus
1848 3250 1936 3303 ille
1964 3252 2017 3305 in
2068 3269 2165 3306 sua
2193 3254 2234 3319 ',

682 3334 874 3415 idest,
912 3337 964 3390 in
999 3338 1222 3393 domum
1258 3356 1412 3396 suam
1452 3344 1713 3407 traduxit.
1741 3347 2108 3403 communiter
2161 3359 2242 3403 ta-

680 3440 812 3482 men
844 3428 1019 3485 Latini
1053 3446 1246 3488 omnes
1282 3434 1505 3491 codices
1553 3421 1779 3500 habent.
1808 3440 2005 3512 accepit
2035 3456 2153 3496 eam
2184 3444 2240 3496 in

677 3536 851 3581 sitam,
888 3538 937 3573 m
970 3522 1149 3577 littera
1200 3525 1420 3591 addita;
1453 3528 1609 3594 quasi
1669 3528 1906 3593 dicatur,
1972 3530 2027 3586 in
2083 3548 2235 3588 suam

682 3622 930 3687 inatrcm,
959 3615 1031 3669 ob
1066 3616 1269 3672 Christi
1301 3619 1514 3675 scilicet
1567 3624 1751 3685 verba,
1793 3622 2030 3679 dicentis
2069 3642 2084 3678 :
2121 3623 2241 3679 ιιιμ

682 3704 801 3763 lier,
836 3719 950 3755 ecce
981 3704 1125 3770 ﬁlius
1170 3715 1309 3769 tunc,
1340 3712 1479 3763 clad
1512 3710 1838 3780 discipulutu
1872 3731 1885 3788 ς
1914 3714 2047 3768 Ecce
2070 3728 2238 3769 mater

683 3804 798 3853 tua,
837 3795 981 3860 quod
1012 3797 1235 3849 evenire
1294 3798 1347 3849 in
1381 3798 1567 3852 Graeco
1602 3816 1848 3857 sermone
1878 3821 1985 3859 non
2030 3819 2238 3875 potest,

679 3883 773 3938 ubi
810 3884 957 3937 nulla
986 3895 1072 3939 est
1105 3886 1369 3939 dubitatio
1397 3888 1480 3940 vel
1506 3889 1862 3957 ambiguitas;
1893 3896 1971 3954 et;
2004 3896 2069 3946 τὰ
2132 3895 2240 3950 ἴδιοι

678 3977 852 4043 enim,
894 3976 946 4031 id
985 3986 1088 4045 est,
1124 3979 1197 4040 lin
1230 3994 1352 4041 sua,
1387 3992 1584 4033 nomen
1639 3988 1719 4033 est
1765 3978 1987 4050 gent-ris,
2036 3986 2237 4050 neutri,

680 4081 841 4122 casus
865 4068 1183 4137 accusativi,
1222 4070 1429 4135 numeri
1456 4070 1712 4138 pluralis;
1744 4071 1823 4133 εἰς
1855 4072 2049 4125 ἑαυτοῦ
2088 4089 2239 4136 vero,

683 4160 735 4212 id
770 4168 853 4214 est
888 4161 941 4211 in
970 4176 1141 4223 suam,
1178 4175 1474 4229 pronomen
1508 4171 1592 4215 est
1627 4162 1988 4232 reciprocum.
2031 4166 2239 4220 numeri

683 4248 1000 4317 singularis,
1036 4265 1195 4305 casus
1227 4252 1453 4321 genitlvi
1480 4269 1495 4319 ;
1524 4254 1759 4322 proinde
1814 4256 1997 4311 nullus
2021 4254 2238 4312 (irreso-

684 4356 806 4392 rum
835 4341 1175 4395 librariorum
1207 4342 1261 4396 in
1293 4358 1355 4396 ea
1392 4353 1544 4413 parte
1580 4344 1748 4401 fuisse
1795 4346 2102 4402 credendus
2158 4357 2238 4402 est

683 4443 858 4483 error.
894 4430 962 4481 At
999 4431 1066 4484 de
1093 4448 1190 4485 sua
1222 4432 1275 4484 in
1310 4448 1458 4485 suam
1485 4435 1658 4489 facilis
1694 4422 1895 4507 lapsus
1922 4452 2026 4501 est.
2078 4427 2233 4495 unica

683 4519 867 4577 littera
906 4521 1183 4589 adjuncta.
1218 4522 1555 4581 Manifestius
1582 4538 1764 4582 autem
1820 4530 1966 4586 hunc
1991 4543 2233 4587 errorem

685 4609 882 4679 probat
910 4609 1055 4677 Quod
1086 4609 1139 4661 in
1170 4611 1491 4677 quibusdam
1526 4619 1989 4687 emendatioribus
2020 4624 2240 4680 Latino-

686 4717 805 4756 rum
835 4700 1111 4755 codicibus
1137 4716 1246 4753 non
1282 4704 1335 4754 in
1373 4722 1520 4758 suam
1546 4748 1559 4771 ,
1605 4709 1697 4764 sed
1732 4712 1783 4763 in
1834 4727 1929 4764 sua
1972 4715 2234 4783 scriptum

686 4792 1192 4847 animadvertimus.
1224 4792 1433 4849 Rursus
1470 4801 1609 4865 apud
1650 4802 1913 4856 Joannem
1944 4805 2014 4857 ita
2043 4807 2237 4860 Scribi-

686 4896 775 4937 tur
816 4902 828 4936 :
870 4885 1129 4948 ’Ἄγουσιν
1160 4879 1251 4932 οὖν
1275 4883 1365 4935 τὸν
1403 4885 1608 4951 Ἰησοῦν
1644 4892 1750 4942 ἀπὸ
1778 4893 1868 4943 τοῦ
1906 4896 2125 4961 Καῐάφα
2158 4901 2235 4959 εἷς

684 4976 744 5027 τὸ
769 4973 1121 5044 πραιτώριον,
1157 4973 1209 5025 id
1240 4980 1342 5038 est,
1375 4976 1647 5032 Adducunt
1677 4981 1859 5036 Iesum
1889 5003 1919 5036 (ι
1954 4986 2154 5054 Caipha
2175 4990 2227 5041 in

687 5069 992 5135 praetorium
1025 5068 1065 5118 '.
1099 5067 1342 5135 Imperiti
1388 5083 1521 5122 vero
1553 5072 1803 5130 homines
1857 5081 1925 5130 ad
1975 5081 2236 5148 Caipham

688 5162 742 5212 in
767 5159 1073 5227 prtetorittm
1104 5159 1375 5224 scribunt,
1434 5176 1543 5228 quo
1577 5162 1628 5214 in
1686 5167 1805 5219 loco
1836 5172 1975 5235 apud
2020 5173 2237 5230 Grmcos

688 5251 911 5319 quidem
954 5249 1099 5303 nulla
1130 5249 1306 5302 errori
1346 5253 1559 5303 occasio
1589 5254 1766 5318 datur,
1803 5273 1924 5311 cum
1968 5252 2072 5311 ἀπ’)
2102 5281 2239 5330 ιιι-ω-

691 5341 890 5410 positio
926 5356 1047 5410 qua!
1081 5341 1135 5392 in
1166 5337 1230 5391 ab
1256 5339 1583 5393 transfertur
1613 5351 1667 5395 et
1725 5344 1857 5411 ripe;
1890 5354 2010 5413 (μὴ).
2062 5351 2112 5402 in
2147 5352 2237 5415 ad,

691 5434 891 5486 nullam
918 5449 1141 5501 prorsus
1167 5433 1305 5485 inter
1324 5446 1382 5485 se
1406 5432 1817 5487 similitudinem
1842 5435 2070 5499 habent;
2098 5444 2239 5507 apud

692 5522 915 5579 Latinos
944 5541 1071 5579 vero
1105 5524 1275 5577 facilis
1304 5534 1387 5576 est
1420 5524 1469 5575 in
1498 5538 1738 5577 errorem
1774 5526 1969 5595 lapsus,
1998 5530 2029 5577 tl
2059 5529 2243 5584 littera

767 5643 781 5669 ¹
812 5638 963 5693 Joan.
1005 5659 1039 5704 I,
1081 5645 1162 5695 13.

696 5724 813 5777 vin,
845 5710 933 5764 ‘zi.

1267 5645 1285 5671 ’
1318 5641 1469 5695 Joan.
1518 5657 1624 5707 χιχ,
1674 5642 1761 5696 27.

1389 5712 1415 5723 ~

1012 5713 1029 5741 ⁷
1063 5713 1203 5769 l’sal.
1234 5728 1347 5779 xm,
1388 5713 1437 5763 5.

1874 5646 1890 5674 ³
1925 5644 2073 5699 Jozm.
2134 5663 2277 5712 xvm,
2322 5650 2387 5702 “3.3

2344 3173 2514 3241 ptoris
2544 3173 2763 3241 penitus
2792 3173 2970 3228 aliena
3027 3184 3132 3234 est.
3194 3172 3358 3227 sicuti
3413 3170 3637 3240 quidam
3680 3173 3908 3226 codices

2341 3264 2560 3331 habent,
2598 3266 2751 3320 Arati
2780 3267 2929 3333 pedes
2956 3280 3133 3323 eorum
3173 3264 3242 3317 ad
3271 3263 3645 3333 effundendum
3679 3266 3909 3333 sangui-

2340 3373 2455 3410 nem
2483 3357 2540 3421 ’ς
2589 3354 2714 3421 ὀξὺς
2743 3357 2888 3413 enim
2916 3365 2970 3409 et
2999 3366 3213 3409 acutum
3245 3365 3300 3410 et
3328 3354 3553 3409 celocem
3582 3354 3726 3425 apud
3755 3354 3908 3409 ϐηρ-

2337 3465 2431 3509 cos
2460 3450 2771 3520 significat;
2819 3448 2909 3504 ille
2948 3456 3131 3502 autem
3188 3434 3327 3501 vidit
3390 3447 3744 3509 sententiam,
3801 3446 3904 3513 qui

2340 3543 2635 3607 transtulit,
2704 3540 2899 3596 veloces
2963 3540 3119 3609 pedes
3168 3554 3347 3591 eorum
3402 3538 3473 3591 ad
3530 3536 3905 3607 (fundendum

2339 3638 2668 3706 sanguinem.
2706 3632 2769 3687 Et
2800 3632 2907 3687 alia
2929 3626 3149 3700 quidem
3187 3646 3296 3684 non
3328 3629 3587 3693 obscura,
3634 3628 3727 3684 sed
3763 3628 3901 3683 falsa

2339 3734 2486 3793 sunt,
2510 3739 2742 3793 quorum
2771 3725 2874 3777 alia
2904 3721 3149 3777 conditio
3175 3730 3279 3774 est.
3317 3719 3455 3773 Hinc
3480 3730 3565 3772 est
3590 3719 3721 3773 illud
3746 3717 3904 3786 quod

2339 3817 2465 3884 quia
2510 3808 2740 3867 moechos
2773 3813 2959 3868 Graece
2992 3810 3184 3864 vitulus
3215 3808 3439 3869 dicitur,
3498 3807 3720 3877 quidam
3788 3822 3901 3859 non

2343 3903 2734 3973 intelligentes,
2762 3900 3130 3970 plantationes
3171 3897 3486 3953 aitulamina
3543 3897 3903 3966 interpretati

2343 4001 2488 4055 sunt,
2514 3991 2607 4059 qui
2635 3985 2795 4045 error
2825 3998 2933 4041 tam
2965 3988 3164 4041 multos
3194 3988 3412 4040 codices
3463 3986 3897 4054 przcoccupavit,

2346 4092 2405 4136 ut
2454 4082 2543 4135 vix
2568 4078 2877 4135 inveniatur
2901 4077 3059 4130 aliter
3098 4080 3386 4144 scriptum.
3435 4076 3541 4130 Sed
3572 4077 3643 4131 de
3682 4077 3769 4129 bis
3809 4092 3905 4130 sa-

2346 4170 2434 4226 tis.
2470 4170 2628 4224 Nunc
2677 4170 2746 4224 ad
2800 4166 3257 4236 comprobandum
3300 4166 3908 4238 -corroborandamque

2344 4263 2580 4321 litteram
2611 4259 2851 4319 Graecam
2890 4266 3074 4311 nostra
3101 4263 3348 4310 vertatur
3375 4256 3576 4308 oratio.

2412 4346 2781 4415 Probavimus
2810 4354 2908 4417 per
2938 4356 3249 4404 sanctorum
3287 4342 3578 4398 doctorum
3609 4344 3908 4399 auctorita-

2271 4428 2313 4482 Ῐ)
2346 4454 2475 4503 tem,
2507 4432 2563 4498 et
2600 4440 2821 4511 quidem
2856 4440 3091 4507 satis,_nt
3120 4437 3376 4501 arbitror,
3406 4434 3669 4492 Joannem
3722 4435 3909 4491 Evan—

2343 4535 2588 4607 gelistam
2612 4524 2865 4585 mortem
2890 4529 3114 4582 abiisse.
3149 4527 3260 4581 lloc
3292 4535 3419 4582 ante
3447 4526 3631 4588 omnia
3692 4526 3909 4582 Latina

2339 4627 2538 4679 littera}
2572 4620 3014 4683 manifestissime
3048 4618 3377 4675 contradicit
3432 4617 3489 4669 in
3538 4632 3642 4684 qua
3676 4617 3908 4677 dicitur,

2346 4716 2433 4771 Sic
2463 4732 2581 4769 eum
2609 4713 2722 4767 volo
2756 4726 3001 4773 manere;
3035 4722 3141 4761 non
3174 4709 3320 4761 enim
3375 4707 3449 4759 ita
3499 4705 3695 4772 voluit,
3734 4724 3909 4776 quan-

2345 4808 2642 4875 doquidem
2676 4818 2781 4856 non
2813 4802 2885 4854 ita
2918 4800 3055 4864 fuit;
3104 4814 3229 4857 nam
3271 4798 3317 4851 si
3379 4798 3451 4850 ita
3487 4797 3773 4861 voluisset,
3833 4800 3911 4852 ita

2342 4898 2585 4965 proiecto
2611 4894 2798 4946 fuisset
2834 4906 2845 4941 :
2888 4898 2980 4943 aut
3016 4888 3180 4957 igitur
3212 4887 3549 4946 mentientis.
3587 4896 3682 4939 aut
3716 4889 3907 4954 pueri-

2343 4991 2463 5042 liter
2495 4983 2877 5049 conteudentis
2920 4980 3082 5032 verba
3102 4979 3315 5042 forent,
3343 4993 3411 5031 cx
3453 4978 3603 5030 illius
3648 4991 3745 5030 ore
3779 4993 3912 5045 pro-

2344 5078 2591 5139 deuntia,
2627 5073 2719 5142 qui
2776 5071 3065 5125 contraria.
3094 5069 3163 5125 iis
3196 5080 3316 5138 quae
3374 5068 3699 5137 loquebatur
3756 5068 3913 5124 vole-

2344 5173 2453 5223 bat.
2488 5167 2591 5221 Sed
2624 5167 2738 5220 inec
2780 5164 2847 5218 de
2886 5163 3168 5217 Salvatore
3204 5162 3448 5232 cngitare
3493 5160 3763 5219 nefarium
3799 5168 3907 5215 est.

2352 5262 2643 5318 Enimvero
2693 5258 2859 5328 igitur
2894 5256 3038 5324 quod
3081 5256 3318 5325 nolebat,
3376 5270 3484 5307 non
3530 5254 3800 5317 dixisset;
3852 5262 3913 5308 et

2347 5357 2600 5423 quoniam
2634 5368 2759 5405 cum
2796 5350 3012 5403 nolebat
3051 5348 3105 5399 in
3137 5346 3241 5398 hac
3274 5346 3383 5398 vita
3417 5346 3720 5401 secundum
3783 5348 3909 5416 ejus

2348 5446 2638 5497 adventum
2665 5447 3000 5507 exspectare,
3040 5452 3146 5488 non
3181 5433 3432 5496 dixisset,
3492 5432 3580 5488 Sic
3611 5450 3730 5489 eam
3797 5434 3916 5487 colo

2353 5552 2581 5586 manere.
2616 5531 2757 5597 Quid
2807 5530 2947 5603 quod
2978 5541 3219 5595 sequens
3268 5536 3322 5578 et
3385 5540 3521 5593 pene
3583 5526 3915 5580 continuata

2512 5652 2569 5702 ³1
2618 5650 2720 5704 cor
2777 5667 2827 5712 κ,
2874 5648 2951 5699 l‘l.
3057 5644 3073 5671 '
3107 5640 3295 5695 Matth.
3326 5640 3507 5703 “v.1
3650 5640 3912 5703 ⁸110³1·-
