4106 6322
201 330 311 395 633

1026 317 1104 375 IN
1137 312 1393 380 ILLUD,
1434 321 1448 354 ε
1496 308 1564 365 SI
1597 305 1756 365 EUM
1791 302 1983 363 VOLO
2010 256 2358 371 VMANERE,
2399 314 2416 346 ι
2465 300 2627 360 ETC.

3308 296 3411 359 634
3450 310 3451 313 ‘

202 444 388 498 oratio
426 443 527 497 hoc
560 441 733 509 ipsum
765 433 1035 497 ostendit;
1077 446 1199 484 mox
1224 444 1342 482 eam
1377 422 1755 480 sanctissimus
1783 423 1830 482 Α
1857 418 2054 485 quibus
2086 414 2524 487 adversariorum
2582 427 2801 509 quoque
2840 416 3155 481 argumenta
3190 409 3328 466 solvi
3357 415 3429 486 et.

204 533 552 603 Evangelista
584 524 837 587 Joannes
864 524 1199 593 opinionem
1235 512 1759 582 condiscipulorum,

204 642 372 699 quam
397 642 465 680 ex
494 620 795 678 Salvatoris
814 628 1069 672 sermone
1094 614 1481 676 conceperant,
1511 603 1758 655 dicentes

205 693 535 785 discipulum
598 712 751 765 illum
798 723 908 762 non
949 703 1297 762 moriturum,
1342 697 1429 751 liis
1465 693 1645 747 verbis
1678 705 1764 743 ar-

205 779 565 873 guit,-dicens_
596 820 609 855 :
645 788 713 851 Et
738 812 838 849 non
869 796 1001 859 dixit
1041 784 1211 855 Iesus,
1243 782 1359 843 Non
1394 784 1632 845 moritur,
1668 779 1762 835 sed

206 892 268 948 Si
294 909 411 946 eum
436 872 565 944 valor
582 902 791 941 manere
820 886 981 937 donec
999 884 1224 936 veniam.
1257 878 1409 944 Quod
1432 872 1656 944 perinde
1678 878 1767 923 est

207 1000 275 1038 ac
314 984 359 1036 si
400 996 495 1036 eos
537 992 754 1034 errasse
784 975 1015 1037 diceret,
1052 969 1197 1040 quod
1254 969 1305 1020 in
1354 964 1479 1020 eum
1544 975 1762 1016 sensum

205 1071 379 1126 verba
410 1063 613 1124 Christi
642 1055 999 1135 accepissent.
1032 1060 1187 1128 Quod
1221 1058 1285 1125 si,
1345 1057 1431 1112 Sic
1486 1071 1602 1108 eum
1647 1053 1762 1105 volo

208 1172 449 1226 manere,
489 1158 712 1215 dixisset
762 1155 1037 1218 Christus,
1097 1150 1288 1223 quidni
1343 1163 1469 1203 vera
1523 1146 1763 1214 discipu-

208 1236 390 1307 lorum
423 1252 608 1319 opinio
642 1247 871 1304 fuisset?
924 1245 1035 1301 Nec
1060 1244 1281 1300 Joannis
1308 1241 1469 1295 verba
1529 1240 1595 1293 dc
1632 1238 1763 1292 falsa

210 1339 607 1407 discipulorum
630 1338 888 1405 opinione
914 1341 1246 1397 constarent,
1272 1328 1363 1383 scd
1396 1328 1498 1381 sibi
1536 1328 1767 1380 invicem

212 1434 281 1486 ad
308 1441 648 1485 Iet‘Sarenlu‘r
698 1445 761 1483 ac
822 1427 1289 1487 contradicerent;
1353 1421 1555 1475 dixisse
1618 1423 1764 1472 enim

211 1524 517 1585 flitristum,
551 1521 635 1574 Sic
677 1520 938 1579 summula
1000 1532 1233 1579 manere,
1295 1524 1351 1571 et
1402 1530 1512 1567 non
1568 1514 1768 1567 dixisse

215 1612 365 1679 quod
403 1627 506 1663 non
557 1610 805 1670 moritur,
840 1617 1028 1673 aperta
1082 1604 1530 1669 contradictione,
1566 1605 1609 1657 si
1642 1618 1768 1657 vera

215 1699 286 1752 de
316 1715 372 1752 se
406 1698 746 1767 Euangelista
776 1696 1039 1763 loquitur,
1072 1696 1163 1763 qui
1192 1701 1245 1746 et
1275 1692 1326 1745 in
1365 1692 1578 1745 caeteris
1602 1692 1771 1760 magis
1804 1730 1817 1767 ί

217 1791 485 1849 dilectus,
508 1764 654 1841 et—ut
678 1784 747 1840 de
779 1788 959 1854 seipso
986 1786 1235 1852 loquens,
1261 1785 1503 1846 apertius
1535 1793 1768 1835 mentem
1808 1764 1846 1818 Β

225 1883 671 1947 voluntatemque
713 1878 1006 1931 Salvatoris
1039 1876 1388 1944 intelligebat,
1420 1872 1685 1941 profecto,
1717 1870 1775 1927 Si

218 1985 340 2020 eum
360 1984 578 2020 manere
601 1966 734 2029 volo,
770 1982 895 2027 non,
926 1963 1011 2019 Sic
1046 1981 1161 2017 cum
1191 1964 1305 2017 volo
1334 1980 1562 2035 ma‘nere,
1593 1963 1775 2035 legen-

221 2066 354 2111 dum
390 2070 494 2122 est,
531 2068 583 2111 et
610 2073 737 2110 vero
765 2056 1124 2124 Evangelistm
1162 2026 1477 2107 ιρεῐὶιηοιῖἰο
1516 2032 1651 2104 fides
1677 2052 1772 2102 lia-

223 2146 427 2205 bcndu,
464 2145 556 2211 qui
590 2160 710 2196 mox
738 2143 955 2203 asserit,
992 2157 1049 2194 se
1085 2134 1236 2193 illum
1271 2153 1388 2192 esse
1447 2137 1537 2204 qui
1582 2136 1800 2189 scribit‘

222 2247 277 2287 ct
317 2226 509 2286 reruni
535 2232 899 2285 testimonium
932 2232 995 2281 de
1025 2230 1111 2281 bis
1146 2227 1457 2295 perhibere,
1485 2240 1587 2276 non
1616 2225 1775 2275 modo

225 2327 296 2379 de
333 2324 531 2377 Christi
577 2319 1025 2387 acdonibusbdc
1054 2330 1396 2378 asseverans,
1433 2314 1526 2366 sed
1572 2316 1635 2365 de
1663 2327 1776 2363 om-

229 2418 395 2469 nibus
424 2432 449 2465 a
485 2431 541 2467 se
572 2415 624 2464 in
652 2408 942 2477 Evangelio
986 2407 1223 2472 scriptis.
1268 2403 1376 2457 Hoc
1403 2403 1580 2470 ipsum
1602 2386 1777 2469 Chry-

208 2483 454 2561 Isostomi
489 2499 705 2570 quoque
742 2500 902 2553 verba
929 2478 1369 2550 manifestissime
1395 2493 1773 2560 comprobant,

228 2596 325 2665 qui
362 2609 522 2661 super
563 2594 647 2645 bis
678 2591 868 2667 verbis
891 2590 1043 2657 quasi
1079 2583 1573 2661 vociferabundus:
1617 2580 1776 2634 Mira-

230 2702 312 2747 re,
350 2683 546 2752 inquit,
566 2680 917 2749 Evangelistte
941 2677 1327 2739 humilitatem,
1349 2672 1621 2743 quomodo
1649 2673 1783 2724 alio-

232 2793 358 2832 rum
380 2776 453 2845 Ide
483 2788 541 2827 se
572 2786 678 2826 non
708 2779 904 2823 rectam
929 2767 1241 2834 Opinionem
1269 2764 1513 2831 corrigit,
1552 2763 1642 2830 qui
1670 2776 1777 2815 non

231 2866 619 2921 intellexerunt
648 2860 790 2930 quod
832 2859 899 2912 de
940 2859 1056 2926 ipso
1098 2856 1357 2909 Dominus
1391 2854 1617 2916 dixerat,
1685 2852 1779 2906 sed

232 2963 497 3027 putarunt
529 2969 653 3005 eum
700 2954 808 3005 non
844 2952 1190 3003 moriturum.
1224 2943 1521 2999 Praeterea
1577 2958 1698 2997 cum
1750 2958 1782 2997 c

234 3049 425 3103 Graeca
466 3047 647 3115 lingua
704 3040 1043 3095 in-Latinam
1098 3030 1425 3091 translatum
1485 3048 1604 3087 esse
1636 3033 1783 3087 hunc

233 3140 508 3200 codicem,
535 3136 672 3190 nulli
700 3135 771 3189 sit
800 3133 1051 3207 dubium,
1085 3125 1577 3199 constetque'apud
1637 3125 1783 3179 Grat-

236 3248 337 3288 cos
366 3231 482 3285 sine
515 3230 692 3298 aliqua
724 3225 1095 3295 ambiguitate
1143 3220 1248 3288 legi
1285 3220 1398 3283 tia,
1446 3220 1555 3272 hoc
1599 3228 1679 3271 est
1716 3220 1783 3282 si,

231 3320 483 3391 profecto
510 3332 729 3372 necesse
757 3322 839 3369 est
870 3323 929 3365 ut
959 3304 1013 3365 et
1036 3309 1216 3362 Latini
1249 3323 1466 3375 quoque
1496 3310 1541 3359 εἰ
1581 3308 1783 3373 legant.

237 3415 372 3477 Qua
409 3412 551 3466 enim
579 3392 701 3463 cum
726 3406 905 3460 Grmca
936 3404 1163 3457 veritate
1190 3400 1560 3456 consentiunt,
1594 3398 1787 3477 Hiero-

242 3457 372 3477 κη.
412 3457 551 3466 --η--
584 3457 701 3463 ﬁ---

238 3516 440 3572 nymus
465 3499 669 3567 inquit;
692 3497 781 3549 illa
818 3502 1064 3548 correcta
1117 3498 1272 3542 sunt.
1306 3489 1369 3540 Et
1428 3457 1781 3552 Augustinus,

217 3574 305 3647 ’δά
338 3588 669 3656 exemplaria
730 3582 1085 3649 przecedentia
1146 3576 1534 3631 recurrentium
1587 3577 1680 3635 ait,
1739 3575 1783 3627 si

235 3695 400 3752 quam
424 3675 815 3731 dubitationem
840 3670 1151 3744 Latinorum
1187 3668 1547 3733 interpretum
1575 3663 1784 3717 infinita

222 3756 474 3827 varietas
511 3768 755 3823 attulerit
780 3776 1128 3833 srursusque
1190 3759 1360 3812 libros
1418 3756 1551 3809 Novi
1592 3755 1785 3808 Testa-

236 3865 429 3924 menti,
458 3862 503 3915 si
536 3859 664 3929 quid
696 3859 750 3910 in
775 3841 989 3908 Latinis
1008 3850 1358 3906 varietatibus
1389 3848 1604 3909 titubat,
1637 3844 1789 3898 Grae-

237 3956 318 4011 cis
346 3952 541 4007 cedere
566 3944 822 4017 'oportere
853 3944 1132 4013 dijudicat.
1163 3940 1339 3994 Taceo
1362 3939 1504 4007 quod
1535 3938 1785 3990 doctores

236 4043 437 4106 Gmci,
464 4039 743 4109 Origenes,
783 4034 1230 4104 Chrysostomus,
1261 4029 1497 4099 Cyrillus
1522 4035 1574 4080 et
1604 4026 1783 4079 caeteri

232 4149 428 4193 omnes
450 4130 596 4185 hunc
622 4132 803 4184 locum
861 4143 927 4181 eo
960 4126 1120 4179 modo
1156 4130 1437 4191 exponunt
1488 4134 1596 4187 quo
1645 4128 1698 4171 et
1727 4132 1785 4171 se

237 4224 444 4279 habere
468 4222 707 4275 litteram
733 4218 987 4281 diximus,
1009 4215 1207 4283 quibus
1242 4208 1491 4279 profecto
1524 4221 1810 4275 tanquam

235 4313 470 4369 summis
505 4310 659 4374 viris,
684 4316 746 4361 ac
778 4308 832 4359 in
878 4304 1097 4375 prepria
1126 4302 1308 4369 lingua
1340 4301 1581 4368 apprime
1606 4297 1789 4350 erudi-
1824 4349 1834 4355 _

1866 508 2092 562 refutari
2151 506 2304 562 facile
2370 513 2618 574 possunt.
2677 492 2809 557 Nam
2848 504 2988 572 quod
3029 503 3297 572 principio
3320 496 3407 554 do-

1840 610 2076 652 letorum
2108 597 2427 651 Latinorum
2480 596 2859 649 auctoritatem
2902 594 3199 659 adducunt,
3226 602 3284 647 et
3317 606 3418 645 nos

1865 691 2084 760 quidem
2135 688 2448 743 Grazcorum
2508 688 2886 741 auctoritatem
2913 680 3264 754 opponimus,
3296 686 3420 752 qui-

1868 782 1968 834 bus
2007 788 2175 844 certe,
2214 795 2334 832 cum
2364 779 2431 832 de
2471 778 2557 831 his
2599 792 2717 845 qua:
2763 778 2815 829 in
2848 790 3037 829 eorum
3068 775 3251 843 lingua
3277 776 3415 827 scri-

1866 882 1950 938 pta
1983 880 2109 926 sunt
2139 872 2453 940 loquantur,
2486 879 2538 922 et
2572 868 2811 937 alioquin
2841 882 2938 921 nec
2963 846 3250 920 sanctitate
3268 864 3416 928 vitae,

1866 978 1965 1017 nec
2022 962 2271 1017 doctrina
2336 960 2641 1016 habeantur
2698 954 3015 1022 inferiores,
3080 953 3413 1010 credendum

1866 1054 2049 1122 potius
2099 1068 2222 1108 esse
2287 1054 2585 1109 fatendum
2622 1036 2724 1107 est.
2781 1052 2863 1110 Ad
2903 1045 3016 1104 haec
3039 1048 3272 1111 dicimus
3304 1059 3412 1099 nou

1866 1160 1988 1198 esse
2028 1145 2303 1199 sufficiens
2339 1144 2585 1198 veritatis
2630 1143 3015 1206 testimonium,
3055 1138 3198 1209 quod
3251 1139 3416 1207 aliqui

1869 1234 2121 1288 doctores
2168 1235 2239 1287 ita
2291 1232 2414 1288 eum
2471 1234 2649 1287 locum
2690 1239 3095 1300 exposuerunt,
3146 1230 3414 1298 siquidem

1868 1309 2125 1394 pleraque
2168 1327 2271 1379 alia
2318 1328 2370 1379 in
2420 1324 2724 1394 bujusmodi
2782 1320 3229 1376 translationibus
3264 1321 3419 1373 inve-

1870 1418 2008 1484 nios,
2041 1418 2124 1471 vel
2150 1402 2250 1486 per
2283 1418 2538 1471 librarios
2561 1424 2837 1485 corrupta,
2864 1415 2949 1468 vel
2968 1428 3067 1482 per
3089 1414 3419 1481 interpretes

1871 1526 1978 1563 non
2033 1518 2179 1563 recte
2234 1509 2512 1573 translata,
2572 1524 2688 1576 qua:
2736 1517 2912 1560 tamen
2945 1504 3113 1560 sancti
3143 1505 3415 1568 doctores,

1872 1601 2106 1653 litteram
2148 1614 2308 1667 quam
2369 1608 2711 1667 repererunt,
2763 1596 2958 1660 secuti,
2996 1596 3148 1666 juxta
3176 1596 3417 1648 eamdem

1874 1690 2110 1743 litteram
2169 1690 2347 1743 conati
2395 1697 2523 1743 sunt
2571 1700 2868 1755 exponere,
2917 1694 2971 1740 et
3029 1686 3123 1750 ita'
3159 1699 3420 1753 exposue-

1878 1787 2026 1843 runt,
2057 1787 2115 1831 nt
2150 1778 2457 1851 aliquando,
2504 1778 2750 1845 quamvis
2777 1775 2972 1828 littera:
2999 1774 3281 1827 veritatem
3312 1788 3418 1824 non

1876 1870 2081 1925 fuerint
2146 1870 2381 1921 assecuti
2410 1906 2424 1930 .
2470 1882 2650 1921 veram
2689 1874 2882 1920 tamen
2931 1862 3251 1918 sententiam
3300 1878 3420 1915 cum

1878 1975 2081 2012 summa
2112 1958 2372 2025 sapientia
2388 1956 2785 2024 excerpserint,
2818 1950 3203 2021 nonnunquam
3233 1954 3415 2016 etiam,

1879 2050 1920 2102 si
1959 2034 2787 2108 aliamcdiderintsententiam,
2845 2048 3003 2113 quam
3055 2042 3294 2095 auctoris
3325 2058 3419 2094 ex-

1880 2142 2105 2203 stiterit,
2133 2142 2202 2191 ita
2229 2150 2403 2191 tamen
2441 2146 2650 2191 acutam
2678 2146 2732 2189 et
2767 2150 2980 2204 gravem
3004 2143 3056 2185 et
3086 2124 3416 2185 luculentam

1879 2230 2171 2291 ediderint,
2239 2238 2296 2279 ut
2330 2226 2465 2295 ipsa
2523 2236 2576 2279 ct
2611 2241 2716 2279 non
2774 2225 2877 2277 alia
2904 2223 3152 2287 videatur
3181 2236 3297 2275 esse
3327 2222 3415 2273 dc-

1880 2319 2028 2372 bere.
2058 2318 2320 2387 Equidem
2351 2320 2521 2370 fateor
2558 2315 2940 2384 Augustinum,
2965 2302 3142 2367 virum
3169 2313 3419 2367 sublimis

1880 2407 2099 2474 ingenii,
2132 2422 2226 2473 per
2254 2408 2327 2458 sic
2362 2405 2505 2457 hunc
2526 2406 2701 2456 locum
2755 2399 3087 2472 exposuisse,
3119 2412 3172 2456 et
3198 2402 3416 2470 quidem
3477 2431 3480 2435 -

1878 2496 2213 2565 gravissimis
2262 2494 2698 2562 acutissimisque
2730 2495 3070 2565 rationibus,
3103 2493 3204 2547 hoc
3236 2502 3418 2545 autem

1878 2600 1983 2636 non
2013 2585 2141 2637 satis
2168 2599 2284 2637 esse
2344 2586 2407 2636 ad
2438 2576 2869 2651 persuadendum
2911 2582 2983 2635 ita
3008 2583 3207 2636 debere
3227 2581 3419 2643 scribi,

1879 2690 1942 2726 ex
1987 2674 2174 2727 eodem
2201 2674 2421 2725 doctore
2449 2672 2885 2726 manifestissime
2910 2672 3170 2739 probabo.
3197 2672 3245 2730 ls
3272 2673 3421 2726 enim

1880 2770 2061 2822 locum
2094 2767 2240 2819 illum
2271 2766 2525 2836 Epistolis:
2572 2766 2757 2833 prima:
2802 2766 2865 2819 ad
2889 2766 3230 2819 Timotheum
3251 2782 3421 2835 expo-

1884 2871 2040 2917 nens,
2068 2855 2159 2908 ubi
2206 2856 2344 2923 apud
2383 2856 2596 2909 Graecos
2628 2855 2908 2920 scribitur,
2956 2852 3152 2915 Πιστὸς
3199 2840 3420 2923 ὁσιὸγος

1886 2947 1980 3000 καὶ
2007 2945 2189 3015 πάσης
2240 2946 2505 3014 ἀποδοχῆς
2542 2946 2718 3009 ἄξιος,
2771 2945 2875 2999 hoc
2896 2954 2998 3011 est,
3034 2944 3233 3000 Fidelis
3260 2964 3425 3000 sermo

1885 3044 1934 3089 et
1986 3035 2126 3089 omni
2174 3036 2468 3112 acceptione
2531 3036 2732 3104 dignus,
2796 3037 2870 3089 ita
2891 3036 3035 3089 enim
3068 3035 3427 3093 liieronvmus

1886 3141 2100 3196 quoque
2151 3127 2295 3181 hunc
2344 3128 2520 3181 locum
2576 3130 2962 3196 interpretatus
3011 3110 3114 3192 est,
3154 3129 3430 3184 Humana:

1889 3217 2087 3284 inquit,
2143 3234 2330 3282 sermo.
2383 3218 2521 3282 Quid
2588 3218 2699 3271 ita?
2742 3219 2875 3297 Quia
2906 3219 2977 3272 ita
3006 3231 3133 3273 tunc
3163 3220 3426 3290 scriptum

1891 3319 2163 3373 repererat
2220 3319 2271 3359 et
2326 3309 2404 3361 sic
2458 3323 2555 3375 per
2614 3309 2967 3377 interpretem
2998 3310 3164 3365 fuisse
3197 3313 3430 3367 transla-

1892 3403 2045 3455 tum,
2104 3405 2359 3462 tantoque
2412 3396 2659 3451 acumine
2715 3400 3046 3469 etelegantia
3074 3417 3135 3453 ac
3168 3404 3429 3470 gravitate

1887 3484 2274 3535 sententiarum
2300 3500 2422 3535 eum
2450 3482 2629 3538 lucum
2693 3502 2972 3556 exponens
3004 3490 3241 3543 illustrat
3261 3502 3427 3562 atque

1886 3565 2111 3657 exerunt
2134 3573 2210 3625 vir
2234 3574 2320 3624 ille
2352 3575 2801 3641 sapientissimus
2834 3586 2992 3645 atque
3023 3582 3423 3646 sanctissimus,

1890 3674 1948 3716 ut
1975 3680 2132 3715 nemo
2160 3663 2406 3717 crederet
2436 3664 2592 3716 aliter
2614 3667 2775 3718 scribi
2806 3667 3082 3731 debuisse,
3116 3676 3420 3738 prmsertim

1887 3753 2013 3819 quid
2036 3752 2178 3820 apud
2204 3751 2418 3805 Graecos
2446 3754 2714 3807 scribatur
2743 3752 3014 3822 ignorans.
3040 3757 3197 3812 Nulla
3226 3761 3427 3829 quippe

1886 3844 2025 3911 apud
2072 3843 2193 3895 illos
2254 3844 2501 3896 vocabuli
2550 3843 2711 3910 hujus
2749 3844 3100 3913 ambiguitas.
3136 3842 3445 3917 Siquidem‘
3486 3876 3500 3921 ς

1888 3933 2258 4000 πιστὸς-βόειίις
2276 3934 2390 3985 sine
2409 3933 2747 3987 dubitatione
2768 3934 3053 4004 significat,
3075 3940 3400 4000 quemadmo
3416 3970 3429 3980 -

1888 4028 2015 4078 dum
2040 4036 2093 4079 et
2112 4028 2291 4087 πίστις
2306 4026 2437 4088 ﬁdes
2458 4027 2660 4092 dicitur
2680 4044 2693 4093 ;
2715 4042 2813 4080 nec
2833 4028 3008 4096 aliqua
3026 4039 3111 4084 est
3133 4029 3428 4087 similitudo

1888 4120 2053 4186 hujus
2100 4118 2247 4171 verbi
2308 4119 2495 4178 πιστὸς
2554 4132 2673 4171 cum
2716 4132 2779 4171 ea
2830 4120 3065 4175 dictione
3098 4121 3278 4193 Graeca
3308 4141 3429 4193 qu.u

1889 4207 2525 4276 Itumanum.signifi'cat;
2587 4216 2641 4261 et
2700 4217 2875 4262 tamen
2930 4209 3001 4263 ita
3062 4226 3204 4280 satpe
3255 4228 3319 4267 eo
3372 4216 3424 4267 in

1891 4300 2009 4353 loco
2061 4297 2283 4363 replicat
2330 4288 2431 4349 hoc
2469 4298 2692 4349 verbum
2720 4300 3015 4365 apostolus,
3053 4312 3110 4354 ut
3135 4303 3429 4369 vehemen-

239 4407 330 4469 tis,
358 4412 414 4462 ,ιι
441 4402 563 4470 quae
586 4401 639 4453 in
669 4399 855 4451 eadem
884 4397 1071 4461 lingua
1095 4393 1293 4459 scripta
1325 4388 1785 4465 sunt‘exponcnti-
1812 4402 1865 4462 ι)
1890 4399 1971 4441 ter
1999 4386 2233 4441 admirer
2261 4401 2366 4454 quo
2404 4398 2558 4452 pacto
2596 4389 2687 4454 qui
2714 4389 2923 4455 primus
2948 4389 3048 4443 hoc
3096 4392 3149 4443 in
3177 4392 3427 4446 Latinum

238 4497 363 4558 bus,
398 4492 582 4564 potius
614 4501 775 4558 quam
808 4484 1093 4554 quibusvis
1126 4483 1249 4535 aliis
1304 4481 1633 4534 tredendum
1665 4492 1783 4563 esse

237 4584 424 4655 negari
460 4597 569 4636 non
626 4585 823 4647 potest.
865 4574 969 4628 Sed
1032 4586 1100 4625 ne
1165 4572 1503 4625 recentiores
1566 4571 1784 4637 quidem

238 4677 499 4730 doctores
527 4668 753 4721 Latinos
778 4664 904 4716 hac
930 4663 1157 4725 latuere,
1190 4664 1599 4728 praesertitnque
1633 4659 1779 4711 Tho-

240 4778 384 4819 mam
406 4746 752 4827 Aquinatem,
783 4754 957 4806 virum
986 4760 1044 4804 ut
1068 4751 1490 4810 sanctissimum,
1529 4753 1597 4811 ita
1627 4752 1785 4800 etiam

239 4854 641 4911 doctissimum.
670 4846 768 4899 llic
803 4843 857 4896 in
896 4859 959 4897 ea
994 4860 1153 4913 quam
1182 4858 1343 4909 super
1374 4842 1676 4905 Ειιιηεριὲἱε
1722 4856 1787 4893 ex

241 4957 486 4999 veterum
525 4934 808 4993 doctorum
840 4935 999 4989 dictis
1029 4934 1369 5003 expositione
1413 4939 1710 4994 ουιηιιοηιι,
1742 4929 1787 4979 si

240 5012 511 5103 scriptum
538 5043 657 5083 esse
692 5028 866 5096 inquit
904 5028 959 5080 in
979 5026 1186 5079 Graeco.
1228 5021 1382 5088 Quod
1415 5022 1457 5072 si
1516 5021 1571 5070 in
1602 5018 1789 5071 Gnaeo

242 5131 287 5179 si
317 5124 587 5190 scriptum
621 5125 728 5181 est,
758 5129 816 5171 ut
839 5116 1078 5173 Thomas
1128 5113 1341 5177 asserit,
1384 5112 1435 5161 in
1473 5109 1788 5163 translatio-

244 5220 406 5272 nibus
434 5227 563 5266 vero
583 5227 687 5265 non
710 5210 947 5274 vitiosis,
965 5216 1098 5262 teste
1127 5203 1471 5271 Hieronymo,
1495 5216 1600 5252 non
1631 5204 1793 5253 modo

246 5308 429 5369 verba,
471 5304 572 5357 sed
594 5304 756 5355 etiam
811 5301 947 5355 ordo
981 5300 1099 5367 ipse,
1130 5298 1419 5351 verborum
1483 5296 1789 5345 servandus

243 5408 346 5457 est,
386 5403 598 5449 constat
625 5390 757 5446 sane
784 5393 1004 5447 Latinos
1043 5388 1257 5443 codices
1288 5385 1634 5437 librariorum
1660 5384 1789 5435 vitio

244 5478 592 5555 depravatos,
647 5498 753 5534 non
792 5494 938 5535 recte
970 5497 1026 5536 se
1055 5481 1271 5532 habere.

321 5580 381 5629 Et
436 5575 548 5627 haec
606 5571 824 5639 quidem
880 5572 945 5624 ad
1002 5571 1333 5638 probandam
1366 5565 1572 5629 (ἔπερσεν,
1598 5565 1789 5619 littera:

242 5669 609 5724 sinceritatem
675 5664 805 5715 satis
861 5664 930 5716 sit
978 5664 1031 5714 in
1087 5659 1369 5727 prtesentia
1426 5656 1663 5722 dihlSsC,
1722 5673 1783 5711 ex

1890 4479 2117 4561 mutavit
2147 4477 2444 4543 eloquium,
2464 4485 2671 4529 tantum
2710 4493 2739 4529 a
2769 4478 2963 4533 Grmcze
2995 4482 3139 4535 vocis
3159 4483 3431 4550 significa-

1890 4567 2400 4631 tionedisccsserit.
2448 4567 2587 4631 Quid
2632 4569 2779 4620 enim
2809 4586 3096 4625 commune
3132 4573 3296 4627 habet
3335 4579 3432 4627 Im-

1891 4673 2074 4709 manus
2118 4672 2239 4721 cum
2292 4657 2479 4723 fideli?
2531 4658 2889 4726 Hieronymus
2952 4671 3139 4730 postea
3197 4664 3318 4727 hoc,
3374 4677 3430 4718 ut

1893 4750 2159 4815 pleraque
2188 4749 2314 4813 alia,
2352 4749 2605 4813 correxit,
2659 4755 2712 4819 et
2741 4749 2977 4803 Graecam
3010 4768 3195 4804 vocuo
3233 4769 3427 4820 reprae-

1892 4849 2135 4901 sentans,
2177 4838 2348 4901 ﬁdelis
2392 4854 2560 4889 sermo
2600 4839 2834 4905 scripsit,
2866 4854 2972 4890 non
3001 4840 3291 4902 humanus;
3325 4857 3430 4908 quo

1894 4935 1949 4982 lit
2010 4945 2062 4981 ut
2114 4945 2213 4983 nec
2266 4931 2456 4981 Latino
2488 4932 2759 4995 .t'uiquatn'
2823 4929 3049 4981 dubium
3085 4945 3203 4984 esse
3236 4934 3430 4986 debeat

1892 5038 2103 5075 errasse
2135 5022 2303 5083 illum,
2339 5019 2430 5087 qui
2466 5033 2559 5087 pro
2607 5018 2775 5085 ﬁdelis
2826 5020 3083 5075 humanus
3111 5032 3267 5074 antea
3296 5030 3430 5075 scri-

1895 5110 2062 5177 pserit
2084 5119 2271 5163 contra
2298 5100 2629 5176 Hieronymi,
2661 5107 2750 5174 qui
2776 5106 2970 5161 Graeca:
2995 5109 3187 5177 lingua:
3219 5101 3431 5176 peritis—

1850 5230 1853 5234 ν
1892 5202 2063 5252 simus
2094 5198 2517 5267 lttit,judicium.
2553 5197 2703 5250 Hunc
2736 5207 2911 5251 tamen
2946 5198 3057 5251 sive
3089 5199 3322 5267 imperiti
3352 5203 3431 5253 in-

1896 5291 2147 5355 terpretis
2170 5303 2265 5341 seu
2298 5285 2640 5353 dormitantis
2667 5302 2909 5341 errorem
2934 5289 3158 5349 librarii,
3188 5288 3429 5351 ita‘scitc,

1893 5385 2132 5449 gr..vitcr
2160 5397 2221 5432 ac
2246 5378 2515 5447 sapienter
2545 5378 2766 5446 exponit
2790 5390 3060 5430 summum
3094 5376 3224 5428 illud
3250 5361 3431 5447 Augu-

1894 5475 2019 5525 szini
2081 5472 2560 5535 acutissimumque
2614 5468 2912 5534 ingenium,
2950 5476 3023 5529 ut,
3078 5470 3433 5533 quemadmo-

1894 5566 2021 5615 dum
2052 5579 2213 5630 supra
2244 5564 2498 5625 diximus,
2534 5556 2756 5611 dimcile
2814 5558 2883 5611 sit
2919 5559 3234 5613 existimare
3276 5564 3433 5617 aliter

1895 5658 2001 5710 dici
2026 5657 2164 5709 dcbu
2192 5658 2301 5719 ssc,’
2336 5655 2433 5706 nisi
2480 5653 2602 5718 quis
2653 5652 2718 5705 ab
2753 5659 2972 5706 auctore
3007 5644 3212 5705 dictum
3264 5653 3433 5711 fuisse
