4106 6322
616 318 617 321 ‘
668 334 788 427 A635

1590 326 2127 401 .‘BESSARIONTS
2156 331 2227 391 's.
2270 330 2342 391 ιι.
2393 332 2453 392 1-1.
2481 332 2939 417 CARDINALIS

3779 335 3880 401 636

680 442 1031 517 perspexerit.
1096 445 1255 510 ‘Quod
1321 454 1378 497 ut
1427 442 1638 504 facilius
1693 444 2049 513 intelligatur,
2088 442 2222 496 libet
2250 446 2521 511 Ationes,
2554 459 2773 509 nonest
2821 407 3075 519 mirabile
3122 442 3558 517 existimandum,
3609 450 3655 505 si
3686 459 3880 520 praeter

682 538 797 604 ipsa
831 534 1137 603 Augustini
1168 534 1347 599 verba,
1403 547 1523 601 quae
1563 533 1616 585 in
1668 546 1921 601 sermone
1957 528 2036 584 De
2056 533 2229 603 verbis
2278 582 2279 585 η

682 626 912 693 Δρομοιί
938 626 1175 698 scripsit,
1200 626 1465 679 inserere.
1497 642 1517 675 ‹
1552 625 1841 689 Audimus,
1867 623 2067 692 inquit,
2098 622 2228 676 bea-
2279 619 2287 623 ’

686 732 793 770 tum
856 717 1082 770 Paulum
1138 715 1481 796 apostolum,
1558 714 1827 769 dicentem
1890 731 1904 767 :
1956 709 2230 777 Humana:

683 804 870 870 sermo,
935 813 980 857 et
1035 805 1174 858 omni
1228 804 1522 869 acceptione
1580 803 1795 870 dignus,
1846 799 1968 867 quia
1992 798 2228 852 Christus

582 922 587 928 -
684 894 832 949 Jews
878 896 1018 948 venit
1068 897 1121 947 in
1191 884 1465 956 mundum,
1518 898 1811 959 peccatores
1840 887 2009 942 salvos
2036 888 2225 956 facere,

684 1000 906 1051 quorum
943 985 1167 1053 primus
1209 999 1299 1052 ego
1329 998 1444 1034 sum
1479 981 1520 1033 ¹.
1558 980 1839 1033 Humanus
1878 992 2008 1046 ergo
2049 992 2228 1030 sermo

626 1096 631 1101 λ
684 1084 739 1129 et
783 1074 946 1129 "omni
1003 1074 1323 1143 acceptione
1383 1071 1597 1139 dignus.
1648 1069 1827 1133 Quare
1886 1058 2156 1121 humanus
2178 1073 2233 1119 et

687 1182 795 1219 non
851 1164 1109 1219 divinus?
1169 1162 1363 1218 Procul
1408 1160 1573 1215 dubio
1623 1159 1727 1212 nisi
1791 1158 1891 1211 iSte
1965 1159 2234 1210 humanus

688 1270 866 1309 sermo
910 1265 967 1307 et
1016 1254 1235 1313 divinus
1298 1261 1471 1315 esset,
1517 1249 1717 1319 dignus
1738 1248 1892 1301 omni
1913 1235 2230 1315 acceptione

691 1359 798 1397 non
872 1351 1037 1396 esset.
1080 1339 1185 1395 Sed
1243 1340 1321 1395 sic
1366 1348 1448 1393 est
1496 1350 1676 1393 sermo
1723 1336 1824 1389 iste
1859 1335 2131 1387 humanus
2174 1339 2229 1384 et

692 1433 908 1487 divinus
968 1432 1242 1501 quomodo
1293 1438 1375 1484 est
1421 1429 1535 1496 ipse
1596 1426 1843 1481 Christus
1892 1432 1946 1478 et
1978 1424 2141 1476 homo
2181 1430 2234 1474 ct

694 1527 858 1579 Deus.
920 1523 978 1578 Si
1015 1533 1163 1577 recte
1206 1521 1555 1589 intelligimus
1586 1532 1890 1571 sermonem
1923 1515 2086 1568 istum
2126 1528 2235 1566 non

694 1617 870 1668 solum
924 1614 1219 1667 humanum
1269 1625 1409 1673 esse,
1472 1622 1659 1661 verum
1725 1606 1889 1659 etiam
1964 1604 2231 1669 divinum,

626 1769 632 1773 ο
694 1720 864 1776 quare
926 1702 1215 1771 Apostolus
1260 1701 1571 1753 humanum
1602 1697 1785 1750 dicere
1842 1682 2031 1761 maluit
2068 1709 2228 1763 quam

2328 530 2515 590 veram"
2566 539 2791 607 alicujus
2842 538 3198 597 auctoritatis
3235 542 3587 603 sententiam,
3642 541 3745 595 alia
3776 541 3881 594 mi-

2330 638 2431 679 nus
2473 637 2617 682 recta
2665 626 2896 683 diversis
2952 629 3259 703 rationibus
3316 629 3391 684 ita
3442 628 3793 695 defendatur,
3826 638 3882 683 ut

2332 716 2485 787 recte
2522 717 2766 771 videatur
2814 731 2880 771 ex
2938 717 3082 771 omni
3138 726 3288 786 parte
3319 719 3638 775 consistere.
3670 718 3884 774 Etenim

2324 818 2454 861 cum
2492 809 2546 860 in
2577 807 2786 861 caeteris
2815 800 3121 877 disciplinis
3159 805 3610 865 ’omnibus‘voces
3645 806 3887 863 tantum-

2330 897 2491 950 modo
2540 898 2671 961 sint,
2720 914 2839 966 quae
2890 914 2979 953 res
3011 898 3333 968 signiﬁcent,
3376 897 3481 953 hoc
3500 897 3780 967 proprium
3804 914 3888 952 est

2323 999 2393 1038 ac
2420 976 2701 1053 peculiare
2726 986 3016 1056 Scriptura:
3063 1003 3250 1049 sacrae,
3300 986 3455 1056 'quod
3494 1000 3603 1040 non
3631 980 3792 1040 modo
3833 987 3886 1039 in

2330 1082 2400 1131 ea
2444 1091 2601 1131 voces
2663 1092 2749 1131 res
2798 1076 3121 1146 signiﬁcant,
3181 1076 3275 1132 sed
3338 1077 3502 1131 etiam
3538 1091 3629 1131 res
3655 1090 3755 1145 per
3785 1075 3889 1129 hu-

2325 1167 2563 1236 jusmodi
2610 1183 2771 1223 voces
2825 1159 3159 1238 signiﬁcate,
3224 1162 3313 1238 res
3353 1168 3488 1223 alias
3555 1166 3887 1235 signiﬁcant.

2332 1255 2469 1311 Hinc
2492 1267 2574 1312 est
2610 1260 2751 1327 quod
2783 1275 2890 1313 non
2928 1261 3111 1337 \modo
3143 1260 3297 1329 juxta
3336 1259 3595 1325 litteram,
3630 1257 3726 1311 sed
3755 1257 3891 1310 alle-

2333 1350 2516 1427 gorice
2542 1358 2594 1402 ct
2615 1349 2911 1414 moraliter,
2931 1358 2985 1403 et
3004 1350 3291 1418 anagogice
3321 1362 3528 1403 sacram
3545 1345 3887 1415 Scripturam

2332 1436 2630 1516 exponunt.
2670 1441 2836 1499 italut
2866 1441 3071 1508 quasvis
3119 1442 3237 1510 ejus
3261 1437 3525 1509 particula
3545 1438 3613 1491 ad
3647 1438 3889 1505 aliquem

2335 1532 2560 1585 istorum
2590 1526 2844 1586 sensuum
2876 1531 3061 1603 reduci
3084 1533 3271 1600 possit.
3299 1532 3367 1585 At
3390 1530 3479 1584 ubi
3501 1529 3759 1583 historica
3788 1542 3889 1581 seu

2335 1623 2584 1687 lit’teralis
2617 1623 2883 1690 expositio
2936 1622 3309 1690 prosequenda
3348 1629 3453 1686 est,
3486 1606 3592 1674 nisi
3640 1632 3769 1679 vera
3817 1619 3894 1672 ait

2333 1712 2538 1777 littera,
2566 1725 2755 1765 sensus
2785 1710 3294 1779 quoqueclaudicet
3324 1696 3545 1764 necesse
3572 1699 3674 1763 est.

698 1793 973 1848 divinum?
1013 1793 1204 1847 Procul
1246 1791 1409 1845 dubio
1444 1791 1588 1853 enim
1617 1788 1708 1855 qui
1735 1802 1849 1875 ‘non
1879 1788 2228 1847 mentiretur,

2403 1800 2556 1866 Quod
2582 1815 2713 1872 vero
2741 1800 2979 1853 secundo
3032 1800 3153 1853 loco
3212 1806 3486 1862 asserunt,
3535 1797 3674 1851 nihil
3728 1811 3892 1866 pror:

696 1886 741 1937 si
794 1882 999 1938 dieeret
1050 1868 1313 1948 divinum,
1338 1898 1445 1934 non
1482 1881 1600 1954 sine
1630 1863 1790 1932 causa
1836 1878 2232 1931 maluitdicere

623 1974 633 1982 ’
696 1988 1014 2046 humanum.
1044 1976 1155 2028 lloc
1198 1987 1326 2041 ergo
1370 1972 1551 2039 elegit,
1584 1983 1680 2039 per
1719 1967 1863 2035 quod
1899 1964 2149 2020 Christus
2179 1965 2235 2015 in

698 2067 956 2119 mundum
1006 2066 1177 2120 venit.
1226 2063 1383 2116 Venit
1426 2062 1571 2114 enim
1614 2074 1709 2127 per
1735 2057 1880 2125 quod
1910 2058 2069 2109 homo
2096 2063 2232 2119 erat,

698 2174 804 2210 non
861 2171 957 2223 per
1020 2146 1357 2223 quodDeus
1401 2160 1535 2204 erat.
1593 2150 1822 2217 Semper
1851 2148 1938 2201 hic
1962 2156 2101 2199 erat.
2134 2145 2237 2199 Ubi

696 2250 840 2298 enim
896 2259 1006 2325 pou
1055 2251 1137 2296 est
1209 2243 1372 2306 Deus,
1422 2242 1513 2310 qui
1538 2240 1712 2294 dixit:
1746 2238 1945 2291 Caelum
1972 2246 2017 2290 et
2046 2245 2239 2287 ter-ram

699 2352 791 2405 ego
851 2335 1042 2403 impleo
1074 2334 1135 2386 '?
1168 2333 1416 2387 Christus
1460 2340 1607 2384 certe
1635 2338 1719 2384 est
1764 2326 2029 2397 sapientia
2052 2335 2105 2379 et
2136 2342 2240 2377 vir-

703 2437 788 2493 tus
842 2425 1046 2479 Dei~~de
1098 2440 1203 2494 qua
1255 2424 1475 2481 dicitur,
1525 2422 1747 2489 Attingit
1787 2437 1819 2472 a
1854 2419 1958 2487 ﬁne
1989 2417 2239 2486 usquead

701 2521 860 2583 ﬁnem
901 2517 1124 2586 fortitei,
1162 2525 1209 2567 et
1257 2510 1481 2582 disponit
1536 2513 1707 2565 omnia
1751 2513 1980 2564 suaviter
2010 2510 2050 2567 ³.
2100 2510 2240 2577 Ergo

702 2613 755 2663 in
798 2610 900 2663 hoc
945 2605 1149 2662 mundo
1204 2614 1342 2671 erat,
1397 2613 1453 2658 et
1480 2602 1713 2657 mundus
1741 2617 1835 2670 per
1866 2602 2040 2670 ipsum
2069 2599 2241 2653 lactus

700 2709 802 2764 est,
836 2708 892 2752 et
923 2697 1157 2751 mundus
1180 2710 1305 2750 eum
1341 2709 1445 2748 non
1478 2692 1749 2761 cognovit.
1800 2692 1861 2744 Et
1894 2690 1985 2743 hic
2008 2699 2153 2750 erat,
2186 2697 2241 2742 et

703 2791 851 2844 venit
884 2808 899 2845 :
930 2790 1020 2845 hic
1073 2797 1192 2843 erat
1241 2802 1338 2856 per
1390 2784 1627 2839 divinam
1685 2784 2041 2849 maiestatem,
2096 2780 2244 2852 venit

702 2896 801 2949 per
848 2880 1134 2932 humanam
1187 2878 1575 2930 inﬁrmitatem.
1635 2874 1785 2953 Quia
1808 2886 1938 2938 ergo
1970 2871 2127 2930 venit,
2150 2860 2246 2935 per

704 2967 1072 3019 inﬁrmitatem
1116 2966 1420 3027 humanam,
1455 2962 1575 3013 ideo
1631 2960 1927 3027 praedicans
1958 2958 2245 3025 adventum

2336 1906 2426 1945 sus
2450 1891 2502 1942 in
2528 1890 2805 1957 Scriptura
2835 1904 2987 1942 sacra
3024 1888 3399 1963 innovandum
3430 1901 3552 1941 esse
3580 1886 3892 1967 ,‘ir‘npium-

2338 1977 2445 2049 que
2501 1994 2617 2032 esse
2638 1964 2736 2031 "ex
2792 1991 2857 2031 ea
2914 1978 3235 2031 imminuere
3267 1977 3490 2047 aliquid,
3529 1964 3621 2029 vel.
3654 1986 3889 2038 mutare,

2340 2081 2406 2121 an
2467 2070 2537 2121 ita
2597 2068 2688 2133 sit,
2737 2066 3096 2141 Hieronymus
3140 2066 3253 2131 ipse
3305 2054 3649 2133 respondeat,
3686 2064 3802 2135 qui,
3828 2073 3893 2117 ut

2340 2176 2501 2240 supra
2563 2160 2870 2224 retulimus,
2918 2174 3024 2214 non
3061 2160 3236 2214 solum
3270 2168 3537 2224 mutasse,
3569 2144 3888 2215 sed'emen-
3938 2227 3943 2230 _

2324 2248 2499 2304 '"d‘asse
2550 2265 2607 2304 se
2661 2266 2724 2304 ac
2772 2249 3073 2307 Correxisse
3106 2249 3413 2320 proﬁtetur,
3450 2264 3570 2318 quae
3604 2264 3637 2302 a
3679 2263 3891 2317 praece—

2340 2338 2593 2393 ilentihus
2658 2340 3043 2409 interpretibus
3098 2340 3240 2394 male
3286 2341 3427 2395 dicta
3469 2341 3700 2404 invenit,
3733 2340 3820 2393 vel
3859 2356 3890 2392 a

2344 2431 2790 2500 praesumptuosis
2846 2431 3132 2485 emendata
3184 2431 3513 2500 perversius,
3543 2431 3627 2499 vel
3654 2446 3686 2484 a
3722 2430 3894 2483 libra-

2343 2520 2440 2574 riis
2495 2508 2914 2574 dorm'itantibus
2968 2520 3149 2575 addita
3181 2521 3279 2575 .vel
3312 2530 3663 2577 commutata.
3700 2502 3893 2591 Neque

2344 2610 2517 2664 solum
2575 2607 2757 2672 Vetus,
2817 2610 2911 2665 sed
2963 2611 3172 2665 Novum
3232 2612 3393 2665 etiam
3443 2611 3888 2674 Testamentdm,

2326 2703 2628 2769 ipsumque
2682 2691 3029 2769 Evan‘gelium
3090 2710 3345 2771 tanquam
3386 2711 3541 2756 antea
3574 2712 3913 2771 corruptum.

2344 2791 2661 2844 emendasse
2720 2806 2777 2842 se
2811 2791 3082 2857 praedicat,
3112 2802 3170 2843 nt
3207 2792 3532 2859 posteriores
3595 2792 3758 2845 etiam
3815 2793 3895 2845 ie.

2310 2940 2319 2951 l_
2349 2876 2510 2938 cisse,
2536 2875 2817 2951 Scriptura
2860 2875 3101 2927 eamdem
3147 2876 3427 2942 jacturam,
3452 2885 3571 2943 post
3629 2873 3897 2945 llier‘ony-

2356 2977 2501 3015 mum
2554 2976 2729 3030 passa,
2762 2976 2923 3030 supra
2958 2963 3470 3019 demonstravimus.
3502 2965 3556 3019 Si
3592 2966 3762 3034 igitdr
3784 2982 3893 3019 non

706 3057 855 3122 ejus.
878 3054 1015 3107 dixit
1048 3052 1301 3104 humanas
1356 3064 1525 3102 sermo
1548 3048 1590 3101 ⁸.
1636 3047 1754 3101 Non
1792 3040 2115 3099 liberaretur
2148 3046 2249 3099 hu-
2278 3079 2321 3138 ϐ
2352 3053 2597 3120 impium,
2622 3052 2717 3106 sed
2742 3054 2909 3120 pium,
2947 3053 3053 3105 imo
3084 3069 3213 3108 vero
3271 3055 3571 3123 piissimum
3602 3055 3731 3119 fuit,
3768 3056 3890 3113 Hie-

710 3158 926 3197 manum
979 3147 1169 3213 genus,
1224 3140 1329 3195 nisi
1386 3154 1563 3194 sermo
1609 3136 1706 3191 Dei
1762 3138 2077 3205 dignaretur
2127 3150 2247 3189 esse

709 3236 1001 3289 humanus.
1055 3232 1190 3285 Nam
1237 3241 1292 3285 et
1350 3237 1510 3284 homo
1559 3229 1649 3284 ille
1705 3227 1904 3282 dicitur
1954 3228 2246 3291 humanus,

710 3328 802 3395 qui
852 3341 909 3381 se
955 3325 1173 3381 exhibet
1220 3323 1451 3385 homini,
1504 3332 1560 3376 ct
1588 3368 1591 3369 ν
1619 3321 1851 3374 maxime
1882 3319 1973 3387 qui
2008 3318 2245 3395 hospitio

707 3416 935 3486 suscipit
984 3414 1280 3470 hominem.
1339 3413 1393 3466 Si
1446 3427 1584 3481 ergo
1603 3411 1874 3467 humanus
1902 3409 2117 3473 dicitur,
2156 3409 2247 3478 qui

709 3510 764 3562 in
817 3509 978 3563 domo
1026 3521 1123 3563 sua
1179 3504 1409 3573 suscipit
1459 3503 1947 3573 bominem,-quam
1980 3503 2249 3556 humanus

709 3609 812 3664 est,
870 3600 963 3669 qui
1010 3599 1065 3652 in
1113 3613 1172 3653 se
1215 3598 1440 3665 suscipit
1475 3593 1792 3649 hominem?
1822 3596 1961 3663 Ergo
1990 3594 2248 3647 humanus

705 3706 893 3755 sermo,
921 3700 968 3742 et
1004 3690 1153 3741 omni
1190 3687 1488 3755 acceptione
1516 3686 1721 3753 dignus.
1758 3700 1777 3733 ι
1819 3682 2047 3738 Videsne
2079 3692 2136 3737 ut
2172 3686 2250 3737 lo-

711 3794 835 3832 cum
894 3779 1041 3831 bunc
1092 3776 1463 3830 sanctissimus
1516 3773 1707 3826 doctor
1738 3771 1975 3841 graviter
2004 3771 2249 3825 luculeno

711 3878 899 3935 terque
934 3865 1175 3933 exponit,
1201 3864 1291 3917 ubi
1341 3871 1542 3925 tamen,
1588 3862 1917 3928 Hieronymo
1951 3868 2109 3925 teste,
2142 3876 2246 3913 non

710 3968 855 4013 recte
885 3960 1165 4021 humanus,
1199 3955 1292 4010 sed
1324 3954 1492 4019 ﬁdelia
1523 3953 1813 4005 dicendum
1848 3958 1967 4003 esse
1997 3952 2251 4025 explora:

711 4053 862 4106 tum?
887 4052 1005 4105 Non
1052 4060 1138 4103 est
1178 4048 1339 4116 igitur
1368 4043 1656 4109 ,suiﬁciens
1686 4041 1930 4095 veritatis
1963 4054 2254 4107 argumen-

713 4155 849 4205 tum,
903 4142 1026 4193 ideo
1061 4141 1140 4192 sic
1186 4134 1537 4207 scribendum
1588 4145 1827 4184 asserere
1858 4128 1984 4197 quia
2008 4143 2132 4181 cum
2169 4130 2250 4181 lo-

712 4246 834 4285 cum
898 4228 1229 4295 Augustinus
1273 4235 1323 4278 et
1390 4222 1635 4276 nonnulli
1666 4222 1755 4273 alii
1786 4221 2039 4275 doctores
2068 4221 2138 4275 ita
2162 4236 2255 4275 ex-

715 4327 1029 4389 posuerunt.
1101 4316 1484 4386 liieronymum
1542 4323 1717 4366 autem
1774 4313 1847 4365 ita
1891 4322 2250 4381 exponentem

2349 3157 2630 3212 ronymum
2676 3141 2804 3196 talia
2859 3142 3168 3207 emendare,
3198 3144 3467 3213 addendo,
3496 3145 3898 3211 subtrahendo,

2349 3229 2651 3299 mutando:
2693 3235 2738 3288 si
2791 3236 3186 3305 posterioribus
3264 3227 3451 3303 licdit,
3519 3253 3681 3310 prout
3744 3256 3899 3297 certe

2347 3327 2520 3391 licuit,
2580 3327 2768 3395 quavis
2817 3340 2976 3383 causa
3011 3336 3158 3384 ortos
3208 3344 3425 3406 errores
3479 3330 3797 3406 corrigere,
3829 3348 3897 3386 ex

2348 3434 2456 3489 quo
2516 3426 2595 3474 tut
2644 3420 2927 3473 doctorum
2996 3420 3231 3474 virorum
3289 3402 3414 3474 libri
3453 3402 3903 3491 Πρέπει-μημιιυί-

2348 3512 2450 3566 bus
2471 3511 2860 3565 correctorium
2900 3507 3099 3564 Biblia:
3145 3525 3339 3564 nomen
3368 3522 3450 3564 est
3512 3512 3771 3578 inditum,
3797 3528 3904 3567 cur

2346 3587 2621 3658 idnostra:
2677 3602 2850 3671 aetatis
2902 3600 3213 3657 hominibus
3258 3618 3365 3656 non
3412 3584 3907 3658 licentiAudeant

2347 3693 2530 3763 itaque
2582 3694 2757 3761 primo
2807 3691 3219 3758 Hieronymum,
3283 3702 3337 3746 et
3397 3700 3624 3747 caeteros
3651 3695 3745 3763 qui
3771 3710 3904 3748 eum

2348 3786 2520 3839 secuti
2572 3794 2717 3849 sunt,
2750 3783 3037 3841 Ecclesia:
3092 3784 3567 3852 doctoreslimpios
3601 3784 3809 3850 dicere,
3848 3795 3908 3839 et

2350 3884 2479 3930 tunc
2507 3891 2603 3929 nos
2630 3888 2843 3942 quoque
2903 3872 3145 3943 ejusdem
3201 3862 3448 3928 criminis
3473 3883 3755 3944 peragant.
3791 3875 3905 3930 Sed

2350 3965 2466 4019 hare
2521 3972 2670 4016 certe
2709 3972 2802 4014 aut
2856 3964 3070 4017 rudium
3134 3964 3415 4018 hominum
3455 3964 3622 4018 verba
3651 3976 3777 4019 sunt
3807 3980 3909 4020 aut

2354 4052 2734 4104 maievolorum
2765 4048 3011 4118 maleque
3039 4049 3401 4121 dicentiumk,
3778 4072 3781 4073 '

2421 4140 2573 4210 Nunc
2610 4138 2676 4190 ad
2699 4138 2829 4190 illud
2863 4138 3005 4205 quod
3058 4126 3716 4208 tertio'loco'posuerunt,
3744 4159 3911 4213 argu-

2354 4240 2593 4284 mentum
2626 4228 2970 4296 responsuri,
3000 4229 3046 4281 si
3092 4229 3528 4294 conjunctionem
3563 4232 3687 4285 ideo
3711 4235 3912 4287 condi-

2357 4320 2616 4374 tionalem
2657 4317 2764 4372 dici
2796 4316 3123 4371 aﬁirmamus
3147 4353 3162 4379 ,
3191 4317 3336 4386 quod
3372 4333 3647 4386 nunquam
3678 4336 3805 4375 vera
3835 4326 3913 4377 sit

715 4426 823 4464 non
880 4406 1224 4460 meminimus
1266 4405 1483 4474 legisse.
1543 4404 1698 4460 Patet
1756 4404 1858 4456 hoc
1898 4402 2051 4456 idem
2086 4403 2251 4468 illius,
2282 4392 2330 4447 D
2357 4409 2461 4463 nisi
2490 4408 2802 4461 conditione
2840 4405 3105 4474 completa
3132 4444 3147 4471 ,
3185 4413 3241 4458 et
3282 4392 3526 4474 regulam
3564 4404 3703 4461 hanc
3744 4422 3912 4473 quam

714 4511 875 4565 quem
929 4509 1091 4563 supra
1152 4494 1606 4557 memoravimus,
1662 4492 1863 4546 Nicolai
1912 4488 2253 4548 bibliothecis:

714 4586 1040 4654 suﬁraganei
1066 4584 1269 4648 verbis,
1301 4582 1395 4651 qui
1424 4574 1546 4651 post
1577 4584 1741 4634 multa
1773 4597 1891 4649 qua:
1924 4598 2251 4638 commemo-

716 4680 874 4742 ravit,
938 4676 1198 4731 mendose
1252 4675 1337 4729 vcl
1396 4676 1651 4728 translata
1700 4676 1782 4728 vel
1840 4682 1935 4743 per
1996 4673 2251 4731 librarios

714 4769 935 4837 scripta,
960 4754 1117 4822 addit
1148 4768 1453 4835 postremo,
1487 4781 1507 4813 ι
1545 4762 1789 4839 Quorum
1848 4764 2249 4820 mendaciorum

717 4858 973 4912 nonnulla
1019 4859 1185 4915 etiam
1234 4858 1476 4925 exposita
1526 4855 1793 4924 reperisse
1834 4869 1919 4907 me
1950 4855 2191 4910 memini.
2234 4875 2251 4905 ι

720 4950 797 5001 Ex
821 4949 1019 5019 quibus
1070 4948 1250 5003 verbis
1298 4951 1519 5016 apparet
1544 4946 1786 5015 potuisse
1810 4947 1991 5015 aliqua
2013 4962 2043 4998 κ
2064 4945 2260 4999 docto-

722 5038 883 5091 ribus.
900 5036 1117 5105 exponi,
1144 5038 1262 5105 qui,
1286 5038 1524 5107 linguam
1576 5038 1717 5092 unde
1743 5038 1998 5091 translata
2022 5036 2259 5099 fuerant,

723 5130 1050 5196 ignorantes,
1090 5129 1321 5182 litteram
1370 5143 1530 5197 quam
1578 5129 1921 5199 reperiebant
1953 5128 2261 5183 necessario

720 5217 1113 5284 sequebantur,
1161 5225 1217 5269 et
1270 5202 1623 5271 nihilominus
1685 5233 1804 5273 esse
1859 5218 2137 5272 mendosa.
2177 5218 2258 5273 Ad

724 5310 843 5363 haec
871 5310 1098 5375 accedit,
1137 5312 1449 5378 quodcum
1492 5325 1656 5365 sacrae
1687 5313 1904 5375 litterae,
1934 5298 2258 5377 sicutsupra

626 5466 631 5469 ν
725 5401 925 5451 dictum
980 5409 1091 5462 est,
1137 5408 1297 5454 tanta:
1359 5402 1467 5454 sint
1529 5401 1939 5469 profunditatis,
1975 5408 2032 5464 ut
2082 5401 2259 5452 varios

726 5500 937 5550 sensus,
991 5488 1287 5565 multasque
1335 5499 1389 5539 et
1445 5488 1686 5541 diversas
1715 5490 2017 5556 suscipiant
2045 5489 2261 5555 exposi-

2355 4500 2594 4561 tradunt,
2642 4509 2697 4551 ut
2731 4512 2922 4552 novam
2967 4496 3188 4565 quidem
3234 4486 3546 4564 temereque
3608 4495 3911 4562 inventam,

2354 4590 2575 4643 minime
2602 4603 2794 4653 veram
2835 4589 3150 4644 asserimus.
3192 4586 3378 4655 Neque
3406 4588 3552 4641 enim
3587 4586 3910 4652 indicativo,

2342 4679 2469 4732 sive
2499 4666 3221 4747 praesenti‘sivepraeterito,
3258 4668 3445 4745 juncta
3466 4716 3482 4741 ,
3520 4676 3914 4732 conditionalis

2353 4781 2565 4838 semper
2596 4752 2717 4823 vera
2737 4776 2843 4829 est,
2874 4754 2965 4820 sed
2996 4765 3300 4835 aliquando
3326 4766 3493 4823 etiam
3533 4764 3668 4820 falsa
3688 4783 3709 4835 ;_
3732 4781 3914 4835 neque

2358 4875 2481 4913 cum
2511 4858 2855 4927 subjnnctivo
2875 4857 3070 4925 posita,
3094 4858 3227 4911 falsa
3244 4858 3479 4927 semper,
3496 4858 3596 4931 sed
3617 4858 3913 4927 aliquando

2356 4936 2699 5018 vera,'prout
2742 4962 2809 5002 ex
2835 4935 3015 5000 rerum
3051 4947 3361 5006 conditione
3398 4934 3606 5004 falsitas
3639 4950 3913 5003 veritasve

2360 5032 2647 5108 colligitur.
2702 5036 2853 5103 Quod
2887 5048 2945 5092 ut
2996 5037 3336 5094 manifestius
3378 5038 3740 5109 intelligatur,
3772 5040 3911 5108 quid

2360 5130 2692 5198 grammatici
2713 5128 2986 5211 sentiant,
3014 5127 3253 5182 dicemus
3277 5165 3293 5195 ,
3340 5115 3536 5183 deinde
3562 5118 3810 5199 quedam
3839 5146 3910 5183 ex

2348 5220 2644 5274 .dialectica
2698 5219 3104 5288 subjungemus.
3160 5215 3509 5274 Grammatici
3571 5220 3762 5274 Omnes
3798 5230 3911 5273 tam

2326 5297 2533 5361 ‘Graeci
2560 5306 2961 5375 quam'Latini,
3001 5314 3056 5358 et
3106 5305 3161 5357 in
3200 5304 3390 5373 primis
3439 5305 3770 5373 Priscianus,
3810 5309 3910 5378 qui

2364 5414 2470 5449 non
2528 5397 2687 5449 modo
2746 5396 2990 5463 sequitur
3038 5394 3288 5461 Graecos,
3346 5396 3438 5450 sed
3506 5396 3561 5450 id
3614 5413 3672 5451 se
3727 5398 3911 5473 facere

2364 5473 2564 5563 multis'
2587 5486 2639 5537 in
2686 5485 2817 5539 locis
2854 5486 3139 5553 gloriatur,
3175 5492 3217 5537 st
3264 5486 3706 5555 conjunctionem
3731 5488 3911 5541 conti-

797 5671 813 5700 ι
848 5668 868 5719 ι
900 5668 1036 5722 'l'im.
1068 5686 1106 5733 ι,
1151 5671 1234 5725 l5.
1300 5673 1320 5701 ²
1357 5672 1555 5731 Jerem.
1588 5692 1739 5737 xxm,
1765 5676 1852 5729 24.
1930 5676 1948 5705 ³
1974 5674 2098 5734 Sat).
2128 5687 2242 5733 VH1.

2342 5650 2351 5659 ’
2398 5669 2417 5703 ’θ
2465 5669 2657 5722 ΙΤὶιῐι.
2694 5685 2731 5730 ι,
2778 5669 2860 5721 15.
