4106 6322
669 244 737 305 63
759 255 773 302 t

1638 237 2142 297 BESSARiONtS
2178 238 2232 296 S.
2282 239 2348 295 li.
2396 236 2943 295 E.ACARDINAL[S

3774 229 3883 295 63:0

660 354 784 420 quid
850 352 915 403 ad
971 352 1057 403 te?
1125 349 1409 403 comedere
1456 363 1512 400 se
1558 357 1675 399 actu
1706 347 1952 399 allirmat.
1991 339 2130 409 Q‘uid
2178 344 2222 398 si
2258 356 2297 406 Α
2331 361 2549 415 quoque
2606 358 2813 415 partem
2857 347 3109 398 intactam
3178 342 3502 412 praeteriisse
3556 341 3881 404 videamur,

665 444 811 493 idem
867 441 1071 494 dicatur
1135 454 1240 491 non
1283 436 1621 492 comedenti?
1661 436 1849 488 Nonne
1904 444 1959 488 et
2008 436 2097 486 ille
2147 435 2220 484 ita

668 534 1050 601 respondebit,
1096 530 1153 583 Si
1201 529 1432 593 comedo,
1462 528 1583 597 quid
1618 528 1685 579 ad
1721 526 1815 578 te?
1862 541 1968 579 non
2003 514 2223 592 quidem

668 634 728 678 ut
759 625 901 678 vesci
942 638 998 677 se
1030 623 1286 675 carnibus
1317 620 1573 682 fateatur,
1603 619 1695 671 sed
1729 628 1788 671 ut
1824 619 1961 671 falso
1989 631 2223 684 arguen-

664 725 776 770 tem
810 713 1049 774 irrideat,
1084 720 1137 763 et
1174 711 1431 778 injustum
1462 719 1835 761 accusatorem
1864 706 2042 759 irritet
2064 715 2224 771 atque

669 812 999 856 contemnat.
1032 799 1172 863 Quid
1222 800 1266 850 si
1309 811 1375 849 eo
1418 795 1505 849 die
1553 793 1845 847 comedens
1893 800 2109 851 carnes,
2159 788 2225 840 ab

670 868 986 945 accusatore
1022 902 1122 941 suo
1156 895 1475 954 provocatus
1506 926 1521 947 ,
1548 884 1619 937 ita
1655 882 2019 950 respondeat,
2050 880 2107 933 Si
2139 896 2226 931 co-

670 982 818 1040 medo
848 979 925 1032 rei
961 994 1063 1031 non
1083 976 1309 1041 comedo,
1332 975 1455 1043 quid
1478 974 1545 1025 ad
1567 974 1652 1025 te!
1683 980 1825 1025 recta
1854 980 1999 1024 certe
2022 968 2226 1022 locutio

671 1073 797 1133 erit,
840 1087 905 1123 an
960 1069 1078 1121 ideo
1110 1067 1373 1125 dieemus,
1420 1064 1675 1132 quoniam
1726 1059 2106 1115 conditionalis
2140 1058 2225 1111 in-

673 1164 907 1215 dicativo
939 1157 1304 1227 Conjttngitur,
1337 1154 1739 1224 approbativam
1764 1166 1903 1215 esse,
1925 1164 2225 1227 verumque
2258 1194 2259 1197 η

672 1269 815 1314 csse,
840 1252 978 1320 quod
1034 1251 1120 1301 illc
1153 1261 1342 1300 carnes
1379 1246 1521 1307 edat,
1573 1253 1626 1298 et
1667 1258 1773 1295 non
1802 1246 1975 1295 edat:
2012 1241 2064 1294 id
2095 1256 2225 1293 vero

675 1341 976 1396 ne.insani
1031 1337 1246 1405 quidem
1296 1336 1616 1389 faterentur.
1675 1334 1754 1385 An
1800 1347 1929 1384 vero
1978 1331 2225 1384 dicemus

677 1448 835 1485 unam
868 1430 1081 1499 quidem
1116 1438 1327 1495 partem
1357 1433 1713 1486 veram'csse,
1749 1423 1973 1475 alteram
2000 1422 2226 1493 falsam?

678 1524 889 1575 Falsdm
917 1521 1077 1587 igitur
1098 1518 1223 1579 erit,
1244 1516 1457 1583 quoties
1475 1517 1517 1566 si
1540 1512 1831 1566 indicativo
1858 1512 2223 1579 conjungitur,

675 1627 794 1665 esse
845 1608 1270 1677 approbativam.
1314 1603 1466 1669 Quod
1495 1618 1650 1665 ,vero
1708 1587 2040 1662 adversarii,
2080 1601 2227 1652 velut

2331 427 3115 505 llieronvmum,Augustinum
3146 445 3473 503 ctetcrosque
3497 443 3553 488 et
3586 443 3799 487 veteres
3829 444 3885 486 et

2329 542 2497 583 novos
2542 527 2793 581 doctores
2852 528 3326 595 0pp0ttimus,rqui
3373 540 3495 579 cum
3557 543 3666 580 non
3717 527 3885 579 modo

2328 616 2598 678 catholici,
2635 630 2822 669 verum
2873 615 3034 668 etiam
3092 614 3420 667 sanctissimi
3476 614 3677 669 fuerint
3716 624 3884 684 atque

2330 704 2651 769 habeantur,
2708 703 2871 756 multa
2922 712 3097 755 tamen
3134 710 3186 755 et
3226 702 3280 755 in
3331 691 3502 755 Veteri
3536 718 3602 755 ex
3632 704 3884 767 Hebraeo,

2328 801 2381 845 ct
2416 793 2468 845 in
2496 792 2645 845 N'ovo
2674 792 3019 847 Testamento
3045 808 3109 845 ex
3140 793 3324 845 Greco
3364 792 3509 844 fonte
3536 792 3739 859 edocti,
3767 810 3887 846 mu-

2330 893 2462 947 tare,
2501 882 2739 944 demere,
2768 882 2989 945 addere,
3042 882 3335 950 corrigere,
3372 881 3688 947 emendare,
3737 899 3890 944 rese-

2328 989 2471 1037 care,
2502 956 2814 1036 reforinare,
2840 982 2914 1036 et,
2956 970 3014 1025 ut
3039 988 3225 1025 eorum
3249 972 3429 1026 verbis
3454 985 3595 1035 utar,
3622 971 3886 1027 readderc

2329 1080 2432 1115 non
2482 1064 2859 1126 eru'buerunt,
2892 1048 3344 1130 quemadmodum
3409 1063 3461 1115 in
3513 1063 3889 1130 superioribus

2327 1152 2458 1203 satis
2482 1142 2749 1218 superque
2780 1168 2807 1203 a
2840 1152 2998 1203 nobis
3048 1160 3321 1203 ostensum
3357 1160 3631 1217 putamus.
3661 1152 3883 1214 Verum,

2329 1252 2386 1295 ut
2414 1242 2704 1310 aliquando
2734 1242 2947 1295 dicendi
2976 1244 3132 1294 linem
3168 1232 3448 1304 faciamus,
3473 1240 3886 1309 dissolutisjam

2329 1343 2488 1399 atque
2518 1332 2759 1385 rescissis
2785 1332 3222 1385 adversariorum
3262 1334 3619 1401 argumentis,
3648 1333 3887 1386 dicimus

2328 1424 2665 1490 ingenueque
2714 1430 3011 1486 testamur,
3041 1423 3204 1477 licere
3256 1422 3448 1485 cuivis,
3502 1431 3612 1476 tum
3656 1425 3887 1477 veritate

2329 1514 2432 1575 rei,
2464 1524 2579 1567 tum
2606 1511 2804 1566 Graeca:
2833 1522 2994 1581 atque
3022 1514 3302 1582 originalis
3329 1515 3537 1583 tlingute
3589 1514 3887 1567 concordia

2330 1605 2491 1669 freto,
2521 1604 2727 1672 absque
2770 1604 2878 1656 ullo
2913 1615 3058 1656 metu
3085 1605 3336 1671 aliquove
3366 1605 3577 1673 injuste
3603 1606 3889 1658 calumniae

682 1704 854 1755 tacita:
887 1699 1176 1768 objectioni
1210 1694 1621 1765 respondentes,
1645 1707 1752 1745 non
1786 1694 1888 1744 vim
1936 1692 2227 1744 verborum
2256 1666 2303 1723 Β
2332 1692 2591 1760 periculo,
2626 1707 2746 1745 cum
2779 1702 2969 1745 sancto
2993 1693 3335 1760 Evangelista
3360 1692 3669 1778 Graecisque
3702 1696 3891 1749 docto—

681 1804 734 1844 et
766 1805 983 1843 sensum
1013 1786 1336 1839 intellexisse
1365 1784 1671 1842 Dominum,
1701 1780 1795 1835 sed
1828 1795 2024 1849 negare
2055 1781 2233 1832 Evan-~

682 1880 943 1944 gelistam,
961 1877 1129 1937 aiunt,
1153 1875 1299 1926 illum
1331 1871 1701 1940 hujuscemodi
1727 1870 1892 1923 verba
1918 1871 2229 1938 protulisse,

685 1981 863 2037 inepta
889 1982 1017 2021 sane
1039 1977 1089 2019 et
1116 1965 1339 2034 puerilis
1383 1963 1736 2031 Evangelisttc
1774 1964 2038 2015 sententia
2070 1960 2229 2021 foret,

682 2061 731 2113 si
758 2061 933 2112 sciens
952 2056 1233 2109 Dominum
1254 2053 1391 2106 velle
1411 2068 1466 2106 se
1487 2054 1538 2105 iu
1561 2054 1661 2104 hac
1681 2052 1787 2103 vita
1816 2065 2031 2125 manere
2067 2053 2235 2103 donec

688 2150 917 2209 veniret,
946 2142 1348 2211 condiscipulos
1378 2142 1544 2194 veluti
1562 2141 1702 2193 falsa
1740 2140 2026 2209 opinantes
2056 2140 2236 2192 redar.

689 2248 896 2307 gucret,
951 2236 1110 2302 idque
1157 2234 1416 2289 duntaxat
1466 2231 1768 2300 prolatione
1800 2224 2124 2294 verborum;
2179 2232 2234 2283 in

689 2345 801 2399 quo
852 2329 926 2381 illi
974 2325 1190 2396 quidem
1242 2307 1467 2377 mirifice
1515 2322 1692 2376 forent
1729 2316 2022 2387 laudandi,
2066 2322 2234 2375 nimio

689 2419 937 2472 acumine
976 2416 1173 2486 ingenii
1221 2430 1288 2467 ex
1342 2414 1596 2482 ambiguo
1630 2425 1880 2468 sermone
1910 2427 2091 2465 veram
2136 2412 2235 2465 eli-

687 2508 893 2562 cieiites
921 2506 1266 2558 sententiain.
1292 2502 1437 2567 Quos
1456 2512 1640 2557 contra
1662 2500 2237 2569 Cbrysostomusfalsm

689 2598 757 2650 de
805 2612 878 2650 se
906 2594 1178 2664 opinionis
1218 2592 1383 2648 refert
1423 2592 1490 2646 ab
1517 2592 1858 2659 Evangelista
1906 2592 2070 2643 fuisse
2120 2606 2237 2643 cor-

694 2699 902 2755 ruptos;
930 2688 1071 2755 quod
1105 2686 1281 2739 caeteri
1310 2700 1543 2753 quoque,
1571 2684 1663 2751 qui
1695 2697 1819 2736 eum
1854 2682 1959 2734 vita
1990 2681 2236 2755 functum

695 2788 903 2845 putant,
940 2774 1123 2844 procul
1151 2774 1313 2827 dubio
1346 2773 1608 2827 dicerent.
1646 2770 1829 2849 Dicere
1858 2779 2116 2835 praeterea
2147 2782 2241 2835 per

694 2883 755 2917 ea
790 2868 967 2929 verba,
997 2866 1081 2917 Sic
1112 2879 1226 2915 eum
1268 2863 1383 2914 volo
1420 2876 1652 2920 manere,
1698 2860 1933 2911 voluisse
1963 2857 2239 2913 Christum

699 2961 767 3009 ita
804 2971 1020 3008 manere
1064 2956 1346 3015 loiinncm,
1378 2952 1471 3005 sed
1504 2950 1718 3003 i'etrum
1750 2947 2094 3015 redarguere,
2135 2947 2238 2998 mi-

699 3047 843 3098 nime
870 3044 934 3095 ad
982 3057 1041 3095 se
1071 3041 1391 3111 pertinentia
1434 3045 1784 3107 quaerentem,
1821 3037 2013 3103 puerili
2063 3037 2239 3103 potius

692 3116 1027 3189 contentioni
1077 3132 1158 3184 vel
1200 3130 1430 3198 argutuli
1475 3126 1727 3195 sophista.
1782 3126 2029 3188 fallaciis,
2080 3142 2237 3195 quam

700 3223 910 3278 Domini
946 3224 1114 3275 nostri
1156 3221 1278 3274 Jesu
1330 3219 1535 3273 Christi
1578 3216 1827 3286 gravitati
1864 3228 1916 3270 et
1967 3218 2240 3284 sapientia:

698 3314 973 3369 convenit.
1005 3311 1107 3365 Sed
1140 3320 1257 3364 esto
1294 3325 1421 3364 sane
1459 3317 1514 3360 ut
1544 3294 1779 3371 dicitur;
1809 3322 1985 3359 nonne
2019 3306 2119 3358 hoc
2151 3322 2240 3357 su-

700 3407 1000 3476 perioribus
1034 3404 1191 3457 dictis
1225 3400 1521 3469 repugnat?
1577 3398 1784 3451 Etenim
1822 3399 1865 3451 si
1899 3402 2060 3450 verba
2097 3396 2240 3449 duu-

701 3508 840 3550 taxat
880 3494 1210 3563 Evangelista
1268 3500 1463 3560 negat,
1516 3500 1577 3543 ut
1606 3490 1807 3542 dietum
1856 3498 1959 3551 est,
2017 3503 2237 3543 sensum

700 3592 863 3658 igitur
899 3588 1187 3651 concedit;
1215 3585 1348 3636 dixit
1394 3598 1522 3653 ergo
1551 3583 1676 3636 cum
1706 3582 1953 3640 Christus
1982 3598 2089 3637 non
2123 3597 2240 3636 mo-

698 3680 966 3743 riturum;
1003 3677 1145 3745 quod
1194 3677 1236 3728 si
1276 3678 1344 3728 ita
1374 3686 1479 3739 est,
1520 3674 1792 3743 quomodo
1822 3674 1938 3727 haec
1971 3675 2078 3727 duo
2114 3688 2241 3727 con-

697 3772 949 3833 stabunt,
1008 3768 1148 3837 quod
1196 3776 1248 3819 et
1313 3782 1437 3819 eum
1503 3782 1610 3819 non
1665 3767 1989 3819 moriturum
2043 3767 2242 3839 dixerit

697 3859 970 3920 Christus,
1000 3867 1053 3910 et
1081 3857 1223 3924 quod
1258 3870 1361 3908 non
1387 3856 1505 3908 ideo
1540 3855 1755 3919 dixerit,
1787 3857 1932 3922 quod
1959 3856 2029 3909 ita
2059 3857 2238 3919 vellet,

700 3945 791 4010 sed
842 3953 900 3994 ut
964 3944 1179 3996 Petrum
1235 3942 1581 4009 redargueret
1629 3957 1825 3994 arcana
1864 3945 2242 4009 quaerentem?

704 4035 958 4111 Demum,
1009 4034 1134 4099 quis.
1162 4048 1267 4084 non
1301 4033 1477 4084 videat
1514 4043 1763 4099 quartttm
1806 4033 2240 4085 adversariorum

699 4134 1074 4192 argumentum
1127 4122 1253 4174 huic
1287 4122 1543 4173 solutioni
1589 4124 1923 4175 contrarium
1965 4123 2124 4176 esse?
2158 4125 2241 4176 Si-

700 4214 918 4281 quidem
954 4212 1061 4263 illic
1106 4211 1294 4262 dicunt
1322 4210 1508 4277 procul
1554 4212 1721 4264 dubio
1752 4211 2013 4265 Joannem
2066 4214 2243 4265 adhuc

2333 1783 2501 1843 ribus,
2543 1782 2602 1834 Si
2654 1798 2767 1833 cum
2814 1783 2927 1833 volo
2970 1797 3179 1832 manere
3230 1782 3389 1831 donec
3438 1784 3639 1834 veniam
3666 1822 3679 1846 ,
3710 1784 3889 1852 legere

2332 1881 2493 1939 atque
2548 1872 2826 1938 proferre,
2887 1871 3247 1923 muliebribus
3304 1871 3464 1923 minis
3521 1880 3577 1924 et
3626 1888 3891 1927 vanorum

2336 1962 2612 2014 hominum
2642 1960 2833 2029 jurgiis
2869 1960 3195 2028 contemptis
3223 1976 3283 2013 ac
3329 1975 3427 2027 pro
3455 1960 3626 2014 nihilo
3668 1961 3889 2019 habilis.

2336 2053 2484 2106 Licet
2538 2062 2713 2104 autem
2758 2052 2808 2103 in
2847 2053 2992 2103 calce
3050 2050 3313 2105 orationis
3363 2052 3515 2119 quasi
3549 2053 3789 2123 signum,
3830 2066 3893 2108 ut

2326 2143 2512 2209 aiunt,
2544 2142 2857 2209 imprimere
2876 2142 3135 2203 sermoni,
3178 2150 3231 2194 et
3262 2141 3428 2195 veluti
3460 2143 3673 2211 asylum
3699 2153 3891 2198 contra

2336 2239 2535 2287 omncs'
2579 2241 2955 2301 oppugnantes
2997 2247 3095 2285 nos
3144 2231 3407 2298 recipere.
3436 2230 3529 2285 Eia
3561 2226 3725 2301 igitur
3778 2244 3889 2297 eat,

2340 2323 2826 2392 progrediaturque
2852 2325 2905 2374 in
2936 2321 3174 2374 medium
3201 2320 3451 2390 egregius
3471 2336 3763 2390 sacrarum
3802 2323 3892 2375 lit-

2338 2422 2571 2464 terarum
2626 2412 2911 2478 interpres,
2954 2403 3337 2487 integerrimus
3383 2410 3465 2465 vir
3504 2412 3891 2483 Hieronymus,

2335 2514 2389 2556 et
2409 2502 2561 2570 quasi
2588 2496 2830 2554 veritatis
2861 2501 3161 2569 acjustitiae
3194 2511 3585 2571 prapugnator,
3612 2508 3889 2571 quomodo

2338 2595 2454 2662 ipse
2484 2594 2630 2647 hunc
2668 2594 2847 2647 locum
2878 2595 3240 2657 transtulerit,
3281 2594 3553 2649 ostendat.
3584 2594 3680 2649 Hic
3722 2598 3776 2651 in
3807 2615 3891 2660 ea,

2339 2698 2498 2751 quam
2530 2684 2595 2735 ad
2622 2682 2965 2736 Jovinianum
2998 2686 3059 2736 de
3086 2686 3385 2752 virginitate
3410 2686 3647 2753 scripsit,
3676 2689 3896 2757 elegan-

2342 2773 2546 2824 tissima
2576 2773 2839 2835 oratione,
2870 2787 3107 2833 rursum,
3143 2772 3337 2840 inquit,
3363 2773 3431 2826 de
3454 2776 3615 2829 Petro
3638 2776 3890 2845 loquens,

2344 2874 2462 2928 post
2496 2861 2729 2913 auditam
2761 2863 3103 2921 Sententiam,
3165 2863 3307 2927 quod
3345 2863 3416 2915 ab
3443 2864 3549 2930 alio
3592 2867 3898 2936 cingendus

2345 2960 2507 3011 esset,
2538 2962 2591 3001 ct
2618 2951 2896 3026 ducendus
2926 2968 3034 3017 quo
3079 2951 3263 3016 nollet,
3292 2962 3345 3006 et
3366 2956 3545 3017 crucis
3585 2956 3659 3009 illi
3699 2962 3899 3013 fuisset

2348 3043 2523 3108 passio
2577 3042 2887 3108 prophetata
2913 3080 2924 3102 ,
2978 3050 3030 3093 et
3078 3043 3165 3095 ille
3197 3043 3445 3099 diceret:
3476 3044 3720 3113 Domine,
3756 3053 3888 3117 quid

2348 3131 2488 3184 iste?
2543 3131 2732 3183 nolens
2779 3132 3036 3183 Joannem
3073 3132 3359 3195 deSerere,
3403 3148 3525 3187 cum
3575 3152 3681 3204 quo
3713 3140 3895 3192 fueth

2344 3237 2552 3288 semper
2577 3223 2876 3287 copulatus,
2908 3222 3036 3276 dicit
3069 3225 3117 3277 ei
3162 3223 3456 3281 Dominus:
3488 3226 3621 3289 Quid
3650 3232 3719 3280 ad
3750 3240 3821 3289 re,
3852 3235 3900 3283 si

2342 3328 2451 3363 eum
2477 3312 2593 3364 volo
2632 3316 2703 3365 sic
2735 3330 2840 3366 esse
2867 3314 2889 3364 ἲ
2925 3314 3057 3377 Quis
3104 3315 3334 3382 amplius
3360 3316 3494 3369 alios
3528 3326 3690 3372 testes
3718 3324 3849 3374 citat
3878 3322 3899 3371 ?

2342 3404 2461 3469 quis
2502 3402 2643 3453 aliud
2696 3402 2965 3456 desiderat
3002 3404 3417 3459 testimonium?
3452 3420 3572 3459 cum
3626 3409 3896 3480 Hierony-

2343 3508 2487 3550 mum
2517 3493 2587 3545 ita
2624 3493 2905 3547 audiamus
2952 3492 3243 3558 dicentem,
3278 3495 3338 3549 Si
3370 3498 3505 3548 enim
3532 3499 3645 3551 volo
3678 3500 3754 3552 sic
3776 3521 3897 3555 ma-

2340 3600 2480 3638 nere.
2512 3582 2649 3648 Quid
2691 3584 2833 3635 enim
2882 3584 3027 3636 aliud
3080 3594 3161 3637 est
3199 3587 3277 3637 sic
3324 3601 3460 3652 esse,
3492 3590 3595 3642 nisi
3628 3596 3899 3648 manere?

2340 3674 2471 3727 Nam
2496 3676 2568 3726 ita
2602 3673 2799 3735 dicere,
2831 3675 2915 3725 Sic
2947 3676 3061 3725 etim
3096 3676 3231 3739 volo,
3264 3678 3336 3728 sic
3366 3694 3494 3743 esse,
3532 3689 3693 3734 nemo
3722 3685 3896 3739 aude-

2342 3773 2443 3825 ret,
2483 3765 2576 3817 nisi
2626 3766 2906 3819 barbarus.
2946 3765 3280 3819 Manifestum
3314 3777 3398 3820 est
3435 3769 3621 3834 igitur,
3667 3784 3722 3826 et
3748 3779 3897 3829 anti-

2342 3855 2559 3920 quiores
2614 3856 2939 3920 Hicronymo
3000 3855 3353 3924 interpretes,
3410 3860 3632 3926 q‘ui'sic
3695 3879 3790 3929 pro
3847 3870 3896 3920 si

2341 3944 2693 4011 scripserunt,
2730 3943 2831 3995 nisi
2854 3943 3193 3998 librariorum
3217 3949 3404 4002 menda
3434 3947 3618 4018 fuerit,
3649 3969 3892 4024 errasse,

2344 4048 2465 4085 cum
2500 4032 2859 4101 Hieronymus
2896 4034 3039 4099 ipse,
3062 4038 3106 4086 si
3150 4040 3285 4101 volo,
3318 4040 3538 4108 dixerit,
3572 4056 3622 4097 et
3668 4056 3761 4100 eos
3791 4052 3889 4117 qui

2345 4123 2728 4189 Hieronymum
2789 4132 2916 4174 sunt
2962 4126 3164 4188 secuti,
3204 4129 3432 4193 pristino
3487 4147 3587 4186 usu
3647 4142 3895 4205 corrupti

2347 4212 2612 4265 sermonis
2641 4214 2982 4281 praevalente,
3013 4215 3485 4283 velimperitorum
3512 4234 3893 4296 praesumptim

704 4318 759 4353 se
790 4316 1023 4364 manere,
1060 4301 1143 4352 hic
1176 4316 1323 4361 vero,
1351 4315 1455 4353 non
1483 4301 1602 4352 ideo
1628 4302 1704 4354 sic
1730 4302 1930 4357 dixisse
1958 4305 2241 4355 Dominum
2276 4313 2320 4368 [)
2348 4316 2437 4363 ne,
2479 4303 2558 4353 vel
2590 4301 2799 4361 incuria
2825 4303 3190 4367 librariorum,
3229 4322 3326 4373 pro
3368 4310 3412 4360 si
3449 4309 3890 4386 ilieronymiano,

702 4392 845 4459 quod
899 4394 969 4443 ita
1020 4390 1200 4450 vellet,
1234 4389 1329 4442 sed
1373 4399 1429 4441 ut
1478 4390 1692 4443 Petrum
1749 4391 2072 4457 increparet.
2110 4391 2240 4443 Nam

704 4484 843 4549 quod
902 4492 1169 4549 postremo
1222 4480 1450 4542 addunt,
1504 4480 1840 4532 moriendum
1894 4482 2074 4547 potius
2126 4497 2243 4535 esse

702 4590 860 4641 quam
890 4572 1278 4641 quidquamdc
1298 4584 1449 4622 sacra
1466 4568 1740 4635 Scriptura
1765 4571 2243 4637 commutantium;

703 4682 874 4732 neque
922 4677 1078 4733 posse
1113 4676 1231 4715 esse
1264 4662 1609 4725 catholicum,
1648 4663 1739 4727 qui
1787 4665 1929 4713 hunc
1971 4665 2242 4730 Evangelii

700 4756 875 4806 locum
910 4735 1241 4807 commutare
1273 4752 1693 4821 pnesumpserit,
1729 4751 2042 4819 adduntque
2088 4767 2237 4816 eum,

700 4849 792 4913 qui
827 4848 927 4899 hoc
955 4860 1116 4899 ausus
1139 4845 1323 4909 fuerit,
1357 4846 1519 4897 etiam
1554 4846 1734 4912 pejora
1764 4844 2059 4907 facturum,
2100 4846 2143 4897 si
2195 4847 2242 4898 ci

700 4940 992 4988 auctoritas
1021 4946 1072 4988 et
1110 4938 1248 5006 vires
1297 4932 1638 4996 accesserint,
1666 4936 1766 4987 etsi
1799 4936 1921 4988 talia
1980 4937 2087 4989 sint
2126 4951 2247 5003 qua:

706 5043 801 5076 nos
835 5027 898 5076 ad
950 5027 1115 5077 risum
1167 5027 1343 5093 potius
1400 5037 1667 5088 moveant,
1712 5043 1868 5094 quam
1904 5026 1967 5079 ad
2020 5043 2245 5095 respon-

706 5120 865 5172 dcuili
925 5118 1161 5171 laborem
1231 5119 1677 5186 suscipiendum,
1747 5130 1923 5172 tamen
1977 5135 2043 5171 ne
2109 5120 2244 5171 hanc

2347 4393 2421 4444 sic
2470 4393 2602 4449 illud
2654 4393 2941 4459 pristinum
2998 4395 3324 4448 continuatis
3363 4402 3698 4467 temporibus
3753 4423 3888 4463 con-

2318 4482 2649 4548 scripsisse.
2683 4482 2785 4534 Sed
2846 4499 2945 4536 nos
2999 4485 3215 4540 quidem
3246 4503 3365 4541 cum
3398 4492 3744 4561 Hieronymo,
3766 4514 3894 4552 cum

2349 4574 2655 4625 sinceritate
2685 4573 2878 4626 Graeca:
2925 4579 3235 4643 scripturae,
3285 4594 3407 4632 cum
3438 4579 3640 4637 Gracia
3698 4588 3897 4642 docto-

2350 4667 2516 4728 ribus,
2558 4675 2611 4715 ut
2649 4665 2727 4716 fas
2758 4676 2858 4723 est,
2910 4668 3223 4732 sentientes,
3258 4667 3315 4722 Si
3359 4685 3474 4722 eum
3501 4672 3615 4725 volo
3658 4690 3893 4741 manere,

2338 4759 2602 4825 legamus,
2652 4758 2716 4808 ad
2755 4758 2983 4824 gloriam
3018 4760 3134 4825 ejus
3179 4761 3266 4827 qui
3317 4776 3411 4830 per
3459 4766 3893 4821 sacratissimum

2350 4846 2694 4915 f-Lvangclistte
2720 4847 2941 4901 Joannis
2969 4864 3029 4901 os
3055 4849 3240 4904 Graeco
3284 4866 3534 4907 sermone
3578 4856 3893 4921 scribentis,

2351 4938 2460 4989 haec
2505 4938 2971 5007 loquens'absque
3006 4942 3113 4992 ulla
3147 4954 3365 5009 prorSus
3393 4945 3746 5013 ambiguitate
3775 4965 3898 5002 ver-

2350 5030 2556 5094 borum,
2581 5029 2634 5082 Si
2672 5047 2807 5095 eum,
2848 5032 3039 5099 inquit,
3077 5032 3191 5083 volo
3219 5050 3431 5091 manere,
3458 5036 3623 5090 donec
3661 5041 3890 5105 veniam,

2347 5120 2465 5184 quid
2492 5123 2558 5171 ad
2596 5122 2687 5171 te?
2728 5122 2817 5185 Ta,
2850 5138 3057 5188 sequere
3100 5140 3194 5174 me.
