4106 6322
1169 245 1599 307 ORATIONES
1655 247 1945 306 CONTRA
2001 238 2320 315 TURCAS.
2581 264 2585 268 '
3260 248 3366 313 642

2466 398 3172 412 *ᾕρηκεν-...ῤ’
3183 398 3298 411 ⁸,*

2951 414 3344 434 —-————————-‘

527 565 1660 740 CARDINALIS
1749 578 3000 734 BESSARIONIS
3126 725 3131 729 .

1326 838 1427 895 AD
1469 834 1874 895 PRINCIPES
1917 837 2047 894 ITA
2065 836 2130 895 LI
2146 836 2213 897 2E

745 965 853 1022 DE
895 959 1545 1022 CHRISTIANORUM
1584 963 1840 1023 CLADE
1872 963 1948 1022 IN
1990 961 2391 1022 CHALCIDE
2441 961 2772 1036 EUBCEZE,

494 1088 598 1150 DE
639 1089 1040 1151 PEBICULIS
1081 1089 1375 1150 ITALIZE
1426 1090 2007 1152 IMMINENTIBUS
2035 1087 2523 1152 EXPUGNATO
2557 1089 3017 1164 BYDRUNTO,

1255 1212 1354 1271 DE
1383 1211 1774 1274 SEDANDlS
1821 1213 2264 1273 Dtsconmts
3039 1173 3046 1177 ’

1038 1335 1138 1396 ΕΤ
1170 1328 1705 1396 DECERNENDO
1741 1336 1996 1396 BELLO
2043 1337 2118 1396 IN
2170 1335 2496 1407 TURCAS,

1429 1474 2114 1566 OBATIONES

793 1629 1023 1700 Quibus
1064 1628 1384 1705 subjicitur
1424 1628 1746 1708 persuasio
1792 1642 1869 1686 ex
1900 1625 2335 1687 Demosthenis
2386 1617 2777 1702 Olynthium.

152 395 2946 432 mm

152 417 1848 432 Ἢ*

1721 1775 1788 1785 ...-

229 1908 458 1969 Notatu
483 1907 566 1986 (1)
595 1916 655 1969 et
681 1910 841 1970 lectu
867 1908 1246 1986 dignissimae
1270 1916 1410 1970 sunt
1438 1906 1714 1985 epistolae
1733 1905 1896 1975 dua},
1922 1921 2060 1981 qua;
2079 1904 2476 1966 Orationibus
2502 1905 2842 1981 praemissas
2867 1904 3154 1982 leguntur
3177 1904 3239 1963 in
3259 1920 3369 1965 co-

150 2001 292 2065 dice
325 2005 531 2080 Regio
576 2004 948 2064 'l'aurinensi
990 2003 1378 2078 num.‘1165,
1426 2004 1774 2070 membran,
1813 2017 1955 2060 saec.
1999 2018 2110 2062 xv.
2153 2004 2298 2060 Cum
2344 2002 2508 2061 enim
2559 2002 2846 2061 Bessario
2907 2002 3218 2061 orationes
3259 1999 3369 2086 bas

147 2099 370 2159 Latine
401 2116 435 2160 a
463 2116 529 2159 se
561 2098 944 2175 compositas
972 2100 1243 2161 misisset
1282 2100 1354 2158 ad
1416 2097 1821 2156 Guilielmum
1868 2093 2208 2167 Fichetum,
2249 2096 2629 2167 Sabaudum,
2677 2101 2982 2156 rectorem
3039 2095 3366 2155 Universi-

148 2194 293 2252 tatis
333 2192 727 2259 Parisiensis,
763 2207 956 2251 sacrm
993 2191 1329 2266 theologica
1358 2191 1706 2259 doctorem,
1739 2204 1808 2248 ac
1840 2189 2055 2261 virum,
2091 2198 2158 2249 ut
2200 2191 2384 2251 habet
2428 2194 2753 2252 Rossottus
2789 2191 2851 2251 in
2898 2189 3143 2268 Syllabo
3183 2192 3363 2251 Scri-

144 2298 407 2368 ptorum
442 2287 899 2351 Sabaudorum.
934 2303 1076 2364 pag.
1125 2285 1262 2360 250,
1298 2305 1586 2364 maguum
1625 2285 1931 2355 doctrina,
1969 2287 2318 2345 eruditione
2366 2295 2424 2345 et
2468 2287 2831 2364 prudentia,
2871 2295 2936 2346 ut
2969 2302 3066 2346 res
3096 2286 3172 2345 iis
3210 2302 3367 2374 cono

147 2389 360 2442 tentas
386 2381 720 2441 Galliarum
751 2380 878 2456 regi
904 2381 1172 2457 aliisque
1201 2380 1592 2458 principibus
1617 2378 1977 2454 explicaret,
2004 2395 2107 2440 eas
2135 2379 2452 2452 Fichetus,
2480 2379 2544 2439 in
2579 2381 2695 2441 hoc
2719 2382 3013 2442 volumen
3038 2381 3362 2447 collectas.

147 2474 385 2548 obtulit
420 2475 745 2534 Sabaudiee
777 2473 1068 2542 Ducibus,
1102 2476 1335 2553 scripta
1374 2475 1450 2535 ad
1483 2473 1739 2535 eosdem
1776 2473 2064 2548 epistola,
2102 2490 2224 2551 qua
2263 2491 2372 2534 eos
2409 2474 2712 2547 hortatur,
2745 2481 2812 2535 ut
2846 2475 3078 2536 bellum
3127 2473 3370 2536 fortiter

150 2575 512 2645 capessant,
565 2577 751 2647 atque
809 2570 955 2629 aviti
1004 2569 1358 2648 splendoris
1389 2587 1700 2631 memores
1737 2585 1853 2646 pro
1891 2569 2195 2646 religione
2245 2559 2435 2648 atque
2491 2571 2680 2630 Italiae
2733 2573 2928 2631 salute
2975 2570 3371 2632 defendenda

147 2663 316 2724 vires
359 2675 499 2724 suas
529 2681 913 2743 cperamque
945 2673 1263 2744 praestent.
1302 2670 1489 2728 Porro
1523 2671 1731 2742 autem
1769 2666 2160 2726 Bessariouis
2195 2666 2458 2744 epistola
2489 2675 2577 2727 est
2604 2666 2969 2744 hujusmodi
3005 2687 3022 2740 ς

219 2805 819 2875 Bessamo,episcopus
847 2807 1184 2876 Sabinensis,
1221 2809 1718 2865 cardinalisNictev
1745 2817 1791 2877 Α
1822 2808 2085 2862 orationis
2141 2807 2248 2859 vim
2307 2821 2368 2860 ac
2407 2805 2770 2874 praestantiam
2829 2805 3170 2872 desideretis,
3208 2824 3366 2874 quant

147 2913 278 2961 nus,
319 2897 625 2966 patriarcha
659 2895 1312 2967 Constantinopolitanae,
1339 2900 1638 2953 reverendo
1663 2910 1717 2954 et

149 2988 476 3042 doctissimo
517 2989 657 3057 patri
707 2992 964 3058 magistro
1005 2971 1306 3044 Guillernto
1337 2990 1591 3056 Ftcna'ro,
1630 3005 1718 3044 sa-

150 3095 256 3133 crae
289 3081 905 3150 tlteologiaaprofessori
933 3082 988 3134 in
1022 3081 1248 3150 collegio
1278 3080 1536 3136 Sorbonae
1567 3082 1716 3138 Pari-

149 3171 238 3232 sii,
274 3170 457 3224 amico
489 3181 674 3226 nostro
698 3173 1040 3227 charissima.

222 3264 548 3319 Rcverende
597 3273 653 3318 et
700 3264 1015 3318 doctissime
1066 3264 1246 3327 Pater,
1299 3265 1471 3318 amice
1528 3273 1712 3317 noster

149 3352 503 3422 charissime,
531 3353 782 3406 audimus
814 3368 920 3404 non
966 3351 1141 3404 solum
1190 3353 1242 3403 in
1289 3352 1628 3419 pltil050pbia
1659 3363 1710 3405 et

152 3455 438 3494 sacrarum
478 3442 783 3494 litterarum
816 3443 1126 3510 cognitione
1160 3459 1254 3496 vos
1275 3444 1577 3502 elaborare,
1613 3440 1708 3492 sed

149 3533 319 3587 etiam
363 3533 419 3586 in
455 3533 780 3600 eloquentiae
811 3533 1006 3584 studiis
1033 3534 1355 3601 dicendique
1387 3535 1593 3588 ratione
1618 3535 1720 3588 diu

151 3634 431 3683 versatos,
462 3636 631 3689 eaque
667 3621 896 3674 mirifice
931 3622 1241 3676 delectatos.
1277 3625 1395 3687 Quo
1427 3624 1478 3676 in
1503 3630 1708 3693 ‘genere

151 3714 254 3766 etsi
285 3713 423 3765 nihil
466 3712 728 3763 habemus
752 3711 894 3770 quod
932 3725 1257 3779 magnopere
1287 3726 1486 3779 cupere
1510 3712 1708 3763 debea-

157 3805 244 3867 tis,
304 3793 486 3856 tamen
541 3801 753 3853 mittere
799 3801 1092 3854 statuimus
1130 3802 1405 3854 orationes
1448 3803 1705 3871 quasdam

154 3892 257 3944 hoc
295 3901 541 3956 tempore
592 3902 620 3939 a
667 3887 826 3940 nobis
875 3888 1052 3942 editas
1080 3903 1175 3956 pro
1207 3889 1544 3957 gravissimis
1569 3890 1710 3960 peri-

153 3981 292 4032 culis
319 3993 440 4046 qua:
464 3977 628 4030 italiae
647 3975 1075 4046 Christianisque
1104 3980 1356 4032 omnibus
1381 3981 1664 4035 imminent
1691 3997 1704 4032 :

153 4084 262 4122 non
301 4066 475 4135 magis
516 4066 732 4134 quidem
770 4076 826 4120 ut
881 4067 960 4120 vel
1004 4070 1270 4124 sermonis
1306 4071 1591 4138 puritatem
1625 4071 1707 4122 vel

1822 2910 1880 2954 ut
1920 2901 2230 2968 intelligatis
2275 2908 2476 2967 quanta
2528 2898 2789 2952 malorum
2838 2899 3073 2967 procella
3119 2901 3173 2952 in
3215 2900 3372 2954 Chri-

1820 2991 2007 3046 stianae
2066 2991 2378 3061 reipublicae
2430 2990 2603 3059 capita
2658 2999 2712 3044 et
2767 2990 3014 3044 fortunas
3071 2993 3369 3061 impendet.

1820 3097 2042 3152 remque
2098 3091 2151 3135 et
2209 3080 2352 3150 apud
2413 3081 2834 3136 serenissimum'
2885 3089 3062 3152 regem
3125 3093 3181 3137 et
3231 3084 3370 3152 apud

1817 3173 1950 3225 alios
1987 3173 2077 3239 qui
2112 3187 2270 3240 opem
2322 3172 2394 3224 ita
2446 3171 2677 3254 maxime
2727 3172 2868 3226 ferre
2898 3174 3116 3234 debent.
3159 3187 3216 3228 ut
3249 3191 3374 3245 pos-
3418 3226 3422 3229 _

1815 3264 1975 3326 sunt,
2050 3262 2334 3330 explicatis
2396 3272 2562 3314 totam
2623 3277 2686 3315 ac
2735 3263 3107 3330 persuadeatis
3156 3285 3169 3318 :
3224 3269 3368 3336 quod

1814 3353 1990 3418 petius
2027 3351 2285 3404 acerbum
2314 3359 2416 3415 est,
2439 3366 2599 3418 quam
2625 3351 2934 3416 obscurum,
2987 3368 3093 3406 non
3139 3369 3366 3408 exarsu-

1817 3455 1929 3490 ram
1965 3439 2166 3492 Italiam
2210 3441 2372 3492 tantis
2418 3439 2680 3492 malorum
2721 3440 3008 3498 incendiis.
3041 3443 3170 3509 quin
3209 3445 3367 3498 flant-

1815 3545 2020 3582 marum
2073 3530 2260 3598 globos
2320 3529 2822 3597 longiustevom‘at.
2883 3530 2937 3584 ld
2993 3547 3062 3586 ne
3132 3536 3366 3604 accidat,

1811 3633 1933 3671 cum
1998 3634 2288 3687 regnorum
2355 3621 2596 3673 omnium
2663 3637 2824 3675 causa
2889 3631 3074 3690 optare
3141 3624 3363 3691 debent,

1811 3723 2037 3776 quorum
2065 3702 2209 3762 salus
2239 3710 2290 3760 in
2325 3709 2616 3763 discrimen
2646 3710 2952 3775 adducitur,
2990 3711 3105 3766 tum
3140 3726 3365 3785 propter

1811 3799 2168 3852 immortalem
2201 3800 2370 3853 Deum
2406 3801 2559 3870 cujus
2603 3803 2790 3870 religio
2820 3805 3164 3859 sanctissima
3202 3823 3363 3861 vexa—

1813 3901 1898 3943 tur
1928 3906 1989 3944 ac
2019 3892 2254 3945 trahitur
2282 3894 2345 3946 ad
2373 3894 2671 3962 interitum,
2707 3912 2894 3966 magna
2925 3898 3362 3956 Christianorum

1812 3984 1992 4036 Omniu
2005 4000 2051 4036 m
2088 3985 2261 4040 clade.
2292 3985 2499 4041 Valete.

1881 4072 1955 4125 Ex
1994 4072 2135 4129 Urbe
2162 4075 2247 4130 die
2275 4077 2482 4131 decima
2514 4078 2667 4134 tertia
2698 4080 3012 4137 Decembris
3046 4083 3202 4140 1470.

231 4188 530 4267 Sequitur
568 4186 802 4248 Ficheti
843 4188 1104 4266 epistola
1141 4189 1214 4250 ad
1246 4189 1571 4249 Sabaudim
1607 4189 1796 4250 (luces
1832 4209 1842 4248 :

221 4307 619 4364 lllustrissimis
647 4307 986 4376 principibus
1014 4309 1232 4361 Amneo
1263 4308 1555 4362 Sabaudia:
1581 4309 1704 4362 duci
1741 4314 1781 4370 Β
1811 4310 1962 4382 cipes
1993 4314 2128 4368 alios
2176 4315 2496 4372 Christianzn
2539 4319 2911 4374 defensionem
2951 4315 3228 4392 religionis
3270 4325 3362 4380 ad-

152 4403 382 4471 ejusque
419 4401 696 4465 fratribus,
735 4399 1069 4452 Guillermns
1101 4400 1394 4464 ‘Ftcncrus,
1441 4400 1712 4453 Parisien-

151 4495 226 4546 sis
250 4493 536 4558 theologus
564 4495 773 4555 doctor,
803 4487 978 4557 patria
1002 4502 1129 4542 vero
1149 4489 1454 4554 Subaudus,
1477 4489 1706 4544 salutem

153 4584 444 4652 plurimam
475 4581 708 4653 plurimo
740 4595 861 4634 cum
905 4580 1110 4633 honore
1146 4581 1330 4632 mittit.

219 4673 277 4726 Si
322 4671 657 4728 serenissimi
699 4671 974 4736 principes
1015 4680 1210 4723 vestra:
1249 4670 1574 4723 desideratis
1607 4678 1704 4724 cx:-

150 4767 308 4818 celsaa
349 4764 565 4817 familia:
595 4776 791 4815 nomen
825 4761 877 4812 in
909 4761 1025 4813 dies
1054 4762 1218 4813 altius
1257 4762 1540 4825 extollere,
1580 4778 1705 4828 pro-

152 4855 296 4909 lecto
341 4864 574 4918 vestram
606 4850 1034 4917 Christiattmque
1097 4851 1409 4918 reipublica:
1464 4868 1704 4915 causam,

154 4960 315 5011 quam
345 4945 504 5012 hujus
532 4942 777 5011 opusculi
800 4943 1121 4994 suavissima
1150 4943 1312 4994 lectio
1345 4957 1438 4994 vos
1463 4943 1703 5000 docebtt.

155 5038 364 5088 alacres
389 5030 744 5101 accingemini
767 5045 1096 5100 cognoscere
1127 5032 1508 5099 cognitamqne
1540 5037 1711 5087 tueri.-

152 5123 421 5187 Bessario,
452 5123 766 5176 Sabinensis
791 5123 1100 5189 episcopus,
1132 5120 1690 5190 Constantinopolita-

149 5229 251 5266 nus
287 5213 615 5279 patriarcha,
660 5228 823 5280 quem
872 5213 1029 5280 vulgo
1057 5212 1334 5268 Nicaeuum
1370 5215 1701 5266 cardinalem

153 5304 452 5371 appellant,
487 5305 667 5370 Operis
694 5305 798 5369 sui,
837 5304 980 5370 quod
1010 5305 1124 5372 ipse
1146 5320 1291 5357 nunc
1313 5305 1378 5356 ad
1402 5319 1496 5356 vos
1522 5305 1698 5367 mitto,

154 5389 283 5445 mihi
310 5394 423 5461 jam
470 5392 680 5459 pridem
711 5395 985 5461 exemplar
1025 5394 1176 5446 reddi
1216 5396 1398 5463 jussit,
1433 5393 1700 5461 simulque

155 5479 413 5550 pra‘cepit
445 5489 499 5532 ut
527 5481 668 5548 apud
704 5480 1225 5538 Cbrisuianissimum
1263 5500 1440 5552 regem
1473 5495 1526 5538 et
1557 5485 1704 5553 pria-

220 5621 292 5683 (ι)
315 5617 495 5677 Pasini,
526 5621 808 5669 σκώπτει.
843 5616 1044 5666 Tauriu.
1075 5622 1196 5676 Lat.
1236 5623 1418 5685 ρ.,29ο.

478 5707 753 5796 ,ι’Δτιωι..
802 5708 913 5765 Gn.
970 5707 1181 5766 CLXI.

1813 4421 2002 4461 versus
2043 4408 2494 4461 immanissimum
2547 4408 2785 4463 Turcum
2831 4417 3137 4479 suaderem,
3173 4431 3360 4484 quem-

1816 4497 2103 4549 admodum
2135 4498 2281 4551 illius
2308 4499 2374 4551 ad
2410 4496 2494 4552 nte
2518 4498 2712 4553 litteris
2742 4504 3098 4570 cognoscetis.
3130 4503 3359 4564 Interea,

1811 4589 2026 4640 tametsi
2071 4597 2279 4642 tantum
2317 4590 2463 4642 illius
2509 4589 2708 4644 fascem
2758 4592 2969 4644 humeri
3015 4593 3224 4659 fragiles
3259 4599 3361 4645 mei

1812 4679 1967 4731 initio
2003 4681 2343 4746 recusabant,
2377 4690 2556 4734 tamen
2585 4682 2716 4735 vicit
2746 4683 2798 4734 in
2829 4682 3017 4750 primis
3042 4683 3361 4737 Christiana:

1812 4769 2090 4836 religionis
2123 4785 2275 4822 amor
2299 4782 2349 4822 ct
2381 4771 2636 4840 dignitas,
2669 4773 2719 4823 in
2751 4787 2852 4839 qua
2881 4787 2986 4824 non
3019 4781 3222 4827 tantum
3253 4775 3360 4828 ini-

1813 4861 1977 4914 tiatus
2006 4876 2123 4914 sum
2162 4870 2216 4914 ut
2250 4863 2451 4926 cmteri,
2476 4878 2675 4924 verum
2721 4865 2855 4917 hanc
2885 4867 3047 4918 etiam
3091 4869 3142 4921 in
3175 4870 3362 4925 docto-

1813 4944 1937 4996 ralis
1983 4961 2112 4997 metu
2164 4945 2518 5011 professionis
2565 4952 2906 5018 susceptione
2943 4957 3228 5009 ducturum
3271 4975 3359 5012 me

1812 5032 2270 5099 defensurumque
2323 5043 2496 5087 morte
2539 5037 2844 5106 p05thabita
2905 5043 3185 5108 Spolioudi.
3224 5043 3361 5098 Vicit

1810 5125 1970 5177 etiam
2005 5126 2324 5193 gravissima
2358 5127 2699 5183 Bessarionis
2727 5133 2893 5199 patris
2927 5137 3242 5201 auctoritas,
3275 5143 3359 5191 cui

1813 5231 1911 5284 pro
1940 5218 2201 5286 singulari
2234 5234 2330 5272 sua
2365 5220 2627 5289 dignitate
2667 5226 3116 5291 sanctissimeque
3149 5227 3363 5281 deside-

1811 5306 1890 5358 rio
1926 5307 2126 5360 defore
2160 5309 2370 5364 labores
2415 5327 2563 5363 meos
2605 5328 2710 5365 non
2756 5315 2947 5381 patiar,
3003 5317 3090 5367 sed
3147 5334 3211 5367 ne
3243 5319 3360 5372 vita:

1810 5395 2026 5463 quidem
2076 5397 2128 5448 in
2167 5409 2269 5450 tam
2297 5409 2604 5466 opportuno
2639 5405 2857 5471 negotio
2891 5399 3071 5460 subire
3099 5412 3358 5465 recusabo

1811 5489 2125 5542 discrimen.
2149 5489 2288 5544 Vicit
2313 5492 2579 5557 praetcrea
2601 5508 2759 5560 quam
2786 5495 2909 5548 inde
2934 5496 3167 5552 futuram
3194 5502 3360 5557 multo

2818 5715 2887 5773 21
