4106 6322
680 358 786 426 (43

1618 346 2121 451 BESSAttIONIs
2167 360 2208 418 s
2268 351 2338 423 ιι
2372 352 2447 419 Ε.
2491 309 2961 419 alumnus

2920 162 2959 193 \

3767 345 3878 416 tu

610 528 617 536 .
682 471 1190 548 ntajurcmexceiste
1219 468 1415 529 domus
1447 476 1638 527 vestris
1671 471 1894 540 gloriam
1926 485 2086 539 spero
2108 484 2223 525 cer-
2254 475 2299 531 Α
2329 470 2559 540 accepit.
2613 467 2677 522 Et
2718 466 2864 537 quod
2911 461 3324 533 praceiientiori
3372 461 3623 519 Pontifex
3680 465 3879 519 mer-ito

685 570 1001 637 tissimeque
1024 567 1292 635 conjecto.
1321 565 1609 632 Tantisper
1636 574 1814 616 tamen
1838 561 2065 629 exsequi
2104 573 2225 627 qute

682 654 1025 728 jubebantur
1063 654 1359 735 intermisi,
1395 653 1528 708 dum
1569 650 1663 707 hic
1693 664 1751 707 et
1785 652 1906 707 istic
1940 647 2227 704 domestici

689 750 815 805 belli
843 763 1092 804 rumores
1115 746 1447 821 compositos
1472 755 1630 801 certe
1649 755 2054 811 cognoscerem.
2074 740 2231 793 Nunc

608 874 618 885 -
686 857 818 897 vero
844 842 900 895 in
928 851 1171 909 tempore
1194 853 1306 892 non
1337 835 1699 898 committam,
1722 841 1782 886 ut
1814 841 1909 886 aut
1939 843 2233 901 parumper

688 933 929 990 defuisse
981 929 1305 1001 professioni
1351 938 1485 981 metu
1529 926 1650 995 jure
1683 939 1962 993 coarguar,
2000 932 2093 977 aut
2135 921 2230 976 Ni-

687 1043 841 1083 czrno
871 1022 1022 1079 Patri
1055 1036 1155 1091 pro
1185 1018 1327 1073 virili
1362 1030 1479 1079 mea
1510 1024 1664 1086 parte
1697 1028 1803 1069 non
1833 1012 2100 1083 paruisse.
2137 1022 2234 1066 aut

690 1114 833 1185 quod
902 1129 1041 1183 opus
1102 1104 1314 1164 czct'eris
1365 1107 1662 1165 Galliarum
1716 1104 2236 1169 Germaniarumque

691 1189 1051 1275 principibus.
1096 1208 1151 1254 et
1193 1200 1319 1253 aliis
1350 1197 1486 1252 viris
1527 1191 1912 1265 prastan'tibus
1941 1190 2077 1269 alias
2116 1194 2235 1259 ipse

688 1310 873 1348 coram
925 1291 1148 1346 exhibui
1192 1288 1435 1356 dedique
1486 1284 1884 1353 compluribus,
1923 1281 2054 1334 alias
2097 1282 2238 1333 meis

696 1396 831 1438 cum
874 1383 1079 1437 litter’is
1123 1380 1268 1442 misi,
1319 1378 1521 1431 aliasve
1571 1373 1723 1428 brevi
1766 1372 2031 1423 missurus
2079 1384 2237 1427 smn,

698 1471 899 1525 Vestris
918 1468 1105 1522 videar
1126 1449 1524 1522 Serenitatibus
1549 1460 1854 1514 occuluisse
1887 1474 1901 1521 ;
1932 1457 2230 1525 praesertim

696 1578 816 1616 cum
858 1558 1057 1613 bellum
1096 1555 1240 1624 quod
1282 1554 1351 1607 ab
1379 1550 1634 1606 otnnibus
1672 1549 2002 1604 Christianis
2055 1555 2239 1601 monet

698 1652 953 1706 Bessario
1001 1646 1228 1716 perﬁdis
1267 1641 1518 1698 hostibus
1569 1634 1758 1703 inferri
1788 1680 1803 1702 ,
1836 1639 2036 1691 nullius
2079 1651 2240 1704 quam

699 1753 874 1794 vestra
930 1737 1099 1805 magis
1162 1732 1399 1793 intersit,
1442 1730 1645 1799 quippe
1691 1729 1891 1796 quibus
1945 1727 2241 1779 domestica

2330 572 2517 633 postea
2568 563 2738 615 voluit
2787 560 3075 616 electionis
3112 560 3257 630 jure.
3291 561 3560 625 mandari,
3605 569 3875 628 tanquam

2331 652 2677 706 bitere-«maria
2717 638 3024 710 Saxonibus
3052 650 3415 719 prtecell'enﬁa
3447 648 3665 711 fuisset,
3694 648 3883 703 multis

2331 740 2550 795 suum
2596 739 2812 793 assidua
2859 736 3076 809 imperii
3108 738 3307 793 electio
3349 737 3633 795 Sasonieis
3670 736 3886 791 aedibus

2334 828 2601 897 bospitata
2627 828 2735 891 est,
2762 829 2871 882 imo
2898 829 3287 898 prapemodum
3318 826 3666 881 hereditaria
3694 826 3885 895 potius

2332 918 2497 972 facta.
2520 916 2971 987 Quandoquidem
3002 932 3109 972 non
3142 928 3250 972 tam
3281 933 3311 971 a
3336 916 3551 986 proavis
3573 914 3885 970 Macedoni-

2335 1008 2438 1062 bus
2458 1024 2488 1061 a
2519 1008 2718 1076 quibus
2745 1016 2984 1077 smper-at
3013 1023 3080 1062 eo
3110 1022 3169 1060 se
3188 1007 3414 1076 recepit,
3446 1006 3543 1060 sed
3573 1005 3644 1060 ob
3666 1004 3883 1074 egregia

2335 1114 2553 1169 quoque
2606 1099 2810 1154 militia:
2851 1099 3087 1153 facinora
3126 1098 3471 1166 splendorem
3518 1096 3646 1149 alibi
3695 1109 3883 1164 parem

2336 1198 2526 1259 postea
2555 1202 2665 1242 non
2706 1190 2933 1243 invenit;
2956 1182 3090 1241 Nam
3116 1184 3257 1241 Saxo
3276 1186 3630 1255 principibus
3669 1186 3794 1238 aliis
3818 1186 3887 1236 sd
3942 1174 3943 1177 “

2335 1278 2593 1332 tuendam
2629 1279 3022 1347 rempublicam
3056 1276 3447 1341 Christianam,
3478 1276 3680 1329 nedum
3709 1277 3891 1342 priva-

2342 1380 2447 1441 tam
2504 1384 2561 1424 se
2615 1385 2832 1438 semper
2875 1369 3129 1437 esemplo
3174 1368 3481 1438 prOposuit.
3532 1365 3685 1430 Quod
3725 1366 3891 1418 etiam

2340 1468 2523 1528 postea
2555 1446 2657 1513 fuit
2688 1461 2754 1513 ad
2777 1466 2888 1523 που
2919 1471 3133 1528 tempus
3174 1475 3204 1511 a
3245 1457 3515 1513 Sabaudis
3547 1454 3916 1526 principibus

2338 1548 2699 1600 succeasionis
2722 1548 2844 1617 jure
2879 1561 3218 1614 possessum,
3252 1546 3354 1600 hoc
3379 1555 3485 1607 est,
3513 1554 3571 1597 ut
3594 1544 3887 1611 imperium

2340 1637 2487 1706 justo
2535 1638 2683 1693 bello
2732 1637 2835 1691 sibi
2872 1640 3091 1705 suisque
3142 1644 3417 1705 pararent,
3453 1636 3671 1704 publica
3702 1636 3888 1687 conti-

2344 1734 2539 1778 uenter
2563 1726 2815 1793 justeque
2859 1734 3134 1793 regerent,
3169 1725 3343 1777 aliena
3370 1723 3593 1793 'tuendo
3630 1720 3892 1775 domesti-

697 1836 905 1902 jactura
956 1786 1207 1883 etailla'ta
1255 1823 1491 1878 familiae
1515 1819 1842 1874 contumelia
1876 1816 2130 1872 stimulus
2174 1816 2241 1869 ad
2265 1786 2317 1843 Β
2345 1827 2435 1866 eas
2458 1827 2590 1881 Opes
2617 1822 2898 1883 augerent,
2933 1813 3089 1867 factis
3126 1815 3322 1875 famam
3346 1788 3705 1865 extenderent
3731 1813 3800 1863 lo:
3823 1826 3893 1877 ge

640 1910 643 1913 λ
704 1927 805 1977 hoc
854 1920 1054 1974 bellum
1085 1931 1211 1971 esse
1256 1912 1495 1969 debebit.
1540 1910 1831 1971 Enimvero
1863 1922 1967 1961 non
2014 1921 2242 1973 recupe-

699 2012 851 2071 randi
880 2007 1054 2063 solutn
1098 2002 1319 2075 Cyprici
1370 2000 1673 2071 regni,sed
1718 1996 1994 2054 Armenici
2025 2009 2243 2065 quoque

697 2117 753 2159 et
781 2096 1254 2170 Ilierosolytnitani
1288 2093 1443 2149 vobis
1472 2092 1666 2156 debiti,
1694 2089 1849 2143 vobis
1880 2088 2076 2157 erepti,
2105 2086 2245 2140 reli-

699 2210 804 2264 qua
833 2192 1089 2247 nimirum
1126 2188 1229 2242 ista
1257 2185 1563 2240 certissima
1606 2194 1729 2250 spes
1762 2192 1862 2234 est.
1897 2178 2040 2244 Quin
2071 2177 2245 2244 copiis

702 2284 898 2339 vestris
922 2279 1194 2349 simulque
1216 2274 1654 2349 Christianorum
1686 2269 1931 2324 omnium
1955 2283 2090 2335 quas
2117 2266 2247 2319 Bes-

701 2376 848 2430 sarlo
886 2347 1120 2427 vestros
1144 2370 1197 2422 in
1230 2368 1417 2420 hostes
1446 2365 1557 2418 ciet
1586 2347 1647 2415 et
1690 2368 1884 2423 armat,
1930 2356 2071 2411 haud
2118 2370 2246 2409 sane

702 2464 919 2522 diilieile
966 2463 1131 2517 fuerit
1176 2457 1593 2529 opulentissima
1624 2462 1801 2507 vestra
1834 2465 1998 2520 regna
2028 2446 2247 2516 perﬁdis

707 2558 817 2612 llis
861 2552 1213 2625 pratdonibus
1245 2548 1408 2617 eripi
1450 2546 1721 2615 vobisque
1772 2541 2004 2597 restitui.
2058 2539 2247 2607 Neque

706 2644 965 2703 vincendi
1019 2640 1250 2696 facultas
1281 2636 1513 2692 antehae
1550 2633 1657 2688 fuit
1705 2633 1875 2702 major
1903 2638 1995 2689 aut
2024 2630 2250 2698 posthac

708 2734 862 2785 vobis
911 2728 1164 2783 adfutura
1196 2734 1302 2789 est,
1344 2731 1533 2791 utpote
1572 2729 1650 2776 tot
1686 2733 1792 2773 una
1825 2719 1987 2772 domo
2019 2718 2252 2771 lectissi-

706 2824 813 2876 mis
838 2820 1098 2875 fratribus
1126 2815 1390 2883 sanguine
1440 2812 1581 2866 natis
1624 2810 1909 2879 praecelsa,
1949 2816 2104 2860 atate
2146 2805 2251 2857 llo-

709 2910 1042 2969 rentissima,
1070 2904 1430 2973 magnanimis
1445 2896 1825 2960 bellatoribus,
1842 2895 1989 2949 domi
2018 2893 2255 2962 forisque

714 3015 845 3071 paco
878 2993 1207 3051 fruentibus.
1231 2989 1458 3044 summis
1485 2986 1734 3048 ducibus,
1758 2983 1987 3037 summis
2014 2982 2255 3053 regibus.

2341 1904 2577 1972 lateque.

2413 1996 2557 2062 "rec,
2587 1994 2925 2052 Serenissimi
2959 1994 3261 2063 Principes,
3307 2008 3427 2047 cum
3462 1992 3654 2063 legetis
3688 1992 3770 2047 vel
3806 1992 3893 2044 in-

2344 2096 2493 2143 tente
2520 2090 2784 2157 legentem
2831 2086 3140 2156 quempiam
3188 2085 3496 2143 audieritis.
3529 2093 3643 2137 tum
3684 2082 3893 2150 primo.

2345 2194 2457 2232 rem
2492 2178 2710 2250 quidem
2750 2179 2901 2230 illum
2936 2175 3199 2230 Subaudae
3247 2187 3412 2244 caput
3456 2174 3673 2230 familia:
3703 2172 3892 2227 Berol-

2345 2264 2471 2322 d'uui
2516 2267 2783 2322 Sinonem
2828 2280 3010 2321 coram
3054 2267 3230 2320 oculis
3272 2266 3476 2335 ponite.
3507 2278 3713 2334 quaeso.
3762 2263 3887 2325 Iste,

2346 2360 2750 2429 quemsummis
2768 2357 2949 2429 digitis
2977 2359 3210 2415 ut'aiuut
3231 2366 3437 2412 tantum
3458 2358 3739 2426 attingam,
3763 2355 3892 2409 dum

2344 2450 2751 2527 Arelatensibus
2783 2451 3029 2520 regibus,
3088 2461 3147 2505 ut
3179 2460 3301 2505 erat
3345 2450 3580 2505 bellator
3620 2448 3897 2517 egregius.

2345 2543 2512 2611 semel
2543 2556 2600 2595 et
2642 2541 2840 2610 sapius
2882 2542 3159 2609 suppetias
3186 2540 3329 2603 tulit.
3370 2540 3529 2595 sedes
3574 2538 3781 2592 interea
3815 2538 3903 2589 fu-

2350 2641 2482 2689 tura:
2511 2642 2620 2691 tam
2667 2633 2859 2701 ampla:
2898 2648 3010 2687 suae
3056 2631 3271 2684 familiae
3302 2643 3563 2685 mucrone
3595 2614 3899 2698 clipeoque

2350 2722 2583 2782 invenit.
2615 2724 2973 2788 iuventaeque
3014 2721 3197 2775 hostili
3225 2735 3417 2773 cruore
3447 2719 3641 2773 iterum
3677 2721 3904 2770 iterum~

2350 2827 2458 2879 que
2491 2812 2771 2879 respersit.
2816 2811 2909 2863 Illa
2939 2810 3252 2865 Maurianna
3294 2818 3455 2862 tantae
3486 2808 3901 2861 fundamentum

2354 2898 2552 2953 domus
2602 2907 2797 2951 vestra}
2846 2899 3029 2964 (quam
3086 2905 3285 2948 terram
3324 2892 3482 2947 ferro
3522 2893 3684 2946 toties
3732 2907 3905 2961 pece-

2358 2988 2566 3050 travit‘,
2607 2982 2683 3037 illi
2715 2983 2973 3037 Secusani
3020 2981 3294 3035 Baluciani
3343 2982 3688 3035 mare’ltio-tcs
3732 2984 3908 3035 comi-

715 3058 943 3147 sumntis
970 3081 1389 3155 imperatoribus
1419 3077 1647 3141 fmdere,
1684 3076 1944 3131 beneﬂcio
1976 3074 2249 3143 stirpeque
2283 3093 2325 3151 ο
2361 3084 2546 3143 tesque
2567 3072 2953 3127 Pcdemontani
2989 3058 3153 3140 (quos
3178 3074 3339 3128 toties
3366 3072 3556 3138 fudit),
3590 3074 3721 3141 quid
3766 3089 3909 3142 pne-

709 3177 1040 3247 ennjuuctis.
1072 3172 1327 3228 Ecclesia;
1360 3178 1558 3224 sancta:
1596 3166 1853 3221 Romano:
1885 3164 2253 3228 amicissimis,

713 3268 973 3326 Pontilice
997 3265 1230 3321 maximo
1252 3273 1359 3316 non
1388 3260 1563 3315 solum
1586 3257 1792 3325 Optimo
1813 3264 1866 3309 et
1885 3255 2253 3319 sanctissimo,

712 3362 806 3417 sed
840 3367 893 3413 ct
935 3364 1290 3411 conterraneo
1322 3359 1379 3403 et
1407 3346 1576 3401 vestri
1618 3345 1831 3415 generis
1862 3342 2253 3405 amantissimo,

696 3450 767 3508 ἐι
798 3446 973 3505 inimc
997 3440 1334 3501 c0utlciendo
1363 3439 1506 3493 bello
1529 3435 1666 3491 duce
1694 3432 1953 3502 socioque
1974 3432 2253 3485 vobiscum

709 3541 987 3597 adfuturo.
1027 3535 1166 3601 Quin
1219 3532 1265 3584 si
1303 3528 1527 3600 pergiti‘s
1575 3534 1726 3578 arma
1773 3537 2080 3592 capessere,
2134 3534 2257 3574 mox

711 3644 926 3688 nionem
959 3625 1323 3685 Germaniam,
1356 3619 1608 3680 Galliam.
1648 3614 1987 3685 Hesperiam,
2022 3613 2251 3679 italiam,

720 3738 937 3779 omnem
969 3719 1205 3786 denique
1254 3714 1493 3768 animum
1525 3708 1898 3765 Christianum
1944 3715 2153 3759 vestros
2201 3704 2253 3757 in

718 3818 902 3870 hostes
939 3806 1262 3869 incendetis,
1296 3813 1537 3858 vestrum
1574 3801 1628 3853 in
1658 3812 1898 3852 amorem
1926 3795 2258 3861 tutelamque

716 3904 959 3975 rapietis.
1006 3900 1255 3971 Optimus
1310 3897 1540 3950 bellator
1594 3892 1826 3961 quisque
1872 3890 2024 3962 signa
2077 3897 2256 3940 vestra

716 3997 941 4058 subibit,
973 3992 1215 4047 tuebitur
1244 4000 1407 4056 atque
1437 3985 1681 4039 extollet.
1709 3981 1857 4035 Crux
1888 3980 1991 4032 ista
2013 3974 2254 4031 candida

725 4104 818 4157 per
847 4097 1063 4155 omnem
1097 4080 1378 4139 Greciam,
1414 4062 1559 4129 unde
1599 4072 1869 4142 quondam
1906 4068 2125 4122 domutn
2170 4082 2262 4119 rc-

718 4187 883 4230 stratn
932 4187 991 4228 se
1026 4170 1302 4225 victricem
1339 4167 1627 4230 extulerat,
1658 4164 1841 4217 hostes
1878 4162 1997 4215 fidei
2029 4160 2263 4214 etfuhni-

716 4266 894 4328 nabit,
935 4276 965 4316 e
987 4261 1270 4321 servitute,
1309 4259 1437 4322 situ,
1462 4256 1733 4324 squalore,
1758 4254 1929 4317 luctu,
1950 4251 2263 4306 carceribus

717 4354 1057 4414 Christianos
1086 4348 1343 4405 dissolvet
1368 4344 1818 4413 quamplurimos.
1866 4342 2051 4396 Denuo
2083 4341 2264 4395 Mace-

2354 3174 2441 3221 ‘ter
2474 3164 2827 3218 Beroldinum
2876 3174 3062 3217 ensem
3116 3180 3240 3241 acre
3287 3178 3526 3241 unquam
3568 3165 3909 3219 senserunt?

2356 3257 2619 3313 Nimirum
2667 3257 2782 3312 bace
2828 3272 2914 3311 me
2964 3267 3174 3313 tacente
3222 3258 3519 3325 loqtmntur
3568 3257 3670 3311 illi.
3710 3258 3903 3328 Neque

2355 3349 2595 3405 silebant
2618 3363 2722 3418 qua
2750 3349 2920 3419 gloria
2956 3350 3183 3405 militari
3210 3351 3422 3405 Beroidi
3453 3352 3596 3405 filius
3626 3349 3903 3404 "umber-

2358 3450 2447 3495 tus
2494 3451 2677 3510 postea
2727 3440 2911 3502 fuerit.
2958 3451 3053 3495 aut
3082 3442 3352 3495 Amadeus
3382 3443 3541 3507 alter,
3573 3453 3667 3495 aut
3696 3458 3900 3511 proue-

2356 3546 2510 3603 potes
2530 3550 2667 3603 quos
2694 3534 2851 3603 longa
2871 3533 3013 3587 serie
3038 3546 3304 3602 praetereo
3331 3553 3341 3587 :
3368 3535 3460 3603 qui
3485 3534 3677 3587 bellica
3703 3537 3911 3604 quippe

2358 3625 2517 3681 laude
2549 3627 2754 3694 magnis
2785 3626 3002 3695 regibus
3026 3627 3241 3681 etiamsi
3276 3628 3526 3680 maximis
3552 3628 3910 3681 conferantur

2358 3712 2592 3780 impares
2620 3725 2961 3782 nequaquam
2996 3713 3241 3767 fuerunt.
3279 3715 3455 3784 Atque
3486 3716 3589 3769 nisi
3626 3716 3762 3771 tales
3791 3728 3912 3770 tan-

2363 3803 2509 3870 tique
2534 3804 2784 3869 fuissent,
2816 3807 3131 3874 neutiquam
3165 3806 3295 3859 istas
3323 3811 3455 3874 opes
3489 3808 3640 3862 domi
3672 3810 3912 3865 babere-

2361 3895 2450 3957 tis,
2485 3896 2800 3963 neutiquam
2842 3892 2974 3949 istas
3008 3896 3174 3948 utbes
3217 3898 3683 3964 opulentissimas.
3726 3906 3914 3957 neuti-

2362 4000 2523 4054 quam
2556 3986 2621 4038 ad
2669 3983 2965 4051 Helvetios,
2995 3989 3339 4059 Allobroges,
3379 3986 3614 4057 Ararim,
3648 4003 3912 4062 transque

2363 4074 2568 4130 Padum
2603 4075 2669 4128 ad
2702 4074 2960 4129 lnsubres
2998 4087 3054 4130 et
3092 4072 3391 4133 Nicianum-
3417 4078 3652 4150 aequoris
3688 4098 3909 4151 portum

2365 4173 2606 4218 vestrum
2645 4165 2961 4217 tenderetur
2990 4164 3279 4233 imperium
3306 4183 3321 4231 ;
3353 4182 3667 4238 perpetuam
3694 4176 3914 4245 Imperii

2365 4256 2625 4309 vicariam
2659 4253 2909 4307 Sabauda
2943 4257 3138 4311 domus
3170 4273 3277 4312 non
3316 4263 3623 4329 obtineret;
3651 4282 3715 4319 ex
3739 4270 3919 4322 comi-

2368 4346 2515 4399 tibus
2552 4344 2739 4408 duces,
2766 4360 2832 4397 ex
2864 4344 3098 4400 ducibus
3138 4350 3354 4416 reginas
3392 4368 3655 4423 regesque
3690 4373 3792 4410 non
3827 4361 3921 4411 fu-

723 4448 891 4502 dUnes
921 4439 1250 4507 Amadeique
1279 4434 1443 4490 vestri
1467 4444 1667 4501 tropaea
1692 4432 1969 4499 imponent
1995 4448 2090 4485 sua
2120 4431 2261 4485 (ἓτε-
2296 4429 2337 4483 D
2368 4434 2599 4489 disserit.
2640 4431 3068 4504 Haudquaquam
3099 4436 3243 4490 enim
3276 4440 3570 4495 oscitantes
3604 4444 3686 4513 (ut
3718 4448 3919 4514 pleris-

724 4540 804 4593 cis
855 4532 1142 4588 limitibus.
1202 4527 1369 4582 Vobis
1413 4524 1681 4593 siquidem
1725 4537 1831 4576 non
1888 4522 2048 4576 modo
2096 4535 2266 4590 genus

724 4624 1159 4697 antiquissimum
1195 4635 1224 4674 a
1266 4614 1651 4672 Macedonibus
1674 4622 1781 4677 est,
1824 4627 2009 4669 verum
2049 4627 2267 4681 quoque

724 4718 1015 4790 gentilibus
1070 4714 1265 4767 vestris
1326 4710 1487 4764 fatale
1543 4710 1646 4763 fuit
1692 4707 1914 4764 Gracia:
1971 4707 2267 4761 dominari.

724 4810 934 4865 Etenim
984 4819 1220 4875 proavus
1262 4802 1359 4856 ille
1404 4809 1579 4855 vester
1622 4798 1903 4867 Philippus
1950 4804 2116 4852 armis
2162 4796 2265 4852 sibi

724 4915 942 4967 sumque
972 4896 1187 4950 familia:
1208 4892 1446 4962 subjecit
1470 4891 1733 4946 Graeciam
1763 4904 2001 4943 omnem.
2032 4889 2266 4943 Aletan-

726 4991 844 5049 der,
878 4989 993 5055 ejus
1041 4986 1199 5049 filius,
1238 4984 1329 5051 qui
1366 4981 1576 5050 imperii
1606 4981 1693 5049 jus
1737 4996 1765 5033 a
1817 4990 1966 5049 patre
2000 4980 2263 5047 percepit,

727 5090 837 5131 tum
865 5076 1184 5132 latissimum
1205 5082 1473 5127 terrarum
1494 5072 1682 5123 orbem
1712 5070 2093 5123 Macedonibus
2126 5070 2267 5122 bello

724 5168 992 5239 quzrsivit,
1049 5164 1199 5229 cujus
1252 5162 1680 5230 splendidissima
1744 5164 1987 5227 prosapia
2040 5174 2261 5228 quoquo

724 5270 908 5328 postea
940 5274 997 5313 se
1045 5252 1274 5309 contulit
1319 5264 1535 5319 semper
1574 5249 1849 5302 dominata
1881 5260 1982 5302 est.
2030 5250 2163 5303 Nam
2214 5251 2267 5302 in

728 5348 872 5406 omni
898 5357 1167 5399 terrarum
1195 5349 1366 5410 parte,
1400 5338 1597 5392 nedum
1633 5338 1683 5389 in
1716 5336 1942 5398 Graecia,
1972 5336 2135 5404 stirps
2162 5335 2269 5390 Ma-

726 5438 982 5492 cedonica
1019 5449 1180 5502 regna
1218 5430 1583 5502 pulcl‘errime
1620 5429 1809 5496 gessit.
1857 5427 1995 5491 Quin
2034 5430 2197 5480 etiam
2236 5444 2266 5482 a

727 5526 927 5581 Graecis
973 5533 1317 5592 posteaquam
1366 5533 1559 5572 nomen
1596 5517 1810 5585 imperii
1858 5516 1919 5569 ad
1972 5514 2269 5571 Germanos

730 5613 944 5679 trajecit
970 5612 1213 5666 Pontifex
1258 5605 1543 5671 maximus,
1570 5605 1876 5660 Othonibus
1906 5606 1958 5661 in
1992 5606 2265 5661 Saxonum

730 5704 871 5757 avita
904 5711 1079 5759 vestra
1102 5700 1264 5756 deuio
1292 5700 1443 5767 longa
1478 5699 1677 5765 quippe
1705 5696 2049 5756 successione
2083 5698 2266 5754 sedem

2367 4540 2472 4594 que
2500 4524 2835 4602 principibus
2860 4527 2992 4579 vitio
3006 4526 3212 4594 datur),
3251 4536 3345 4591 aut
3373 4528 3691 4586 domesticis
3719 4538 3917 4594 litihus

2370 4612 2615 4681 impliciti
2652 4616 2816 4674 vitam
2849 4615 3120 4679 vixerunt;
3152 4625 3207 4668 at
3234 4630 3363 4670 vero
3387 4620 3585 4685 partim
3623 4621 3922 4687 industria,

2369 4704 2579 4771 labore,
2597 4706 2863 4769 .t-onsilio,
2906 4706 3137 4763 viribus.
3186 4720 3374 4774 opera,
3406 4708 3705 4777 diligentia,
3746 4714 3923 4766 benc—

2370 4798 2515 4862 ficio,
2561 4786 2707 4867 justo
2755 4798 3005 4863 Imperio,
3046 4790 3277 4866 publica:
3325 4800 3593 4854 libertatis
3638 4805 3922 4867 custodia,

2370 4890 2568 4955 partim
2620 4882 3085 4953 dimicationibus,
3135 4891 3331 4959 pugnis
3377 4893 3681 4958 acerrimis,
3736 4908 3924 4949 castra

2370 4982 2581 5044 castris,
2632 4979 2859 5031 urbibus
2915 4981 3101 5046 urbes,
3141 4983 3429 5051 imperium
3485 4985 3713 5052 imperio
3761 4987 3922 5041 brevi

2370 5068 2788 5134 coniunxerunt,
2824 5080 3011 5136 utpote
3056 5073 3260 5139 quibus
3311 5074 3524 5126 artibus
3576 5077 3747 5127 amori
3782 5081 3925 5131 sub-

2362 5157 2527 5223 jectis
2560 5159 2747 5212 iisdem
2795 5161 2936 5213 hosti
2974 5163 3172 5215 terrori
3216 5178 3433 5231 semper
3466 5164 3713 5218 fuissent.
3746 5166 3926 5234 Equi-

2369 5249 2508 5302 dem"
2548 5250 2592 5303 si
2644 5250 2891 5309 Sabauda
2944 5254 3098 5311 tellus
3150 5255 3247 5308 ista
3288 5254 3468 5323 (quam
3516 5258 3620 5324 ipsi
3668 5260 3924 5326 quotidie

2369 5341 2720 5411 conculcatis)
2749 5344 3015 5396 imbutum
3046 5344 3361 5413 sanguinem
3405 5348 3671 5403 exsatiare
3703 5364 3918 5418 posset,

2373 5430 2615 5513 profecto
2646 5434 2956 5499 prtedmium
2984 5448 3177 5487 cruore
3209 5444 3323 5488 tota
3348 5438 3657 5494 rubesceret
3688 5449 3922 5513 totaque

2372 5512 2725 5582 redundaret,
2774 5534 2911 5588 quos
2965 5520 3041 5573 illi
3091 5530 3347 5582 cruentos
3392 5525 3554 5581 istinc
3600 5530 3919 5597 eiecerunt,

2370 5624 2611 5677 quisque
2638 5623 2995 5689 repugnantes
3031 5613 3159 5666 istic
3194 5616 3529 5673 ceciderunt.
3561 5618 3705 5684 Quin
3737 5625 3917 5676 etiam

2371 5699 2457 5752 isti
2498 5700 2540 5753 si
2572 5700 2717 5767 loqui
2746 5702 2987 5766 daretur,
3029 5700 3140 5771 Ego
3176 5704 3450 5776 (diceret),
3488 5710 3771 5777 principes
3803 5708 3911 5767 Sa-
