4106 6322
111 414 222 481 645

1137 406 1567 473 ORATIONES
1618 405 1920 470 CONTRA
1970 410 2285 474 TURCAS.
2314 384 2342 423 θ’

3230 411 3332 479 646

112 529 305 598 haedi,
335 530 537 588 vestris
568 528 641 587 ab
674 528 798 587 istis
826 527 1131 600 majoribus
1149 542 1306 598 opes,
1334 526 1668 586 libertatem.
1698 525 1745 583 Δ
1770 522 2121 582 Macedonico
2173 526 2395 597 quidem
2448 536 2621 598 pauco
2657 543 2932 601 parvaque
2970 544 3112 602 sape
3142 543 3331 590 manu.

109 623 374 693 quietem,
422 621 797 693 splendorem,
842 620 1041 676 famam
1075 618 1417 690 gloriamque
1450 614 1671 684 accepi,

109 729 239 782 qua:
266 728 417 769 nunc
440 727 542 769 vos
569 722 771 783 praeter
803 727 991 768 meum
1019 725 1230 766 morem
1259 709 1538 779 principes
1566 721 1674 761 una

111 811 325 873 septem
353 804 462 858 alo.
490 803 699 859 Vereor
726 802 794 857 ab
831 804 1001 858 armis
1031 815 1100 856 ne
1130 801 1488 856 desuescatis.
1520 798 1675 869 διευς

110 893 248 948 dum
276 893 501 948 unicum
538 900 708 963 caput
756 892 946 957 habui,
989 891 1238 945 victricia
1267 890 1428 961 longe
1456 889 1676 959 lateque

107 983 315 1038 vexilla
350 984 472 1038 tuli.
510 984 717 1039 Vereor
748 996 819 1037 ne
864 982 1138 1044 fortassis,
1190 980 1321 1035 dum
1349 980 1451 1047 ipsi
1489 979 1675 1034 dome-

108 1076 319 1129 sticum
351 1076 524 1129 otium
558 1087 860 1143 pacemque
888 1075 986 1143 (ne
1020 1074 1197 1128 dicam
1244 1072 1555 1142 mollitiem)
1586 1073 1676 1127 ni-

110 1164 288 1218 mium
318 1164 536 1227 amatis,
569 1162 892 1228 eifeminati,
931 1163 1109 1218 timidi
1151 1178 1455 1235 segnesque
1488 1163 1677 1218 videa-

109 1254 276 1309 mini.
336 1254 420 1307 Ne
474 1252 519 1307 si
566 1251 777 1309 diutine
822 1269 948 1324 quae
998 1254 1229 1322 turpiter
1267 1263 1397 1322 sunt
1452 1253 1675 1319 amissa,

108 1344 418 1415 repetitum
473 1345 556 1400 ire
598 1345 962 1417 cunctamini,
1011 1360 1135 1415 qua
1183 1347 1384 1401 tenetis
1424 1345 1678 1400 hostibus

109 1436 256 1491 detis
294 1436 581 1492 auferendi
626 1435 937 1492 audaciam.
990 1435 1287 1506 Maioribus
1325 1437 1525 1492 vestris
1560 1437 1676 1492 sive

108 1525 225 1579 illis
245 1516 587 1589 Excidibui,
615 1525 733 1579 sive
756 1525 877 1581 istis
917 1524 1251 1589 Saxonibus,
1287 1526 1402 1580 sive
1438 1527 1544 1581 mei
1576 1526 1674 1581 Be‘

106 1611 255 1666 roldi
300 1610 713 1667 successoribus
764 1627 835 1667 ne
874 1613 999 1670 sitis
1053 1613 1269 1668 tandem
1318 1614 1513 1683 pudori
1565 1630 1676 1671 non

104 1717 310 1772 parum
343 1702 565 1771 quidem
610 1703 723 1772 ipsa
770 1716 984 1758 vereor.
1020 1702 1165 1768 Quas
1216 1703 1439 1772 quidem
1479 1705 1550 1758 ob
1588 1720 1677 1762 res

1780 616 1888 669 utri
1930 615 2139 671 Graecia
2180 620 2321 688 (qua:
2356 627 2487 675 tunc
2531 622 2698 675 armis
2744 621 3057 675 libertatem
3101 620 3335 676 maxime

1778 704 2081 776 tuebatur),
2119 710 2229 763 utri
2259 710 2345 765 vel
2385 720 2647 766 externus
2692 712 2870 781 patuit
2900 710 3053 767 orbis
3086 727 3103 766 :
3134 712 3333 766 vestris

1774 803 1833 848 et
1863 796 2107 852 omnium
2154 796 2589 855 Christianorum
2612 801 2783 856 armis
2816 800 2906 855 illa
2941 800 3333 870 prapemodutn

1777 886 2006 941 inermis
2042 901 2153 960 non
2176 889 2393 959 parebit
2418 891 2441 944 l
2467 891 2898 961 Deprecantibus
2929 906 2992 946 ac
3022 905 3334 959 repugnan-

1778 976 1929 1031 tibus
1967 992 2132 1047 grave
2178 982 2460 1037 servitutis
2497 982 2689 1052 jugum
2723 983 2984 1051 imposuit
3030 982 3332 1050 Philippus,

1776 1064 2036 1135 imposuit
2061 1068 2392 1128 Alexander.
2421 1072 2813 1141 Expetentibus
2832 1082 2887 1127 et
2914 1071 3333 1141 implorantibus

1777 1170 1929 1210 suam
1953 1147 2375 1230 sabaudamque
2408 1162 2717 1217 libertatem
2751 1163 3028 1231 negabunt
3058 1160 3333 1215 Sabaudi?

1777 1243 1967 1317 Usque
2009 1265 2203 1320 nempe
2237 1253 2377 1308 adeo
2410 1253 2609 1309 nobilis
2649 1254 2739 1307 illa
2786 1253 2976 1310 Grieca
3008 1253 3157 1307 natio
3190 1255 3334 1320 (qua:

1776 1353 1924 1394 nunc
1943 1339 2235 1412 delitescit)
2266 1344 2586 1398 servitutem
2617 1358 2836 1412 semper
2858 1343 3150 1401 exhorruit
3171 1342 3334 1411 (prato

1770 1428 1966 1483 ‘sertim
2000 1428 2457 1488 abhorrentema
2496 1429 2771 1502 Christo),’
2796 1442 2859 1486 ut
2884 1447 3007 1487 cum
3042 1425 3176 1485 "mox
3220 1431 3333 1484 suis

1777 1518 2003 1588 perﬁdis
2037 1521 2282 1590 tyrannis
2326 1521 2529 1577 bellum
2563 1537 2593 1576 a
2621 1522 2776 1577 vobis
2807 1521 3038 1590 aliisque
3063 1519 3330 1575 Christia-

1779 1610 2024 1667 nissimis
2070 1613 2413 1683 principibus
2458 1628 2643 1684 parari
2687 1614 3004 1683 conjectum
3033 1612 3234 1682 capiet,
3264 1610 3329 1664 ad

1778 1716 1838 1757 se
1870 1704 2115 1758 venturis
2155 1704 2402 1771 pristina;
2433 1703 2704 1760 libertatis
2736 1705 3199 1761 restauratoribus
3231 1704 3333 1757 iter

105 1800 206 1847 aut
250 1792 549 1860 aliquando
588 1792 887 1861 dispudeat
925 1802 1032 1848 tam
1064 1794 1209 1847 clara
1254 1793 1436 1849 sidera
1463 1804 1674 1851 vestros
1705 1832 1752 1892 Β
1782 1791 1867 1845 vel
1899 1792 2047 1846 ferro
2077 1794 2236 1849 vobis
2267 1794 2533 1883 recludet,
2578 1794 2860 1887 alimenta,
2894 1808 3081 1861 naves,
3118 1803 3331 1862 portus.

106 1885 353 1953 majores
382 1882 715 1949 meminisse,
743 1893 838 1939 aut
882 1884 1029 1954 quod
1076 1884 1154 1938 illi
1187 1886 1340 1940 vobis
1367 1887 1469 1939 iter
1491 1896 1677 1942 osten-

106 1975 273 2038 dunt,
324 1976 376 2029 in
404 1974 666 2045 Cyprum,
713 1976 767 2031 in
803 1976 1139 2042 Armeniam,
1172 1977 1227 2031 in
1278 1975 1588 2035 Salomonis
1616 1988 1676 2039 .et

104 2064 323 2121 Christi
363 2082 589 2136 regnum
637 2067 793 2125 ocius
837 2067 1133 2138 praeripite.
1186 2068 1386 2124 Ensem
1430 2080 1675 2125 vestrum

105 2142 343 2210 Graecia]
363 2144 631 2228 moratur,
676 2144 997 2243 pmdonufn
1036 2158 1387 2227 hostiumque
1431 2160 1675 2215 thesauri

104 2246 300 2309 opima
333 2245 487 2300 vobis
514 2245 687 2313 spolia
715 2244 902 2301 futura
926 2258 1073 2301 sunt.
1101 2248 1175 2301 De
1204 2250 1403 2303 vestris
1424 2250 1674 2305 hostibus

105 2334 432 2403 triumphus
457 2324 780 2399 ducendus;
817 2348 920 2388 vos
957 2338 1276 2404 posterique
1311 2338 1478 2391 vestri
1518 2339 1675 2393 ditis-

101 2424 251 2478 sima
282 2438 450 2493 regna
472 2423 702 2493 perenni
728 2433 971 2493 tempore
991 2427 1299 2491 possessuri
1332 2424 1489 2483 estis.
1518 2428 1665 2483 Jama

100 2514 219 2583 jam
245 2528 277 2566 a
307 2510 536 2567 sedibus
560 2512 763 2567 Gracis
793 2513 980 2567 tandiu
1010 2521 1257 2570 extorres
1286 2514 1523 2584 Philippi
1547 2516 1673 2570 Ale-

102 2604 423 2674 xandrique
466 2602 577 2658 fato
610 2618 713 2659 suo
742 2606 943 2660 reverti
992 2607 1217 2661 domum
1259 2621 1414 2661 suam
1466 2621 1672 2661 concu-

102 2696 356 2763 piscant,
400 2694 602 2764 quibus
641 2694 899 2750 nimirum
933 2696 1002 2765 (si
1030 2698 1152 2765 quis
1195 2697 1360 2751 modo
1389 2699 1670 2767 gentilium

102 2798 344 2839 suorum
380 2799 571 2839 sensus
618 2779 705 2839 est
742 2793 865 2854 post
908 2784 1161 2855 mortem)
1201 2798 1428 2856 regnum
1458 2787 1673 2842 Graeco-

102 2893 238 2932 rum
270 2876 378 2931 sibi
408 2875 721 2931 restitutum
757 2876 820 2930 iri
866 2876 1166 2942 videbitur,
1199 2877 1418 2946 quando
1451 2894 1546 2932 vos
1579 2880 1673 2933 de-

105 2984 214 3025 cus
245 2966 332 3023 sui
388 2967 605 3038 generis
636 2966 866 3037 gloriam
906 2966 1174 3036 reliquam
1204 2968 1289 3022 sui
1326 2969 1566 3023 nominis
1605 2984 1673 3025 eo

100 3060 361 3116 sentient
388 3057 741 3112 adventuros.
770 3057 945 3127 Atque
973 3057 1175 3112 utinam
1191 3057 1306 3127 jam
1333 3066 1480 3114 nunc
1505 3060 1671 3124 alter-

1784 1880 2196 1949 impedimenta,
2231 1879 2525 1953 stipendia,
2570 1880 2819 1954 praesidia
2868 1893 3067 1952 sponte
3097 1899 3192 1939 sua
3230 1884 3336 1937 mi-

1782 1971 2057 2035 nistrabit,
2088 1987 2208 2027 sese
2237 1988 2333 2028 sua
2357 1983 2553 2044 sponte
2590 1982 3004 2044 Quoquoversus
3034 1976 3186 2043 signa
3218 1989 3335 2027 ver-

1783 2061 1983 2123 teritis,
2009 2049 2250 2116 vestrum
2273 2065 2375 2118 sub
2403 2064 2693 2132 imperium
2720 2066 2948 2119 missura
2981 2064 3332 2133 parituraquc

1783 2150 1926 2204 veris
1952 2152 2166 2220 piisque
2196 2154 2453 2208 dominis.
2485 2156 2550 2209 Et
2574 2169 2642 2209 eo
2669 2155 2889 2222 quidem
2925 2152 3185 2207 libentius
3220 2166 3331 2222 quo

1786 2241 2032 2310 tyrannis
2074 2242 2300 2297 invitius
2334 2244 2649 2312 diutiusque
2698 2241 3197 2324 servivit.‘Ecquid
3231 2255 3333 2311 ego

1782 2330 2028 2395 privatus
2062 2345 2163 2399 pro
2210 2342 2403 2386 vestrae
2448 2331 2753 2401 praestantis
2787 2332 3049 2402 prosapiae
3091 2347 3336 2386 commoo

1780 2418 2069 2483 ditatibus,
2099 2436 2199 2490 pro
2225 2432 2446 2477 terreno
2480 2423 2811 2492 requirendo
2835 2422 3087 2492 imperio,
3113 2440 3211 2493 pro
3243 2440 3332 2478 rc-

1780 2509 2030 2577 petendis
2061 2526 2386 2579 proavorum
2408 2513 2633 2569 sedibus
2663 2529 2758 2569 vos
2782 2513 2995 2581 longius
3017 2515 3332 2583 pluribusve

1750 2601 2059 2668 ‘cohorter,
2088 2603 2553 2672 quandoquidem,
2577 2606 2660 2659 vel
2694 2605 2816 2659 istis
2832 2605 3050 2674 quidem
3079 2602 3334 2663 omnibus

1782 2692 2128 2761 posthabitis,
2164 2694 2282 2762 ipsa
2310 2694 2511 2764 quippe
2535 2694 2856 2750 Christianae
2881 2696 3156 2766 religionis
3185 2698 3341 2751 salus

1780 2797 1848 2839 eo
1890 2799 1988 2840 vos
2028 2800 2137 2854 quo
2176 2786 2433 2853 princeps
2473 2785 2718 2841 Bessario
2750 2797 2936 2841 monet
2974 2788 3183 2857 optimo
3208 2786 3330 2858 fure

1781 2874 2071 2931 traducere
2111 2876 2295 2930 debet.
2342 2875 2452 2930 llac
2501 2892 2693 2947 nempe
2738 2878 2793 2932 in
2828 2886 2983 2948 parte
3014 2877 3151 2931 nihil
3192 2892 3330 2944 opus

1780 2966 1898 3022 fore
1928 2967 2305 3022 cohortatione
2326 2982 2446 3026 mea
2467 2968 2621 3035 duxi;
2653 2985 2723 3025 ne
2749 2970 2995 3026 fortassis
3020 2979 3114 3026 aut
3144 2986 3333 3042 super-

1779 3068 1954 3108 vacuo
1980 3054 2167 3110 labore
2189 3071 2305 3110 rem
2325 3071 2445 3127 qua:
2468 3073 2527 3113 se
2549 3059 2704 3115 vobis
2730 3060 2950 3116 abunde
2974 3064 3328 3132 persuaserit,

106 3159 241 3221 uter
302 3146 728 3221 illucialicunde
773 3159 955 3217 posset
998 3149 1312 3218 emergere!
1379 3147 1675 3219 Haudqua.
1704 3163 1749 3221 α
1780 3158 1928 3198 nunc
1960 3145 2076 3213 ipse
2124 3146 2423 3212 intendam,
2458 3156 2550 3203 aut
2598 3166 2760 3220 quam
2813 3152 2917 3207 sibi
2950 3154 3165 3212 divinus
3200 3157 3331 3212 Bes-

105 3254 285 3309 quam
325 3238 439 3293 illic
469 3237 720 3308 profecto
753 3238 941 3308 stirpis
977 3251 1092 3293 suae
1106 3251 1343 3305 nomen,
1377 3242 1677 3294 auctorita-

108 3338 252 3391 tem,
300 3328 613 3383 oblitterari
660 3327 884 3383 silerive
929 3336 1210 3398 pateretur
1242 3347 1255 3379 :
1289 3328 1421 3397 quin
1448 3329 1516 3383 ad
1549 3330 1679 3384 istas

102 3428 339 3473 vestras
394 3433 566 3486 usque
618 3419 782 3485 Alpes
830 3419 938 3471 iter
982 3432 1013 3471 a
1062 3417 1271 3473 Graecia
1325 3418 1476 3471 ferro
1520 3419 1678 3474 vobis

108 3511 391 3579 aperiret.
421 3508 611 3577 Neque
641 3522 740 3571 vos
769 3507 1008 3576 Philippi
1045 3516 1139 3560 aut
1168 3507 1467 3562 Alexandri
1498 3508 1678 3563 deter—

108 3612 239 3656 reat
270 3599 611 3668 magnitudo,
650 3607 905 3667 tanquam
954 3599 1320 3667 nequidquam
1355 3600 1544 3655 conari
1585 3601 1678 3655 de-

108 3691 329 3752 beatis,
369 3688 515 3754 quod
561 3687 641 3741 illi
687 3686 1043 3741 confecerint.
1092 3689 1205 3741 imo
1249 3704 1379 3743 vero
1417 3705 1539 3743 cum
1569 3691 1678 3745 illis

105 3782 283 3849 longe
309 3778 469 3831 vobis
492 3777 836 3831 commodior
861 3776 1250 3847 houestiorque
1278 3780 1407 3835 belli
1444 3782 1669 3852 gerendi

106 3871 261 3923 ratio
309 3874 417 3919 est.
470 3866 624 3921 Unus
669 3864 955 3937 Philippus
1011 3883 1263 3938 unusque
1322 3870 1672 3927 Alexander:

104 3961 256 4013 alter
282 3956 531 4021 Gracia,
566 3956 708 4012 alter
740 3957 889 4013 orbis
913 3957 1164 4014 civitates
1192 3975 1383 4015 omnes
1418 3977 1676 4035 armaque

102 4047 467 4111 constravit;
513 4062 610 4103 vos
652 4058 884 4117 septem,
935 4065 1102 4105 unum
1136 4061 1232 4106 aut
1277 4054 1532 4121 alterum,
1580 4040 1675 4109 aut

104 4150 223 4194 tres
252 4139 323 4194 ad
365 4148 635 4193 summum
676 4141 962 4209 praedones
1015 4159 1121 4199 non
1166 4145 1675 4217 exstinguetisisb

99 4246 217 4284 uno
282 4230 541 4298 Philippo
602 4246 821 4301 unoque
868 4233 1182 4289 Alexandro
1240 4252 1410 4306 regna
1454 4238 1674 4307 quidem

96 4321 318 4383 aliena,
362 4320 474 4373 imo
526 4320 725 4376 abillo
775 4339 871 4393 per
921 4324 1206 4392 Graeciam,
1254 4343 1401 4383 nunc
1452 4330 1519 4382 ab
1569 4331 1675 4385 hoc

1779 3232 1925 3287 sario
1969 3236 2308 3303 provinciam
2370 3239 2672 3311 delegerit,
2721 3244 3037 3314 Optimeque
3077 3250 3328 3315 gesserit,

1740 3318 1743 3323 ’
1778 3322 2003 3383 inermis
2046 3340 2146 3396 ego
2200 3339 2321 3399 post
2359 3331 2507 3387 hunc
2543 3342 2735 3403 gerere
2785 3338 3034 3407 tuerique
3085 3356 3323 3412 pergam.

1773 3412 1910 3473 Nam
1945 3417 2035 3487 (ad
2090 3434 2185 3473 vos
2234 3435 2565 3501 causamque
2612 3426 2759 3493 quod
2805 3428 3022 3499 attinet)
3067 3434 3327 3490 militaria

1776 3506 2000 3574 quidem
2048 3508 2285 3578 insignia
2332 3513 2534 3579 quibus
2567 3529 2749 3581 enses,
2780 3518 2977 3587 clypei,
3025 3524 3326 3593 vexillaque

1774 3606 1956 3650 vestra
2004 3600 2178 3653 multo
2225 3603 2398 3670 magis
2443 3603 2735 3672 refulgent,
2785 3609 2957 3674 spolia
3007 3621 3157 3676 sunt,
3203 3629 3323 3683 quae

1773 3686 2140 3743 Christianam
2176 3704 2396 3745 causam
2421 3695 2575 3749 vobis
2607 3698 2943 3763 persuadere
2975 3702 3155 3756 verbis
3187 3703 3324 3759 faci-

1773 3776 1881 3830 lius
1910 3777 2166 3832 omnibus
2199 3788 2467 3848 possunt,
2502 3783 2702 3852 quippe
2724 3801 2856 3854 qua:
2885 3801 3111 3856 quartus
3155 3807 3186 3845 a
3223 3793 3326 3857 Be-

1777 3868 1931 3923 roldo
1954 3878 2147 3922 vestrae
2166 3869 2361 3925 domus
2381 3872 2637 3942 princeps
2654 3874 2927 3932 Amadeus
2947 3878 3148 3935 Christi
3167 3884 3325 3938 victis

1774 3960 1842 4015 ab
1874 3960 2128 4017 hostibus
2169 3963 2388 4017 domum
2432 3968 2752 4035 reportavit.
2787 3968 2941 4024 Unde
2983 3978 3327 4040 reportavit?

1773 4046 1974 4121 Utique
2005 4054 2306 4123 reportavit
2334 4070 2365 4108 e
2406 4053 2635 4111 Grecis.
2664 4057 2822 4123 Quod
2855 4061 2899 4113 si
2931 4077 3074 4116 nunc
3109 4079 3203 4119 ore
3230 4082 3322 4121 ro—

1776 4146 1946 4201 tundo
1976 4161 2277 4217 magnaque
2305 4145 2493 4203 Graeco
2523 4163 2672 4203 more
2694 4161 3012 4209 sonaturum
3043 4154 3321 4213 Bessario-

1774 4256 1898 4295 nem
1940 4249 2147 4295 attente
2189 4240 2372 4310 placet
2408 4241 2621 4307 audire,
2656 4242 2806 4297 ibitis
2837 4247 3063 4313 alacres,
3091 4250 3323 4305 victores

1777 4333 1972 4386 iterum
2000 4334 2293 4388 reversuri.
2322 4331 2429 4386 Sed
2456 4349 2591 4402 quas
2621 4332 2751 4389 huic
2780 4336 3114 4392 homunculo
3138 4352 3319 4402 vestro

97 4413 272 4483 longe
304 4428 405 4483 per
436 4413 624 4471 orbem
647 4416 871 4486 quasita
902 4429 1053 4474 sunt.
1088 4420 1131 4473 A
1159 4421 1315 4475 vobis
1340 4431 1521 4477 vestra
1554 4425 1672 4478 sine
1707 4496 1733 4500 Α
1775 4438 1983 4493 suoque
2010 4424 2339 4491 mancipiolo
2378 4424 2589 4478 litteras
2616 4424 2707 4479 ille
2740 4426 2890 4479 reddi
2916 4430 3162 4497 jusserit,
3188 4414 3318 4500 quid

95 4505 407 4574 sanguine,
463 4506 585 4559 sine
619 4507 841 4588 sudore,
882 4510 1000 4565 sine
1054 4512 1439 4569 reclamatione
1485 4516 1666 4569 detra-
1706 4496 1748 4550 θ
1776 4525 1831 4568 et
1857 4514 2059 4583 negotii
2091 4515 2385 4579 mandarit,
2418 4516 2640 4586 jamjam
2676 4518 2859 4574 animo
2892 4496 3122 4588 Dropitio
3156 4496 3318 4576 benc-

97 4572 364 4649 bentur?
416 4595 523 4652 Uni
567 4572 833 4668 Philippo?
867 4600 1075 4677 unique
1120 4603 1445 4670 Alexandro,
1499 4606 1668 4661 milite

1776 4605 2007 4674 veloque
2036 4605 2322 4676 percipite.

1390 4896 1400 4933 ι
1452 4896 1971 4934 ψ.
