4106 6322
156 230 265 293 619

1192 245 1624 309 ORATIONES
1664 251 1958 315 CONTRA
1980 257 2309 318 ,TURCAS.

3259 269 3364 333 6ὖο

154 347 257 410 eis,
297 346 426 414 quid
479 363 598 402 cum
624 350 846 421 Mysiis,
894 354 1141 424 Illyricis,
1184 332 1573 417 Pannonibus‘!
1618 363 1715 417 Pe—
1744 371 1789 426 Α
1819 368 1979 424 nibus
2009 372 2101 440 qui
2144 374 2381 444 privatis
2413 374 2610 445 studiis
2644 384 2698 429 et
2754 377 3040 434 affectibus
3098 384 3250 438 vacui
3285 400 3373 439 es-

154 448 337 502 reant‘,
381 440 665 505 inquiunt,
710 444 838 512 quid
881 447 1078 513 nobis?
1131 448 1300 503 Nobis
1336 452 1475 507 bene
1506 453 1596 518 sit,
1633 456 1716 507 in-

156 534 373 581 tereant
406 529 519 583 alii.
564 531 678 585 lluc
709 533 857 600 ades,
895 535 1039 591 bone
1093 530 1210 603 vir,‘
1235 540 1305 592 ita
1345 540 1622 610 siquidem
1656 544 1723 595 li-

154 618 345 672 l‘ertas
384 628 475 674 tua
513 624 724 676 servari
776 627 998 692 poterit.
1060 628 1129 681 At
1167 643 1274 681 non
1314 629 1578 700 intelligis
1615 633 1723 685 tuis

147 708 361 771 viribus
394 710 522 777 (tua:
547 712 688 764 enim
719 706 1161 771 Christianorum
1190 721 1335 774 vires
1370 722 1544 790 sunt),
1589 725 1719 790 tuis,

129 792 407 865 inquam,
444 800 725 857 exhaustis
772 802 982 858 viribus
1032 816 1182 861 tanto
1214 818 1265 861 te
1306 808 1720 867 imbecilliorem

150 895 207 942 et
234 889 548 944 inferiorem
585 892 719 955 fore,
742 890 951 963 quanto
984 892 1155 952 hostis
1185 906 1310 953 tuus
1365 896 1619 967 superior
1653 919 1719 959 ac

54 1012 65 1019 κ
149 983 428 1051 potentior
464 983 673 1049 evadet,
698 999 820 1038 eum
846 999 955 1053 quo
993 987 1325 1044 tandemtibi
1350 991 1717 1069 dimicandum

149 1082 257 1125 est.
305 1073 449 1127 Satis
484 1075 627 1128 enim
670 1075 947 1138 videberis
986 1078 1056 1131 ab
1105 1078 1260 1133 hoste
1300 1081 1647 1150 impetrasse,
1674 1087 1718 1139 si

150 1164 303 1231 quod
359 1165 725 1234 Polyphemus
766 1165 962 1236 Ulyssi,
990 1176 1048 1220 ut
1086 1169 1139 1221 in
1179 1169 1378 1225 fabulis
1400 1171 1633 1239 dederit,
1663 1185 1721 1230 ut

151 1254 382 1308 ultimus
419 1256 862 1311 eonﬁciareJ‘nbi
913 1258 989 1312 vel
1015 1258 1186 1313 invito
1216 1261 1511 1314 cedendum
1538 1264 1719 1320 eritet

150 1345 395 1399 servitus
458 1346 763 1412 subeunda,
803 1364 923 1416 qua:
980 1364 1101 1403 cum
1154 1365 1252 1418 per
1287 1368 1344 1404 se
1384 1353 1558 1423 turpis
1613 1354 1718 1422 sit,

156 1442 273 1486 tum
328 1434 645 1490 conditione
684 1436 889 1490 domini
925 1439 1523 1507 turpissinia.‘,'0bscssa
1559 1442 1720 1519 Chal-

151 1523 237 1577 cis
278 1524 329 1577 in
378 1526 602 1602 Eulrma,
648 1527 779 1581 urbs
818 1530 1090 1596 quondam
1129 1526 1532 1599 florentissima,
1579 1524 1720 1589 unde

150 1613 358 1669 Cumas
420 1617 471 1669 in
535 1616 825 1684 Campania
879 1619 1107 1673 deducta
1148 1630 1230 1675 est
1284 1622 1520 1685 colonia,
1564 1625 1708 1679 unde

150 1705 405 1760 homines
447 1718 736 1761 manarunt
774 1711 866 1777 qui
909 1710 1184 1779 Neapolim
1224 1699 1605 1789 incoluerunt,
1654 1717 1703 1769 vi
1742 1692 1782 1746 Β

151 1805 335 1863 rapta,
378 1814 569 1854 eversa
598 1842 612 1863 ,
655 1801 800 1857 ferro
841 1803 1064 1873 ignique
1129 1814 1470 1873 consumpta.
1517 1805 1719 1862 Classis

153 1884 461 1942 'l'urcorum
515 1892 842 1959 amplissima
901 1908 995 1961 per
1063 1902 1236 1948 totum
1304 1893 1716 1965 Hellespontum

149 1986 434 2043 vagatur;
524 1981 737 2050 fugatus
809 1984 1012 2037 navalis
1052 1984 1381 2039 Venetorum
1441 1990 1722 2043 exercitus

146 2066 409 2135 aufugit,
466 2072 611 2125 celit
678 2072 797 2126 loco
834 2113 859 2136 ,,
915 2075 1108 2128 latitat.
1150 2076 1311 2131 Turei
1362 2080 1600 2135 victoriae
1639 2082 1722 2136 fu-

148 2171 337 2209 rorem
378 2160 832 2226 superbissimum
891 2164 943 2216 in
998 2180 1193 2219 crimes
1241 2169 1447 2223 insulas
1483 2170 1602 2224 illas
1632 2172 1721 2226 de-

150 2247 529 2312 l-avchantur,
581 2259 830 2303 avertunt
892 2265 1108 2305 omnem
1165 2255 1433 2320 ordinem,
1480 2266 1714 2327 atatem,

150 2351 345 2389 sexum
405 2337 458 2390 in
499 2338 767 2406 praedam;
807 2349 1018 2393 vastant
1064 2356 1255 2411 agros,
1294 2343 1715 2415 depopulantur.

150 2427 296 2493 Quid
344 2428 411 2482 ad
470 2429 606 2480 nos?
658 2430 875 2497 Venetis
932 2445 1078 2484 cura:
1125 2433 1215 2488 sit.
1268 2433 1436 2491 Recte
1476 2452 1601 2497 eum
1650 2440 1719 2495 iis

148 2528 362 2572 actum.
388 2518 527 2573 Utile
547 2520 690 2572 enim
717 2529 882 2583 esset,
922 2523 964 2577 si
991 2524 1335 2592 gravioribus
1360 2527 1717 2586 incommodis

150 2606 606 2661 conﬂictarentur
642 2628 654 2663 :
688 2611 930 2679 quietius
972 2616 1156 2670 caeteri
1185 2627 1240 2672 et
1285 2618 1533 2674 securius
1570 2622 1719 2675 vive-

151 2713 366 2755 remus.
400 2701 631 2758 Tantum
674 2706 785 2761 otio
813 2690 1003 2761 nostro
1049 2710 1261 2781 accedit
1306 2725 1574 2782 quantum
1606 2717 1718 2772 illis

148 2788 372 2854 imperii
424 2794 702 2863 demitur;
743 2800 785 2853 si
847 2803 965 2869 quis
995 2802 1089 2881 qui
1134 2806 1289 2859 malis
1316 2807 1435 2861 istis
1488 2808 1749 2879 ingentio‘

141 2871 292 2938 'scat.
330 2883 376 2938 is
412 2886 674 2953 Venetus,
726 2871 1052 2949 Venetorum
1087 2878 1335 2964 partibus
1390 2899 1553 2964 favet,
1610 2908 1717 2957 non

1834 471 1977 526 sent,
2013 477 2075 516 ea
2108 465 2290 518 omnia
2332 467 2504 534 palam
2545 479 2705 522 erant
2735 479 2791 522 et
2843 471 2897 523 in
2928 484 3200 543 promptu.
3234 476 3372 530 Tum

1821 549 1997 604 sibilis
2025 552 2187 621 vulgi,
2228 552 2579 611 honestorum
2616 558 2863 615 moribus
2888 562 3242 629 eXplodebar.
3276 566 3370 621 Ju-

1822 638 2074 697 dicahant
2110 642 2444 725 dementem,
2490 640 3011 703 somniisdeditum.
3077 652 3242 707 Risus
3298 657 3367 713 de

1822 743 1907 782 me
1968 745 2075 784 non
2128 746 2347 799 parvus,
2382 745 2441 789 ut
2501 736 2631 803 scis,
2677 739 2967 795 excitatus.
3002 742 3105 795 Sed
3148 740 3367 810 tamen,

1820 815 1955 882 proli
1990 815 2172 869 dolori
2223 825 3368 896 eveneruntomnia,utpraedisi.Caveant,

1820 904 1912 971 qui
1950 894 2064 961 liae
2094 909 2345 974 audiunt,
2380 926 2447 965 ne
2478 912 2620 967 idem
2675 894 2889 972 accidat
2949 919 3002 973 in
3062 929 3364 990 posterum.

1816 993 1935 1048 Non
1969 997 2190 1052 timidus
2225 1000 2473 1055 Bessario
2502 1003 2554 1056 in
2588 1005 2887 1061 subeundis
2931 1010 3187 1077 periculis
3237 1030 3252 1077 ;
3303 1016 3373 1068 ti-

1820 1084 1998 1138 midus
2033 1087 2086 1138 in
2115 1090 2529 1157 prospiciendis.
2564 1091 2753 1149 Posset
2783 1096 2960 1151 adhuc
2991 1097 3233 1163 inermis,
3257 1084 3373 1157 ino-

1821 1173 2029 1228 nachus
2057 1191 2246 1240 senex,
2277 1181 2538 1249 majorem
2570 1185 2813 1239 animum
2840 1194 2894 1240 et
2922 1202 3030 1256 prae
3055 1203 3113 1243 se
3145 1188 3290 1245 ferre
3313 1200 3371 1246 et

1820 1276 2102 1333 prmtare,
2157 1284 2322 1336 quam
2365 1270 2455 1326 isti
2513 1288 2839 1343 persuasum
2895 1277 3153 1345 habeant,
3206 1280 3369 1337 modo

1818 1353 2118 1412 Christiani
2153 1361 2431 1432 principes
2458 1364 2663 1420 vellent
2715 1365 2893 1422 facere
2940 1370 3083 1434 quod
3116 1381 3367 1439 possunt.

1820 1447 1963 1513 quod
2013 1448 2231 1503 debent.
2272 1452 2379 1507 Iret
2420 1453 2535 1522 ipse
2566 1456 2619 1509 in
2676 1458 2885 1512 hostem
2935 1474 3057 1514 cum
3089 1461 3371 1525 militibus,

1823 1553 1947 1591 cum
2005 1540 2327 1598 cohertibus
2389 1547 2635 1611 armatis,
2691 1565 2815 1603 cum
2877 1552 3373 1621 propugnatoribus

1821 1630 2007 1686 crucis
2041 1632 2113 1686 ita
2145 1634 2367 1702 quidem
2399 1636 2708 1699 instructis.
2744 1648 2800 1693 ut
2827 1640 2971 1697 vires
3000 1654 3054 1696 et
3086 1643 3279 1713 copiae,
3310 1650 3374 1697 ut

1824 1724 2065 1793 legiones
2097 1726 2330 1781 hostiles
2354 1729 2654 1795 postulant.
2692 1730 2881 1796 ουκ-ι
2906 1732 3245 1801 agitamusne
3267 1734 3372 1790 ista

1822 1814 2006 1868 animo
2047 1815 2264 1871 cunctis
2292 1817 2356 1871 ad
2386 1818 2489 1874 hoc
2520 1819 2943 1887 dormientibus,
2972 1821 3374 1891 dissidentibus

1822 1902 1966 1956 inter
1996 1919 2141 1966 sese,
2193 1905 2364 1960 altero
2400 1908 2631 1963 alterius
2702 1909 2997 1977 perniciem
3060 1915 3374 1981 optantibus

1821 2004 1875 2046 et
1908 1994 2301 2052 molientibus?
2377 1996 2598 2053 Undene
2632 1999 2881 2055 Bessario
2910 2016 3034 2056 cum
3068 2003 3257 2068 altero,
3281 2019 3371 2059 se-

1821 2098 1920 2138 nes
1948 2088 2143 2161 ambo,
2172 2077 2379 2143 incerta
2413 2090 2748 2154 valetudine,
2784 2091 2995 2149 viribus
3047 2093 3226 2157 fracti,
3277 2111 3368 2150 αι’-
3404 2132 3407 2137 -

1821 2176 2027 2230 ccbunt
2060 2186 2268 2232 tantum
2312 2179 2476 2236 Turei
2517 2183 2779 2251 impetum
2816 2184 3203 2253 petentissimi,
3234 2202 3363 2242 san-

1821 2265 2043 2334 guinem
2074 2266 2448 2325 Christianum
2509 2273 2860 2329 anhelantis?
2908 2274 3183 2345 ineptum,
3236 2279 3373 2332 stul-

1823 2369 1956 2423 tum,
1990 2360 2206 2413 inutile.
2236 2362 2394 2423 Veni,
2445 2363 2741 2429 migremus
2792 2366 2921 2419 alio.
2980 2364 3375 2437 Relinquamus

1819 2446 2160 2515 principibus
2209 2447 2376 2504 italia
2414 2465 2599 2505 curam
2630 2454 2807 2508 istam.
2846 2455 2975 2510 Nam
3002 2466 3060 2512 et
3110 2456 3186 2511 illi
3250 2473 3352 2513 nos

1819 2536 2187 2605 reliquerunt,
2218 2544 2380 2607 atque
2407 2541 2711 2597 obaudiunt
2741 2544 2972 2613 jamdiu,
3017 2541 3285 2615 tanquam
3334 2563 3369 2604 ο

1818 2628 2043 2694 speculo
2072 2628 2400 2691 clamantes,
2435 2633 2818 2698 prtedicentes,
2848 2642 3165 2701 proponent
3186 2649 3214 2689 s
3240 2645 3372 2690 ante

1819 2716 2009 2770 oculos
2039 2732 2231 2771 eorum
2268 2718 2535 2787 pericula.
2571 2719 2837 2789 Optemus
2876 2730 3052 2775 tamen
3092 2721 3272 2777 adhuc
3299 2725 3371 2780 ab

1819 2807 2112 2863 immortali
2174 2810 2284 2864 Deo
2336 2809 2617 2866 Salvatore
2674 2821 2881 2873 nostro,
2936 2820 2995 2865 ut
3041 2811 3373 2870 criminibus

1823 2900 2031 2954 nostris
2064 2900 2341 2970 ignoscat;
2373 2911 2428 2957 et
2464 2902 2646 2965 (idem,
2678 2904 2834 2973 cujus
2890 2914 2944 2959 et
2999 2905 3142 2959 lator
3174 2903 3275 2959 fuit
3310 2912 3369 2960 et

150 2976 495 3042 audiendus,
532 2986 993 3039 contemnendus.
1055 2986 1100 3041 Ο
1159 2998 1372 3060 turpem
1428 2983 1712 3049 hominum
1742 3024 1784 3078 ο
1818 3001 2029 3057 auctor,
2058 3007 2219 3060 qnam
2252 2993 2670 3049 ad'saaculorum
2721 2994 2881 3065 linem
2912 3009 3187 3066 nunquam
3215 3010 3371 3050 occa-

151 3066 546 3137 ignorantiam,
592 3089 623 3125 ο
678 3076 1009 3143 vecordiam,
1040 3093 1071 3131 ο
1093 3080 1403 3137 insanabile
1437 3084 1645 3147 odium,
1680 3102 1712 3140 o

154 3166 484 3223 inimicitias
536 3171 729 3227 stultas
765 3184 818 3227 ct
853 3175 1127 3231 inauditas
1190 3174 1310 3245 quae
1338 3182 1389 3232 in
1425 3192 1711 3236 auctorum

150 3255 366 3310 viscera
393 3262 642 3324 sarviunt,
670 3269 921 3329 quamvis
949 3265 998 3316 in
1027 3267 1163 3319 alios
1192 3281 1460 3335 suscepta:
1490 3271 1714 3325 videam

152 3348 279 3399 turi
324 3346 479 3410 Veni,
511 3349 779 3415 Bessario,
813 3352 1086 3422 fugiamus
1112 3356 1295 3409 simul.
1326 3358 1612 3413 Proximus
1658 3373 1711 3415 tu

158 3451 217 3489 es
250 3436 499 3506 periculo
532 3436 676 3507 :ego
709 3443 1009 3507 proximus.
1045 3444 1210 3497 l‘aulo
1241 3449 1386 3500 catini
1424 3462 1709 3519 postpnc-

154 3535 241 3576 sto
280 3526 387 3577 erit
432 3526 724 3585 Brundusii
783 3533 991 3583 navalis
1048 3532 1352 3588 Tui-corum
1412 3545 1711 3607 exercitus,

156 3621 363 3677 praesto
397 3613 643 3682 Neapoli,
679 3628 875 3691 praesto
926 3618 1126 3673 nonne.
1161 3622 1277 3677 Jam
1337 3626 1405 3679 ita
1449 3630 1582 3682 mari
1617 3631 1715 3685 do-

157 3702 424 3764 minatur,
462 3702 680 3759 Venetis
707 3709 1046 3773 cedentibus,
1088 3715 1546 3780 quemadmodum
1604 3731 1713 3775 ter-

158 3810 239 3847 ra.
273 3794 350 3847 ita
406 3795 525 3849 istis
553 3797 1002 3864 consultantibus,
1061 3804 1328 3873 trajicient
1365 3810 1418 3860 in
1461 3811 1711 3878 Apuliam

157 3887 332 3939 multa
393 3886 629 3940 militum
668 3891 858 3956 millia,
896 3894 1101 3961 quibus
1148 3895 1468 3964 abundant;
1529 3902 1598 3957 ab
1649 3904 1719 3958 iis

159 3976 415 4047 quotidie
438 3981 566 4034 fient
598 3982 939 4041 incursiones
972 3985 1023 4040 in
1053 4002 1241 4057 agrum
1270 3989 1712 4061 Neapolitanum,

157 4071 210 4125 in
243 4073 573 4127 Romanum.
610 4072 899 4144 Cedamus,
930 4080 1177 4148 inquam,
1213 4092 1366 4137 tanto
1388 4087 1616 4153 turbini,
1648 4104 1717 4145 ne

158 4181 262 4219 nos
298 4167 507 4235 pariter
537 4166 626 4221 hic
661 4174 966 4239 Opprimat;
1004 4172 1201 4228 infensi
1231 4175 1308 4231 illi
1334 4179 1554 4246 quidem
1590 4190 1749 4235 sunt'

160 4258 380 4311 nomini
417 4274 558 4322 meo,
591 4269 644 4313 et
676 4261 772 4316 tibi
803 4272 1024 4331 propter
1058 4280 1165 4328 me,
1200 4271 1413 4324 tametsi
1444 4272 1596 4326 nullo
1621 4287 1717 4328 eos

1822 3098 2003 3138 suram
2040 3085 2317 3153 pollicitus
2357 3087 2412 3141 in
2464 3089 2627 3143 tantis
2676 3090 2851 3152 malis,
2881 3106 3000 3161 quas
3059 3091 3215 3147 nobis
3271 3092 3375 3147 im-

1820 3176 2078 3241 pendent,
2116 3185 2229 3229 tum
2267 3188 2485 3247 urgent,
2518 3189 2756 3235 tueatur.
2800 3182 2918 3237 Non
2950 3182 3373 3244 intermittamus

1820 3265 2023 3320 hortari
2052 3277 2105 3321 et
2135 3284 2324 3337 rogare
2348 3269 2619 3340 principes
2639 3280 2874 3336 nostros,
2898 3281 2954 3327 ut
2978 3273 3044 3326 ad
3069 3289 3373 3339 sacrorum,

1819 3357 2291 3421 czeremoniarum,
2328 3361 2495 3415 totius
2531 3362 2867 3430 principatus
2899 3362 3253 3419 ecclesiastici
3288 3380 3377 3419 sa—
3456 3382 3464 3395 ·

1826 3443 2020 3507 lutcm,
2054 3449 2282 3502 consilia
2338 3450 2517 3505 omnia
2561 3451 2864 3521 conferant,
2902 3453 3164 3520 laborem,
3216 3455 3377 3510 indu-
3416 3498 3423 3504 .

1828 3534 2040 3597 striam,
2079 3536 2487 3605 cogitationem,
2520 3550 2691 3597 totum
2746 3544 2985 3596 animum
3015 3553 3177 3612 atque
3229 3547 3381 3615 inge-

1821 3621 1993 3674 nium.
2052 3622 2401 3691 Appellemus
2427 3626 2631 3681 Siciliae
2679 3619 2859 3697 regem
2908 3631 3375 3699 ﬂorentissimum.

1821 3727 2077 3782 rogemus
2106 3724 2185 3778 ut,
2215 3716 2427 3785 imperii
2458 3719 2540 3771 sui
2620 3716 2820 3773 finibus
2881 3721 3141 3785 tutandis,
3198 3738 3378 3792 neque

1822 3822 1972 3872 cura,
2007 3823 2185 3887 neque
2220 3809 2418 3877 opibus
2444 3796 2615 3864 desit.
2660 3810 2763 3865 Res
2798 3811 2899 3881 ipsi
2933 3812 3035 3867 erit
3064 3828 3186 3868 cum
3218 3814 3377 3870 hoste

1795 3899 2004 3959 ,vicino
2032 3909 2088 3954 et
2148 3901 2550 3970 potentissimo.
2582 3901 2881 3957 Consulant
2921 3902 3084 3983 rebus
3111 3904 3225 3959 suis
3264 3904 3377 3960 Tu-

1824 3989 1925 4054 sci,
1954 3987 2504 4061 Ligures,’lnsubrcs,
2538 3990 2728 4046 Veneti
2755 4011 2766 4045 :
2799 3994 3038 4062 cogitent
3067 4007 3176 4065 quo
3216 4005 3378 4062 pacto

1824 4082 1893 4137 ab
1917 4082 2100 4137 hostili
2132 4084 2337 4137 saevitia
2366 4083 2467 4137 tuti
2501 4083 2644 4146 sint.
2666 4084 2827 4139 Nulla
2864 4085 3012 4140 inter
3037 4100 3167 4141 oves
3192 4096 3247 4141 et
3287 4086 3376 4140 lu~

1826 4188 1924 4243 pos
1952 4178 2143 4244 gratia.
2164 4174 2384 4229 Nullum
2416 4177 2557 4231 inter
2581 4176 2836 4247 profanos
2868 4177 3117 4233 homines
3141 4189 3197 4233 ct
3216 4178 3379 4233 Chri-

1826 4264 2034 4319 stianos
2060 4266 2149 4335 jus
2182 4267 2458 4321 amicitiae.
2493 4254 2608 4327 Non
2658 4268 2842 4331 donis,
2883 4284 2991 4322 non
3049 4270 3374 4325 muneribus

160 4365 403 4418 unquam
440 4350 595 4405 all'eei
632 4352 979 4409 incommodo
1010 4366 1103 4409 aut
1134 4352 1402 4424 lacesSivi,
1434 4377 1540 4415 non
1587 4378 1719 4418 sane

1829 4367 2055 4425 pacatur
2083 4357 2257 4411 hostis
2309 4358 2580 4419 immanis,
2617 4359 2901 4427 barbarus.
2941 4359 3099 4413 Nulla
3156 4359 3379 4416 fcederis

160 4444 292 4510 quia
339 4440 636 4506 noluerim,
665 4445 756 4497 sed
790 4445 933 4512 quod
970 4462 1074 4499 non
1108 4449 1281 4515 potui.
1319 4449 1562 4506 Locutus
1600 4469 1719 4507 sum

160 4534 357 4590 multa.
398 4534 707 4599 cum‘alibi,
746 4543 859 4585 tum
900 4535 950 4586 in
976 4548 1188 4591 senatu.
1214 4539 1504 4607 Nunquam
1530 4544 1720 4598 destiti

162 4626 423 4687 suadere,
454 4637 699 4685 monere,
729 4624 1043 4692 prmdicere,
1106 4644 1318 4697 rogare.
1360 4633 1478 4686 Non
1545 4634 1723 4691 defuit

164 4718 446 4775 voluntas,
484 4730 604 4780 qua:
642 4713 1019 4770 inimicissima
1055 4718 1202 4781 illis;
1239 4721 1378 4774 hanc
1408 4724 1610 4778 acriter
1640 4727 1723 4780 ul-

164 4808 466 4862 ciscentur.
502 4804 657 4882 Veni.
690 4804 891 4861 demus,
914 4808 1094 4861 locum
1150 4811 1263 4863 irae.
1350 4830 1351 4833 η

239 4897 451 4950 Delirat
493 4893 761 4959 Bessario,
792 4897 1017 4961 insan'it,
1048 4915 1233 4959 senex,
1269 4901 1523 4969 frigidus,
1579 4904 1725 4957 limi-

163 4992 289 5044 dus.
327 4984 598 5049 Profecto,
632 4986 1000 5051 miBessario,
1057 5006 1162 5043 non
1199 4991 1400 5044 insanit
1451 4993 1718 5047 Bessario.

166 5079 246 5132 Tu
279 5093 342 5132 es
379 5075 512 5127 mihi
541 5076 713 5132 testis.
736 5091 857 5129 cum
887 5077 1139 5132 Bononiae
1169 5095 1438 5140 essemus,
1468 5090 1524 5135 et
1547 5083 1724 5135 adhuc

166 5169 447 5224 Paschal's
483 5170 897 5227 nuncupareris.
932 5180 1094 5236 atque
1146 5170 1340 5223 allatus
1370 5181 1515 5224 esset
1551 5172 1739 5233 infeli-_

166 5257 428 5309 cissimus
458 5256 546 5307 ille
572 5254 637 5306 de
663 5253 814 5306 urbis
852 5256 1164 5320 Byzantina:
1193 5258 1439 5313 excidio,
1473 5262 1719 5325 nuntius,

168 5361 229 5397 ea
258 5348 469 5411 omnia,
512 5360 630 5414 qute
661 5355 843 5413 postea
880 5359 1171 5400 corhecuta
1205 5361 1355 5410 sunt,
1395 5365 1481 5402 me
1540 5349 1722 5405 futura

170 5437 509 5503 prtedixisse,
543 5452 646 5489 non
675 5451 740 5489 ea
776 5451 903 5487 sane
934 5438 999 5488 de
1028 5453 1209 5499 causa,
1244 5440 1391 5505 quod
1463 5441 1541 5492 vel
1598 5457 1726 5508 pru—

171 5528 354 5580 dentia
386 5529 701 5589 excellenti,
758 5527 841 5579 vel
888 5528 1245 5583 divinationis
1300 5532 1488 5585 furore
1541 5532 1724 5601 aliquo

174 5620 511 5689 despicercm
545 5635 662 5687 qute
690 5619 779 5673 alii
815 5634 921 5671 non
946 5630 1231 5675 cernerent
1260 5639 1272 5687 ;
1311 5625 1403 5677 sed
1435 5623 1580 5691 quod
1609 5638 1724 5678 om-

1822 4447 2085 4516 religione
2119 4454 2334 4508 tenetur
2366 4449 2626 4516 perﬁdus,
2662 4465 2766 4503 non
2793 4460 3036 4504 movetur
3061 4451 3380 4509 misericor-

1825 4535 1913 4589 dia
1944 4535 2383 4592 crudelissimus.
2447 4537 2743 4601 Dominari,
2798 4553 3053 4607 prmesse,
3104 4540 3379 4608 imperare

1825 4625 2012 4695 cupit;
2050 4642 2246 4689 cruore
2277 4636 2333 4681 et
2367 4627 2580 4681 ﬂamma
2615 4638 2812 4681 cuncta
2855 4628 3037 4683 delere
3068 4629 3202 4682 vult.
3238 4629 3377 4683 Sub-

1819 4718 2007 4785 jugarc
2032 4718 2134 4772 sibi
2161 4726 2388 4772 cunctos
2414 4718 2614 4772 studet.
2666 4717 2800 4781 Quis
2825 4718 2973 4770 illum
3012 4733 3041 4769 a
3080 4728 3229 4775 tanto
3287 4720 3373 4771 vi-

1824 4812 2010 4864 ctoriae
2039 4825 2199 4863 cursu
2234 4810 2570 4863 retardahit?
2601 4806 2921 4875 Peragrabit'
2951 4817 3125 4862 totum
3175 4809 3375 4865 Sicilia

1824 4914 2069 4965 regnum.
2104 4900 2330 4951 Romam
2365 4914 2535 4965 usque
2571 4897 2882 4966 perveniet.
2917 4897 3051 4964 Quis
3076 4899 3180 4953 erit
3208 4900 3379 4970 impc-

1826 4986 2113 5039 dimento?
2154 4988 2556 5056 llyperhorcine
2611 4986 2829 5053 populi,
2883 4995 2939 5040 et
2964 4996 3155 5056 gentes
3190 5005 3373 5044 remo-

1826 5077 2092 5128 tissimae‘?‘
2120 5078 2185 5129 At
2221 5077 2329 5128 illis
2361 5086 2465 5129 tam
2495 5076 2675 5131 nullus
2711 5077 2905 5137 harum
2941 5094 3120 5132 rerum
3157 5090 3372 5141 Sensus,

1826 5182 1984 5234 quam
2019 5167 2194 5221 ollicio
2236 5167 2473 5220 alienum
2506 5177 2699 5235 putant
2723 5184 2822 5236 pro
2855 5170 3028 5222 aliena
3056 5168 3230 5222 salute
3257 5168 3376 5221 sese

1824 5257 1876 5310 in
1913 5237 2209 5311 discrimen
2247 5256 2470 5311 offerre.
2504 5258 2735 5321 Galline,
2798 5257 3063 5320 Britanni,
3099 5256 3372 5341 Germani,

1825 5356 2021 5401 exterae
2049 5349 2333 5401 nationes?
2364 5347 2431 5401 At
2476 5348 2669 5415 procul
2705 5358 2832 5400 sunt
2867 5363 2895 5398 a
2930 5344 3169 5413 periculo
3198 5362 3212 5397 :
3250 5360 3363 5399 non

1825 5450 2019 5511 putant
2051 5442 2257 5494 italiam
2292 5442 2343 5493 in
2390 5440 2586 5493 medio.
2617 5424 2889 5507 periculo,
2956 5450 3149 5505 magna
3193 5451 3375 5491 rerum

1827 5532 2237 5600 perturbatione
2274 5522 2583 5583 versantem
2616 5538 2851 5589 cessare,
2884 5534 2975 5578 aut
3011 5526 3242 5594 snpitam
3290 5542 3377 5581 es-

1828 5638 1906 5689 se,
1934 5637 2094 5689 quam
2130 5608 2355 5675 inllnitis
2386 5632 2523 5688 pene
2559 5618 2850 5687 triumphis
2897 5629 2948 5673 et
2980 5618 3213 5673 hostium
3245 5628 3371 5684 spo,
