4106 6322
698 158 799 219 651

696 163 799 239 βω
1211 176 1214 178 τ
1650 163 2153 230 ΒΕεδΑΒιοΝιδ
2190 172 2245 234 s.

2400 178 2466 241 Ε.
2492 180 2955 244 CARDINALIS

692 270 787 364 liis
819 268 1135 364 decoralam
1192 286 1314 329 esse
1364 273 1565 331 sciunt.
1598 278 1814 344 ltaline,
1846 282 2049 351 quibus
2084 285 2265 363 hostis
2289 298 2333 353 Α
2364 296 2460 350 Dei
2496 295 2823 351 immortalis
2850 293 3074 364 templa,
3098 304 3310 360 domos,
3337 292 3517 354 sedet.
3562 305 3710 353 ³1⁵³⁸.
3740 289 3935 349 {060‘-

3802 170 3941 237 652

692 359 964 425 immine"
998 360 1196 429 quibus
1223 364 1451 427 “dem'
1478 363 1707 436 fermmv
1731 372 2079 439 εεηίιυῑθιιιν
2106 359 2255 431 "Si"
2355 386 2605 454 sepulcra
2652 387 2942 454 majorum,
2965 359 3163 453 vleges,
3194 359 3524 446 llbertatem,
3550 381 3776 445 liberos,
3813 393 3932 447 pa-

697 455 773 509 lia
800 455 1083 510 denuntiat
1110 466 1165 513 et
1192 468 1427 515 ostentat
1447 460 1470 513 τ
1496 462 1791 538 Atnolunt,
1813 466 2117 536 negligant,
2138 482 2251 523 non

705 556 933 613 possunt
963 544 1158 601 adduci
1213 556 1271 602 ut
1300 548 1523 603 credant
1553 566 1676 607 sese
1714 552 1851 609 adeo
1907 556 2253 627 propinquos

701 649 820 689 esse
858 637 1140 705 periculo;
1168 639 1287 695 suis
1313 639 1529 696 viribus
1559 642 1867 714 conﬁdunt
1894 646 2150 715 nimium,
2190 643 2281 705 ul“-

702 725 861 794 plane
895 729 1192 784 verendum
1245 730 1339 796 sit,
1394 748 1463 788 ne
1493 734 1548 788 in
1578 736 1696 791 suis
1740 738 1942 807 potius,
1980 747 2143 809 quam
2180 742 2253 798 tu

701 817 876 895 hostis
909 818 1107 880 ﬁnibus
1132 825 1506 879 castrametari
1560 836 1723 897 atque
1772 831 2076 891 exercitum
2107 834 2257 888 alere
2302 868 2305 871 »

702 916 986 979 cogantur.
1008 910 1140 965 Veni
1169 912 1305 982 jam,
1328 912 1576 975 Bessario
1600 934 1616 983 ;
1638 919 2255 986 petatnus‘solitutlinem

704 1008 757 1053 et
786 1000 1001 1073 deserta
1024 999 1163 1056 loca.
1196 1001 1340 1057 Satis
1378 1019 1441 1059 es
1474 1006 1924 1083 rerumcivlliuiu
1955 1014 2102 1067 statu
2131 1025 2261 1083 per-

705 1090 971 1157 cepimus.
995 1088 1195 1147 Parum
1223 1093 1387 1150 nobis
1416 1094 1541 1150 vitae
1563 1080 1841 1166 superest,
1875 1109 1934 1155 et
1960 1102 2099 1155 mihi
2116 1080 2255 1172 fqui

638 1206 643 1209 ι
706 1179 890 1267 senior
917 1193 1059 1244 sum,
1088 1190 1142 1234 et
1174 1182 1274 1237 tibi
1296 1183 1390 1252 qui
1416 1184 1761 1242 imbecillior.
1793 1189 1851 1243 Si
1892 1190 2077 1259 aliqua
2100 1191 2166 1245 ‘in
2199 1207 2259 1247 re

708 1269 1057 1324 consiliorum
1086 1278 1421 1341 nostrorum,
1444 1275 1612 1336 vocis.
1642 1277 1913 1344 corporis,
1944 1279 2260 1346 reipublicae

707 1353 1029 1411 Christianae
1056 1373 1187 1413 usus
1211 1369 1381 1422 esset,
1405 1362 1735 1416 manendum
1766 1378 1899 1419 sane
1928 1364 2107 1420 adhuc
2136 1381 2262 1420 cen-

710 1464 909 1514 serem,
941 1448 1120 1504 adhuc
1152 1449 1531 1503 laborandum.
1568 1451 1682 1519 Ego
1710 1453 1973 1522 verojatn
2001 1462 2079 1508 tot
2107 1454 2264 1510 annis

714 1548 945 1593 conatus
971 1538 1149 1607 quoad
1183 1541 1359 1607 potui,
1396 1540 1536 1596 nihil
1562 1540 1904 1609 professione
1951 1557 2095 1609 mea,
2125 1544 2262 1601 nihil

2350 477 2511 529 triam
2543 476 2598 529 in
2642 466 2889 545 periculo
2935 472 3313 534 versari,,non
3342 471 3619 526 excitetur
3646 469 3935 524 adversus

2352 564 2592 629 hostem,
2613 573 2669 619 et
2689 579 2799 618 non
2819 562 2980 618 modo
2997 562 3242 630 fortunas
3258 573 3468 624 emus,
3488 573 3626 627 quas
3642 570 3740 612 aut
3754 548 3942 611 habet

2354 667 2450 711 aut
2480 654 2772 711 habiturus
2795 660 2902 713 est.
2920 651 3016 708 sed
3038 651 3203 705 vitam
3230 650 3398 719 ipsam
3426 650 3479 701 in
3510 646 3805 703 discrimen
3826 645 3935 701 of-

2352 745 2516 811 ferat,
2548 752 2604 797 et
2634 756 2761 798 eum
2808 726 3068 812 dignitate
3104 735 3305 794 cadere
3350 734 3525 803 malit,
3570 741 3739 806 quam
3788 749 3937 791 cu-

2355 835 2656 913 lgnominia
2681 834 2933 891 servire?
2961 833 3147 903 itaque
3178 838 3452 907 perpetua
3476 828 3725 883 oratione
3760 827 3941 882 nobis

2352 927 2676 983 enitendum
2708 933 2816 989 est,
2836 938 2950 981 non
2982 932 3046 982 ut
3077 920 3232 977 vobis
3256 919 3599 991 principibus
3624 918 3937 987 sapientiu-

2354 1018 2533 1084 simis,
2579 1016 2786 1085 quibus
2837 1016 2955 1071 hac
3017 1020 3151 1071 sunt
3190 1006 3363 1083 magis
3400 1010 3700 1079 explorata,
3751 1018 3933 1076 quam

2358 1109 2538 1173 nobis,
2591 1106 2696 1161 ista
2734 1105 3187 1176 persuadeamus,
3239 1101 3336 1165 sed
3383 1109 3445 1155 ut
3470 1109 3599 1154 ante
3632 1100 3823 1153 oculos
3852 1097 3937 1151 iis

2357 1197 2660 1265 periculum
2686 1209 3078 1266 proponamus,
3102 1192 3223 1263 qui,
3248 1190 3380 1246 dum
3404 1189 3597 1261 procul
3624 1187 3934 1243 admodum

2360 1299 2391 1337 a
2419 1284 2664 1353 periculo
2699 1298 2759 1339 se
2790 1282 2982 1339 abesse
3007 1288 3225 1353 putant,
3258 1276 3443 1335 futura
3475 1276 3791 1348 prospicere
3822 1290 3934 1329 ne-

2361 1366 2587 1441 queunt.
2633 1371 2796 1428 Juvat
2829 1372 2996 1442 igitur
3035 1372 3271 1441 primum
3305 1369 3551 1424 omnium
3600 1366 3670 1420 de
3711 1366 3936 1434 origine

2361 1471 2418 1516 et
2456 1477 2656 1531 genere
2704 1477 2769 1516 ac
2808 1462 3031 1516 viribus
3081 1460 3389 1516 Turcorum
3438 1460 3683 1514 breviter
3714 1457 3935 1525 aliquid

2365 1564 2817 1613 commemorare,
2864 1552 3027 1620 plane
3061 1560 3120 1604 ut
3163 1564 3356 1605 omnes
3411 1549 3739 1618 intelligant.
3793 1546 3937 1601 Haec

718 1629 818 1682 hac
842 1629 1104 1697 dignitate
1132 1628 1363 1697 profeci.
1399 1628 1504 1694 Tu,
1536 1631 1785 1698 quamvis
1818 1633 1899 1687 tui
1930 1633 2139 1688 ordinis
2168 1633 2267 1687 ho-
2297 1640 2338 1694 Β
2367 1641 2797 1696 Albumanorum
2854 1640 3081 1704 familia,
3142 1639 3369 1694 minima
3415 1638 3719 1693 ‘l'urcorum
3767 1650 3936 1705 pars,

719 1718 957 1773 minibus
1003 1718 1195 1788 prosis.
1229 1720 1352 1788 plus
1388 1727 1569 1775 tamen
1619 1720 1876 1789 proﬁcies
1935 1737 2151 1792 mecum
2211 1724 2265 1777 in

718 1812 883 1865 rebus
911 1811 1361 1881 contemplandis,
1394 1811 1507 1875 ubi,
1539 1814 1583 1868 si
1609 1815 1665 1868 in
1688 1814 1897 1869 desidia
1955 1815 2063 1880 ista
2094 1815 2269 1884 persi-

718 1912 867 1955 stant
897 1900 1211 1964 Christiani,
1254 1902 1353 1957 soli
1385 1904 1493 1957 Deo
1522 1903 1789 1969 vivamus,
1838 1913 1894 1959 et
1924 1905 2082 1959 nobis
2112 1905 2291 1973 ipsis,

716 1993 837 2047 Mat
878 2008 997 2056 nos,
1056 1994 1147 2061 qui
1202 1993 1324 2049 oculi
1356 1993 1592 2050 volatilia
1642 2001 1700 2048 et
1763 1974 1971 2052 bestias
2019 1998 2134 2065 agri
2169 2012 2268 2053 sua

718 2083 1009 2139 clementia
1035 2083 1215 2141 satiat.
1250 2072 1435 2154 Neque
1461 2100 1624 2155 grave
1662 2095 1757 2139 aut
1786 2084 2004 2140 difﬁcile
2030 2086 2148 2141 fore
2174 2101 2268 2140 ar—

719 2176 892 2229 bitror
926 2175 1117 2230 divinae
1145 2174 1461 2230 liberalitati
1501 2176 1639 2231 duos
1669 2176 2086 2240 homunciones,
2139 2193 2268 2247 per-
2306 2234 2313 2239 ,

720 2280 879 2333 quam
934 2266 1079 2319 brevi
1140 2276 1402 2333 tempore,
1434 2265 1582 2338 quod
1634 2268 1793 2330 nobis
1842 2268 2115 2339 reliquum
2164 2280 2269 2334 est,

722 2356 834 2417 suis
865 2354 1060 2426 opibus
1094 2367 1425 2421 sustentare.
1942 2383 1946 2386 ⁶

798 2494 801 2497 <
1457 2468 1544 2524 l-ll.

627 2630 631 2633 ν
720 2555 1093 2633 Besstntonts,
1125 2559 1371 2633 episcopi,
1400 2559 1601 2626 Sabini,
1622 2559 2172 2633 fardinalisNicani,
2205 2560 2275 2633 ad

793 2628 1174 2699 illustrissimus
1232 2629 1554 2699 indutosque
1614 2628 1794 2683 Italic
1855 2631 2150 2699 principes,
2212 2628 2278 2682 de

795 2696 1041 2762 periculis
1070 2696 1475 2751 imminentibus
1488 2699 1679 2751 oratio.
1855 2696 1865 2699 ⁷
2029 2696 2036 2698 '
2289 2710 2293 2716 ~

805 2776 970 2856 Multa
1009 2814 1137 2858 sunt
1166 2805 1431 2872 profecto,
1467 2804 1821 2859 illustrissimi
1854 2804 2149 2873 inclytiqne
2175 2783 2280 2858 n5.

637 2907 641 2912 ’
728 2893 820 2949 liae
848 2893 1141 2960 principes,
1173 2907 1293 2960 quae
1323 2891 1390 2946 ad
1416 2906 1554 2957 rem,
1582 2891 1651 2946 de
1681 2905 1787 2960 qua
1825 2891 2164 2945 consulimnr
2192 2906 2281 2945 co-

731 2948 975 3056 gitando,
1027 2948 1281 3046 dicen-da,
1331 2992 1390 3038 ut
1439 2948 1750 3037 facienda-tt
1798 2981 1959 3038 nobis
2009 2991 2158 3038 sunt.
2203 2948 2350 3035 Eac

734 3076 923 3143 omnia
961 3074 1007 3129 si
1047 3072 1301 3153 persequi
1344 3071 1403 3127 in
1446 3071 1733 3141 praesentia
1764 3067 2019 3138 velimus,
2051 3085 2154 3126 nec
2182 3084 2284 3125 nos

736 3181 961 3231 servare
996 3164 1216 3219 modum
1252 3164 1308 3219 in
1337 3163 1595 3230 dicendo,
1625 3180 1729 3221 nec
1773 3179 1871 3220 vos
1906 3166 1961 3220 iu
2010 3163 2285 3219 audiendo

738 3257 987 3315 molestia
1019 3270 1205 3310 carere
1248 3256 1523 3326 poteritis.
1557 3255 1803 3326 Reliquis
1836 3257 2004 3328 igitur
2034 3255 2091 3311 in
2135 3257 2283 3311 aliud

737 3356 954 3419 tempus
985 3346 1295 3410 reservatis,
1324 3345 1394 3409 de
1428 3360 1535 3401 una
1572 3353 1781 3401 tantum
1812 3345 2078 3416 particula
2117 3346 2289 3400 disse-

739 3453 947 3502 remus,
978 3447 1032 3500 et
1059 3453 1123 3495 ea
1152 3437 1371 3508 quidem
1397 3438 1831 3510 pernecessaria,
1866 3454 1989 3509 quae
2015 3438 2060 3493 si
2090 3438 2225 3495 satis
2255 3453 2287 3494 a

738 3528 900 3594 nobis
948 3528 1207 3598 explicari
1243 3529 1433 3599 possit,
1464 3528 1540 3585 ita
1566 3538 1627 3593 ut
1654 3529 1712 3583 in
1741 3529 2173 3585 animis‘vestris
2205 3530 2288 3585 in-

739 3619 965 3683 haereat,
990 3632 1055 3675 ac
1080 3618 1363 3676 veritatem
1392 3617 1723 3688 cogitatione
1750 3617 2022 3693 attingere
2044 3618 2287 3682 valeatis,

739 3708 919 3762 facilis
942 3708 1013 3763 ad
1046 3708 1256 3777 reliqua
1286 3709 1468 3762 futura
1510 3716 1598 3764 est
1626 3707 1737 3771 via,
1769 3715 1830 3761 ut
1870 3706 2009 3762 nihil
2056 3706 2291 3776 amplius

740 3803 973 3869 arduum
1020 3801 1193 3857 videri
1225 3811 1413 3872 queat.
1444 3800 1501 3856 ld
1534 3815 1665 3855 vero
1704 3799 1863 3857 facile
1893 3813 1995 3853 nos
2028 3812 2292 3854 consecu-

742 3887 897 3945 turos
940 3869 1295 3952 arbitramur,
1339 3889 1387 3942 si
1415 3884 1801 3956 probabilibus
1850 3883 2194 3939 documentis
2236 3869 2326 3937 et'

744 3980 1051 4033 rationibus
1081 3979 1371 4033 ostendere
1398 3976 1704 4044 poterimus
1734 3974 1964 4031 maxima
2000 3975 2135 4037 haec,
2173 3988 2295 4041 quae

745 4066 1063 4134 impendere
1094 4067 1373 4121 cernimus
1392 4065 1655 4141 pericula,
1680 4073 1737 4118 et
1757 4062 2111 4137 gravissimos
2132 4070 2294 4130 atque

665 4173 667 4175 ί
747 4155 1132 4217 acerbissima
1181 4170 1368 4228 casus,
1403 4171 1509 4213 non
1544 4156 1711 4211 unius
1751 4162 1848 4211 aut
1888 4150 2138 4220 alterius,
2183 4167 2293 4209 non

2367 1748 2399 1786 a
2444 1746 2617 1800 quam,
2643 1746 2813 1801 parvo
2860 1730 3162 1797 humilique
3214 1729 3507 1797 principio,
3558 1742 3719 1797 quam
3756 1725 3934 1781 brevi

2372 1828 2619 1892 tempore
2648 1861 2667 1885 ,
2730 1820 2993 1883 solertia,
3047 1818 3328 1885 diligentia
3379 1832 3446 1871 ac
3506 1817 3781 1886 vigilantia
3828 1828 3942 1869 sua

2370 1913 2425 1966 in
2482 1922 2691 1967 tantum
2740 1908 3012 1978 fastigium
3064 1906 3314 1973 venerit,
3348 1914 3411 1961 ut
3445 1906 3556 1974 jam
3601 1920 3712 1959 non
3761 1900 3941 1959 modo

2373 2001 2601 2072 reliquis
2648 1999 3008 2065 nationibus,
3074 1998 3169 2053 sed
3219 1996 3321 2066 ipsi
3364 1996 3768 2067 provinciarum
3827 2009 3940 2048 no-

2369 2093 2648 2149 bilissime
2712 2089 3213 2161 potentissimaaque
3266 2087 3473 2151 Italize,
3531 2086 3590 2142 et
3655 2084 3941 2155 imperare

2368 2195 2626 2247 assuetae,
2646 2185 2856 2254 stupori
2892 2197 2956 2238 ac
2987 2179 3267 2236 formidini
3296 2179 3387 2235 sit.
3417 2176 3721 2255 Turcorum
3750 2178 3935 2243 natio,

2369 2291 2493 2333 cum
2540 2274 2863 2345 aliquandiu
2906 2262 3183 2335 Persium,
3240 2270 3497 2332 Mediam,
3549 2267 3936 2339 Babyloniam,

2371 2367 2643 2428 Arabiam.
2672 2363 2884 2436 Syriam
2904 2372 2961 2418 et
2985 2361 3277 2416 nonnullas
3297 2360 3431 2415 alias
3455 2358 3757 2427 superioris
3780 2355 3934 2411 Asia

2370 2467 2554 2530 partes
2597 2454 2884 2517 tenuisset,
2928 2452 3149 2508 tandem
3185 2450 3426 2505 eum'ab
3464 2448 3660 2503 incolis
3700 2461 3822 2501 sese
3867 2445 3931 2499 in"

2372 2550 2682 2617 libertatem
2718 2542 3144 2608 vindicantibus,
3174 2550 3290 2596 tum
3321 2542 3390 2596 ah
3418 2538 3538 2595 aliis
3568 2537 3932 2608 hyperboreis

2375 2638 2591 2709 populis
2638 2636 2768 2691 inde
2806 2635 3053 2703 expulsa,
3106 2634 3173 2687 ad
3222 2631 3510 2687 lnferiores
3553 2631 3693 2685 Asia
3736 2635 3938 2698 partes

2376 2726 2683 2788 confluxit;
2735 2734 2900 2791 atque
2950 2723 3024 2776 ibi
3061 2722 3246 2774 multis
3293 2721 3567 2787 variisque
3609 2719 3772 2772 hellis
3801 2732 3933 2771 cum

2379 2815 2690 2869 Gracorum
2736 2810 2967 2880 imperio
3013 2809 3184 2863 Marte
3233 2808 3453 2876 ancipiti
3500 2805 3688 2875 gestis,
3734 2805 3810 2857 ita
3857 2804 3935 2859 ad

2386 2914 2694 2961 extremum
2744 2901 2995 2972 superior
3030 2899 3224 2963 evasit,
3272 2908 3329 2951 ut
3376 2897 3767 2966 Pamphyliam,
3802 2894 3942 2965 can.

2383 2994 2545 3058 ciam,
2574 2991 2813 3064 Lyciam,
2839 2989 3261 3058 Paphlagoniam,
3285 2986 3603 3055 reliquaque
3631 2984 3815 3038 omnia
3848 2986 3945 3039 illa

2385 3086 2505 3141 loca
2550 3085 2604 3137 in
2633 3084 2894 3137 ditionem
2927 3078 3220 3148 redegerit.
3262 3076 3369 3132 Sed
3416 3090 3548 3144 pace
3586 3073 3719 3129 foris
3752 3086 3944 3143 parta,

2385 3177 2577 3232 seditio
2603 3176 2748 3230 domi
2778 3183 2895 3228 orta
2918 3170 3173 3249 est._Nam
3197 3168 3264 3225 de
3290 3165 3518 3239 imperio
3543 3165 3687 3218 inter
3706 3178 3765 3218 se
3794 3162 3949 3217 lerro

2387 3266 2646 3321 dimicare
2670 3272 2976 3334 cmperunt.
3011 3262 3177 3316 Erant
3225 3261 3367 3315 inter
3409 3271 3504 3313 eos
3544 3262 3750 3324 septem
3781 3254 3949 3308 nobi-

2384 3360 2554 3414 liores
2596 3357 2835 3418 familize,
2878 3355 2945 3409 ad
2981 3368 3118 3423 quas
3161 3352 3460 3407 factionum
3493 3360 3789 3415 rerumque
3818 3360 3949 3398 orn-

2388 3451 2539 3503 nium
2570 3444 2781 3502 summa
2816 3443 3189 3501 deferebatur.
3220 3439 3334 3505 Hae,
3364 3438 3633 3496 bellorum
3658 3434 3947 3491 diuturni-

2388 3550 2500 3596 tate
2553 3538 2729 3601 fessaa,
2770 3551 2890 3603 eas,
2937 3549 3073 3603 quas
3124 3531 3393 3594 diximus,
3427 3526 3735 3599 provincias
3791 3531 3949 3581 sm

2389 3630 2573 3699 potius
2626 3642 2789 3698 quam
2836 3625 3002 3681 armis
3036 3613 3303 3686 di‘videre,
3352 3633 3415 3674 ac
3462 3615 3653 3687 partiri
3704 3622 3853 3665 tuter
3881 3626 3948 3665 se

2390 3726 2716 3773 statuerunt.
2750 3717 2826 3770 Ita
2869 3712 3014 3785 quod
3061 3709 3411 3783 perexiguum
3443 3716 3498 3761 et
3539 3713 3701 3758 tenue
3746 3700 3938 3755 admo.

2391 3809 2525 3863 dum
2564 3815 2685 3860 erat
2735 3805 3046 3877 imperium,
3101 3800 3170 3857 in'
3205 3809 3416 3869 septem
3458 3806 3641 3866 partes
3678 3791 3947 3846 divisum.

2393 3896 2824 3950 Athumanorum
2859 3892 3097 3951 familiae.
3126 3907 3189 3946 es
3229 3902 3336 3958 qua
3369 3892 3594 3941 octavus
3616 3882 3726 3952 jam
3756 3888 3952 3949 regnat

2393 3994 2583 4041 nostro
2602 3994 2844 4052 tempore
2862 3981 3163 4035 Turcorum
3186 3980 3465 4047 princeps,
3507 3974 3695 4030 Cilicia
3717 3972 3953 4037 locaque

2394 4074 2623 4132 ﬁnitima
2671 4073 3032 4127 obvenerunt.
3076 4067 3201 4122 Haec
3232 4066 3535 4121 Turcorum
3566 4077 3675 4123 res,
3703 4059 3808 4113 hoc
3841 4057 3951 4110 ini-

2396 4164 2560 4231 tium,
2595 4163 2722 4219 inde
2768 4159 2907 4215 tanti
2937 4158 3166 4214 terroris
3206 4156 3382 4224 origo.
3426 4151 3717 4219 lnterjecto
3745 4146 3951 4200 deinde

736 4244 915 4324 trium
961 4258 1105 4309 esse,
1155 4246 1249 4300 sed
1284 4245 1453 4301 totius
1496 4244 1822 4313 Christiane
1862 4243 2200 4318 reipublicc.
2237 4249 2295 4309 et
2323 4258 2372 4316 υ
2400 4264 2642 4322 κηροῖο
2691 4250 2873 4320 huius,
2921 4247 3015 4318 qui
3046 4258 3191 4300 nunc
3233 4250 3441 4312 regnat,
3473 4236 3640 4323 Iuni
3672 4244 3884 4295 stavus,
3917 4247 3951 4285 a

748 4337 805 4391 in
837 4337 1027 4405 primis
1055 4337 1217 4403 [taliae
1244 4336 1573 4405 communia.
1605 4337 1720 4395 Etsi
1751 4337 1897 4393 enim
1922 4335 2045 4391 aliis
2073 4334 2293 4405 quidem

749 4425 921 4492 prius,
947 4425 1070 4487 aliis
1095 4442 1222 4483 vero
1248 4428 1520 4496 posterius
1542 4436 1689 4482 tanta
1711 4426 1996 4485 calamitas
2022 4424 2293 4485 imminet.

750 4519 817 4571 all
850 4529 1150 4580 extremum
1182 4528 1359 4580 tamen
1392 4533 1496 4573 una
1525 4518 1771 4577 omnium
1799 4515 1986 4569 futura
2013 4523 2097 4568 est
2114 4515 2298 4588 perni-

750 4610 882 4673 cies,
923 4625 983 4663 ac
1030 4610 1191 4679 hujus
1225 4609 1399 4676 hostis
1430 4610 1605 4664 nostri
1653 4616 1804 4663 tanta
1856 4605 2026 4660 animi
2068 4606 2303 4665 vastitas,

752 4704 979 4779 ςιιιίιιαιη
1007 4701 1128 4765 falsi,
1156 4712 1306 4756 vates
1342 4701 1569 4772 simus!)
1601 4698 1860 4765 omnibus
1891 4697 2109 4755 tandem
2138 4697 2299 4753 mise-

756 4807 872 4842 rum
931 4802 1091 4860 atque
1144 4793 1565 4863 ignominiosum
1611 4790 1818 4846 exitum
1875 4788 2140 4852 allatura,
2196 4786 2298 4840 nisi

757 4880 970 4931 fortiter
996 4896 1188 4949 magno
1225 4870 1407 4938 animo
1436 4881 1564 4935 totis
1594 4880 1805 4943 viribus
1836 4880 2143 4942 tesistatur.
2182 4877 2299 4941 Q03

762 4971 812 5021 in
846 4984 923 5029 re,
963 4969 1007 5022 si
1051 4984 1238 5023 omnes
1283 4972 1336 5022 in
1375 4985 1548 5029 meam
1593 4958 1921 5023 sententiam
1964 4968 2299 5037 persuadere

758 5068 1006 5127 potuero,
1050 5067 1109 5113 ut
1138 5074 1245 5113 n0n
1280 5060 1439 5117 aliter
1469 5068 1629 5126 atque
1660 5073 1763 5127 ego,
1790 5059 1973 5115 sentio.
2011 5066 2067 5111 et
2110 5040 2299 5111 verum

758 5160 862 5213 est,
914 5148 1017 5219 ipsi
1068 5162 1288 5218 quoque
1330 5150 1589 5210 sentiant,
1628 5163 1876 5216 magnam
1911 5148 2157 5217 profecto
2186 5164 2299 5201 rem

762 5238 974 5303 fecisse,
1012 5253 1115 5295 nec
1160 5236 1448 5299 dimidium
1498 5236 1691 5299 totius,
1732 5245 1792 5289 ut
1836 5235 1929 5290 ille
1966 5236 2165 5305 inquit,
2194 5238 2299 5291 'sed

760 5350 898 5402 Opus
931 5336 1197 5401 integrum
1222 5346 1309 5386 me
1327 5330 1624 5385 absolvisse
1646 5328 1970 5384 arbitrabor.
1996 5327 2129 5395 Quis
2156 5331 2301 5384 enim

763 5426 897 5488 adeo
940 5424 1136 5501 iulirmi
1178 5434 1338 5492 atque
1374 5419 1633 5477 imbecilli
1682 5420 1851 5473 animi
1897 5429 2003 5484 cst,
2051 5419 2187 5475 adeo
2218 5422 2306 5475 sui

764 5513 1037 5581 negligens
1064 5524 1116 5570 ct
1151 5515 1382 5596 propriae
1409 5512 1601 5567 salutis
1628 5512 1851 5575 oblitus,
1888 5511 2001 5578 qui,
2030 5510 2073 5571 si
2108 5510 2301 5564 viderit

2395 4318 2631 4417 quo-hic
2655 4318 2846 4398 sextus
2873 4338 3065 4393 ordine
3092 4334 3242 4405 regni
3275 4318 3548 4401 sceptrum
3579 4325 3805 4395 accepit,

2395 4412 2630 4499 viribus,
2659 4449 2769 4489 non
2792 4431 3017 4494 divitiis,
3045 4442 3153 4482 non
3180 4425 3411 4480 militum
3439 4431 3691 4480 numero,
3716 4428 3822 4468 non
3846 4412 3949 4466 imo

2397 4526 2547 4598 perii
2569 4522 2947 4595 magnitudine
2981 4520 3175 4578 fretus,
3202 4514 3297 4569 sed
3324 4513 3397 4569 oh
3430 4509 3615 4567 civiles
3647 4502 3949 4560 discordias

2398 4617 2695 4675 accersitus
2745 4630 2779 4669 a
2820 4610 3023 4667 Gracia
3065 4610 3118 4661 in
3168 4606 3439 4674 Europam
3486 4598 3717 4670 trajecit,
3767 4607 3947 4649 annus

2398 4719 2544 4763 nunc
2587 4703 2760 4759 ferme
2809 4700 2985 4769 agitur
3026 4694 3357 4750 centesimus
3388 4700 3443 4744 et
3468 4686 3797 4745 tricesimus,
3836 4694 3949 4769 non

2401 4804 2511 4849 tam
2545 4795 2611 4848 iis
2642 4768 2904 4851 adversus
2934 4801 3073 4855 quos
3106 4791 3431 4854 provocatus
3461 4778 3660 4837 fuerat,
3690 4784 3849 4843 quam
3882 4768 3947 4822 iis

2401 4886 2495 4955 qui
2531 4884 2936 4938 accersiverant
2977 4876 3320 4945 perniciosus
3348 4882 3402 4924 et
3453 4862 3947 4937 pestilentiasimus.

2403 4953 2668 5029 ﬁaulatim
2698 4972 2843 5030 enim
2890 4980 3137 5035 serpens,
3172 4977 3234 5016 ac
3266 4961 3391 5025 sibi,
3424 4974 3531 5014 non
3572 4954 3764 5011 amicis
3786 4953 3949 5019 impa-

2404 5064 2544 5116 rium
2568 5072 2908 5127 comparans,
2932 5067 3101 5121 usque
3125 5051 3261 5104 adeo
3289 5049 3442 5103 auxit
3468 5047 3636 5108 vires,
3666 5050 3727 5097 ut
3767 5040 3952 5093 volen-

2405 5160 2486 5204 tes
2534 5161 2719 5217 postea
2773 5160 2897 5200 eum
2944 5145 3143 5212 ejicere
3203 5155 3309 5195 non
3357 5136 3654 5207 potuerint,
3696 5130 3829 5186 satis
3893 5142 3952 5184 se

2404 5239 2651 5293 ell‘ecisse
2701 5232 2977 5297 arbitrati,
3027 5232 3077 5291 si
3120 5231 3321 5290 trudere
3370 5230 3478 5288 icto
3524 5223 3700 5291 aquis
3728 5235 3851 5275 cum
3890 5234 3955 5272 eo

2405 5331 2620 5399 legibus
2648 5330 2831 5381 vivere
2859 5314 3233 5399 impetrarent.
3270 5318 3431 5386 Atqui
3469 5330 3555 5369 res
3586 5314 3768 5375 aliter,
3796 5326 3954 5382 quam

2407 5393 2613 5491 Opinati
2645 5420 2885 5481 fuerant,
2909 5416 3109 5467 evenit.
3146 5393 3352 5464 Etanini
3383 5422 3515 5475 gens
3541 5404 3772 5458 barbara
3800 5414 3955 5467 atque

2410 5514 2587 5590 inops,
2623 5508 2785 5573 sitnql
2825 5522 2885 5560 ac
2918 5502 3260 5567 dulcedincm
3293 5499 3505 5573 frugum
3537 5505 3589 5549 ct
3634 5498 3958 5560 suavitatem
