4106 6322
717 330 720 334 ’
777 317 882 377 655

1689 315 2294 377 ΒΕΞΞΑΒΙΟΝΙΞιΒ.
2337 316 2404 376 Β.
2455 297 2525 378 Εζ
2571 321 3030 381 CARDINALlS

3876 317 3972 380 656

777 429 906 478 dum
956 426 1117 480 Italos
1157 426 1382 492 confidit
1413 443 1687 498 nunquam
1733 446 1838 483 uno
1872 444 2136 484 consensu
2173 429 2226 481 in
2268 442 2326 481 se
2354 431 2402 487 Α
2430 436 2706 488 montibus
2753 431 3085 502 asperrimis,
3143 450 3238 503 pro
3267 435 3504 504 illyrium
3563 429 3788 503 penuria
3849 445 3967 485 eum

781 516 1209 583 conspiratitros,
1245 534 1519 587 nunquam
1545 520 1803 574 adversus
1829 536 1886 575 se
1914 537 2061 573 arma
2079 529 2324 588 sumptu-

781 622 893 662 ros.
925 607 1018 660 His
1063 609 1149 662 ille
1180 611 1615 664 contentionibus
1645 628 1792 678 spem
1837 627 1985 665 suam
2023 611 2324 678 confirmat,

765 699 836 750 ~et
861 711 1192 765 quaecunque
1217 708 1365 767 aptat
1389 700 1488 754 sibi
1519 699 1674 753 facile
1715 701 2018 768 pollicetur.
2054 700 2324 764 Referam,

766 785 1024 854 'qmtmvis
1047 797 1170 843 nota
1211 790 1280 843 sit
1318 791 1499 858 vulgo,
1528 791 1799 851 fabellam,
1834 806 1939 854 qua
1983 805 2154 866 nuper
2195 806 2329 843 usus

779 877 995 941 dicitur,
1033 893 1152 930 cum
1189 894 1252 932 ex
1281 880 1397 932 Suis
1423 879 1644 948 quidam
1694 879 2008 931 dissuadere
2052 865 2100 932 ei
2128 881 2326 933 bellum

781 967 1036 1020 adversus
1092 969 1438 1023 Christianos
1482 979 1791 1023 conaretur.
1862 968 1990 1022 Nam
2053 969 2330 1024 cum’ille

780 1059 1178 1112 formidandum
1217 1063 1333 1114 esse
1365 1061 1571 1115 diceret
1606 1077 1670 1114 ne
1703 1062 1996 1148 Christiani
2035 1063 2175 1118 bello
2206 1064 2330 1142 irri-
2375 1054 2377 1056 ’

779 1147 872 1198 tati
913 1150 1121 1199 tandem
1155 1148 1206 1200 in
1244 1164 1408 1201 unum
1449 1150 1846 1219 convenirent,
1875 1147 2183 1219 bellumque
2235 1155 2327 1205 ad-

779 1251 964 1287 versus
997 1252 1117 1288 eum
1149 1240 1422 1291 communi
1458 1225 1686 1292 censilio
1721 1247 1774 1292 et
1823 1257 1922 1308 ope
1954 1253 2242 1309 gererent;
2277 1252 2330 1295 at

781 1325 989 1394 ridens,
1012 1328 1335 1393 Meminisse,
1389 1339 1648 1399 tyrannus
1703 1333 1899 1400 inquit,
1945 1333 2089 1385 illius
2141 1331 2334 1385 fabula:

782 1420 1052 1470 convenit.
1083 1418 1212 1472 Cum
1240 1420 1350 1487 lupi
1380 1419 1675 1488 aliquando
1703 1436 1950 1490 magnam
1980 1437 2174 1474 canum
2203 1423 2335 1473 mtil-

783 1508 1066 1561 titudineru
1119 1510 1410 1564 adventare
1466 1492 1732 1565 adversus
1776 1527 1830 1564 se
1862 1513 1996 1563 forte
2044 1510 2337 1564 intellexis—

783 1608 922 1657 sent.
973 1599 1268 1667 ingensque
1315 1611 1597 1669 propterea
1658 1609 1836 1654 terror
1866 1615 1958 1653 eos
1997 1606 2334 1667 occupasset,

788 1702 1012 1741 unnsex
1051 1689 1149 1756 iis.
1169 1694 1259 1755 qui
1306 1691 1446 1741 inter
1479 1705 1572 1742 eos
1601 1691 1784 1742 senior
1818 1699 1956 1751 erat,
2010 1691 2063 1742 in
2119 1689 2335 1756 propin-

785 1792 952 1842 quum
998 1778 1231 1831 monYem
1265 1778 1557 1845 profectus,
1590 1794 1846 1832 cacumen
1883 1781 2016 1849 ejus,
2058 1789 2115 1831 ut
2141 1795 2331 1833 canum

786 1868 1156 1931 specularetur
1209 1869 1520 1930 adventura,
1576 1872 1909 1923 conscendit.
1962 1867 2158 1923 Verum
2210 1886 2330 1923 eum

786 1971 879 2009 eos
910 1960 1105 2010 multos
1133 1960 1371 2026 quidem,
1423 1959 1514 2012 sed
1551 1959 1888 2012 diversorum
1928 1958 2168 2012 colorum
2217 1961 2334 2012 esse

787 2047 1169 2112 conspexisset,
1218 2048 1369 2100 laetus
1400 2048 1742 2117 gestiensque
1778 2049 1842 2100 ad
1883 2063 2009 2102 suos
2064 2063 2333 2111 reversus,

791 2158 807 2187 ι
841 2139 1008 2200 Bono,
1049 2158 1064 2187 ι
1111 2141 1159 2190 in
1183 2142 1302 2206 init,
1337 2158 1354 2188 ‹
1403 2149 1513 2193 este
1547 2141 1745 2193 animo.
1782 2143 1948 2194 Tanta
1983 2141 2127 2194 enim
2163 2154 2244 2196 est
2279 2142 2332 2195 in

786 2230 1029 2282 hostibus
1079 2233 1279 2284 nostris
1324 2233 1592 2292 Colorum,
1647 2249 1856 2286 morum
1919 2235 2334 2302 studiorumque

787 2319 1090 2382 diversitas,
1127 2333 1181 2373 ut
1210 2321 1515 2375 consentire
1554 2338 1655 2376 una
1694 2340 1751 2376 ac
1795 2324 2108 2392 conspirare
2141 2324 2193 2376 in
2234 2323 2334 2378 ali-

788 2412 929 2477 quod
989 2412 1144 2463 simul
1179 2428 1365 2466 omnes
1402 2429 1504 2467 non
1534 2403 1779 2481 possint;
1825 2416 2067 2482 singulos
2107 2429 2258 2478 vero,
2291 2415 2331 2468 si

787 2507 1057 2568 venerint,
1108 2506 1394 2560 absorbere
1443 2508 1557 2560 sine
1605 2507 1913 2560 ditlicultate
1961 2509 2276 2576 poterimus.
2313 2528 2330 2559 ι

791 2593 910 2647 ll.ee
953 2609 1032 2648 est
1086 2596 1295 2665 tyranni
1333 2612 1474 2662 spes,
1529 2599 1638 2649 lucc
1689 2601 1960 2664 cogitatio,
2009 2599 2112 2652 hoc
2162 2602 2338 2654 consi-

789 2686 940 2746 lium,
972 2687 1068 2736 nisi
1107 2702 1196 2752 spe
1237 2702 1333 2739 sua
1370 2688 1682 2741 frustretur.
1742 2689 2109 2742 Frustrabitur
2159 2700 2336 2743 autem

789 2775 830 2827 si
867 2778 1166 2830 volueritis.
1202 2778 1487 2847 Nunquam
1524 2778 1755 2831 ferocem
1786 2781 1933 2832 illum
1967 2781 2206 2832 animum
2241 2783 2341 2833 mi-

791 2866 983 2917 tiorem
1013 2869 1235 2919 reddere
1265 2870 1533 2933 poteritis.
1561 2868 1730 2920 llabet
1759 2871 1901 2920 enim
1930 2870 1980 2920 in
2002 2872 2167 2921 armis
2197 2872 2338 2921 mili—

797 2964 900 3005 tem
951 2957 1181 3006 decretis
1223 2958 1602 3022 perpetuisque
1658 2959 1941 3020 stipendiis
1993 2959 2339 3025 conductum,

2428 523 2731 591 suscepisse
2775 523 2978 592 putatis
3001 524 3030 596 ἲ,
3057 540 3156 592 pro
3200 524 3362 578 Italia:
3406 535 3584 579 autem
3629 522 3846 591 opibus.
3880 537 3970 584 pro

2429 626 2681 680 agrorum
2715 611 3013 672 feracitate,
3049 628 3144 681 pro
3170 613 3435 669 suavitate
3463 615 3700 682 frugum,
3733 627 3833 682 pro
3877 611 3970 663 hac

2429 699 2543 767 ipsa
2595 699 2718 753 luce
2753 701 2804 753 in
2845 716 2951 768 qua
2995 701 3200 754 versari
3233 701 3401 769 cupit,
3429 715 3537 753 non
3575 703 3775 769 majora
3803 699 3974 752 factu-

2429 790 2590 844 rum?
2622 789 2717 844 Hic
2749 804 2929 843 arcem
2965 804 3184 858 ponere,
3218 788 3308 842 hic
3341 779 3588 857 praesidia
3619 788 3884 842 collocare
3915 787 3971 840 ad

2430 881 2696 948 reliquum
2753 879 2937 935 orbein
2981 878 3374 949 subjugandum
3423 878 3658 948 cegitat;
3708 889 3869 946 atque
3909 879 3972 932 ita

2429 972 2648 1038 cogitat,
2690 981 2749 1024 ut
2773 987 2867 1038 per
2901 972 3136 1024 hostium
3169 985 3388 1024 suorum
3412 969 3808 1023 dissensionem
3845 968 3896 1021 id
3922 983 3974 1023 se

2431 1061 2584 1115 facile
2609 1072 3028 1115 consecuturum
3061 1071 3259 1129 speret.
3290 1060 3490 1115 Eadem
3521 1060 3702 1114 animo
3718 1058 3973 1125 cancipit.

2429 1169 2545 1221 qua:
2579 1152 2816 1223 Pyrrhus
2847 1138 3231 1206 meditabatur.
3265 1152 3360 1205 llle
3397 1151 3569 1212 enim,
3621 1149 3744 1203 fuso
3783 1149 3976 1204 Roma-

2432 1257 2624 1295 norum
2655 1244 2916 1304 exercitu,
2949 1252 3120 1296 totum
3170 1243 3272 1297 sibi
3326 1251 3591 1296 terrarum
3627 1241 3777 1295 orbis
3807 1241 3977 1309 impe-

2433 1334 2571 1386 rium
2615 1336 2771 1402 plane
2803 1335 3178 1403 pollicebatur,
3202 1349 3362 1402 quem
3387 1349 3509 1388 cum
3532 1333 3730 1387 Cineas
3755 1331 3980 1386 Thessa-

2434 1426 2537 1486 lus,
2602 1436 2784 1481 orator
2831 1441 3096 1488 summus,
3149 1428 3338 1487 virque
3399 1423 3859 1492 sapientissimus,
3919 1420 3980 1473 ab

2434 1516 2599 1568 italiae
2659 1512 2978 1568 invadenda:
3031 1514 3260 1567 consilio
3335 1513 3610 1566 abducere
3669 1523 3976 1570 conaretur,

2436 1603 2671 1672 Egregii,
2719 1603 2914 1671 inquit,
2948 1602 3089 1656 bello
3138 1602 3364 1655 Romani
3406 1585 3839 1663 essedicuntur,
3880 1613 3985 1650 ma-

2439 1707 2654 1762 gnoque
2691 1679 2933 1747 virorum
2966 1691 3186 1746 fortium
3213 1704 3266 1746 et
3297 1693 3525 1745 militum
3567 1706 3792 1744 numero
3821 1690 3987 1758 impe-

2444 1798 2584 1835 rare.
2643 1781 2795 1848 Quod
2841 1782 2882 1835 si
2931 1795 3024 1836 eos
3073 1793 3329 1847 superare
3377 1781 3536 1835 nobis
3583 1781 3657 1834 dii
3715 1780 3984 1838 dederint,

2443 1873 2704 1941 quidnam
2740 1888 2979 1941 agemus,
3013 1872 3214 1942 Pyrrhe
3241 1871 3262 1942 2
3287 1869 3425 1936 Quid
3457 1871 3581 1932 erit,
3613 1872 3854 1938 inquam,
3895 1884 3989 1922 no-

2443 1968 2526 2020 bis
2553 1967 2572 2017 ?
2601 1965 2754 2018 Nulla
2784 1972 3043 2032 praterea
3092 1962 3310 2025 mmnia,
3356 1976 3532 2030 neque
3582 1961 3790 2022 Crat-ca,
3815 1975 3991 2027 neque

2444 2054 2653 2118 Latina,
2720 2053 2976 2106 Romanis
3019 2053 3307 2119 superatis,
3363 2059 3674 2103 nostrorum
3733 2050 3988 2116 impetum

2444 2145 2714 2199 sustinere
2743 2142 3013 2196 valebunt.
3048 2143 3235 2196 Totam
3286 2157 3314 2194 e
3351 2142 3572 2210 vestigio
3606 2142 3808 2195 Italiam
3835 2155 3990 2194 oceu-

2443 2234 2733 2303 pabimus:
2778 2233 2933 2302 cujus
2969 2247 3089 2285 cum
3123 2231 3532 2299 amplitudinem
3554 2270 3566 2292 ,
3601 2240 3709 2282 tum
3738 2229 3989 2280 virtutem

2445 2325 2669 2381 minime
2718 2323 2953 2394 ignoras.
2990 2321 3261 2390 Occupata
3305 2336 3432 2375 vero
3468 2321 3640 2383 Italia,
3675 2319 3800 2388 quid
3860 2330 3988 2374 tum,

2447 2418 2644 2485 inquit,
2699 2431 2817 2478 rex,
2871 2413 3170 2468 faciemus?
3223 2413 3492 2477 Proxima,
3538 2411 3732 2479 inquit,
3789 2409 3989 2466 Sicilia,

2447 2509 2620 2564 insula
2673 2507 2798 2560 felix
2846 2515 2900 2559 et
2943 2505 3219 2558 hominum
3276 2503 3621 2565 multitudine
3675 2498 3993 2568 frequentis-

2447 2601 2603 2663 sima,
2639 2615 2754 2653 sese
2781 2598 2934 2651 nobis
2961 2595 3232 2651 dedet.Ea
3256 2606 3434 2648 autem
3467 2595 3621 2650 facile
3654 2595 3764 2660 capi
3799 2602 3990 2661 potest.

2451 2706 2569 2742 nam
2613 2690 3005 2750 seditionibus,
3041 2687 3195 2740 bellis
3252 2687 3536 2747 Civilibus,
3585 2696 3774 2750 magno
3817 2696 3994 2734 rerum

2451 2783 2683 2831 tumultu
2717 2779 2957 2830 fluctuat.
2996 2777 3131 2828 Tum
3172 2775 3401 2828 Cineas:
3441 2775 3519 2825 An
3561 2774 3655 2826 tibi
3705 2772 3829 2833 erit,
3882 2786 3992 2828 rex,

2452 2869 2716 2919 bellorum
2753 2868 2872 2915 finis
2899 2864 3120 2917 Sicilia?
3166 2866 3267 2923 Dii,
3298 2865 3492 2931 inquit,
3540 2864 3771 2919 faveant.
3807 2861 3992 2913 Cinea.

2453 2955 2584 3007 Nam
2636 2954 2856 3022 Libyam
2922 2955 3296 3021 proximasque
3341 2952 3642 3017 provincias
3691 2950 3913 3012 adoriri,
3948 2957 3996 3000 et

791 3045 906 3110 qui,
942 3043 1052 3094 sive
1075 3044 1219 3095 domi
1249 3045 1509 3110 quiescat,
1540 3045 1651 3096 sive
1679 3045 1805 3096 foris
1829 3046 1959 3096 bella
1989 3056 2156 3114 gerat,
2191 3049 2326 3101 idem
2373 3079 2414 3134 Ο
2453 3045 2830 3113 Carthagiﬂcm
2876 3060 3129 3111 SIIpCl‘M‘C
3161 3044 3468 3094 Γίιίῖεηίῐιωηῖ
3500 3043 3622 3102 θτῖίι
3658 3055 3818 3107 qnam
3868 3043 3994 3108 At?"

792 3133 986 3199 aetipit
1018 3133 1083 3184 ab
1122 3132 1312 3184 aerario
1359 3132 1589 3184 militare
1629 3133 1975 3198 stipendium,
2011 3136 2156 3188 nullo
2190 3141 2339 3204 prin-

795 3222 924 3287 cipis
950 3223 1028 3273 sui
1072 3230 1311 3288 sumptu,
1345 3232 1502 3289 atque
1536 3236 1599 3272 eo
1649 3224 1864 3274 iltlﬂlillC
1913 3225 2139 3291 singulis
2185 3228 2340 3280 annis

794 3314 859 3364 ad
911 3315 1286 3382 imperatorem
1319 3328 1473 3366 suum
1516 3319 1771 3366 accedere
1815 3315 2164 3383 jurejurando
2213 3319 2340 3368 atla-

795 3413 933 3463 r-tus,
977 3413 1026 3454 et
1081 3405 1126 3454 ei
1187 3418 1401 3472 operam
1463 3416 1516 3457 et
1572 3405 1808 3457 laborem
1853 3406 2114 3470 polliceri.
2177 3406 2342 3461 liabet

793 3506 1049 3566 printer-ea
1088 3497 1243 3566 longo
1293 3512 1472 3549 rerum
1539 3513 1632 3549 usu
1683 3497 1838 3565 plane
1892 3509 2226 3565 perspectum
2288 3511 2343 3554 et

773 3592 1129 3664 rapioratum
1170 3605 1272 3642 non
1311 3591 1410 3643 alia
1443 3590 1508 3642 de
1540 3605 1699 3643 causa
1740 3601 1936 3642 tantam
1996 3593 2197 3661 gloriae,
2239 3596 2342 3645 for-

797 3695 1068 3741 tunarum,
1128 3681 1338 3748 imperii
1389 3681 1755 3734 accessionem
1803 3681 1900 3734 sibi
1969 3682 2160 3734 fartam
2198 3698 2340 3743 esse,

795 3790 954 3842 quam
1024 3774 1162 3842 quod
1215 3775 1487 3839 perpetuis
1547 3773 1811 3824 bellorum
1883 3773 2158 3826 laboribus
2218 3789 2343 3826 suos

795 3867 1056 3926 exercuit,
1090 3864 1270 3916 hostes
1312 3862 1642 3931 brofiigavil:
1695 3878 1718 3913 a
1772 3877 1882 3930 quo
1929 3864 2174 3915 instituto
2213 3880 2340 3915 nus—

796 3974 953 4022 quam
1010 3957 1247 4014 discedet
1323 3955 1424 4008 nisi
1463 3956 1603 4020 quod
1638 3955 1787 4014 utile,
1827 3954 1968 4019 quod
2025 3954 2340 4020 gloriosum,

768 4045 936 4112 .quod
965 4044 1327 4095 necessarium
1362 4041 1462 4093 sibi
1486 4055 1599 4092 esse
1628 4040 1897 4108 inteliigit,
1922 4041 2083 4092 stulte
2103 4043 2340 4094 omittat.

798 4135 914 4196 Quo
953 4143 1126 4198 pacto,
1161 4132 1297 4181 bone
1329 4128 1492 4181 Jesul
1537 4143 1750 4193 sperare
1785 4143 2069 4194 possumus
2109 4140 2201 4182 aut
2258 4145 2344 4183 su-

801 4222 993 4286 spicari
1026 4220 1173 4271 illum
1227 4233 1331 4268 non
1376 4217 1686 4268 moliturum
1740 4219 2092 4279 servitutem.
2124 4219 2343 4282 caedem,

804 4310 928 4361 fidei
961 4316 1156 4360 nOstra:
1189 4307 1507 4359 interitum?
1533 4307 1717 4360 Nonne
1751 4310 1820 4362 ita
1849 4321 2040 4369 natura
2069 4327 2346 4382 compara-

2451 3134 2674 3198 thocles,
2710 3136 2899 3199 exigua
2930 3136 3096 3186 classe
3126 3131 3419 3200 profectus,
3459 3147 3646 3200 parum
3674 3130 3839 3181 abfuit
3866 3132 3992 3197 quin

2449 3235 2686 3292 caperet.
2723 3223 2930 3286 Quibus
2959 3224 3152 3285 victis,
3193 3222 3370 3273 nullus
3419 3236 3519 3273 nos
3576 3220 3804 3287 amplius
3858 3219 3994 3271 belli

2451 3314 2622 3366 licslis
2674 3314 2940 3366 lacesSere
2985 3314 3236 3375 audebit;
3281 3312 3371 3363 scd
3417 3310 3593 3363 cuncti
3629 3311 3681 3360 in
3735 3310 3992 3361 ditionem

2451 3405 2686 3456 venient.
2742 3404 2814 3454 lta
2850 3397 2949 3464 est,
2996 3402 3167 3468 inquit
3207 3400 3423 3454 Cineas.
3476 3399 3699 3452 Constat
3750 3400 3894 3449 enim
3953 3407 3997 3446 te

2453 3494 2818 3546 Macedoniam
2852 3502 3125 3560 totamque
3155 3491 3412 3546 Gramiam
3468 3477 3819 3557 iit/p’otestate
3851 3486 3997 3537 habi-

2453 3595 2666 3646 turum;
2709 3585 2822 3646 sed,
2863 3586 3027 3652 partis
3057 3583 3329 3643 omnibus,
3351 3580 3475 3648 quid
3503 3580 3712 3632 tandem
3746 3576 3999 3644 agemus?

2450 3680 2514 3729 At
2569 3679 2654 3730 ille
2701 3679 2878 3730 ridens
2910 3721 2922 3739 ,
2965 3677 3088 3731 Orio
3133 3685 3383 3735 utemur,
3442 3673 3634 3739 inquit,
3687 3669 3956 3721 conviviis
3985 3708 3996 3728 ,

2452 3769 2843 3834 Voluptatibus,
2881 3767 3160 3822 litterariis
3190 3761 3736 3820 confabulationibus.
3773 3763 3839 3810 At
3876 3757 3997 3823 quid

2455 3861 2726 3925 prohibet,
2759 3861 2949 3925 inquit,
2974 3873 3116 3909 nunc
3135 3871 3347 3924 quoque
3371 3850 3888 3920 voluptatibus,otio
3907 3850 4003 3900 isto

2456 3950 2528 4000 uti
2566 3959 2618 3999 et
2651 3947 3145 4015 disputationibus?
3184 3945 3319 4010 Quid
3354 3947 3516 3998 tantis
3547 3941 3850 4001 laboribus,
3892 3954 4003 3990 mo-

2455 4038 2642 4100 lestiis,
2694 4038 2948 4104 periculis
2991 4038 3303 4100 quaerimus,
3351 4051 3502 4102 «μιν,
3545 4049 3668 4087 cum
3716 4031 3997 4086 volumus,

2454 4131 2663 4180 i-flicere
2698 4129 3014 4195 possumus?
3045 4127 3135 4179 llis
3167 4128 3344 4178 verbis
3373 4127 3569 4179 Cineas
3604 4139 3781 4191 regem
3813 4122 4000 4196 potius

2456 4216 2700 4275 offendit,
2737 4231 2893 4283 quam
2931 4229 2958 4265 a
2991 4230 3082 4278 spe
3113 4224 3168 4266 et
3195 4214 3417 4266 consilio
3444 4212 3691 4273 instituto
3716 4211 3999 4261 dcterrmt.

2457 4304 2577 4356 llaec
2615 4302 2770 4355 vobis
2831 4300 3102 4363 recensui,
3132 4309 3189 4351 ut
3237 4313 3342 4350 non
3391 4297 3624 4350 defuisse
3669 4296 4002 4364 cognoscitis

803 4412 915 4454 tum
950 4412 1068 4452 esse
1099 4397 1368 4464 intelligit,
1399 4407 1455 4452 ut
1492 4399 1624 4450 nihil
1652 4403 1840 4453 eodem
1874 4403 1977 4454 silu
2013 4415 2347 4471 permaneat,
2384 4414 2425 4466 ι)
2458 4396 2546 4461 qui
2598 4394 2784 4447 eadem
2831 4393 3126 4460 cupiditate
3176 4388 3598 4442 incenderentur
3642 4400 3743 4452 qua
3793 4383 4004 4435 Turcus

804 4491 894 4543 sed
929 4498 1120 4543 cuncta
1155 4488 1286 4555 jugi,
1318 4488 1495 4550 vario,
1531 4505 1668 4542 novo
1707 4501 1851 4544 motu
1905 4495 2173 4560 agantur?
2199 4495 2351 4558 Quod

803 4582 846 4632 si
887 4579 1121 4643 amplum
1158 4578 1316 4630 habet
1347 4579 1653 4645 imperium,
1698 4582 1858 4648 idque
1892 4598 2069 4634 rrrum
2109 4587 2349 4636 omnium

806 4670 920 4736 lege
957 4667 1160 4719 moveri
1194 4677 1426 4731 Oportet,
1465 4683 1642 4720 nonne
1694 4671 2063 4735 imminuetur,
2109 4675 2209 4728 nisi
2263 4692 2355 4726 an-

805 4758 1027 4827 geatur?
1061 4756 1134 4809 Nc
1175 4758 1445 4822 putaveris
1470 4757 1700 4809 Turcum
1729 4763 1954 4825 augendi
1995 4763 2203 4831 imperii
2244 4775 2354 4817 stu-

805 4854 1015 4904 diosum
1072 4859 1123 4904 et
1189 4845 1484 4913 cupidum;
1541 4856 1592 4897 at
1648 4858 1793 4901 certe
1847 4862 1931 4903 est
1980 4855 2356 4908 conservandi.

807 4942 1140 4994 Conservam
1186 4953 1313 4990 vero
1351 4951 1455 4988 non
1490 4937 1710 5002 poterit,
1747 4938 1849 4990 nisi
1905 4925 2132 5004 augeat:
2190 4942 2356 5008 siqui-

808 5033 925 5079 dem
983 5041 1354 5094 regressurum
1411 5034 1491 5076 est
1564 5025 1705 5090 quod
1765 5041 1866 5077 non
1941 5030 2355 5096 progrediatur.
2416 5026 2420 5031 '

809 5121 1082 5184 lapsurum
1132 5118 1272 5185 (μού
1308 5131 1415 5169 non
1473 5124 1674 5181 surgat,
1733 5117 2000 5165 ruiturum
2050 5121 2188 5186 quod
2251 5136 2354 5171 non

811 5211 977 5276 majus
1008 5209 1291 5262 cilicialur.
1337 5210 1449 5270 Qua
1492 5207 1840 5259 confirmatus
1881 5207 2132 5272 opinione
2162 5210 2359 5262 excrci-

813 5314 921 5358 tum
959 5316 1114 5352 suum
1147 5311 1305 5367 auget
1328 5300 1379 5350 in
1401 5299 1540 5355 dies,
1565 5311 1725 5365 quem
1763 5294 1914 5345 habet
1946 5297 2354 5362 anqilissimum.

809 5391 992 5440 Aliena
1031 5390 1249 5448 invadit,
1291 5404 1355 5442 nc
1403 5406 1497 5442 sua
1536 5388 1794 5440 amittit:
1823 5385 1899 5435 An
1942 5401 2067 5435 vero
2115 5398 2361 5451 sumptus

813 5480 1074 5544 ingentes,
1114 5489 1188 5530 t..:t
1235 5480 1462 5532 militum
1499 5476 1736 5546 pericula
1783 5490 1834 5526 et
1870 5474 2086 5523 vulnera
2115 5514 2126 5535 ,
2167 5485 2241 5524 tot
2269 5493 2360 5527 cx-

815 5567 1113 5626 peditiOues
1146 5568 1484 5634 gravissimas
1527 5578 1687 5635 atque
1744 5565 2072 5617 alienissimo
2125 5575 2362 5632 tempore

816 5669 909 5734 pro
963 5657 1245 5724 Mysiorum
1300 5662 1491 5725 exiguo
1548 5660 1793 5730 in‘pcrio,
1849 5673 1942 5724 pro
2003 5654 2361 5710 Tt‘tballorum

2458 4488 2819 4539 inflammatus
2840 4495 2940 4537 est.
2973 4485 3036 4536 At
3073 4483 3308 4553 Pyrrhus
3339 4495 3440 4532 non
3473 4478 3651 4532 Cinea:
3681 4476 4003 4527 auctnrilate

2459 4586 2514 4628 et
2565 4575 2769 4636 verbis,
2815 4590 2920 4641 quo
2951 4573 3250 4625 cltariorein
3285 4570 3515 4622 habebat
3564 4568 3860 4626 neminem,
3909 4578 4003 4614 non

2458 4670 2725 4735 paucitate
2760 4667 3006 4726 tnilitum,
3031 4680 3134 4714 non
3163 4662 3383 4714 Romani
3406 4659 3637 4712 nominis
3657 4657 3788 4708 fama
3807 4655 4006 4706 eximia

2457 4759 2522 4810 ab
2557 4759 2702 4810 ltalia
2735 4756 2999 4810 deterreri
3035 4755 3246 4822 potuit;
3283 4762 3338 4806 ct
3371 4752 3581 4804 'l‘urcus
3615 4765 3716 4801 non
3749 4747 4002 4797 audebit.

2457 4853 2548 4918 qui
2605 4849 2811 4918 Pyrrho
2840 4847 3070 4899 militum
3131 4846 3348 4904 robore,
3397 4842 3581 4898 finium
3635 4837 4006 4905 magnitudine

2457 4944 2614 5007 longe
2641 4939 2957 5004 locupletior
2986 4944 3103 4995 cst;
3137 4935 3225 5002 qui
3263 4933 3467 4985 italiam
3495 4931 3700 4982 viribus
3723 4942 3778 4981 et
3808 4931 4008 4979 Studiis

2458 5032 2771 5097 dissipatam
2810 5043 2913 5079 non
2958 5027 3202 5092 ignorat;
3239 5025 3324 5090 qui
3366 5023 3550 5091 Pyrrhi
3591 5029 3733 5088 gesta
3780 5020 4008 5070 irridere

2460 5122 2615 5181 solet,
2675 5117 2976 5172 Alexandro
3035 5129 3185 5167 suam
3239 5127 3452 5180 aequare
3521 5111 3818 5162 virtutem?
3887 5109 4008 5161 Nam

2462 5211 2820 5266 Alexandrum
2871 5207 3212 5259 Macedonum
3251 5219 3424 5269 regem
3475 5202 3538 5251 ad
3589 5217 3674 5252 res
3726 5199 4006 5266 gerendas,

2465 5305 2526 5352 ad
2561 5299 2956 5350 aimulationem
2991 5293 3170 5360 glorim
3223 5291 3324 5342 sibi
3354 5291 3672 5341 imitandum
3709 5287 4007 5354 proposuit.

2464 5389 2610 5439 illum
2665 5388 2837 5454 ipsum
2901 5381 3263 5435 Alexandrum
3313 5379 3426 5446 qui,
3461 5393 3582 5428 cum
3643 5378 4010 5443 Anaxagoram

2463 5480 2643 5546 plures
2700 5475 2929 5527 mundos
2957 5465 3077 5524 esse
3109 5471 3474 5550 disputantem
3535 5467 3814 5526 audiisset,
3874 5467 4013 5533 inge-

2467 5569 2661 5618 tnuisse
2693 5568 2912 5626 dicitur,
2959 5576 3011 5618 et
3051 5566 3311 5628 laeryrnas
3361 5561 3628 5618 emisisse,
3659 5562 3802 5626 quod
3851 5571 4008 5611 unum

2468 5659 2654 5708 nitent
2690 5653 2848 5710 exliis
2885 5667 3050 5708 totum
3112 5656 3160 5706 in
3212 5655 3469 5707 ditiomm
3525 5653 3768 5719 redigere
3829 5663 4005 5717 nequi-
