4106 6322
185 330 293 409 657

1204 352 1636 425 ORATIONES
1674 357 1974 421 CONTRA
2021 363 2335 424 TL'RCAS.

3278 364 3384 428 658

113 461 118 464 ’
185 463 372 515 sisset.
419 462 563 517 lll'us
618 475 764 534 gesta
822 466 986 535 legit;
1035 465 1089 520 in
1137 466 1227 519 illo
1281 471 1422 521 totus
1462 478 1736 533 versatur;
1771 477 1812 530 Α
1845 481 1901 525 ut
1962 473 2178 528 Asianis
2237 474 2485 528 hostibus
2546 451 2951 530 formidolosum
3007 475 3217 535 efficiat.
3278 481 3385 544 qu0

187 565 365 619 neque
401 568 528 606 sane
559 570 615 608 se
647 556 958 610 inferiorem
1008 557 1180 624 putat,
1221 572 1346 611 cum
1383 558 1590 623 jactare
1623 560 1735 626 ple-

188 646 432 708 rumque
494 644 664 721 soleat
715 653 774 697 et
850 659 1040 698 vocem
1111 646 1250 697 illam
1303 645 1736 713 frequentissime

187 744 477 797 usurpare,
513 748 568 785 se
600 734 808 787 decima
840 735 1074 801 amplius
1117 742 1269 802 parte
1319 733 1619 787 Alexandro
1646 750 1738 787 su-

191 819 458 884 periorem
485 836 604 874 esse
633 838 646 873 :
680 822 829 874 illum
857 823 1002 874 enim
1055 837 1186 874 cum
1209 821 1424 890 triginta
1461 821 1736 876 hominum

190 906 431 962 millibus
459 909 721 963 duntaxat
753 921 807 962 et
843 911 1189 984 septuaginta
1215 911 1431 964 talentis
1465 927 1609 964 arma
1641 927 1742 985 per

192 1008 463 1053 terrarum
526 1004 714 1055 orbem
768 1003 1200 1067 circumtulisse;
1257 1018 1313 1056 se
1366 1017 1495 1054 vero
1535 1010 1740 1074 quanto

191 1089 541 1154 paratiorem,
583 1090 853 1153 ditiorem,
896 1090 1056 1143 rebus
1093 1089 1345 1142 omnibus
1389 1090 1738 1142 abundantio-

193 1192 306 1226 rem
336 1177 591 1230 l-Sulent
652 1180 730 1230 lim
777 1179 1154 1247 Cogitationes,
1215 1181 1327 1232 lucc
1383 1180 1738 1233 attriulationis

151 1301 154 1303 -
192 1269 391 1328 studia,
419 1270 592 1322 solent
621 1271 935 1337 plerumque
974 1286 1061 1323 res
1091 1285 1306 1340 magnas
1335 1285 1539 1338 parere,
1578 1279 1631 1322 et.
1674 1287 1739 1322 eo

191 1358 478 1425 perienire
531 1375 638 1426 quo
697 1359 1008 1424 intendunt,
1063 1340 1457 1428 praesertim-si
1511 1359 1741 1411 facultas

193 1449 354 1500 adsit.
396 1449 461 1501 At
498 1465 558 1501 ea
600 1449 842 1516 profecto
871 1448 1050 1501 Turco
1085 1465 1189 1502 non
1243 1451 1412 1512 deest,
1457 1449 1546 1516 qui
1589 1464 1647 1501 se
1680 1464 1742 1501 eo

193 1554 353 1606 quem
403 1539 644 1590 imitatur
673 1540 1075 1608 locupletiorem
1120 1543 1412 1594 existimat.
1465 1539 1554 1593 Sic
1603 1540 1741 1593 The-

195 1645 322 1682 seus
358 1629 619 1695 Herculis,
669 1631 747 1684 sic
780 1631 1168 1687 Themistocles
1217 1631 1468 1685 Miltiadis
1501 1630 1746 1699 exemplo

194 1719 371 1784 durti,
404 1722 636 1774 maxima
671 1722 907 1776 facinora
955 1722 1263 1776 ediderunt.
1301 1721 1474 1775 [lubet
1510 1719 1747 1788 profecto

194 1813 381 1864 nescio
401 1814 524 1880 quid
550 1813 706 1866 fatale
732 1807 1041 1879 Alexandri”
1061 1812 1309 1876 imitatio,
1333 1814 1455 1864 eum
1485 1826 1544 1863 ea
1576 1809 1748 1864 Julius

194 1902 376 1955 Caesar
402 1905 675 1965 incensus,
711 1911 833 1971 post
878 1919 962 1956 res
1003 1904 1416 1971 prteclarissiute
1450 1911 1647 1972 gestas,
1693 1902 1747 1953 in

198 1995 428 2060 patriam
461 1996 622 2047 etiam
655 1995 868 2053 civilem
902 1995 1240 2064 sanguinem,
1277 2010 1422 2048 arma
1464 2003 1748 2048 converte-

198 2087 266 2136 rit
319 2086 470 2148 Quod
496 2087 538 2139 si
573 2087 716 2138 illius
741 2087 986 2152 exemplo
1015 2087 1121 2153 agit
1145 2087 1235 2152 qui
1263 2085 1510 2155 Libyam,
1544 2084 1747 2147 Asiam,

199 2186 371 2227 totum
406 2174 575 2228 ferme
612 2175 796 2227 orbem
834 2176 1173 2243 subjugavit;
1214 2176 1257 2228 si
1293 2174 1436 2227 illius
1474 2173 1752 2242 persequi-

199 2276 289 2316 tur
312 2265 567 2333 vestigia;
601 2266 644 2316 si
675 2265 1028 2334 propagandis
1063 2266 1275 2333 imperii
1313 2266 1505 2318 finibus
1536 2265 1746 2317 laudem

202 2369 310 2407 non
343 2355 502 2407 modo
534 2367 871 2423 mquaturum
897 2396 910 2418 ,
948 2355 1039 2406 sed
1077 2365 1226 2408 tanto
1263 2355 1430 2423 magis
1465 2365 1750 2421 superatu-

202 2463 322 2500 rum
354 2446 599 2508 conﬁdit,
631 2454 833 2513 quanto
878 2448 1107 2510 majores
1154 2447 1337 2514 copias
1390 2446 1602 2513 triginta
1654 2446 1752 2497 ho-

197 2537 413 2589 minum
445 2536 706 2601 millibus,
731 2533 1072 2603 grandiorem
1102 2535 1385 2602 pecuniam
1410 2535 1749 2602 septuaginta

200 2631 426 2683 talentis
458 2629 641 2688 habet,
670 2644 777 2695 quo
815 2631 1023 2680 tandem
1054 2644 1176 2681 eum
1211 2635 1455 2709 Spectare
1485 2639 1537 2677 et
1566 2625 1748 2678 conari

198 2723 615 2776 existimamus?
644 2723 777 2787 Quid
815 2723 912 2776 sibi
945 2721 1174 2789 postulat
1206 2721 1471 2787 cupiditas
1495 2718 1580 2770 illa
1607 2717 1754 2786 pacis

199 2830 325 2868 cum
379 2814 744 2866 illustrissimo
779 2811 1126 2878 piissintoquc
1160 2790 1354 2862 Sicilia:
1384 2821 1502 2872 rege
1533 2821 1754 2871 compo-

202 2905 433 2957 nendre?
463 2903 600 2967 Quid
646 2902 792 2968 missi
842 2901 999 2965 legali
1027 2900 1047 2950 ?
1073 2900 1202 2952 Nam
1235 2899 1323 2962 qui
1377 2910 1569 2950 nomen
1602 2895 1755 2947 Chri-

200 2996 442 3047 stianum
486 2993 612 3046 odio
662 2992 845 3050 habet,
899 2989 1153 3057 onmique
1195 2987 1536 3040 crudelitatis
1563 2999 1756 3052 genere

1838 565 2049 615 tandem
2080 565 2446 632 transmittere
2471 567 2712 634 cogitat?
2741 567 2838 620 Ubi
2868 569 2949 620 sui
2979 569 3186 620 consilii
3211 567 3384 619 alendi

1835 659 2068 713 segetem
2110 648 2429 704 uberiorem.
2472 652 2660 706 videt?
2718 653 2807 705 ubi
2865 654 3032 721 magis
3075 653 3386 704 admiranda

1839 737 2025 790 ωηιτί
2077 739 2289 806 potest?
2345 739 2476 794 Non.
2515 742 2765 796 excident
2805 743 3006 809 gladii;
3063 757 3167 792 non
3220 743 3388 794 ﬂtlt‘ltl.

1840 842 1987 881 arma
2021 828 2091 882 de
2138 828 2411 886 manibus;
2456 832 2586 886 Nam
2635 829 2916 885 socios'in
2974 831 3146 883 ofﬁcio
3183 846 3242 882 ac
3285 831 3388 882 lide

1839 916 2118 971 continere
2180 920 2383 983 studet,
2435 933 2489 976 et
2520 936 2614 974 eos
2665 922 2808 989 ipsos
2862 923 3079 987 quicum
3145 921 3388 986 quotidie

1841 1008 1992 1062 vivit.
2025 1009 2250 1064 Maxime
2282 1021 2362 1064 est
2410 1012 2522 1065 suis
2567 1013 2821 1065 omnibus
2868 1013 3106 1069 invisus;
3155 1012 3389 1063 oderunt

1839 1100 2019 1162 socii;
2049 1117 2155 1154 non
2201 1087 2381 1176 amarit
2425 1103 2750 1166 familiares;
2807 1118 2970 1169 parvo
3015 1113 3287 1154 momento
3319 1102 3382 1154 ad

1842 1192 2009 1257 ipsius
2039 1193 2307 1245 excidium
2335 1209 2615 1265 acluecem
2643 1210 2830 1247 omnes
2861 1194 3288 1260 impellerentur.
3331 1191 3386 1244 lal

1840 1284 2089 1349 quoniam
2134 1284 2469 1348 exploratum
2525 1284 2687 1336 habet
2738 1293 2792 1335 et
2835 1294 3170 1351 compertum
3198 1323 3211 1343 ,
3243 1283 3384 1335 bella

1843 1375 2121 1443 peregrina
2173 1375 2466 1444 suscipere.
2518 1359 2727 1442 gerere,
2764 1374 3030 1426 conficere
3076 1373 3283 1432 statuit,
3322 1388 3386 1423 ne

1843 1450 2202 1526 domesticam
2247 1463 2565 1532 civilemque
2605 1463 2996 1516 dissensionem
3056 1465 3384 1528 experiatur.

1848 1553 2094 1618 Ususque
2152 1552 2419 1619 Scipionis
2451 1553 2674 1605 consilio
2723 1553 2852 1605 foris
2904 1565 3144 1620 pugnare
3203 1549 3389 1601 utilius

1846 1646 2164 1706 arbitratur,
2199 1660 2358 1714 quam
2402 1646 2561 1698 domo
2589 1633 2752 1698 vinci.
2801 1646 2879 1697 An
2932 1653 3077 1697 extra
3120 1643 3250 1696 fines
3297 1642 3391 1694 du-

1851 1745 2038 1789 cturus
2078 1735 2147 1789 sit
2190 1733 2485 1789 exercitum
2523 1735 2699 1790 adhuc
2746 1734 2998 1788 dubitas?
3043 1733 3152 1786 Non
3203 1733 3390 1791 sentis,

1852 1842 1957 1879 non
1987 1826 2141 1893 plane
2179 1826 2481 1895 perspicis?
2535 1827 2726 1879 Nonne
2757 1827 2886 1880 satis
2933 1826 3182 1879 novimus
3215 1824 3393 1890 impu-

1855 1917 2115 1971 rissimam
2157 1917 2300 1970 illius
2347 1926 2613 1978 naturam,
2653 1919 3014 1984 turpissimam
3056 1919 3240 1978 vitam,
3279 1932 3396 1968 sre-

1848 2013 2071 2063 leratam
2101 2011 2545 2063 consuetudinem
2575 2009 2789 2072 ?Quam
2825 2009 3037 2070 facem,
3057 2008 3192 2059 bone
3223 2008 3359 2059 Deus
3380 2009 3404 2056 l,

1850 2097 1993 2165 quod
2024 2097 2271 2156 facinus.
2313 2113 2471 2164 quam
2515 2097 2870 2162 superbiam?
2933 2095 3072 2148 Nihil
3131 2105 3209 2147 cst
3255 2094 3397 2161 quod

1852 2186 2032 2238 animo
2062 2201 2165 2238 non
2201 2183 2441 2250 sorbeat,
2485 2187 2616 2238 nihil
2648 2187 2790 2253 quod
2827 2201 2930 2238 non
2961 2185 3171 2238 hauriat
3201 2186 3398 2250 cogita-

1852 2276 2017 2343 tione,
2054 2276 2116 2330 Et
2140 2291 2243 2329 non
2278 2291 2529 2344 putamus
2567 2279 2712 2330 illum
2771 2278 2823 2330 in
2859 2287 3094 2330 nostram
3125 2276 3291 2328 ealar:
3359 2294 3362 2297 ·

1852 2373 1957 2418 tem
2008 2365 2342 2428 incumbere,
2393 2367 2442 2419 in
2483 2383 2711 2433 quorum
2746 2368 2993 2419 fortunas
3052 2365 3316 2418 ﬁtieiiSSi-ﬁ

1853 2454 2047 2516 socios,
2081 2457 2514 2521 antiquissimam
2557 2457 2904 2523 religionem,
2945 2457 3075 2513 vim.
3113 2465 3398 2526 tormenta,

1851 2559 2058 2604 cruces.
2119 2559 2233 2608 spe,
2293 2556 2531 2610 sumptu,
2589 2547 2771 2598 labore
2832 2547 3038 2599 defixit.
3100 2546 3173 2598 Ne
3243 2547 3399 2602 illud.

1851 2647 2053 2699 quaeso,
2108 2631 2236 2703 mihi
2271 2608 2683 2698 obiiaaqunod
2737 2637 2974 2688 nonnulli
3035 2636 3180 2687 nullo
3224 2651 3400 2686 reruni

1857 2738 1954 2775 usu
1980 2722 2210 2789 praediti,
2229 2723 2374 2774 nulla
2400 2711 2684 2775 vettrStatis
2709 2740 2963 2776 memoria
2984 2725 3178 2776 eruditi
3198 2726 3401 2791 jaCtare

1855 2813 2046 2873 solent,
2079 2813 2387 2880 peregrinas
2422 2815 2666 2865 ttatiottt's
2731 2830 3002 2878 nunquam
3061 2813 3265 2865 Italiam
3325 2824 3402 2864 tr-

1856 2903 2060 2966 nuisse,
2107 2918 2225 2956 eam
2279 2919 2648 2972 saepenumero
2685 2915 2917 2957 tentasse
2959 2905 3260 2958 infeliciter.
3317 2907 3401 2958 Et-

1859 2995 2004 3048 enim
2064 2995 2190 3048 dum
2223 2996 2439 3066 antiqua
2509 2999 2767 3050 memoria
2816 3009 3028 3064 reputo,
3071 2997 3194 3048 dum
3227 3013 3403 3049 rerum
3468 3058 3473 3063 _

205 3088 510 3139 insectatur
539 3093 593 3136 Cl.
616 3083 864 3151 desiicit,
898 3084 1044 3135 nullo
1076 3081 1290 3149 quidem
1323 3078 1754 3132 Christianorum
1787 3121 1827 3174 ϐ
1863 3095 2130 3152 gestarum
2158 3086 2350 3138 seriem
2389 3085 2456 3139 ad
2483 3096 2660 3140 nostra
2691 3102 2858 3154 usque
2899 3097 3134 3152 tempora
3177 3086 3402 3144 deduco,

203 3190 378 3236 metu,
414 3178 555 3227 nulla
607 3178 773 3242 gratia
805 3174 1098 3228 Christiani
1158 3172 1297 3240 regis
1343 3169 1518 3225 lanius
1549 3169 1758 3222 deside-

205 3280 312 3329 rat.
345 3268 438 3322 sed
479 3278 533 3319 ut
559 3308 570 3326 ,
606 3267 882 3335 oppressis
931 3282 1065 3333 quos
1103 3264 1386 3316 universos
1421 3262 1610 3316 eodem
1662 3261 1758 3312 lm-

204 3377 239 3428 p
277 3372 334 3412 tu
361 3376 464 3410 non
497 3360 665 3409 everti
701 3372 858 3425 posse
896 3356 1171 3423 intelligit,
1206 3353 1418 3406 tandem
1453 3352 1760 3419 quodcupit

206 3460 550 3517 assequatur.
580 3449 645 3500 At
677 3463 802 3501 vero
827 3448 1093 3500 infelicem
1140 3448 1286 3497 illum
1331 3459 1424 3496 sua
1471 3444 1602 3494 fallit
1639 3456 1758 3507 SpL‘S

206 3551 261 3593 et
285 3542 491 3607 opinio,
519 3555 638 3590 cum
671 3537 1037 3604 superioribus
1069 3536 1257 3587 diebus
1291 3532 1570 3600 magnifice
1616 3546 1763 3596 rege-

207 3647 316 3698 quc
357 3608 668 3682 Christiano
705 3630 875 3700 .digue
928 3627 1154 3694 inclytus
1189 3640 1276 3679 Lex
1326 3624 1556 3694 legatum
1605 3621 1760 3676 (Limi-

207 3722 341 3774 serit
378 3735 443 3771 eo
477 3733 757 3784 l‘CSpOI‘lSO,
789 3729 844 3768 nt
877 3732 980 3768 non
1016 3717 1186 3768 solum
1223 3715 1578 3781 perniciosam
1605 3714 1762 3766 bonis

209 3811 470 3866 omnibus
498 3810 809 3862 societatem
841 3819 1157 3873 aspernatus
1190 3822 1327 3870 esse,
1363 3807 1454 3856 sed
1483 3817 1536 3857 et.
1561 3806 1757 3856 bellum

208 3903 356 3954 hosti
399 3900 655 3952 indixisse
683 3913 776 3964 pro
799 3898 997 3952 Christi
1029 3897 1282 3962 religione
1312 3896 1468 3948 facile
1493 3896 1756 3949 videatur.

211 4006 276 4047 r.t
305 4007 374 4044 ne
412 3990 516 4041 ulla
551 3988 772 4041 omnino
804 4003 867 4040 ex
904 3998 1051 4055 parte
1099 3987 1224 4054 quid
1260 3985 1547 4038 meditetur
1571 3985 1617 4036 ol
1640 4001 1763 4036 scu-

207 4098 334 4134 rutn
382 4080 473 4142 sit,
516 4081 745 4146 cogitate
779 4092 1065 4144 parumper
1117 4075 1247 4143 quid
1309 4074 1394 4127 illa
1444 4073 1761 4124 humanitas

210 4171 314 4224 sibi
360 4172 491 4230 vult,
528 4184 646 4236 qua:
698 4167 947 4220 immanis
996 4168 1290 4228 barbarus,
1323 4171 1378 4215 ct
1401 4161 1462 4213 ad
1506 4154 1783 4214 saevitiam‘

211 4274 401 4326 natus,
434 4277 555 4326 erga
593 4257 827 4315 nominis
858 4261 1027 4311 nmtri
1059 4262 1422 4329 negotiatores
1458 4254 1598 4305 intra
1636 4270 1764 4310 suos

212 4357 353 4408 fines
399 4353 591 4422 utitur.
641 4349 922 4405 Pnrteudit
955 4352 1196 4418 profecto
1227 4349 1410 4413 aliud,
1443 4359 1499 4402 et
1545 4351 1766 4402 ontnino

210 4444 520 4513 prodigium
560 4452 644 4497 est
671 4443 894 4496 efferum
945 4451 1242 4494 monstrum
1283 4442 1333 4493 in
1367 4450 1582 4494 nostros

211 4540 486 4592 tissimuzn
542 4546 882 4588 mansuetum
938 4533 1048 4584 illic
1108 4531 1262 4595 fieri,
1323 4548 1352 4583 a
1394 4532 1768 4585 crudelissimo

209 4631 370 4681 hoste
402 4626 713 4684 amicitiam,
756 4639 784 4675 a
818 4621 1286 4675 truculentissime
1317 4623 1568 4690 pietatem
1604 4623 1771 4675 simu-

206 4718 331 4768 lari.
367 4715 481 4767 Non
506 4714 593 4762 diu
628 4719 975 4777 perseverat,
1009 4711 1152 4776 quod
1190 4713 1255 4761 ab
1309 4712 1480 4763 invito
1509 4698 1770 4779 exprimi-

207 4815 317 4861 tur.
372 4805 550 4858 Scrvit
601 4802 952 4869 temporibus,
997 4804 1122 4854 dum
1179 4804 1244 4854 ad
1306 4813 1550 4871 optatum
1610 4803 1766 4854 linem

207 4893 514 4966 perveniat.
550 4877 628 4943 Et
682 4893 809 4959 quid
859 4901 976 4958 agat
1015 4895 1191 4944 adhuc
1247 4879 1597 4960 igndranms?
1644 4906 1765 4942 cum

214 4986 522 5056 praesertim
560 4983 627 5034 ita
671 4993 811 5052 agat,
861 4994 918 5036 ut
970 4999 1066 5037 nos
1114 4985 1390 5050 ambigere
1449 4984 1601 5035 nolit.
1650 4982 1767 5036 Non

213 5075 521 5132 continebit
549 5075 688 5127 domi
741 5086 945 5129 tantum
989 5092 1033 5128 e3
1063 5081 1328 5143 ercitum;
1384 5092 1489 5128 non
1539 5077 1769 5142 patietur

211 5183 441 5222 suorum
473 5166 699 5217 militum
733 5167 944 5219 animos
977 5168 1299 5229 cﬁ'emiuari,
1332 5183 1469 5234 quos
1522 5167 1570 5216 iu
1606 5165 1770 5216 armis

213 5263 421 5313 habere
458 5257 554 5323 ipsi
598 5270 822 5310 necesse
855 5268 958 5311 est.
1014 5259 1183 5310 liabet
1228 5264 1371 5312 enim
1425 5274 1532 5309 non
1571 5272 1770 5322 paucos

212 5351 445 5403 Asianos
503 5347 730 5413 populos
791 5346 1027 5401 infensos
1069 5359 1123 5401 ct
1173 5350 1226 5402 in
1265 5365 1416 5402 suam
1476 5349 1765 5415 perniciem

214 5439 601 5499 iuuninentes;
638 5450 774 5502 quos
813 5436 863 5488 in
899 5453 954 5489 se
994 5439 1248 5505 impetum
1301 5438 1536 5491 facturos
1587 5450 1768 5502 aperte

215 5529 496 5594 intelligit,
552 5527 593 5577 si
653 5534 745 5577 aut
794 5541 939 5578 arma
991 5531 1322 5594 deposuerit,
1358 5539 1449 5582 aut.
1502 5505 1771 5580 civem-itus

216 5626 416 5696 famam
455 5620 504 5668 iu
551 5628 914 5682 contemptum
959 5620 1356 5689 ludibriumque
1407 5622 1599 5671 adduci
1656 5634 1772 5684 per-

216 5700 434 5766 miserit.
467 5726 477 5761 :
513 5718 768 5777 qucuwnt
820 5707 1068 5764 laodibus
1102 5713 1508 5763 ornatissimum
1564 5707 1768 5773 reddat,

1865 3185 2076 3228 exteras
2130 3185 2318 3242 gentes
2369 3177 2419 3228 in
2475 3177 2676 3230 italiam
2731 3179 2883 3244 prius
2936 3193 3082 3230 arma
3139 3177 3406 3237 intulisse,

1866 3265 2216 3333 ingentesque
2252 3265 2520 3319 invexisse
2577 3266 2906 3319 calamitates
2962 3280 3118 3333 quam
3148 3266 3212 3316 ali
3264 3265 3410 3316 Italia

1866 3357 2156 3420 acoepisse,
2186 3355 2340 3423 plane
2364 3358 2656 3424 comperio.
2678 3355 2830 3417 Nam,
2855 3366 2913 3408 ut.
2937 3355 3114 3410 Gallos
3145 3355 3408 3430 omittam,

1802 3473 1832 3485 --
1865 3448 1952 3511 qui
1986 3449 2063 3498 vel
2093 3464 2157 3497 eo
2187 3458 2447 3516 tempore,
2480 3450 2675 3514 qumad
2711 3449 2950 3502 Clusium
2986 3456 3275 3515 pugnatum
3303 3458 3407 3505 est.

1869 3545 1925 3586 ut
1992 3535 2315 3590 Plutarchus
2366 3547 2548 3590 uoster
2611 3540 2794 3598 tradit,
2858 3539 2941 3590 vel
2981 3540 3224 3587 ducentis
3284 3551 3410 3586 aure

1867 3627 2051 3687 annis;
2086 3637 2161 3680 ut-
2189 3625 2346 3681 Livio
2385 3627 2627 3678 Romano
2661 3629 2856 3692 placet,
2893 3628 2944 3678 in
2992 3628 3188 3680 Italiam
3242 3627 3407 3680 duxe-

1867 3729 1992 3769 runt
2015 3718 2333 3778 exercitum,
2357 3733 2512 3782 parva
2534 3733 2722 3770 manus
2749 3716 3070 3776 Gothorum,
3090 3734 3153 3770 ex
3180 3719 3408 3772 Thracia

1867 3807 2250 3872 Pannoniaque
2305 3822 2595 3875 erumpens
2664 3811 2908 3862 exercitu
2977 3809 3288 3871 collectitio,
3355 3812 3406 3868 iu

1869 3899 2068 3950 Italiam
2115 3897 2280 3960 venit,
2337 3898 2665 3967 vastatisque
2725 3899 2888 3952 Italia:
2951 3904 3113 3967 agris.
3175 3900 3410 3953 incensis

1869 3987 2116 4048 urbibus,
2177 3989 2291 4039 ln‘rc
2355 3987 2468 4055 ipsa
2526 3989 2724 4041 mceuia
2777 3999 3080 4057 ceperunt,
3135 3989 3409 4051 incendio,

1866 4076 2031 4141 ferro,
2085 4075 2228 4132 caede
2276 4079 2454 4131 omnia
2495 4080 2845 4147 complentes.
2897 4079 2975 4132 Illi
3035 4095 3195 4146 parva
3246 4096 3410 4134 manu

1871 4171 2153 4238 instructi,
2210 4170 2500 4226 stoliditate
2561 4173 2788 4240 quadam
2844 4172 3410 4240 gestientes,assequi

1871 4273 2160 4332 potuerunt
2188 4264 2329 4332 quod
2364 4263 2568 4317 Turcus
2606 4264 2852 4316 maximis
2884 4264 3071 4331 copiis,
3113 4273 3262 4316 certo
3293 4281 3414 4330 per-

1873 4353 2141 4422 tinacique
2190 4354 2433 4417 consilio,
2486 4353 2758 4420 suscipere
2806 4354 3111 4407 ac'tentare
3164 4369 3268 4406 non
3322 4370 3416 4407 au-

1609 4482 1623 4502 ,
1669 4456 1764 4508 po-
1803 4454 1843 4505 ι)
1873 4432 2040 4500 ἀρείῖ
2091 4445 2163 4497 llli
2218 4461 2314 4512 per
2369 4446 2560 4500 itinera
2613 4447 2852 4500 omnium
2905 4447 3210 4499 dillicillima
3250 4459 3420 4501 trans-

1870 4535 2036 4603 greSsi
2072 4541 2198 4587 sunt
2230 4550 2242 4586 :
2274 4542 2327 4586 at
2357 4534 2565 4588 Turcus
2595 4534 2866 4587 maritimo
2898 4543 2951 4588 et
2977 4535 3226 4601 expedito
3257 4552 3416 4589 cursu

1869 4621 2107 4688 legiones
2163 4635 2286 4673 suas
2323 4623 2566 4689 trajicere
2617 4623 2920 4677 dubitabit?
2971 4621 3044 4676 Ilii
3092 4626 3144 4675 in
3195 4625 3418 4683 Italiam.
3475 4664 3479 4666 -

1869 4716 1987 4778 qua:
2030 4712 2168 4764 alter
2216 4712 2367 4765 orbis
2425 4714 2641 4775 dicitur,
2699 4715 3052 4781 irruperunt:
3103 4715 3310 4768 Turcus
3350 4715 3419 4779 ita

1869 4803 2034 4857 Italiae
2067 4805 2206 4857 vires
2242 4805 2483 4865 tenta\it,
2514 4814 2569 4856 ut
2593 4814 2918 4864 contemnat,
2943 4814 2993 4857 et
3021 4820 3122 4856 non
3166 4805 3420 4857 audebit?

1869 4894 2026 4957 Quid,
2060 4894 2104 4946 si
2135 4889 2356 4960 antiqua
2387 4895 2682 4946 consectari
2715 4895 2863 4955 libet,
2898 4894 3078 4961 Pyrrhi
3114 4894 3416 4948 luctuosum

1869 4984 2156 5038 adventum
2187 4983 2645 5035 commemorem?
2678 4983 2815 5045 Quid
2846 4985 3373 5040 AlexandriJlIolossi
3400 4989 3422 5041 l’

1872 5075 1997 5144 quid
2027 5072 2343 5127 Archidami
2381 5071 2615 5139 Agesilai
2639 5071 2908 5140 filiiiquid
2945 5073 3425 5138 Annibalisliusta?

1869 5164 2038 5218 Nimis
2064 5178 2271 5229 magna,
2304 5163 2465 5215 nimis
2485 5173 2662 5215 vetera
2697 5165 2912 5217 nomina
2948 5178 3152 5233 repeto.
3183 5165 3317 5230 Quid
3359 5169 3426 5218 at)

1871 5255 2050 5316 Attila,
2108 5253 2301 5315 Totila,
2356 5252 2633 5306 Saracenis
2697 5254 2870 5308 illatas
2940 5257 3119 5309 clades
3183 5258 3423 5309 oratione

1873 5360 1989 5397 mea
2050 5344 2442 5398 refricem?At
2494 5345 2754 5415 Pyrrhus,
2814 5347 2996 5408 credo,
3053 5352 3223 5413 potuit
3280 5348 3421 5412 quod

1871 5435 2084 5487 Turcus
2109 5445 2358 5502 nequeat.
2397 5435 2510 5498 Ille,
2551 5436 2710 5489 salvis
2743 5446 2819 5490 tot
2869 5437 3116 5497 ducibus,
3156 5444 3233 5487 tot
3265 5452 3420 5489 excr-

1873 5527 2090 5584 citibus.
2154 5542 2291 5592 quos
2349 5528 2644 5580 secundum
2682 5538 2861 5594 postea
2900 5528 3159 5578 Punicum
3225 5527 3424 5583 bellum

1874 5616 2193 5683 absumpsit,
2226 5618 2290 5667 ad
2352 5618 2705 5684 Urbis-prope
2741 5618 2932 5669 tttmnia
2961 5619 3159 5670 victore
3189 5624 3425 5674 exercitu

1874 5709 2150 5761 contendit
2187 5725 2200 5772 ι
2235 5708 2473 5768 Turcus,
2506 5709 2594 5774 qui
2655 5710 2891 5772 Epirum.
2930 5708 3289 5764 Macedoniam
3352 5724 3427 5766 ων
