4106 6322
658 218 764 280 £53

1568 213 2080 277 BESSARIOXIS
2120 214 2190 275 S.
2228 214 2305 276 Β.
2343 214 2413 275 Ε.
2454 211 2928 275 CARDINALIS

3780 210 3894 273 660

662 339 885 397 tamque
926 325 1213 388 Greciam,
1256 331 1338 380 tot
1383 324 1609 392 imperia
1648 324 1887 393 subegit,
1924 322 2135 377 Italiam
2168 321 2223 378 in
2249 323 2303 383 Α
2326 320 2511 386 video,
2545 330 2608 376 ut
2638 322 2787 376 omni
2814 310 3012 377 conatu
3043 320 3432 392 communique
3448 318 3682 377 consilio
3707 330 3764 373 et
3786 332 3892 388 ope

666 424 750 475 tot
774 416 1110 489 principatus
1139 426 1193 470 et
1221 415 1398 470 studia
1429 414 1741 484 dissipatam
1789 429 1853 470 ac.
1890 406 2222 468 dissentieni-

670 515 779 563 tem
808 504 844 560 ti
854 505 1053 559 mebit?
1075 521 1181 560 non
1210 506 1487 559 adorietttr
1504 505 1532 559 τ
1554 519 1661 558 non
1678 504 1769 558 ?...
1794 503 1910 558 Heu
1947 519 2033 559 me
2064 503 2225 557 mise—

672 610 791 648 rum
816 595 828 648 l
861 594 1055 649 Nescio
1076 609 1186 662 quo
1216 594 1479 648 orationis
1502 609 1665 649 cursu
1688 578 1754 648 eo
1778 592 2045 651 deducer.
2078 591 2225 661 quod

672 685 831 737 dolor
851 685 1158 751 exprimere
1188 700 1293 737 non
1331 685 1483 738 sinit.
1516 687 1585 736 At
1612 698 1680 738 ne
1712 682 1780 735 'in
1804 683 2082 737 veteribus
2112 691 2227 737 tau-

676 784 788 826 tum
842 775 1043 827 versari
1094 774 1303 836 videar,
1345 775 1399 827 in
1441 774 1640 841 quibus
1684 772 1949 842 quadrata
1990 771 2228 842 agmina,

669 865 833 932 jurati
894 864 1113 925 milites,
1164 874 1315 919 tanta
1372 866 1763 933 imperatorum
1820 864 2022 929 virtus,
2082 869 2233 917 tanta

675 953 945 1021 legionum
988 953 1249 1021 patientia
1285 966 1351 1007 ac
1384 950 1666 1020 disciplina
1713 950 2015 1011 constabat,
2050 959 2109 1006 ut
2160 949 2229 1005 ad

677 1043 979 1095 recentium
1032 1052 1216 1095 nostra
1259 1049 1566 1095 revertatur
1595 1042 1793 1103 oratio.
1840 1042 1971 1110 quid
2007 1042 2234 1097 Hunno-

679 1146 799 1183 rum
823 1146 885 1184 ac
915 1130 1273 1184 Vandalorum
1307 1145 1497 1184 manus
1517 1130 1793 1185 incondita
1818 1130 1843 1183 τ
1874 1131 2056 1185 lnusta
2083 1138 2230 1196 sunt,

680 1221 856 1274 inusta
893 1230 1017 1273 sunt
1051 1221 1183 1287 ipsis
1224 1221 1495 1274 mmnibus
1538 1222 1864 1289 sempiterna
1904 1222 2122 1276 illorum
2147 1222 2234 1275 in-

676 1310 832 1376 jur'-e
859 1319 1225 1362 monumenta.
1258 1311 1328 1363 At
1354 1311 1398 1363 si
1445 1320 1568 1378 post
1591 1309 1780 1363 urbem
1802 1310 2114 1365 Christiano
2140 1327 2238 1365 no-

686 1401 828 1453 mine
845 1394 1115 1454 conditam
1145 1402 1390 1471 exempla
1410 1413 1459 1454 te
1479 1413 1717 1465 movent,
1741 1402 1939 1457 Leonis
1964 1401 2242 1458 Pontitlcis

684 1490 896 1544 Maximi
951 1492 1308 1559 temporibus,
1353 1492 1572 1555 Attilas,
1624 1472 1692 1544 ile
1745 1508 1855 1560 quo
1905 1493 2067 1561 paulo
2115 1502 2241 1547 ante

2322 427 2387 466 ea
2422 410 2836 480 propulsemus,
2864 419 3030 476 atque
3062 410 3117 463 in
3152 411 3391 466 hostium
3451 419 3775 465 nostrorum
3803 424 3902 463 ca-'

2322 502 2456 572 pita,
2492 500 2622 553 dum
2656 500 2809 563 licet,
2835 499 2967 553 dum
2999 501 3273 571 integrum
3306 511 3411 565 est,
3443 511 3890 569 retorqueamus.

2325 594 2465 647 Cum
2532 607 2666 647 vero
2696 592 2750 645 id
2791 600 2940 645 recte
2975 591 3092 645 fleri
3129 578 3237 644 non
3268 590 3463 659 possit,
3490 592 3596 644 nisi
3628 590 3899 644 omnibus

2324 682 2528 739 sedatis
2577 681 2905 748 discordiis,
2968 681 3365 740 simultatibus.
3414 680 3595 742 odiis,
3648 678 3892 744 denique

2268 836 2273 839 η
2326 775 2541 830 cunctis
2562 773 2967 842 suspicionibus
2988 772 3057 828 de
3087 770 3269 826 medio
3293 771 3547 832 sublatis,
3573 770 3746 823 libero
3768 783 3895 821 con-

2330 878 2492 919 sensu
2527 864 2745 919 hostem
2793 864 3133 926 adoriamur,
3165 860 3343 915 danda
3405 861 3457 913 in
3499 860 3692 927 primis
3727 871 3894 926 opera

2333 958 2440 1020 est’,
2471 965 2533 1011 ut
2554 955 2723 1010 Italiae
2745 954 3023 1010 communi
3053 967 3314 1022 percusso
3336 951 3567 1011 ftedere,
3598 949 3745 1004 idem
3772 962 3903 1001 sett-

2334 1048 2536 1102 tlamus
2557 1061 2769 1109 omnes,
2796 1045 2941 1101 idem
2972 1044 3205 1101 velimus
3236 1054 3402 1112 atque
3428 1052 3704 1114 optemus.
3738 1035 3896 1103 Quod

2335 1140 2380 1194 si
2412 1139 2467 1192 in
2501 1153 2569 1193 eo
2607 1137 2930 1207 exponendo
2973 1134 3181 1190 versari
3224 1134 3468 1194 voluero,
3497 1130 3643 1201 quod
3678 1130 3747 1183 ad
3779 1143 3893 1181 rem

2335 1241 2578 1284 nostram
2611 1228 2843 1282 maxime
2888 1210 3125 1281 attinere
3154 1224 3388 1287 videtur,
3414 1232 3548 1290 quot
3582 1218 3894 1281 commoda,

2342 1335 2503 1389 quam
2526 1320 2841 1381 utilitatem,
2867 1332 3029 1383 quam
3058 1315 3296 1384 denique
3325 1311 3643 1367 felicitatem
3670 1322 3903 1362 concor-

2344 1410 2433 1463 dia
2461 1419 2517 1463 et
2553 1408 2861 1463 animorum
2894 1407 2947 1460 in
2984 1405 3129 1459 idem
3158 1403 3499 1473 conspiratio
3530 1416 3656 1454 cum
3706 1398 3903 1454 civita-

2344 1500 2512 1561 tibus,
2563 1508 2675 1553 tum
2716 1496 3017 1567 provinciis
3051 1495 3260 1558 afferat,
3308 1496 3423 1549 scio
3478 1490 3777 1549 nonnullos
3824 1489 3905 1542 ita

685 1582 848 1634 verba
879 1582 1003 1644 feci,
1034 1582 1254 1634 subacta
1280 1590 1389 1634 tota
1419 1580 1587 1634 Gallia
1616 1581 1911 1651 Cisalpina,
1942 1582 2006 1634 ad
2037 1582 2239 1637 Urbem
2345 1606 2432 1645 me
2472 1589 2777 1650 audituros,
2810 1587 3041 1641 utnihil
3095 1586 3314 1654 quidem
3376 1585 3530 1650 novi,
3580 1582 3675 1639 sed
3739 1580 3907 1652 plane
3940 1580 3943 1581 ⁷

687 1669 1035 1723 evertendam
1064 1669 1357 1722 exercitum
1387 1668 1647 1724 admovit.
1664 1669 1832 1738 Cujus
1852 1670 2089 1723 furorem
2116 1670 2243 1725 bar-
2346 1681 2558 1751 cognita
2585 1689 2642 1734 et,
2665 1664 2980 1749 ρθγνυιςάιε
3010 1677 3194 1733 omnia
3230 1690 3316 1731 me
3350 1691 3575 1730 nat-ram
3608 1671 3890 1729 arbitren-

690 1760 882 1813 barum
913 1766 969 1811 et
1000 1766 1263 1826 agrestem
1294 1757 1571 1812 Pontificis
1599 1758 1904 1827 eloquentia
1927 1760 2239 1814 retardavit.

690 1848 842 1914 Quod
876 1848 919 1901 si
958 1856 1079 1916 post
1105 1846 1426 1903 Annibalem
1477 1856 1532 1902 et
1561 1859 1775 1904 veteres
1799 1849 1916 1904 illas
1967 1843 2244 1914 victorias,

694 1938 738 1990 si
776 1948 898 2005 post
927 1951 1121 1990 nomen
1156 1935 1358 1991 Christi
1388 1938 1785 2006 pervulgatum,
1807 1949 2116 1993 exterorum
2149 1940 2246 1994 bo-

692 2030 899 2082 minum
952 2028 1161 2082 sentina
1218 2027 1285 2081 ad
1341 2026 1504 2083 Italia
1553 2030 1917 2097 gubernacula
1965 2030 2242 2093 conﬂuxit,

690 2120 823 2189 quid
862 2126 1078 2176 tandem
1127 2131 1326 2177 tantam
1372 2124 1481 2189 hoc
1529 2132 1773 2194 tempore
1800 2126 2091 2194 procellam
2140 2141 2245 2179 non

694 2209 1126 2280 timemos‘iquaa
1160 2212 1403 2282 profecto
1434 2223 1614 2267 tantos
1642 2215 2008 2269 calamitatum
2044 2206 2245 2269 ﬂuctus

693 2300 920 2354 allatura
945 2311 1046 2366 est,
1094 2302 1137 2355 si
1170 2301 1445 2371 eruperit,
1478 2310 1539 2356 ut
1567 2302 1633 2357 ad
1669 2304 1877 2358 nullum
1903 2305 1976 2359 ita
2008 2306 2080 2360 sit
2122 2320 2251 2375 per-

694 2399 943 2456 ventura,
975 2395 1105 2461 quin
1141 2393 1197 2447 in
1226 2403 1545 2448 ceterorum
1574 2394 1751 2463 capita
1797 2396 2083 2450 redundet.
2114 2397 2247 2452 Nam

630 2514 635 2517 «
699 2490 751 2541 ut
788 2480 843 2534 in
880 2492 1198 2552 tempestate
1231 2485 1509 2539 cernimus
1553 2485 1841 2555 procellas,
1888 2502 2013 2541 cum
2044 2487 2097 2540 in
2133 2503 2249 2542 sco-

699 2572 885 2642 pulum
912 2574 966 2627 in
994 2588 1157 2643 quem
1187 2573 1501 2629 ferebantur
1526 2576 1787 2632 savitiam
1808 2576 2081 2642 illiserint,
2104 2586 2253 2633 tanto

700 2671 849 2714 motu
880 2662 1095 2723 referri,
1131 2671 1189 2717 ut
1227 2678 1389 2732 quam
1442 2664 1849 2734 oceupaverint,
1896 2682 2109 2733 navem,
2144 2684 2251 2721 non

699 2751 855 2803 aliter
887 2752 1137 2816 obruant,
1171 2768 1334 2821 quam
1366 2769 1490 2807 cum
1532 2756 1755 2823 integra:
1779 2766 1965 2819 erant;
1998 2761 2071 2810 ita
2097 2757 2255 2812 nobis

702 2843 957 2897 omnibus
979 2845 1338 2898 Barbarorum
1368 2847 1779 2900 inundationem
1804 2848 2097 2899 timendam
2127 2862 2256 2900 cen-

2346 1780 2454 1835 tur,
2485 1783 2806 1837 cumvnemo
2842 1767 2972 1821 illud
3004 1768 3234 1835 ignoret,
3263 1772 3522 1833 quantam
3555 1764 3662 1815 vim
3697 1764 3754 1815 iu
3810 1776 3904 1815 re-

2343 1862 2448 1916 bus
2514 1860 2600 1913 vel
2638 1858 2892 1927 parandis
2950 1858 3035 1911 vel
3075 1855 3295 1910 tuendis
3330 1853 3623 1909 concordia
3678 1853 3902 1907 habeat.

2346 1951 2418 2006 Iis
2445 1965 2546 2020 ego
2573 1965 2681 2003 non
2747 1948 3021 2003 immerito
3076 1945 3493 2016 responderim:
3549 1942 3662 1997 Cur
3722 1956 3905 1994 meam

2347 2042 2509 2111 igitur
2534 2038 2862 2110 exspectatis
2921 2036 3265 2092 orationem?
3322 2035 3465 2100 Quin
3529 2043 3728 2102 sponte
3778 2045 3907 2084 eam

2348 2129 2961 2201 amplectimini?quam
3002 2126 3138 2181 adeo
3176 2126 3364 2180 utilem
3420 2138 3543 2178 esse
3594 2130 3760 2190 atque
3815 2134 3915 2173 se-

2348 2223 2639 2277 cessariam
2671 2218 2995 2288 intelligitis,
3031 2226 3113 2278 ut,
3145 2216 3250 2270 nisi
3294 2212 3459 2277 adsit,
3490 2212 3631 2267 nihil
3662 2224 3909 2279 aequum.

2350 2315 2487 2368 nihil
2519 2314 2830 2374 honestum,
2863 2309 2999 2363 nihil
3031 2318 3284 2363 sanctum
3326 2306 3445 2360 ﬁeri
3501 2298 3699 2374 possit.
3758 2302 3914 2354 Cou-

2350 2406 2531 2461 cordia
2561 2419 2742 2474 parvre
2774 2417 2862 2456 res
2883 2406 3158 2460 crescunt,
3189 2396 3463 2453 discordia
3487 2395 3742 2450 maxime
3766 2391 3913 2446 dila-

2352 2500 2578 2553 buntur.
2609 2492 2881 2565 Quidquid
2910 2495 2964 2548 in
3002 2492 3140 2547 cmlo
3164 2489 3502 2559 atque‘inter
3526 2485 3790 2539 mortales
3813 2498 3914 2553 op-

2353 2590 2540 2643 timum
2566 2598 2669 2645 est.
2704 2586 2758 2639 id
2796 2600 2960 2639 omne
2988 2600 3017 2638 a
3067 2579 3361 2637 concordia
3425 2577 3800 2648 proficiscitur
3853 2584 3917 2629 et

2354 2678 2570 2747 pendet.
2602 2675 2721 2728 Non
2755 2668 3050 2741 provinciis
3077 2672 3358 2730 duntaxat,
3389 2668 3638 2727 urbibus,
3668 2680 3916 2721 conven-

2357 2768 2557 2827 ticulis,
2587 2762 2795 2823 domui,
2827 2761 2919 2813 sed
2954 2757 3400 2828 privato-homini
3455 2756 3689 2809 maxime
3718 2769 3918 2807 neces-

2358 2852 2496 2908 saria
2527 2860 2633 2905 est.
2667 2847 2803 2913 Quid
2838 2848 2983 2900 enim
3019 2845 3242 2898 homine
3276 2843 3513 2911 turpius,
3546 2842 3641 2909 qui
3670 2841 3775 2894 sibi
3798 2842 3916 2907 ipse

704 2947 819 2986 seu.
841 2932 957 2986 Non
982 2933 1125 2985 enim
1149 2935 1319 2986 hostis
1346 2935 1411 2987 de
1435 2951 1539 2988 una
1567 2944 1662 2989 aut
1683 2937 1850 2990 altera
1882 2938 2016 2990 urbe
2048 2944 2257 2991 certare
2283 2964 2330 3028 ε
2361 2957 2465 2995 non
2501 2946 2737 3003 constet,
2770 2945 2825 2992 et
2858 2937 3027 2991 variis
3067 2933 3608 3003 repugnantibusque
3663 2930 3919 2983 consiliis

704 3024 856 3086 vult;
894 3022 961 3076 de
996 3037 1174 3077 rerum
1198 3038 1432 3077 vsumma
1473 3025 1573 3079 sibi
1610 3027 2007 3080 decernendum
2045 3028 2253 3083 statuit.

705 3115 806 3180 Qui
826 3114 1090 3169 dominari
1114 3114 1285 3183 cupit,
1309 3130 1483 3183 neque
1514 3117 1850 3186 superiorem
1879 3117 2023 3173 ferre
2057 3100 2255 3187 potest,

708 3224 885 3278 neque
916 3224 1099 3278 parem
1132 3211 1352 3279 patitur,
1387 3226 1562 3281 neque
1588 3209 1848 3280 principis
1875 3224 2073 3263 nomen
2094 3219 2258 3263 amat.

709 3302 885 3369 Atque
926 3310 985 3355 ut
1027 3302 1157 3357 illud
1207 3302 1472 3367 omittam,
1500 3319 1661 3373 grave
1688 3318 1808 3358 esse
1838 3303 1905 3356 ab
1937 3302 2120 3371 aliquo
2164 3302 2261 3355 ali-

711 3393 839 3462 quid
878 3408 1115 3463 sperare,
1152 3392 1409 3449 miserum
1453 3410 1517 3449 ex
1548 3394 1721 3449 aliena
1771 3393 1998 3447 libidine
2032 3394 2260 3448 salutem

712 3500 1029 3555 suspensam
1066 3486 1304 3550 habere,
1340 3487 1712 3555 turpissimum
1768 3496 1825 3541 et
1880 3487 2182 3540 luctuosum
2233 3500 2263 3538 a

713 3578 985 3631 communi
1017 3578 1256 3631 omnium
1300 3578 1456 3632 hoste
1504 3580 1764 3647 privatam
1805 3589 2121 3647 exspectare
2175 3592 2266 3631 ve-

714 3669 881 3731 niam,
939 3682 1059 3735 qua:
1112 3684 1212 3738 pax
1262 3670 1357 3722 tibi
1415 3684 1538 3722 cum
1580 3684 1647 3723 eo
1694 3684 1813 3723 esse
1864 3677 2039 3738 potest
2111 3669 2268 3737 cujus

714 3758 982 3813 acerbitas
1030 3761 1083 3815 iu
1130 3770 1345 3817 nostros
1392 3760 1641 3815 homines
1682 3762 1824 3815 ultra
1876 3760 2105 3813 mortem
2139 3744 2285 3828 pro-7

682 3872 687 3877 ι
717 3850 990 3917 greditur;
1024 3852 1116 3920 qui
1148 3852 1300 3905 nullo
1328 3852 1595 3920 supplicio
1626 3850 1813 3903 satiari
1845 3859 2021 3919 potest
2048 3867 2061 3913 ;
2101 3865 2131 3901 a
2160 3863 2270 3918 quo

717 3940 763 3993 si
784 3948 1048 3994 tormenta
1078 3952 1133 3994 et
1160 3942 1436 3995 cruciatus
1457 3940 1636 3994 absint
1660 3939 1715 3992 in
1741 3930 2053 3993 nostrorum
2066 3949 2268 4001 morte,

719 4040 945 4082 mortem
991 4032 1043 4081 in
1077 4030 1321 4083 beneﬁcii
1378 4037 1582 4097 partem
1614 4027 1886 4095 accipias?
1912 4026 1955 4082 0
1982 4028 2271 4082 crudelita-

720 4132 828 4179 tem
891 4121 1229 4180 inusitatam,
1299 4119 1637 4183 inauditam,
1692 4118 1884 4183 feram,
1950 4117 2267 4173 barbaram!

721 4208 857 4260 Cum
905 4223 970 4261 co
1012 4224 1108 4275 pax
1143 4223 1263 4261 esse
1322 4208 1536 4276 potest?
1589 4208 1724 4262 Pace
1764 4208 1809 4261 si
1854 4208 1957 4263 frui
1996 4209 2270 4274 volumus,

2361 3043 2418 3087 et
2448 3029 2742 3085 contrariis
2773 3026 3083 3082 actionibus
3118 3022 3389 3093 agitetur?
3419 3021 3551 3087 Quis
3583 3036 3691 3074 non
3732 3018 3920 3087 despi-

2359 3120 2468 3175 cit?
2494 3120 2615 3188 quis
2643 3132 2751 3172 non
2781 3115 3032 3170 deridet?
3054 3113 3273 3176 Levem,
3317 3112 3744 3173 inconstantem,
3794 3108 3921 3162 nul-

2359 3212 2465 3264 lius
2487 3207 2700 3263 ordinis
2730 3206 3003 3260 hominem
3033 3216 3337 3258 censemus.
3368 3199 3646 3267 Quidquid
3680 3207 3918 3252 conatur

2362 3307 2416 3354 et
2431 3294 3096 3367 assequitur,calamitate,
3124 3289 3441 3363 ignominia,
3470 3287 3712 3358 pernicie
3742 3288 3922 3339 refer-

2363 3398 2476 3444 tum
2507 3398 2610 3443 est.
2638 3386 2771 3440 Nam
2812 3387 2940 3441 dum
2978 3385 3079 3440 sibi
3134 3386 3247 3453 ipse
3278 3380 3528 3440 dissidet,
3593 3376 3728 3432 nihil
3789 3392 3921 3431 cum

2362 3481 2480 3537 suis
2518 3478 2821 3534 commodis
2855 3485 2948 3531 aut
2982 3473 3316 3531 ornamentis
3354 3460 3783 3525 consentaneum
3818 3466 3923 3521 ha-

2364 3574 2475 3628 bet.
2501 3572 2559 3626 lu
2585 3587 2643 3625 re
2663 3581 2837 3626 autem
2865 3569 3143 3631 familiari,
3163 3565 3309 3637 quod
3324 3564 3559 3619 oiﬁcium
3576 3577 3697 3617 esse
3718 3569 3924 3629 potest,

2367 3664 2411 3717 si
2450 3678 2610 3732 uxor,
2638 3660 2820 3725 liberi,
2856 3660 3024 3720 servi,
3077 3657 3286 3711 mutuis
3314 3654 3459 3709 odiis
3487 3651 3879 3708 conﬂictentur
3899 3646 3924 3698 ἲ

2366 3750 2761 3807 Paterfamilias
2791 3790 2806 3815 ,
2856 3748 3175 3802 domesticis
3242 3742 3678 3800 dissensionibus
3713 3739 3930 3793 labefa-

2371 3852 2573 3901 ctatus,
2602 3839 2807 3893 nullam
2832 3839 2985 3907 ponit
3012 3838 3065 3891 in
3102 3852 3159 3892 re
3190 3833 3443 3892 familiari
3497 3829 3743 3901 augenda
3788 3841 3929 3898 ope-

2370 3946 2507 3985 ram.
2536 3929 2813 4003 Lacrymis
2848 3927 3157 3992 conficitur,
3183 3927 3312 3981 dum
3343 3939 3441 3994 per
3460 3920 3791 3976 discordiam
3847 3925 3930 3971 to-

2373 4030 2480 4076 tam
2509 4022 2729 4075 domum
2765 4020 3030 4072 ruituram
3044 4017 3201 4073 facile
3228 4015 3528 4086 prospicit;
3559 4013 3723 4065 miser
3747 4010 3925 4069 domi.

2372 4108 2505 4163 foris
2538 4106 2824 4161 ridiculus.
2855 4103 2987 4158 lude
3017 4103 3277 4157 nimirum
3313 4102 3443 4156 illud
3475 4110 3582 4162 est,
3605 4097 3752 4169 quod
3783 4094 3927 4165 apud

2373 4210 2585 4268 poetam
2609 4196 3081 4266 sapientissimum
3101 4194 3323 4263 Ulysses
3338 4209 3366 4246 a
3395 4193 3695 4257 Nausicaa,
3712 4187 3929 4245 Alcinoi

723 4299 923 4356 beilum
968 4300 1261 4367 gerendum
1300 4310 1382 4354 est
1412 4317 1427 4352 :
1456 4300 1501 4354 si
1546 4299 1744 4356 bellum
1795 4300 2114 4362 omittimus,
2143 4316 2274 4368 pace
2306 4288 2349 4342 D
2380 4294 2523 4361 regis
2552 4291 2681 4364 filia,
2711 4287 2960 4344 maximis
2986 4286 3214 4341 affectus
3238 4284 3549 4361 beneﬂciis,
3592 4283 3667 4335 nil
3735 4278 3931 4334 habuit

724 4403 996 4454 nunquam
1035 4388 1289 4442 fruemur.
1329 4390 1507 4454 Quare
1530 4404 1651 4444 cum
1692 4404 1721 4441 a
1764 4396 1869 4442 tam
1919 4405 2085 4458 parvo
2113 4389 2271 4444 initio

725 4480 781 4533 in
815 4489 1017 4532 tantum
1045 4482 1274 4535 creverit
1306 4480 1501 4549 fastigii
1536 4482 1710 4535 hostis
1735 4492 1943 4543 noster,
1964 4494 2087 4533 cum
2114 4478 2269 4543 sciat,

723 4571 926 4623 uolitet
964 4572 1132 4638 possit
1164 4574 1358 4624 adoriri
1395 4572 1623 4635 Italiam,
1664 4587 1787 4627 cum
1816 4572 1867 4627 id
1900 4585 2273 4639 smpeuumero

725 4665 924 4719 fartum
957 4661 1123 4715 fuisse
1153 4663 1453 4729 audieritis,
1499 4665 1573 4717 ita
1623 4671 1682 4717 ut
1720 4662 1785 4715 ad
1821 4675 2011 4715 omnes
2061 4659 2276 4729 pericu-

726 4752 836 4806 lum
872 4753 1111 4812 attineat,
1142 4754 1448 4820 propulsate
1501 4769 1561 4807 ac
1593 4752 1876 4820 propellite
1908 4750 2076 4803 hostis
2099 4748 2275 4816 impe-

728 4852 861 4901 tum,
916 4851 974 4892 nt
1024 4843 1442 4895 incolumitatem
1494 4844 1671 4908 nobis,
1721 4842 2031 4896 libertatem
2083 4839 2267 4901 Italia,

728 4930 955 4985 salutem
992 4931 1242 4988 omnibus
1271 4934 1627 4986 conservetis.

1477 5084 1541 5137 IV

729 5201 980 5270 Ejusdem
1014 5198 1083 5250 ad
1105 5197 1306 5270 eosdem
1367 5200 1430 5247 de
1480 5199 1747 5270 discordiis
1785 5199 2045 5270 sedandis,
2081 5206 2125 5250 et
2149 5197 2278 5250 bello

1151 5270 1205 5319 in
1254 5265 1475 5317 Turcum
1514 5268 1856 5317 decernendo.

802 5384 965 5445 Satis,
1002 5393 1061 5434 ut
1087 5382 1350 5441 arbitror,
1384 5378 1450 5431 de
1484 5378 1742 5443 periculis
1776 5377 1870 5428 toti
1897 5377 2066 5429 Itali-.0
2102 5377 2279 5428 immi-

738 5474 995 5526 tu‘ntibus
1043 5472 1298 5525 ltostrrna
1360 5470 1606 5521 oratione
1666 5466 1695 5515 d
1724 5476 1993 5530 sputatum
2028 5477 2128 5529 est,
2164 5482 2280 5533 quae

742 5581 861 5616 tum
901 5575 949 5617 ct
984 5574 1162 5631 aperta
1203 5560 1310 5616 sint
1340 5571 1391 5615 ct
1446 5558 1789 5628 gravissima,
1852 5556 2119 5625 reliquum
2162 5570 2281 5611 esse

2374 4383 2517 4452 quod
2551 4381 2762 4435 felicius
2800 4378 2980 4447 optari
3015 4392 3173 4446 posse
3204 4376 3590 4437 arbitraretur,
3627 4387 3794 4441 quam
3850 4370 3930 4424 vi.

2374 4490 2493 4527 rum
2525 4474 2835 4537 liberosque
2883 4467 3208 4532 concordes,
3244 4481 3351 4535 quo
3379 4465 3516 4517 nihil
3572 4462 3797 4516 suavius
3833 4460 3926 4519 ait,

2374 4562 2512 4615 nihil
2548 4570 2640 4612 aut
2670 4558 2905 4611 inimicis
2953 4556 3255 4616 molestius,
3289 4563 3383 4606 aut
3412 4551 3603 4605 amicis
3630 4549 3931 4617 jucundius

2376 4650 2628 4705 accidere
2655 4660 2833 4715 posse.
2864 4648 2931 4697 At
2960 4642 3093 4711 quid
3129 4640 3403 4701 miserius,
3428 4637 3557 4706 quid
3587 4637 3829 4689 humana
3854 4635 3931 4686 in-

2375 4739 2591 4808 dignius
2626 4734 2908 4793 societate,
2939 4745 3099 4798 quam
3130 4744 3255 4783 cum
3300 4726 3549 4780 civitates
3577 4730 3673 4778 aut
3704 4724 3930 4794 provin-

2376 4837 2475 4885 rim
2503 4826 2820 4883 domesticis
2841 4822 3207 4877 seditionibus
3231 4819 3495 4887 bellisque
3523 4816 3783 4872 civilibus
3804 4831 3931 4870 con-

2378 4920 2672 4977 ficiuntur?
2702 4916 2831 4970 Nam
2866 4927 3004 4981 quos
3036 4909 3394 4974 necessarios,
3428 4909 3647 4970 fratres,
3674 4916 3931 4977 parentes

2377 5025 2569 5069 natura
2598 5008 2805 5078 genuit,
2833 5004 3019 5056 hostes
3042 5012 3097 5056 et
3153 5002 3360 5055 alienos
3424 4998 3699 5053 discordia
3734 4997 3927 5058 etllcit,

2380 5106 2471 5159 ubi
2499 5113 2554 5156 et
2584 5102 2797 5153 vincere
2825 5096 3133 5147 luctuosum
3152 5101 3257 5152 est,
3285 5100 3339 5144 et
3368 5091 3564 5144 cadere
3594 5088 3927 5141 sceleratum

2379 5211 2541 5265 atque
2582 5190 2867 5246 nefarium.
2903 5185 3111 5237 Bellum
3163 5182 3527 5237 domesticum
3581 5194 3647 5232 eo
3707 5179 3930 5246 gravius

2378 5263 2602 5335 exierno
2631 5284 2736 5335 est,
2769 5271 2913 5341 quod
2954 5281 3240 5324 externum
3276 5267 3592 5321 nonnullam
3635 5263 3931 5332 aliquando

2383 5370 2537 5424 affert
2566 5358 2874 5423 utilitatem,
2910 5372 3160 5427 smpeque
3192 5358 3265 5411 ita
3288 5356 3602 5423 suscipitur,
3626 5364 3689 5406 ut
3716 5354 3771 5409 in
3805 5364 3930 5421 pace

2382 5458 2626 5510 vivamus
2658 5470 2671 5505 :
2712 5448 2871 5504 civile
2902 5461 3029 5499 vero
3048 5444 3251 5513 profuit
3283 5458 3563 5512 nunquam
3596 5442 3827 5496 nemini.
3861 5440 3930 5491 De

2386 5549 2527 5604 bello
2566 5554 2793 5600 externo
2826 5553 2966 5609 saepe
2994 5537 3369 5592 consultatuus
3400 5550 3466 5590 an
3502 5534 3801 5606 gerendum
3828 5532 3925 5591 sit;
