  <div class='ocr_page' id='page_1' title='image "/cluster/home/n/w/nwhite01/storage/ocr_20150623/161/pst.000005714834/436.png"; bbox 0 0 4106 6322; ppageno 0'>
   <div class='ocr_carea' id='block_1_1' title="bbox 162 256 306 336">
    <p class='ocr_par' dir='ltr' id='par_1_1' title="bbox 162 256 306 336">
     <span class='ocr_line' id='line_1_1' title="bbox 162 256 306 336; baseline 0.042 -20"><span class='ocrx_word' id='word_1_1' title='bbox 162 331 165 336; x_wconf 28' lang='grc' dir='ltr'><strong>η</strong></span> <span class='ocrx_word' id='word_1_2' title='bbox 202 256 306 323; x_wconf 76' lang='grc' dir='ltr'><strong>σοι</strong></span> 
     </span>
    </p>
   </div>
   <div class='ocr_carea' id='block_1_2' title="bbox 1225 246 2354 373">
    <p class='ocr_par' dir='ltr' id='par_1_2' title="bbox 1225 246 2354 373">
     <span class='ocr_line' id='line_1_2' title="bbox 1225 246 2354 373; baseline 0.008 -38"><span class='ocrx_word' id='word_1_3' title='bbox 1225 246 1661 342; x_wconf 59' lang='lat' dir='ltr'><strong>curiosus</strong></span> <span class='ocrx_word' id='word_1_4' title='bbox 1698 282 2000 343; x_wconf 80' lang='lat' dir='ltr'><strong>CONTRA</strong></span> <span class='ocrx_word' id='word_1_5' title='bbox 2026 285 2354 373; x_wconf 59' lang='lat' dir='ltr'><strong>muscas.</strong></span> 
     </span>
    </p>
   </div>
   <div class='ocr_carea' id='block_1_3' title="bbox 3303 286 3466 361">
    <p class='ocr_par' dir='ltr' id='par_1_3' title="bbox 3303 286 3466 361">
     <span class='ocr_line' id='line_1_3' title="bbox 3303 286 3466 361; baseline 0.031 -4"><span class='ocrx_word' id='word_1_6' title='bbox 3303 286 3466 361; x_wconf 62' lang='lat'><strong>662‘</strong></span> 
     </span>
    </p>
   </div>
   <div class='ocr_carea' id='block_1_4' title="bbox 207 377 3413 478">
    <p class='ocr_par' dir='ltr' id='par_1_4' title="bbox 207 377 3413 478">
     <span class='ocr_line' id='line_1_4' title="bbox 207 377 3413 478; baseline 0.011 -50"><span class='ocrx_word' id='word_1_7' title='bbox 207 377 371 431; x_wconf 73' lang='lat' dir='ltr'><strong>civile</strong></span> <span class='ocrx_word' id='word_1_8' title='bbox 410 387 596 434; x_wconf 88' lang='lat' dir='ltr'><strong>autem</strong></span> <span class='ocrx_word' id='word_1_9' title='bbox 644 395 923 456; x_wconf 82' lang='lat' dir='ltr'><strong>nunquam</strong></span> <span class='ocrx_word' id='word_1_10' title='bbox 978 385 1033 440; x_wconf 90' lang='lat' dir='ltr'><strong>in</strong></span> <span class='ocrx_word' id='word_1_11' title='bbox 1081 386 1537 449; x_wconf 75' lang='lat' dir='ltr'><strong>deliberationem</strong></span> <span class='ocrx_word' id='word_1_12' title='bbox 1595 393 1763 449; x_wconf 89' lang='lat' dir='ltr'><strong>cadit.</strong></span> <span class='ocrx_word' id='word_1_13' title='bbox 1796 400 1843 456; x_wconf 75' lang='grc' dir='ltr'>Α</span> <span class='ocrx_word' id='word_1_14' title='bbox 1866 402 1922 447; x_wconf 91' lang='lat' dir='ltr'><strong>et</strong></span> <span class='ocrx_word' id='word_1_15' title='bbox 1955 395 2269 464; x_wconf 75' lang='lat' dir='ltr'><strong>perspicere</strong></span> <span class='ocrx_word' id='word_1_16' title='bbox 2299 397 2551 465; x_wconf 87' lang='lat' dir='ltr'><strong>potestis,</strong></span> <span class='ocrx_word' id='word_1_17' title='bbox 2589 407 2772 455; x_wconf 88' lang='lat' dir='ltr'><strong>tamen</strong></span> <span class='ocrx_word' id='word_1_18' title='bbox 2808 416 3005 459; x_wconf 85' lang='lat' dir='ltr'><strong>sensus</strong></span> <span class='ocrx_word' id='word_1_19' title='bbox 3028 403 3275 462; x_wconf 85' lang='lat' dir='ltr'><strong>dolorem</strong></span> <span class='ocrx_word' id='word_1_20' title='bbox 3294 411 3413 478; x_wconf 88' lang='lat' dir='ltr'><strong>plu-</strong></span> 
     </span>
    </p>
   </div>
   <div class='ocr_carea' id='block_1_5' title="bbox 186 465 1751 547">
    <p class='ocr_par' dir='ltr' id='par_1_5' title="bbox 186 465 1751 547">
     <span class='ocr_line' id='line_1_5' title="bbox 186 465 1751 547; baseline 0.013 -28"><span class='ocrx_word' id='word_1_21' title='bbox 186 465 333 520; x_wconf 74' lang='lat' dir='ltr'><strong>Nam</strong></span> <span class='ocrx_word' id='word_1_22' title='bbox 358 468 812 534; x_wconf 86' lang='lat' dir='ltr'><strong>quemadmodum</strong></span> <span class='ocrx_word' id='word_1_23' title='bbox 844 489 955 530; x_wconf 92' lang='lat' dir='ltr'><strong>non</strong></span> <span class='ocrx_word' id='word_1_24' title='bbox 985 474 1054 531; x_wconf 90' lang='lat' dir='ltr'><strong>de</strong></span> <span class='ocrx_word' id='word_1_25' title='bbox 1083 477 1253 534; x_wconf 90' lang='lat' dir='ltr'><strong>rebus</strong></span> <span class='ocrx_word' id='word_1_26' title='bbox 1284 482 1629 547; x_wconf 85' lang='lat' dir='ltr'><strong>necessariis,</strong></span> <span class='ocrx_word' id='word_1_27' title='bbox 1655 484 1751 539; x_wconf 84' lang='lat' dir='ltr'><strong>sed</strong></span> 
     </span>
    </p>
   </div>
   <div class='ocr_carea' id='block_1_6' title="bbox 194 553 1755 642">
    <p class='ocr_par' dir='ltr' id='par_1_6' title="bbox 194 553 1755 642">
     <span class='ocr_line' id='line_1_6' title="bbox 194 553 1755 642; baseline 0.011 -33"><span class='ocrx_word' id='word_1_28' title='bbox 194 553 471 621; x_wconf 81' lang='lat' dir='ltr'><strong>dedubiis</strong></span> <span class='ocrx_word' id='word_1_29' title='bbox 495 560 782 616; x_wconf 80' lang='lat' dir='ltr'><strong>consilium</strong></span> <span class='ocrx_word' id='word_1_30' title='bbox 839 563 1032 629; x_wconf 86' lang='lat' dir='ltr'><strong>initur,</strong></span> <span class='ocrx_word' id='word_1_31' title='bbox 1065 567 1138 622; x_wconf 91' lang='lat' dir='ltr'><strong>ita</strong></span> <span class='ocrx_word' id='word_1_32' title='bbox 1172 583 1355 639; x_wconf 86' lang='lat' dir='ltr'><strong>neque</strong></span> <span class='ocrx_word' id='word_1_33' title='bbox 1382 572 1452 627; x_wconf 84' lang='lat' dir='ltr'><strong>de</strong></span> <span class='ocrx_word' id='word_1_34' title='bbox 1483 572 1579 637; x_wconf 85' lang='lat' dir='ltr'><strong>iis,</strong></span> <span class='ocrx_word' id='word_1_35' title='bbox 1631 587 1755 642; x_wconf 70' lang='lat' dir='ltr'><strong>qua:</strong></span> 
     </span>
    </p>
   </div>
   <div class='ocr_carea' id='block_1_7' title="bbox 195 644 1753 733">
    <p class='ocr_par' dir='ltr' id='par_1_7' title="bbox 195 644 1753 733">
     <span class='ocr_line' id='line_1_7' title="bbox 195 644 1753 733; baseline 0.014 -36"><span class='ocrx_word' id='word_1_36' title='bbox 195 644 266 698; x_wconf 90' lang='lat' dir='ltr'><strong>ad</strong></span> <span class='ocrx_word' id='word_1_37' title='bbox 293 650 557 704; x_wconf 90' lang='lat' dir='ltr'><strong>utramvis</strong></span> <span class='ocrx_word' id='word_1_38' title='bbox 592 660 803 719; x_wconf 85' lang='lat' dir='ltr'><strong>partem</strong></span> <span class='ocrx_word' id='word_1_39' title='bbox 830 655 1128 725; x_wconf 75' lang='lat' dir='ltr'><strong>explorata:</strong></span> <span class='ocrx_word' id='word_1_40' title='bbox 1157 669 1303 716; x_wconf 88' lang='lat' dir='ltr'><strong>sunt.</strong></span> <span class='ocrx_word' id='word_1_41' title='bbox 1340 662 1469 729; x_wconf 89' lang='lat' dir='ltr'><strong>Quo</strong></span> <span class='ocrx_word' id='word_1_42' title='bbox 1492 664 1546 717; x_wconf 88' lang='lat' dir='ltr'><strong>in</strong></span> <span class='ocrx_word' id='word_1_43' title='bbox 1579 679 1753 733; x_wconf 74' lang='lat' dir='ltr'><strong>gene-</strong></span> 
     </span>
    </p>
   </div>
   <div class='ocr_carea' id='block_1_8' title="bbox 196 733 1749 819">
    <p class='ocr_par' dir='ltr' id='par_1_8' title="bbox 196 733 1749 819">
     <span class='ocr_line' id='line_1_8' title="bbox 196 733 1749 819; baseline 0.014 -33"><span class='ocrx_word' id='word_1_44' title='bbox 196 745 261 787; x_wconf 89' lang='lat' dir='ltr'><strong>re</strong></span> <span class='ocrx_word' id='word_1_45' title='bbox 287 733 483 791; x_wconf 89' lang='lat' dir='ltr'><strong>seditio</strong></span> <span class='ocrx_word' id='word_1_46' title='bbox 512 747 619 803; x_wconf 86' lang='lat' dir='ltr'><strong>est,</strong></span> <span class='ocrx_word' id='word_1_47' title='bbox 652 756 813 810; x_wconf 88' lang='lat' dir='ltr'><strong>quam</strong></span> <span class='ocrx_word' id='word_1_48' title='bbox 840 744 935 813; x_wconf 86' lang='lat' dir='ltr'><strong>qui</strong></span> <span class='ocrx_word' id='word_1_49' title='bbox 962 754 1129 811; x_wconf 86' lang='lat' dir='ltr'><strong>amat,</strong></span> <span class='ocrx_word' id='word_1_50' title='bbox 1159 764 1263 804; x_wconf 89' lang='lat' dir='ltr'><strong>nec</strong></span> <span class='ocrx_word' id='word_1_51' title='bbox 1288 749 1530 819; x_wconf 85' lang='lat' dir='ltr'><strong>privatos</strong></span> <span class='ocrx_word' id='word_1_52' title='bbox 1575 751 1749 818; x_wconf 80' lang='lat' dir='ltr'><strong>iocos,</strong></span> 
     </span>
    </p>
   </div>
   <div class='ocr_carea' id='block_1_9' title="bbox 194 825 1745 904">
    <p class='ocr_par' dir='ltr' id='par_1_9' title="bbox 194 825 1745 904">
     <span class='ocr_line' id='line_1_9' title="bbox 194 825 1745 904; baseline 0.014 -29"><span class='ocrx_word' id='word_1_53' title='bbox 194 837 307 904; x_wconf 77' lang='lat' dir='ltr'><strong>nee</strong></span> <span class='ocrx_word' id='word_1_54' title='bbox 326 825 542 893; x_wconf 88' lang='lat' dir='ltr'><strong>publica</strong></span> <span class='ocrx_word' id='word_1_55' title='bbox 573 829 841 887; x_wconf 86' lang='lat' dir='ltr'><strong>libertatis</strong></span> <span class='ocrx_word' id='word_1_56' title='bbox 870 834 994 904; x_wconf 86' lang='lat' dir='ltr'><strong>jura</strong></span> <span class='ocrx_word' id='word_1_57' title='bbox 1025 836 1191 893; x_wconf 85' lang='lat' dir='ltr'><strong>chara</strong></span> <span class='ocrx_word' id='word_1_58' title='bbox 1243 837 1461 895; x_wconf 83' lang='lat' dir='ltr'><strong>habere</strong></span> <span class='ocrx_word' id='word_1_59' title='bbox 1505 841 1745 898; x_wconf 85' lang='lat' dir='ltr'><strong>videtur.</strong></span> 
     </span>
    </p>
   </div>
   <div class='ocr_carea' id='block_1_10' title="bbox 118 912 1746 1001">
    <p class='ocr_par' dir='ltr' id='par_1_10' title="bbox 118 912 1746 1001">
     <span class='ocr_line' id='line_1_10' title="bbox 118 912 1746 1001; baseline 0.012 -34"><span class='ocrx_word' id='word_1_60' title='bbox 118 938 121 941; x_wconf 55' lang='grc' dir='ltr'>ν</span> <span class='ocrx_word' id='word_1_61' title='bbox 193 912 563 985; x_wconf 77' lang='lat' dir='ltr'><strong>Tyrannidem</strong></span> <span class='ocrx_word' id='word_1_62' title='bbox 619 922 850 988; x_wconf 81' lang='lat' dir='ltr'><strong>invisam</strong></span> <span class='ocrx_word' id='word_1_63' title='bbox 880 925 1042 982; x_wconf 84' lang='lat' dir='ltr'><strong>bonis</strong></span> <span class='ocrx_word' id='word_1_64' title='bbox 1067 928 1345 996; x_wconf 86' lang='lat' dir='ltr'><strong>omnibus,</strong></span> <span class='ocrx_word' id='word_1_65' title='bbox 1393 930 1746 1001; x_wconf 77' lang='lat' dir='ltr'><strong>maximeque</strong></span> 
     </span>
    </p>
   </div>
   <div class='ocr_carea' id='block_1_11' title="bbox 190 1005 1747 1088">
    <p class='ocr_par' dir='ltr' id='par_1_11' title="bbox 190 1005 1747 1088">
     <span class='ocr_line' id='line_1_11' title="bbox 190 1005 1747 1088; baseline 0.013 -32"><span class='ocrx_word' id='word_1_66' title='bbox 190 1005 559 1071; x_wconf 80' lang='lat' dir='ltr'><strong>perniciosam</strong></span> <span class='ocrx_word' id='word_1_67' title='bbox 596 1010 910 1070; x_wconf 86' lang='lat' dir='ltr'><strong>civitatibus</strong></span> <span class='ocrx_word' id='word_1_68' title='bbox 938 1030 1082 1083; x_wconf 86' lang='lat' dir='ltr'><strong>esse,</strong></span> <span class='ocrx_word' id='word_1_69' title='bbox 1112 1018 1272 1086; x_wconf 87' lang='lat' dir='ltr'><strong>plane</strong></span> <span class='ocrx_word' id='word_1_70' title='bbox 1299 1034 1490 1076; x_wconf 89' lang='lat' dir='ltr'><strong>omnes</strong></span> <span class='ocrx_word' id='word_1_71' title='bbox 1515 1036 1747 1088; x_wconf 87' lang='lat' dir='ltr'><strong>persua-</strong></span> 
     </span>
    </p>
   </div>
   <div class='ocr_carea' id='block_1_12' title="bbox 192 1096 1747 1181">
    <p class='ocr_par' dir='ltr' id='par_1_12' title="bbox 192 1096 1747 1181">
     <span class='ocr_line' id='line_1_12' title="bbox 192 1096 1747 1181; baseline 0.014 -35"><span class='ocrx_word' id='word_1_72' title='bbox 192 1107 318 1148; x_wconf 86' lang='lat' dir='ltr'><strong>sum</strong></span> <span class='ocrx_word' id='word_1_73' title='bbox 348 1096 631 1154; x_wconf 86' lang='lat' dir='ltr'><strong>habemus.</strong></span> <span class='ocrx_word' id='word_1_74' title='bbox 667 1101 739 1155; x_wconf 81' lang='lat' dir='ltr'><strong>At</strong></span> <span class='ocrx_word' id='word_1_75' title='bbox 768 1106 979 1174; x_wconf 78' lang='lat' dir='ltr'><strong>tyranni</strong></span> <span class='ocrx_word' id='word_1_76' title='bbox 1014 1108 1177 1162; x_wconf 84' lang='lat' dir='ltr'><strong>urbes</strong></span> <span class='ocrx_word' id='word_1_77' title='bbox 1204 1122 1595 1178; x_wconf 84' lang='lat' dir='ltr'><strong>nonnunquam</strong></span> <span class='ocrx_word' id='word_1_78' title='bbox 1624 1111 1747 1181; x_wconf 85' lang='lat' dir='ltr'><strong>opi-</strong></span> 
     </span>
    </p>
   </div>
   <div class='ocr_carea' id='block_1_13' title="bbox 191 1182 1747 1268">
    <p class='ocr_par' dir='ltr' id='par_1_13' title="bbox 191 1182 1747 1268">
     <span class='ocr_line' id='line_1_13' title="bbox 191 1182 1747 1268; baseline 0.012 -31"><span class='ocrx_word' id='word_1_79' title='bbox 191 1182 299 1238; x_wconf 85' lang='lat' dir='ltr'><strong>bus</strong></span> <span class='ocrx_word' id='word_1_80' title='bbox 320 1190 677 1258; x_wconf 83' lang='lat' dir='ltr'><strong>potentiaque</strong></span> <span class='ocrx_word' id='word_1_81' title='bbox 700 1194 1129 1265; x_wconf 74' lang='lat' dir='ltr'><strong>ampliﬁcarent,</strong></span> <span class='ocrx_word' id='word_1_82' title='bbox 1156 1204 1210 1249; x_wconf 91' lang='lat' dir='ltr'><strong>et</strong></span> <span class='ocrx_word' id='word_1_83' title='bbox 1242 1199 1297 1251; x_wconf 92' lang='lat' dir='ltr'><strong>in</strong></span> <span class='ocrx_word' id='word_1_84' title='bbox 1342 1213 1597 1268; x_wconf 76' lang='lat' dir='ltr'><strong>magnum</strong></span> <span class='ocrx_word' id='word_1_85' title='bbox 1648 1215 1747 1255; x_wconf 81' lang='lat' dir='ltr'><strong>au-</strong></span> 
     </span>
    </p>
   </div>
   <div class='ocr_carea' id='block_1_14' title="bbox 1855 482 3416 567">
    <p class='ocr_par' dir='ltr' id='par_1_14' title="bbox 1855 482 3416 567">
     <span class='ocr_line' id='line_1_14' title="bbox 1855 482 3416 567; baseline 0.015 -35"><span class='ocrx_word' id='word_1_86' title='bbox 1855 482 1931 536; x_wconf 88' lang='lat' dir='ltr'><strong>ris</strong></span> <span class='ocrx_word' id='word_1_87' title='bbox 1980 482 2129 545; x_wconf 88' lang='lat' dir='ltr'><strong>facit,</strong></span> <span class='ocrx_word' id='word_1_88' title='bbox 2168 484 2261 551; x_wconf 86' lang='lat' dir='ltr'><strong>qui</strong></span> <span class='ocrx_word' id='word_1_89' title='bbox 2309 498 2396 547; x_wconf 89' lang='lat' dir='ltr'><strong>ea,</strong></span> <span class='ocrx_word' id='word_1_90' title='bbox 2454 500 2577 554; x_wconf 66' lang='lat' dir='ltr'><strong>qua;</strong></span> <span class='ocrx_word' id='word_1_91' title='bbox 2605 489 2789 543; x_wconf 71' lang='lat' dir='ltr'><strong>caeteri</strong></span> <span class='ocrx_word' id='word_1_92' title='bbox 2832 492 3083 557; x_wconf 88' lang='lat' dir='ltr'><strong>audiunt,</strong></span> <span class='ocrx_word' id='word_1_93' title='bbox 3112 511 3416 567; x_wconf 70' lang='lat' dir='ltr'><strong>perpessus</strong></span> 
     </span>
    </p>
   </div>
   <div class='ocr_carea' id='block_1_15' title="bbox 1850 570 3412 655">
    <p class='ocr_par' dir='ltr' id='par_1_15' title="bbox 1850 570 3412 655">
     <span class='ocr_line' id='line_1_15' title="bbox 1850 570 3412 655; baseline 0.01 -30"><span class='ocrx_word' id='word_1_94' title='bbox 1850 580 1953 625; x_wconf 87' lang='lat' dir='ltr'><strong>est.</strong></span> <span class='ocrx_word' id='word_1_95' title='bbox 1982 570 2102 624; x_wconf 87' lang='lat' dir='ltr'><strong>Non</strong></span> <span class='ocrx_word' id='word_1_96' title='bbox 2134 572 2204 624; x_wconf 88' lang='lat' dir='ltr'><strong>ita</strong></span> <span class='ocrx_word' id='word_1_97' title='bbox 2233 572 2419 630; x_wconf 87' lang='lat' dir='ltr'><strong>animo</strong></span> <span class='ocrx_word' id='word_1_98' title='bbox 2449 573 2753 642; x_wconf 66' lang='lat' dir='ltr'><strong>inhaerent,</strong></span> <span class='ocrx_word' id='word_1_99' title='bbox 2776 594 2899 647; x_wconf 74' lang='lat' dir='ltr'><strong>quae</strong></span> <span class='ocrx_word' id='word_1_100' title='bbox 2924 584 3265 639; x_wconf 86' lang='lat' dir='ltr'><strong>autaut-ibus</strong></span> <span class='ocrx_word' id='word_1_101' title='bbox 3282 602 3412 655; x_wconf 91' lang='lat' dir='ltr'><strong>per-</strong></span> 
     </span>
    </p>
   </div>
   <div class='ocr_carea' id='block_1_16' title="bbox 1851 658 3408 740">
    <p class='ocr_par' dir='ltr' id='par_1_16' title="bbox 1851 658 3408 740">
     <span class='ocr_line' id='line_1_16' title="bbox 1851 658 3408 740; baseline 0.01 -27"><span class='ocrx_word' id='word_1_102' title='bbox 1851 658 2108 726; x_wconf 84' lang='lat' dir='ltr'><strong>cipimus,</strong></span> <span class='ocrx_word' id='word_1_103' title='bbox 2144 668 2238 711; x_wconf 89' lang='lat' dir='ltr'><strong>aut</strong></span> <span class='ocrx_word' id='word_1_104' title='bbox 2262 660 2542 717; x_wconf 83' lang='lat' dir='ltr'><strong>cernimus</strong></span> <span class='ocrx_word' id='word_1_105' title='bbox 2570 665 2771 730; x_wconf 90' lang='lat' dir='ltr'><strong>oculis,</strong></span> <span class='ocrx_word' id='word_1_106' title='bbox 2812 674 2961 721; x_wconf 87' lang='lat' dir='ltr'><strong>utea</strong></span> <span class='ocrx_word' id='word_1_107' title='bbox 2993 670 3408 740; x_wconf 86' lang='lat' dir='ltr'><strong>imprimuntur,</strong></span> 
     </span>
    </p>
   </div>
   <div class='ocr_carea' id='block_1_17' title="bbox 1848 748 3403 829">
    <p class='ocr_par' dir='ltr' id='par_1_17' title="bbox 1848 748 3403 829">
     <span class='ocr_line' id='line_1_17' title="bbox 1848 748 3403 829; baseline 0.013 -29"><span class='ocrx_word' id='word_1_108' title='bbox 1848 764 1970 817; x_wconf 72' lang='lat' dir='ltr'><strong>qua:</strong></span> <span class='ocrx_word' id='word_1_109' title='bbox 1997 748 2081 803; x_wconf 83' lang='lat' dir='ltr'><strong>vel</strong></span> <span class='ocrx_word' id='word_1_110' title='bbox 2111 763 2227 813; x_wconf 88' lang='lat' dir='ltr'><strong>sua,</strong></span> <span class='ocrx_word' id='word_1_111' title='bbox 2258 750 2343 804; x_wconf 91' lang='lat' dir='ltr'><strong>vel</strong></span> <span class='ocrx_word' id='word_1_112' title='bbox 2373 766 2599 807; x_wconf 89' lang='lat' dir='ltr'><strong>suorum</strong></span> <span class='ocrx_word' id='word_1_113' title='bbox 2628 755 2878 823; x_wconf 77' lang='lat' dir='ltr'><strong>vulnera,</strong></span> <span class='ocrx_word' id='word_1_114' title='bbox 2910 773 3099 829; x_wconf 63' lang='lat' dir='ltr'><strong>neces,</strong></span> <span class='ocrx_word' id='word_1_115' title='bbox 3125 769 3403 821; x_wconf 77' lang='lat' dir='ltr'><strong>tormenta</strong></span> 
     </span>
    </p>
   </div>
   <div class='ocr_carea' id='block_1_18' title="bbox 1846 839 3403 909">
    <p class='ocr_par' dir='ltr' id='par_1_18' title="bbox 1846 839 3403 909">
     <span class='ocr_line' id='line_1_18' title="bbox 1846 839 3403 909; baseline 0.013 -20"><span class='ocrx_word' id='word_1_116' title='bbox 1846 852 1946 905; x_wconf 90' lang='lat' dir='ltr'><strong>per</strong></span> <span class='ocrx_word' id='word_1_117' title='bbox 1990 851 2261 892; x_wconf 87' lang='lat' dir='ltr'><strong>summam</strong></span> <span class='ocrx_word' id='word_1_118' title='bbox 2321 839 2561 895; x_wconf 88' lang='lat' dir='ltr'><strong>hostium</strong></span> <span class='ocrx_word' id='word_1_119' title='bbox 2619 843 3001 902; x_wconf 79' lang='lat' dir='ltr'><strong>crudelitatem</strong></span> <span class='ocrx_word' id='word_1_120' title='bbox 3068 849 3403 909; x_wconf 75' lang='lat' dir='ltr'><strong>intulerunt.</strong></span> 
     </span>
    </p>
   </div>
   <div class='ocr_carea' id='block_1_19' title="bbox 1844 923 3398 1003">
    <p class='ocr_par' dir='ltr' id='par_1_19' title="bbox 1844 923 3398 1003">
     <span class='ocr_line' id='line_1_19' title="bbox 1844 923 3398 1003; baseline 0.015 -25"><span class='ocrx_word' id='word_1_121' title='bbox 1844 923 2063 981; x_wconf 86' lang='lat' dir='ltr'><strong>Credite</strong></span> <span class='ocrx_word' id='word_1_122' title='bbox 2083 935 2329 995; x_wconf 82' lang='lat' dir='ltr'><strong>experto,</strong></span> <span class='ocrx_word' id='word_1_123' title='bbox 2356 930 2563 988; x_wconf 82' lang='lat' dir='ltr'><strong>credite</strong></span> <span class='ocrx_word' id='word_1_124' title='bbox 2585 947 2769 1003; x_wconf 84' lang='lat' dir='ltr'><strong>passo.</strong></span> <span class='ocrx_word' id='word_1_125' title='bbox 2794 935 2941 991; x_wconf 81' lang='lat' dir='ltr'><strong>Nihil</strong></span> <span class='ocrx_word' id='word_1_126' title='bbox 2964 938 3115 994; x_wconf 80' lang='lat' dir='ltr'><strong>aliud</strong></span> <span class='ocrx_word' id='word_1_127' title='bbox 3137 942 3398 1000; x_wconf 63' lang='lat' dir='ltr'><strong>miseram.</strong></span> 
     </span>
    </p>
   </div>
   <div class='ocr_carea' id='block_1_20' title="bbox 1845 1014 3399 1088">
    <p class='ocr_par' dir='ltr' id='par_1_20' title="bbox 1845 1014 3399 1088">
     <span class='ocr_line' id='line_1_20' title="bbox 1845 1014 3399 1088; baseline 0.014 -21"><span class='ocrx_word' id='word_1_128' title='bbox 1845 1014 2108 1069; x_wconf 77' lang='lat' dir='ltr'><strong>exstinxit</strong></span> <span class='ocrx_word' id='word_1_129' title='bbox 2133 1014 2422 1081; x_wconf 71' lang='lat' dir='ltr'><strong>Graeciam,</strong></span> <span class='ocrx_word' id='word_1_130' title='bbox 2455 1020 2562 1076; x_wconf 86' lang='lat' dir='ltr'><strong>nisi</strong></span> <span class='ocrx_word' id='word_1_131' title='bbox 2590 1020 2867 1081; x_wconf 79' lang='lat' dir='ltr'><strong>discordia</strong></span> <span class='ocrx_word' id='word_1_132' title='bbox 2896 1041 2914 1081; x_wconf 87' lang='lat'><strong>:</strong></span> <span class='ocrx_word' id='word_1_133' title='bbox 2941 1027 3081 1083; x_wconf 86' lang='lat' dir='ltr'><strong>nihil</strong></span> <span class='ocrx_word' id='word_1_134' title='bbox 3104 1030 3257 1087; x_wconf 82' lang='lat' dir='ltr'><strong>aliud</strong></span> <span class='ocrx_word' id='word_1_135' title='bbox 3274 1047 3399 1088; x_wconf 79' lang='lat' dir='ltr'><strong>eam</strong></span> 
     </span>
    </p>
   </div>
   <div class='ocr_carea' id='block_1_21' title="bbox 1844 1100 3398 1191">
    <p class='ocr_par' dir='ltr' id='par_1_21' title="bbox 1844 1100 3398 1191">
     <span class='ocr_line' id='line_1_21' title="bbox 1844 1100 3398 1191; baseline 0.015 -37"><span class='ocrx_word' id='word_1_136' title='bbox 1844 1100 1994 1157; x_wconf 83' lang='lat' dir='ltr'><strong>orbis</strong></span> <span class='ocrx_word' id='word_1_137' title='bbox 2021 1114 2235 1173; x_wconf 86' lang='lat' dir='ltr'><strong>partem</strong></span> <span class='ocrx_word' id='word_1_138' title='bbox 2264 1106 2490 1191; x_wconf 84' lang='lat' dir='ltr'><strong>delevit,</strong></span> <span class='ocrx_word' id='word_1_139' title='bbox 2537 1110 2647 1166; x_wconf 86' lang='lat' dir='ltr'><strong>nisi</strong></span> <span class='ocrx_word' id='word_1_140' title='bbox 2676 1112 2820 1170; x_wconf 84' lang='lat' dir='ltr'><strong>bella</strong></span> <span class='ocrx_word' id='word_1_141' title='bbox 2852 1116 3056 1184; x_wconf 80' lang='lat' dir='ltr'><strong>civilia,</strong></span> <span class='ocrx_word' id='word_1_142' title='bbox 3098 1135 3277 1191; x_wconf 74' lang='lat' dir='ltr'><strong>neque</strong></span> <span class='ocrx_word' id='word_1_143' title='bbox 3304 1138 3398 1177; x_wconf 79' lang='lat' dir='ltr'><strong>so-</strong></span> 
     </span>
    </p>
   </div>
   <div class='ocr_carea' id='block_1_22' title="bbox 1842 1183 3392 1279">
    <p class='ocr_par' dir='ltr' id='par_1_22' title="bbox 1842 1183 3392 1279">
     <span class='ocr_line' id='line_1_22' title="bbox 1842 1183 3392 1279; baseline 0.014 -34"><span class='ocrx_word' id='word_1_144' title='bbox 1842 1192 1953 1245; x_wconf 88' lang='lat' dir='ltr'><strong>lum</strong></span> <span class='ocrx_word' id='word_1_145' title='bbox 2002 1203 2192 1249; x_wconf 88' lang='lat' dir='ltr'><strong>nostra</strong></span> <span class='ocrx_word' id='word_1_146' title='bbox 2239 1183 2521 1263; x_wconf 84' lang='lat' dir='ltr'><strong>memoria,</strong></span> <span class='ocrx_word' id='word_1_147' title='bbox 2568 1201 2666 1256; x_wconf 91' lang='lat' dir='ltr'><strong>sed</strong></span> <span class='ocrx_word' id='word_1_148' title='bbox 2694 1214 2749 1258; x_wconf 87' lang='lat' dir='ltr'><strong>et</strong></span> <span class='ocrx_word' id='word_1_149' title='bbox 2793 1206 2992 1275; x_wconf 81' lang='lat' dir='ltr'><strong>priscis</strong></span> <span class='ocrx_word' id='word_1_150' title='bbox 3030 1183 3392 1279; x_wconf 74' lang='lat' dir='ltr'><strong>temporibus.</strong></span> 
     </span>
    </p>
   </div>
   <div class='ocr_carea' id='block_1_23' title="bbox 189 1276 3394 1379">
    <p class='ocr_par' dir='ltr' id='par_1_23' title="bbox 189 1276 3394 1379">
     <span class='ocr_line' id='line_1_23' title="bbox 189 1276 3394 1379; baseline 0.012 -52"><span class='ocrx_word' id='word_1_151' title='bbox 189 1287 327 1330; x_wconf 77' lang='lat' dir='ltr'><strong>xere</strong></span> <span class='ocrx_word' id='word_1_152' title='bbox 360 1276 673 1346; x_wconf 88' lang='lat' dir='ltr'><strong>imperium.</strong></span> <span class='ocrx_word' id='word_1_153' title='bbox 703 1281 858 1347; x_wconf 84' lang='lat' dir='ltr'><strong>Quod</strong></span> <span class='ocrx_word' id='word_1_154' title='bbox 884 1285 969 1339; x_wconf 85' lang='lat' dir='ltr'><strong>vel</strong></span> <span class='ocrx_word' id='word_1_155' title='bbox 992 1286 1043 1339; x_wconf 92' lang='lat' dir='ltr'><strong>in</strong></span> <span class='ocrx_word' id='word_1_156' title='bbox 1077 1288 1229 1341; x_wconf 87' lang='lat' dir='ltr'><strong>hoste</strong></span> <span class='ocrx_word' id='word_1_157' title='bbox 1255 1298 1440 1342; x_wconf 89' lang='lat' dir='ltr'><strong>nostro</strong></span> <span class='ocrx_word' id='word_1_158' title='bbox 1467 1287 1623 1344; x_wconf 91' lang='lat' dir='ltr'><strong>facile</strong></span> <span class='ocrx_word' id='word_1_159' title='bbox 1645 1304 1741 1344; x_wconf 83' lang='lat' dir='ltr'><strong>co-</strong></span> <span class='ocrx_word' id='word_1_160' title='bbox 1839 1281 1974 1379; x_wconf 13' lang='grc' dir='ltr'><strong>Νίιλω</strong></span> <span class='ocrx_word' id='word_1_161' title='bbox 2004 1282 2306 1379; x_wconf 55' lang='grc' dir='ltr'><strong>Ρὺίιῖριξυξν</strong></span> <span class='ocrx_word' id='word_1_162' title='bbox 2365 1292 2611 1379; x_wconf 49' lang='lat' dir='ltr'><strong>Amynta</strong></span> <span class='ocrx_word' id='word_1_163' title='bbox 2649 1292 2816 1360; x_wconf 68' lang='lat' dir='ltr'><strong>ﬁlius.</strong></span> <span class='ocrx_word' id='word_1_164' title='bbox 2874 1276 3172 1369; x_wconf 47' lang='lat' dir='ltr'><strong>Alenndr—i</strong></span> <span class='ocrx_word' id='word_1_165' title='bbox 3216 1301 3394 1370; x_wconf 69' lang='lat' dir='ltr'><strong>Magni</strong></span> 
     </span>
    </p>
   </div>
   <div class='ocr_carea' id='block_1_24' title="bbox 187 1362 3394 1452">
    <p class='ocr_par' dir='ltr' id='par_1_24' title="bbox 187 1362 3394 1452">
     <span class='ocr_line' id='line_1_24' title="bbox 187 1362 3394 1452; baseline 0.008 -32"><span class='ocrx_word' id='word_1_166' title='bbox 187 1362 901 1442; x_wconf 78' lang='lat' dir='ltr'><strong>gnitumlperspicuumque</strong></span> <span class='ocrx_word' id='word_1_167' title='bbox 935 1384 1042 1440; x_wconf 88' lang='lat' dir='ltr'><strong>est,</strong></span> <span class='ocrx_word' id='word_1_168' title='bbox 1081 1376 1197 1445; x_wconf 90' lang='lat' dir='ltr'><strong>qui,</strong></span> <span class='ocrx_word' id='word_1_169' title='bbox 1228 1392 1352 1432; x_wconf 88' lang='lat' dir='ltr'><strong>cum</strong></span> <span class='ocrx_word' id='word_1_170' title='bbox 1383 1386 1737 1450; x_wconf 78' lang='lat' dir='ltr'><strong>tyrannorum</strong></span> <span class='ocrx_word' id='word_1_171' title='bbox 1841 1377 2017 1438; x_wconf 81' lang='lat' dir='ltr'><strong>pater,</strong></span> <span class='ocrx_word' id='word_1_172' title='bbox 2053 1388 2154 1441; x_wconf 82' lang='lat' dir='ltr'><strong>per</strong></span> <span class='ocrx_word' id='word_1_173' title='bbox 2193 1375 2628 1445; x_wconf 82' lang='lat' dir='ltr'><strong>Atheniensium,</strong></span> <span class='ocrx_word' id='word_1_174' title='bbox 2660 1366 3213 1452; x_wconf 69' lang='lat' dir='ltr'><strong>Lacedaemoniorum,</strong></span> <span class='ocrx_word' id='word_1_175' title='bbox 3249 1362 3394 1444; x_wconf 75' lang='lat' dir='ltr'><strong>The-</strong></span> 
     </span>
    </p>
   </div>
   <div class='ocr_carea' id='block_1_25' title="bbox 184 1456 1728 1539">
    <p class='ocr_par' dir='ltr' id='par_1_25' title="bbox 184 1456 1728 1539">
     <span class='ocr_line' id='line_1_25' title="bbox 184 1456 1728 1539; baseline 0.014 -34"><span class='ocrx_word' id='word_1_176' title='bbox 184 1456 435 1532; x_wconf 73' lang='lat' dir='ltr'><strong>ontnium</strong></span> <span class='ocrx_word' id='word_1_177' title='bbox 480 1459 892 1517; x_wconf 84' lang='lat' dir='ltr'><strong>crudelissimus</strong></span> <span class='ocrx_word' id='word_1_178' title='bbox 935 1465 1033 1528; x_wconf 88' lang='lat' dir='ltr'><strong>sit,</strong></span> <span class='ocrx_word' id='word_1_179' title='bbox 1070 1477 1246 1521; x_wconf 88' lang='lat' dir='ltr'><strong>tamen</strong></span> <span class='ocrx_word' id='word_1_180' title='bbox 1274 1482 1627 1539; x_wconf 81' lang='lat' dir='ltr'><strong>quascunque</strong></span> <span class='ocrx_word' id='word_1_181' title='bbox 1654 1466 1728 1527; x_wconf 69' lang='lat' dir='ltr'><strong>vel</strong></span> 
     </span>
    </p>
   </div>
   <div class='ocr_carea' id='block_1_26' title="bbox 1821 1456 3388 1539">
    <p class='ocr_par' dir='ltr' id='par_1_26' title="bbox 1842 1457 3388 1535">
     <span class='ocr_line' id='line_1_26' title="bbox 1842 1457 3388 1535; baseline 0.012 -24"><span class='ocrx_word' id='word_1_182' title='bbox 1842 1457 2111 1514; x_wconf 90' lang='lat' dir='ltr'><strong>banorum</strong></span> <span class='ocrx_word' id='word_1_183' title='bbox 2135 1462 2476 1531; x_wconf 85' lang='lat' dir='ltr'><strong>aliorumque</strong></span> <span class='ocrx_word' id='word_1_184' title='bbox 2505 1478 2694 1520; x_wconf 87' lang='lat' dir='ltr'><strong>mutua</strong></span> <span class='ocrx_word' id='word_1_185' title='bbox 2724 1470 3143 1535; x_wconf 73' lang='lat' dir='ltr'><strong>odia,Gr:eciam</strong></span> <span class='ocrx_word' id='word_1_186' title='bbox 3168 1477 3388 1530; x_wconf 80' lang='lat' dir='ltr'><strong>evertit.</strong></span> 
     </span>
    </p>
   </div>
   <div class='ocr_carea' id='block_1_27' title="bbox 188 1528 1742 1631">
    <p class='ocr_par' dir='ltr' id='par_1_27' title="bbox 188 1528 1742 1631">
     <span class='ocr_line' id='line_1_27' title="bbox 188 1528 1742 1631; baseline 0.014 -36"><span class='ocrx_word' id='word_1_187' title='bbox 188 1528 357 1598; x_wconf 80' lang='lat' dir='ltr'><strong>urbes</strong></span> <span class='ocrx_word' id='word_1_188' title='bbox 388 1548 471 1600; x_wconf 89' lang='lat' dir='ltr'><strong>vel</strong></span> <span class='ocrx_word' id='word_1_189' title='bbox 508 1550 819 1615; x_wconf 83' lang='lat' dir='ltr'><strong>provincias</strong></span> <span class='ocrx_word' id='word_1_190' title='bbox 845 1568 947 1607; x_wconf 90' lang='lat' dir='ltr'><strong>suo</strong></span> <span class='ocrx_word' id='word_1_191' title='bbox 979 1555 1178 1624; x_wconf 78' lang='lat' dir='ltr'><strong>adjecit</strong></span> <span class='ocrx_word' id='word_1_192' title='bbox 1232 1528 1487 1627; x_wconf 78' lang='lat' dir='ltr'><strong>imperio,</strong></span> <span class='ocrx_word' id='word_1_193' title='bbox 1538 1528 1742 1631; x_wconf 58' lang='lat' dir='ltr'><strong>poten-</strong></span> 
     </span>
    </p>
   </div>
   <div class='ocr_carea' id='block_1_28' title="bbox 184 1632 1739 1720">
    <p class='ocr_par' dir='ltr' id='par_1_28' title="bbox 184 1632 1739 1720">
     <span class='ocr_line' id='line_1_28' title="bbox 184 1632 1739 1720; baseline 0.014 -34"><span class='ocrx_word' id='word_1_194' title='bbox 184 1632 357 1687; x_wconf 79' lang='lat' dir='ltr'><strong>tiores</strong></span> <span class='ocrx_word' id='word_1_195' title='bbox 381 1636 584 1693; x_wconf 74' lang='lat' dir='ltr'><strong>eﬂecit.</strong></span> <span class='ocrx_word' id='word_1_196' title='bbox 628 1639 731 1693; x_wconf 72' lang='grc' dir='ltr'><strong>Ρειι-</strong></span> <span class='ocrx_word' id='word_1_197' title='bbox 767 1643 1094 1699; x_wconf 86' lang='lat' dir='ltr'><strong>seditionem</strong></span> <span class='ocrx_word' id='word_1_198' title='bbox 1148 1661 1279 1701; x_wconf 90' lang='lat' dir='ltr'><strong>vero</strong></span> <span class='ocrx_word' id='word_1_199' title='bbox 1312 1649 1554 1717; x_wconf 84' lang='lat' dir='ltr'><strong>civilem,</strong></span> <span class='ocrx_word' id='word_1_200' title='bbox 1611 1652 1739 1720; x_wconf 86' lang='lat' dir='ltr'><strong>quis</strong></span> 
     </span>
    </p>
   </div>
   <div class='ocr_carea' id='block_1_29' title="bbox 1850 1548 3386 1632">
    <p class='ocr_par' dir='ltr' id='par_1_29' title="bbox 1850 1548 3386 1632">
     <span class='ocr_line' id='line_1_29' title="bbox 1850 1548 3386 1632; baseline 0.011 -29"><span class='ocrx_word' id='word_1_201' title='bbox 1850 1548 2099 1613; x_wconf 89' lang='lat' dir='ltr'><strong>Quandiu</strong></span> <span class='ocrx_word' id='word_1_202' title='bbox 2131 1556 2408 1609; x_wconf 88' lang='lat' dir='ltr'><strong>communi</strong></span> <span class='ocrx_word' id='word_1_203' title='bbox 2453 1572 2554 1627; x_wconf 89' lang='lat' dir='ltr'><strong>ope</strong></span> <span class='ocrx_word' id='word_1_204' title='bbox 2583 1568 2637 1613; x_wconf 91' lang='lat' dir='ltr'><strong>et</strong></span> <span class='ocrx_word' id='word_1_205' title='bbox 2656 1561 2885 1615; x_wconf 85' lang='lat' dir='ltr'><strong>consilio</strong></span> <span class='ocrx_word' id='word_1_206' title='bbox 2940 1561 3078 1617; x_wconf 88' lang='lat' dir='ltr'><strong>bella</strong></span> <span class='ocrx_word' id='word_1_207' title='bbox 3102 1564 3386 1632; x_wconf 76' lang='lat' dir='ltr'><strong>gerebant,</strong></span> 
     </span>
    </p>
   </div>
   <div class='ocr_carea' id='block_1_30' title="bbox 1842 1640 3383 1724">
    <p class='ocr_par' dir='ltr' id='par_1_30' title="bbox 1842 1640 3383 1724">
     <span class='ocr_line' id='line_1_30' title="bbox 1842 1640 3383 1724; baseline 0.012 -31"><span class='ocrx_word' id='word_1_208' title='bbox 1842 1640 2102 1711; x_wconf 76' lang='lat' dir='ltr'><strong>fugabant</strong></span> <span class='ocrx_word' id='word_1_209' title='bbox 2142 1644 2373 1710; x_wconf 88' lang='lat' dir='ltr'><strong>hostem,</strong></span> <span class='ocrx_word' id='word_1_210' title='bbox 2419 1650 2693 1705; x_wconf 82' lang='lat' dir='ltr'><strong>esuebant</strong></span> <span class='ocrx_word' id='word_1_211' title='bbox 2742 1652 2959 1717; x_wconf 85' lang='lat' dir='ltr'><strong>castris,</strong></span> <span class='ocrx_word' id='word_1_212' title='bbox 3020 1655 3383 1724; x_wconf 81' lang='lat' dir='ltr'><strong>superabant!</strong></span> 
     </span>
    </p>
   </div>
   <div class='ocr_carea' id='block_1_31' title="bbox 186 1714 1728 1814">
    <p class='ocr_par' dir='ltr' id='par_1_31' title="bbox 186 1714 1728 1806">
     <span class='ocr_line' id='line_1_31' title="bbox 186 1714 1728 1806; baseline 0.015 -31"><span class='ocrx_word' id='word_1_213' title='bbox 186 1723 327 1776; x_wconf 89' lang='lat' dir='ltr'><strong>mihi</strong></span> <span class='ocrx_word' id='word_1_214' title='bbox 390 1741 631 1795; x_wconf 87' lang='lat' dir='ltr'><strong>unquam</strong></span> <span class='ocrx_word' id='word_1_215' title='bbox 692 1730 1178 1801; x_wconf 88' lang='lat' dir='ltr'><strong>demonstraverit,</strong></span> <span class='ocrx_word' id='word_1_216' title='bbox 1238 1753 1487 1806; x_wconf 60' lang='lat' dir='ltr'><strong>quaenam</strong></span> <span class='ocrx_word' id='word_1_217' title='bbox 1534 1714 1728 1798; x_wconf 79' lang='lat' dir='ltr'><strong>mtenia</strong></span> 
     </span>
    </p>
   </div>
   <div class='ocr_carea' id='block_1_32' title="bbox 1821 1714 3387 1814">
    <p class='ocr_par' dir='ltr' id='par_1_32' title="bbox 1837 1728 3387 1814">
     <span class='ocr_line' id='line_1_32' title="bbox 1837 1728 3387 1814; baseline 0.012 -30"><span class='ocrx_word' id='word_1_218' title='bbox 1837 1728 1971 1786; x_wconf 85' lang='lat' dir='ltr'><strong>Cum</strong></span> <span class='ocrx_word' id='word_1_219' title='bbox 2002 1747 2134 1787; x_wconf 76' lang='lat' dir='ltr'><strong>vero</strong></span> <span class='ocrx_word' id='word_1_220' title='bbox 2160 1734 2250 1789; x_wconf 89' lang='lat' dir='ltr'><strong>alii</strong></span> <span class='ocrx_word' id='word_1_221' title='bbox 2279 1735 2399 1791; x_wconf 88' lang='lat' dir='ltr'><strong>aliis</strong></span> <span class='ocrx_word' id='word_1_222' title='bbox 2423 1753 2530 1793; x_wconf 91' lang='lat' dir='ltr'><strong>non</strong></span> <span class='ocrx_word' id='word_1_223' title='bbox 2554 1739 2745 1803; x_wconf 73' lang='lat' dir='ltr'><strong>fidere.</strong></span> <span class='ocrx_word' id='word_1_224' title='bbox 2794 1743 3195 1814; x_wconf 83' lang='lat' dir='ltr'><strong>linitimumque</strong></span> <span class='ocrx_word' id='word_1_225' title='bbox 3233 1747 3387 1801; x_wconf 90' lang='lat' dir='ltr'><strong>iuva-</strong></span> 
     </span>
    </p>
   </div>
   <div class='ocr_carea' id='block_1_33' title="bbox 96 1809 1741 1891">
    <p class='ocr_par' dir='ltr' id='par_1_33' title="bbox 96 1809 1741 1891">
     <span class='ocr_line' id='line_1_33' title="bbox 96 1809 1741 1891; baseline 0.015 -31"><span class='ocrx_word' id='word_1_226' title='bbox 96 1841 100 1845; x_wconf 91' lang='lat'><strong><em>-</em></strong></span> <span class='ocrx_word' id='word_1_227' title='bbox 184 1809 427 1866; x_wconf 83' lang='lat' dir='ltr'><strong>firmiora</strong></span> <span class='ocrx_word' id='word_1_228' title='bbox 453 1815 586 1881; x_wconf 87' lang='lat' dir='ltr'><strong>sint,</strong></span> <span class='ocrx_word' id='word_1_229' title='bbox 611 1818 695 1871; x_wconf 85' lang='lat' dir='ltr'><strong>vel</strong></span> <span class='ocrx_word' id='word_1_230' title='bbox 726 1834 846 1888; x_wconf 68' lang='lat' dir='ltr'><strong>qum</strong></span> <span class='ocrx_word' id='word_1_231' title='bbox 880 1824 1061 1891; x_wconf 82' lang='lat' dir='ltr'><strong>potius</strong></span> <span class='ocrx_word' id='word_1_232' title='bbox 1091 1840 1198 1881; x_wconf 90' lang='lat' dir='ltr'><strong>non</strong></span> <span class='ocrx_word' id='word_1_233' title='bbox 1218 1825 1482 1884; x_wconf 84' lang='lat' dir='ltr'><strong>funditus</strong></span> <span class='ocrx_word' id='word_1_234' title='bbox 1500 1844 1695 1886; x_wconf 85' lang='lat' dir='ltr'><strong>eversa</strong></span> <span class='ocrx_word' id='word_1_235' title='bbox 1715 1831 1741 1885; x_wconf 72' lang='grc' dir='ltr'><em>ἰ</em></span> 
     </span>
    </p>
   </div>
   <div class='ocr_carea' id='block_1_34' title="bbox 180 1897 1737 1984">
    <p class='ocr_par' dir='ltr' id='par_1_34' title="bbox 180 1897 1737 1984">
     <span class='ocr_line' id='line_1_34' title="bbox 180 1897 1737 1984; baseline 0.013 -33"><span class='ocrx_word' id='word_1_236' title='bbox 180 1897 372 1969; x_wconf 85' lang='lat' dir='ltr'><strong>Itaque</strong></span> <span class='ocrx_word' id='word_1_237' title='bbox 397 1902 442 1955; x_wconf 83' lang='lat' dir='ltr'><strong>si</strong></span> <span class='ocrx_word' id='word_1_238' title='bbox 468 1905 709 1973; x_wconf 79' lang='lat' dir='ltr'><strong>tyrannis</strong></span> <span class='ocrx_word' id='word_1_239' title='bbox 739 1909 942 1966; x_wconf 88' lang='lat' dir='ltr'><strong>homini</strong></span> <span class='ocrx_word' id='word_1_240' title='bbox 973 1913 1146 1969; x_wconf 86' lang='lat' dir='ltr'><strong>libero</strong></span> <span class='ocrx_word' id='word_1_241' title='bbox 1187 1914 1407 1984; x_wconf 88' lang='lat' dir='ltr'><strong>civique</strong></span> <span class='ocrx_word' id='word_1_242' title='bbox 1436 1916 1737 1973; x_wconf 86' lang='lat' dir='ltr'><strong>fortissimo</strong></span> 
     </span>
    </p>
   </div>
   <div class='ocr_carea' id='block_1_35' title="bbox 179 1988 1734 2078">
    <p class='ocr_par' dir='ltr' id='par_1_35' title="bbox 179 1988 1734 2078">
     <span class='ocr_line' id='line_1_35' title="bbox 179 1988 1734 2078; baseline 0.014 -37"><span class='ocrx_word' id='word_1_243' title='bbox 179 1988 437 2059; x_wconf 78' lang='lat' dir='ltr'><strong>fugienda</strong></span> <span class='ocrx_word' id='word_1_244' title='bbox 470 2005 571 2061; x_wconf 88' lang='lat' dir='ltr'><strong>est,</strong></span> <span class='ocrx_word' id='word_1_245' title='bbox 586 2010 651 2051; x_wconf 89' lang='lat' dir='ltr'><strong>an</strong></span> <span class='ocrx_word' id='word_1_246' title='bbox 668 1998 735 2052; x_wconf 90' lang='lat' dir='ltr'><strong>de</strong></span> <span class='ocrx_word' id='word_1_247' title='bbox 756 1999 1131 2057; x_wconf 81' lang='lat' dir='ltr'><strong>discordiaest</strong></span> <span class='ocrx_word' id='word_1_248' title='bbox 1152 2005 1537 2074; x_wconf 67' lang='lat' dir='ltr'><strong>cogitandum?</strong></span> <span class='ocrx_word' id='word_1_249' title='bbox 1565 2017 1622 2063; x_wconf 90' lang='lat' dir='ltr'><strong>et</strong></span> <span class='ocrx_word' id='word_1_250' title='bbox 1640 2007 1734 2078; x_wconf 89' lang='lat' dir='ltr'><strong>qui</strong></span> 
     </span>
    </p>
   </div>
   <div class='ocr_carea' id='block_1_36' title="bbox 179 2083 1737 2167">
    <p class='ocr_par' dir='ltr' id='par_1_36' title="bbox 179 2083 1737 2167">
     <span class='ocr_line' id='line_1_36' title="bbox 179 2083 1737 2167; baseline 0.016 -38"><span class='ocrx_word' id='word_1_251' title='bbox 179 2083 525 2148; x_wconf 82' lang='lat' dir='ltr'><strong>tyrannidem</strong></span> <span class='ocrx_word' id='word_1_252' title='bbox 557 2086 642 2140; x_wconf 88' lang='lat' dir='ltr'><strong>vel</strong></span> <span class='ocrx_word' id='word_1_253' title='bbox 671 2088 868 2157; x_wconf 82' lang='lat' dir='ltr'><strong>capitis</strong></span> <span class='ocrx_word' id='word_1_254' title='bbox 900 2093 1142 2161; x_wconf 88' lang='lat' dir='ltr'><strong>periculo</strong></span> <span class='ocrx_word' id='word_1_255' title='bbox 1179 2097 1597 2166; x_wconf 87' lang='lat' dir='ltr'><strong>propulsandam</strong></span> <span class='ocrx_word' id='word_1_256' title='bbox 1638 2114 1737 2167; x_wconf 84' lang='lat' dir='ltr'><strong>pu-</strong></span> 
     </span>
    </p>
   </div>
   <div class='ocr_carea' id='block_1_37' title="bbox 177 2169 1730 2254">
    <p class='ocr_par' dir='ltr' id='par_1_37' title="bbox 177 2169 1730 2254">
     <span class='ocr_line' id='line_1_37' title="bbox 177 2169 1730 2254; baseline 0.013 -34"><span class='ocrx_word' id='word_1_257' title='bbox 177 2169 340 2231; x_wconf 88' lang='lat' dir='ltr'><strong>tabit,</strong></span> <span class='ocrx_word' id='word_1_258' title='bbox 357 2171 517 2227; x_wconf 85' lang='lat' dir='ltr'><strong>civile</strong></span> <span class='ocrx_word' id='word_1_259' title='bbox 536 2176 757 2239; x_wconf 89' lang='lat' dir='ltr'><strong>bellum,</strong></span> <span class='ocrx_word' id='word_1_260' title='bbox 775 2183 922 2248; x_wconf 90' lang='lat' dir='ltr'><strong>quod</strong></span> <span class='ocrx_word' id='word_1_261' title='bbox 945 2182 1193 2238; x_wconf 85' lang='lat' dir='ltr'><strong>acerbius</strong></span> <span class='ocrx_word' id='word_1_262' title='bbox 1207 2197 1294 2241; x_wconf 89' lang='lat' dir='ltr'><strong>est</strong></span> <span class='ocrx_word' id='word_1_263' title='bbox 1319 2195 1374 2240; x_wconf 89' lang='lat' dir='ltr'><strong>et</strong></span> <span class='ocrx_word' id='word_1_264' title='bbox 1407 2186 1730 2254; x_wconf 79' lang='lat' dir='ltr'><strong>luctuosius,</strong></span> 
     </span>
    </p>
   </div>
   <div class='ocr_carea' id='block_1_38' title="bbox 184 2266 1734 2344">
    <p class='ocr_par' dir='ltr' id='par_1_38' title="bbox 184 2266 1734 2344">
     <span class='ocr_line' id='line_1_38' title="bbox 184 2266 1734 2344; baseline 0.014 -34"><span class='ocrx_word' id='word_1_265' title='bbox 184 2269 387 2326; x_wconf 82' lang='lat' dir='ltr'><strong>sponte</strong></span> <span class='ocrx_word' id='word_1_266' title='bbox 428 2266 884 2321; x_wconf 75' lang='lat' dir='ltr'><strong>consectabitur?</strong></span> <span class='ocrx_word' id='word_1_267' title='bbox 917 2270 1168 2327; x_wconf 85' lang='lat' dir='ltr'><strong>Solemus</strong></span> <span class='ocrx_word' id='word_1_268' title='bbox 1196 2279 1319 2327; x_wconf 76' lang='lat' dir='ltr'><strong>cum</strong></span> <span class='ocrx_word' id='word_1_269' title='bbox 1353 2276 1578 2343; x_wconf 84' lang='lat' dir='ltr'><strong>privatis</strong></span> <span class='ocrx_word' id='word_1_270' title='bbox 1609 2291 1734 2344; x_wconf 85' lang='lat' dir='ltr'><strong>pre-</strong></span> 
     </span>
    </p>
   </div>
   <div class='ocr_carea' id='block_1_39' title="bbox 176 2348 1729 2432">
    <p class='ocr_par' dir='ltr' id='par_1_39' title="bbox 176 2348 1729 2432">
     <span class='ocr_line' id='line_1_39' title="bbox 176 2348 1729 2432; baseline 0.011 -32"><span class='ocrx_word' id='word_1_271' title='bbox 176 2348 361 2414; x_wconf 86' lang='lat' dir='ltr'><strong>cibus,</strong></span> <span class='ocrx_word' id='word_1_272' title='bbox 393 2358 506 2404; x_wconf 90' lang='lat' dir='ltr'><strong>tum</strong></span> <span class='ocrx_word' id='word_1_273' title='bbox 541 2353 777 2420; x_wconf 87' lang='lat' dir='ltr'><strong>publicis</strong></span> <span class='ocrx_word' id='word_1_274' title='bbox 802 2359 1293 2425; x_wconf 86' lang='lat' dir='ltr'><strong>supplicationibus</strong></span> <span class='ocrx_word' id='word_1_275' title='bbox 1314 2376 1349 2415; x_wconf 85' lang='lat' dir='ltr'><strong>a</strong></span> <span class='ocrx_word' id='word_1_276' title='bbox 1384 2364 1496 2416; x_wconf 90' lang='lat' dir='ltr'><strong>Deo</strong></span> <span class='ocrx_word' id='word_1_277' title='bbox 1520 2363 1729 2432; x_wconf 88' lang='lat' dir='ltr'><strong>optimo</strong></span> 
     </span>
    </p>
   </div>
   <div class='ocr_carea' id='block_1_40' title="bbox 164 2442 1727 2523">
    <p class='ocr_par' dir='ltr' id='par_1_40' title="bbox 164 2442 1727 2523">
     <span class='ocr_line' id='line_1_40' title="bbox 164 2442 1727 2523; baseline 0.012 -33"><span class='ocrx_word' id='word_1_278' title='bbox 164 2442 420 2495; x_wconf 80' lang='lat' dir='ltr'><strong>maximo</strong></span> <span class='ocrx_word' id='word_1_279' title='bbox 460 2458 648 2512; x_wconf 83' lang='lat' dir='ltr'><strong>pacem</strong></span> <span class='ocrx_word' id='word_1_280' title='bbox 694 2448 1155 2519; x_wconf 84' lang='lat' dir='ltr'><strong>concordiamque</strong></span> <span class='ocrx_word' id='word_1_281' title='bbox 1197 2459 1405 2520; x_wconf 82' lang='lat' dir='ltr'><strong>petere,</strong></span> <span class='ocrx_word' id='word_1_282' title='bbox 1452 2462 1530 2518; x_wconf 88' lang='lat' dir='ltr'><strong>et,</strong></span> <span class='ocrx_word' id='word_1_283' title='bbox 1580 2454 1727 2523; x_wconf 91' lang='lat' dir='ltr'><strong>quod</strong></span> 
     </span>
    </p>
   </div>
   <div class='ocr_carea' id='block_1_41' title="bbox 175 2531 1724 2613">
    <p class='ocr_par' dir='ltr' id='par_1_41' title="bbox 175 2531 1724 2613">
     <span class='ocr_line' id='line_1_41' title="bbox 175 2531 1724 2613; baseline 0.008 -28"><span class='ocrx_word' id='word_1_284' title='bbox 175 2531 387 2586; x_wconf 86' lang='lat' dir='ltr'><strong>scimus</strong></span> <span class='ocrx_word' id='word_1_285' title='bbox 419 2533 579 2588; x_wconf 87' lang='lat' dir='ltr'><strong>nobis</strong></span> <span class='ocrx_word' id='word_1_286' title='bbox 599 2537 968 2603; x_wconf 89' lang='lat' dir='ltr'><strong>perniciosum</strong></span> <span class='ocrx_word' id='word_1_287' title='bbox 1003 2540 1144 2607; x_wconf 86' lang='lat' dir='ltr'><strong>fore,</strong></span> <span class='ocrx_word' id='word_1_288' title='bbox 1168 2542 1311 2611; x_wconf 88' lang='lat' dir='ltr'><strong>quod</strong></span> <span class='ocrx_word' id='word_1_289' title='bbox 1346 2541 1724 2613; x_wconf 80' lang='lat' dir='ltr'><strong>deprecamur,</strong></span> 
     </span>
    </p>
   </div>
   <div class='ocr_carea' id='block_1_42' title="bbox 173 2620 1725 2700">
    <p class='ocr_par' dir='ltr' id='par_1_42' title="bbox 173 2620 1725 2700">
     <span class='ocr_line' id='line_1_42' title="bbox 173 2620 1725 2700; baseline 0.011 -26"><span class='ocrx_word' id='word_1_290' title='bbox 173 2621 325 2691; x_wconf 86' lang='lat' dir='ltr'><strong>quod</strong></span> <span class='ocrx_word' id='word_1_291' title='bbox 355 2620 451 2677; x_wconf 87' lang='lat' dir='ltr'><strong>Dei</strong></span> <span class='ocrx_word' id='word_1_292' title='bbox 495 2626 669 2680; x_wconf 88' lang='lat' dir='ltr'><strong>nostri</strong></span> <span class='ocrx_word' id='word_1_293' title='bbox 712 2643 815 2698; x_wconf 90' lang='lat' dir='ltr'><strong>ope</strong></span> <span class='ocrx_word' id='word_1_294' title='bbox 849 2630 1121 2687; x_wconf 82' lang='lat' dir='ltr'><strong>declinare</strong></span> <span class='ocrx_word' id='word_1_295' title='bbox 1171 2634 1419 2700; x_wconf 86' lang='lat' dir='ltr'><strong>nitimur,</strong></span> <span class='ocrx_word' id='word_1_296' title='bbox 1455 2634 1511 2689; x_wconf 87' lang='lat' dir='ltr'><strong>id</strong></span> <span class='ocrx_word' id='word_1_297' title='bbox 1540 2633 1725 2691; x_wconf 85' lang='lat' dir='ltr'><strong>dedita</strong></span> 
     </span>
    </p>
   </div>
   <div class='ocr_carea' id='block_1_43' title="bbox 174 2710 1726 2789">
    <p class='ocr_par' dir='ltr' id='par_1_43' title="bbox 174 2710 1726 2789">
     <span class='ocr_line' id='line_1_43' title="bbox 174 2710 1726 2789; baseline 0.012 -28"><span class='ocrx_word' id='word_1_298' title='bbox 174 2723 346 2777; x_wconf 85' lang='lat' dir='ltr'><strong>opera</strong></span> <span class='ocrx_word' id='word_1_299' title='bbox 372 2710 717 2783; x_wconf 88' lang='lat' dir='ltr'><strong>libenterque</strong></span> <span class='ocrx_word' id='word_1_300' title='bbox 747 2721 1176 2789; x_wconf 77' lang='lat' dir='ltr'><strong>persequemur?</strong></span> <span class='ocrx_word' id='word_1_301' title='bbox 1202 2720 1342 2789; x_wconf 84' lang='lat' dir='ltr'><strong>Quid</strong></span> <span class='ocrx_word' id='word_1_302' title='bbox 1378 2724 1595 2780; x_wconf 88' lang='lat' dir='ltr'><strong>tandem</strong></span> <span class='ocrx_word' id='word_1_303' title='bbox 1621 2725 1726 2780; x_wconf 85' lang='lat' dir='ltr'><strong>hoc</strong></span> 
     </span>
    </p>
   </div>
   <div class='ocr_carea' id='block_1_44' title="bbox 172 2795 1734 2886">
    <p class='ocr_par' dir='ltr' id='par_1_44' title="bbox 172 2795 1734 2886">
     <span class='ocr_line' id='line_1_44' title="bbox 172 2795 1734 2886; baseline 0.015 -37"><span class='ocrx_word' id='word_1_304' title='bbox 172 2795 327 2851; x_wconf 88' lang='lat' dir='ltr'><strong>aliud</strong></span> <span class='ocrx_word' id='word_1_305' title='bbox 371 2806 477 2863; x_wconf 72' lang='lat' dir='ltr'><strong>est,</strong></span> <span class='ocrx_word' id='word_1_306' title='bbox 507 2800 611 2855; x_wconf 89' lang='lat' dir='ltr'><strong>nisi</strong></span> <span class='ocrx_word' id='word_1_307' title='bbox 650 2803 887 2859; x_wconf 89' lang='lat' dir='ltr'><strong>hostium</strong></span> <span class='ocrx_word' id='word_1_308' title='bbox 922 2815 1239 2875; x_wconf 86' lang='lat' dir='ltr'><strong>nostrorum</strong></span> <span class='ocrx_word' id='word_1_309' title='bbox 1290 2827 1406 2868; x_wconf 84' lang='lat' dir='ltr'><strong>rem</strong></span> <span class='ocrx_word' id='word_1_310' title='bbox 1454 2829 1635 2886; x_wconf 74' lang='lat' dir='ltr'><strong>agere,</strong></span> <span class='ocrx_word' id='word_1_311' title='bbox 1668 2826 1734 2873; x_wconf 81' lang='lat' dir='ltr'><strong>et</strong></span> 
     </span>
    </p>
   </div>
   <div class='ocr_carea' id='block_1_45' title="bbox 170 2892 1723 2972">
    <p class='ocr_par' dir='ltr' id='par_1_45' title="bbox 170 2892 1723 2972">
     <span class='ocr_line' id='line_1_45' title="bbox 170 2892 1723 2972; baseline 0.013 -27"><span class='ocrx_word' id='word_1_312' title='bbox 170 2892 328 2960; x_wconf 88' lang='lat' dir='ltr'><strong>quod</strong></span> <span class='ocrx_word' id='word_1_313' title='bbox 378 2893 457 2948; x_wconf 89' lang='lat' dir='ltr'><strong>illi</strong></span> <span class='ocrx_word' id='word_1_314' title='bbox 506 2897 623 2951; x_wconf 88' lang='lat' dir='ltr'><strong>suis</strong></span> <span class='ocrx_word' id='word_1_315' title='bbox 653 2898 897 2967; x_wconf 80' lang='lat' dir='ltr'><strong>profanis</strong></span> <span class='ocrx_word' id='word_1_316' title='bbox 946 2902 1201 2972; x_wconf 88' lang='lat' dir='ltr'><strong>precibus</strong></span> <span class='ocrx_word' id='word_1_317' title='bbox 1230 2908 1565 2963; x_wconf 89' lang='lat' dir='ltr'><strong>contendunt</strong></span> <span class='ocrx_word' id='word_1_318' title='bbox 1603 2925 1723 2964; x_wconf 89' lang='lat' dir='ltr'><strong>ma-</strong></span> 
     </span>
    </p>
   </div>
   <div class='ocr_carea' id='block_1_46' title="bbox 171 2981 1792 3097">
    <p class='ocr_par' dir='ltr' id='par_1_46' title="bbox 171 2981 1792 3097">
     <span class='ocr_line' id='line_1_46' title="bbox 171 2981 1792 3097; baseline 0.014 -57"><span class='ocrx_word' id='word_1_319' title='bbox 171 2987 324 3045; x_wconf 71' lang='lat' dir='ltr'><strong>xime</strong></span> <span class='ocrx_word' id='word_1_320' title='bbox 362 2981 621 3047; x_wconf 78' lang='lat' dir='ltr'><strong>enicerel</strong></span> <span class='ocrx_word' id='word_1_321' title='bbox 668 2994 778 3051; x_wconf 86' lang='lat' dir='ltr'><strong>Illis</strong></span> <span class='ocrx_word' id='word_1_322' title='bbox 819 2997 963 3051; x_wconf 90' lang='lat' dir='ltr'><strong>enim</strong></span> <span class='ocrx_word' id='word_1_323' title='bbox 1009 2999 1197 3068; x_wconf 71' lang='lat' dir='ltr'><strong>primae</strong></span> <span class='ocrx_word' id='word_1_324' title='bbox 1231 3004 1473 3059; x_wconf 88' lang='lat' dir='ltr'><strong>omnium</strong></span> <span class='ocrx_word' id='word_1_325' title='bbox 1529 3020 1718 3075; x_wconf 81' lang='lat' dir='ltr'><strong>preces</strong></span> <span class='ocrx_word' id='word_1_326' title='bbox 1747 3037 1792 3097; x_wconf 65' lang='grc' dir='ltr'>ο</span> 
     </span>
    </p>
   </div>
   <div class='ocr_carea' id='block_1_47' title="bbox 171 3082 1719 3162">
    <p class='ocr_par' dir='ltr' id='par_1_47' title="bbox 171 3082 1719 3162">
     <span class='ocr_line' id='line_1_47' title="bbox 171 3082 1719 3162; baseline 0.013 -29"><span class='ocrx_word' id='word_1_327' title='bbox 171 3090 307 3136; x_wconf 87' lang='lat' dir='ltr'><strong>sunt</strong></span> <span class='ocrx_word' id='word_1_328' title='bbox 344 3082 529 3137; x_wconf 87' lang='lat' dir='ltr'><strong>multis</strong></span> <span class='ocrx_word' id='word_1_329' title='bbox 556 3083 777 3153; x_wconf 83' lang='lat' dir='ltr'><strong>quidem</strong></span> <span class='ocrx_word' id='word_1_330' title='bbox 816 3098 980 3155; x_wconf 67' lang='lat' dir='ltr'><strong>notae,</strong></span> <span class='ocrx_word' id='word_1_331' title='bbox 1014 3090 1174 3145; x_wconf 86' lang='lat' dir='ltr'><strong>nobis</strong></span> <span class='ocrx_word' id='word_1_332' title='bbox 1205 3091 1437 3149; x_wconf 80' lang='lat' dir='ltr'><strong>fortasse</strong></span> <span class='ocrx_word' id='word_1_333' title='bbox 1464 3095 1719 3162; x_wconf 86' lang='lat' dir='ltr'><strong>minime,</strong></span> 
     </span>
    </p>
   </div>
   <div class='ocr_carea' id='block_1_48' title="bbox 173 3170 1721 3255">
    <p class='ocr_par' dir='ltr' id='par_1_48' title="bbox 173 3170 1721 3255">
     <span class='ocr_line' id='line_1_48' title="bbox 173 3170 1721 3255; baseline 0.013 -32"><span class='ocrx_word' id='word_1_334' title='bbox 173 3179 236 3224; x_wconf 91' lang='lat' dir='ltr'><strong>ut</strong></span> <span class='ocrx_word' id='word_1_335' title='bbox 288 3170 434 3226; x_wconf 83' lang='lat' dir='ltr'><strong>inter</strong></span> <span class='ocrx_word' id='word_1_336' title='bbox 486 3187 615 3229; x_wconf 87' lang='lat' dir='ltr'><strong>suos</strong></span> <span class='ocrx_word' id='word_1_337' title='bbox 662 3191 787 3245; x_wconf 82' lang='lat' dir='ltr'><strong>pax,</strong></span> <span class='ocrx_word' id='word_1_338' title='bbox 838 3180 1141 3235; x_wconf 83' lang='lat' dir='ltr'><strong>animorum</strong></span> <span class='ocrx_word' id='word_1_339' title='bbox 1170 3197 1490 3250; x_wconf 85' lang='lat' dir='ltr'><strong>consensus,</strong></span> <span class='ocrx_word' id='word_1_340' title='bbox 1540 3186 1721 3255; x_wconf 87' lang='lat' dir='ltr'><strong>quies,</strong></span> 
     </span>
    </p>
   </div>
   <div class='ocr_carea' id='block_1_49' title="bbox 168 3258 1723 3341">
    <p class='ocr_par' dir='ltr' id='par_1_49' title="bbox 168 3258 1723 3341">
     <span class='ocr_line' id='line_1_49' title="bbox 168 3258 1723 3341; baseline 0.013 -30"><span class='ocrx_word' id='word_1_341' title='bbox 168 3258 324 3314; x_wconf 86' lang='lat' dir='ltr'><strong>inter</strong></span> <span class='ocrx_word' id='word_1_342' title='bbox 353 3261 690 3320; x_wconf 87' lang='lat' dir='ltr'><strong>Christianos</strong></span> <span class='ocrx_word' id='word_1_343' title='bbox 713 3269 895 3323; x_wconf 85' lang='lat' dir='ltr'><strong>odium</strong></span> <span class='ocrx_word' id='word_1_344' title='bbox 940 3272 1139 3341; x_wconf 73' lang='lat' dir='ltr'><strong>vigeat,</strong></span> <span class='ocrx_word' id='word_1_345' title='bbox 1178 3274 1396 3340; x_wconf 86' lang='lat' dir='ltr'><strong>seditio,</strong></span> <span class='ocrx_word' id='word_1_346' title='bbox 1418 3276 1557 3330; x_wconf 89' lang='lat' dir='ltr'><strong>bella</strong></span> <span class='ocrx_word' id='word_1_347' title='bbox 1587 3278 1723 3331; x_wconf 87' lang='lat' dir='ltr'><strong>civi-</strong></span> 
     </span>
    </p>
   </div>
   <div class='ocr_carea' id='block_1_50' title="bbox 166 3350 1719 3423">
    <p class='ocr_par' dir='ltr' id='par_1_50' title="bbox 166 3350 1719 3423">
     <span class='ocr_line' id='line_1_50' title="bbox 166 3350 1719 3423; baseline 0.012 -19"><span class='ocrx_word' id='word_1_348' title='bbox 166 3350 264 3405; x_wconf 86' lang='lat' dir='ltr'><strong>lia.</strong></span> <span class='ocrx_word' id='word_1_349' title='bbox 301 3351 635 3411; x_wconf 77' lang='lat' dir='ltr'><strong>Volumusne</strong></span> <span class='ocrx_word' id='word_1_350' title='bbox 652 3350 866 3413; x_wconf 84' lang='lat' dir='ltr'><strong>illorum</strong></span> <span class='ocrx_word' id='word_1_351' title='bbox 892 3362 1107 3416; x_wconf 82' lang='lat' dir='ltr'><strong>libidini</strong></span> <span class='ocrx_word' id='word_1_352' title='bbox 1130 3364 1483 3419; x_wconf 77' lang='lat' dir='ltr'><strong>satisfacere?</strong></span> <span class='ocrx_word' id='word_1_353' title='bbox 1500 3368 1568 3419; x_wconf 84' lang='lat' dir='ltr'><strong>At</strong></span> <span class='ocrx_word' id='word_1_354' title='bbox 1615 3368 1719 3423; x_wconf 87' lang='lat' dir='ltr'><strong>hoc</strong></span> 
     </span>
    </p>
   </div>
   <div class='ocr_carea' id='block_1_51' title="bbox 166 3444 1716 3515">
    <p class='ocr_par' dir='ltr' id='par_1_51' title="bbox 166 3444 1716 3515">
     <span class='ocr_line' id='line_1_51' title="bbox 166 3444 1716 3515; baseline 0.012 -20"><span class='ocrx_word' id='word_1_355' title='bbox 166 3452 252 3496; x_wconf 84' lang='lat' dir='ltr'><strong>est</strong></span> <span class='ocrx_word' id='word_1_356' title='bbox 284 3444 463 3497; x_wconf 88' lang='lat' dir='ltr'><strong>hostis</strong></span> <span class='ocrx_word' id='word_1_357' title='bbox 502 3447 722 3501; x_wconf 84' lang='lat' dir='ltr'><strong>utilitati</strong></span> <span class='ocrx_word' id='word_1_358' title='bbox 766 3454 1073 3514; x_wconf 89' lang='lat' dir='ltr'><strong>consulere,</strong></span> <span class='ocrx_word' id='word_1_359' title='bbox 1105 3465 1159 3515; x_wconf 88' lang='lat' dir='ltr'><strong>et</strong></span> <span class='ocrx_word' id='word_1_360' title='bbox 1195 3456 1339 3509; x_wconf 90' lang='lat' dir='ltr'><strong>illius</strong></span> <span class='ocrx_word' id='word_1_361' title='bbox 1369 3452 1716 3513; x_wconf 80' lang='lat' dir='ltr'><strong>cumtnodum</strong></span> 
     </span>
    </p>
   </div>
   <div class='ocr_carea' id='block_1_52' title="bbox 124 3535 1713 3617">
    <p class='ocr_par' dir='ltr' id='par_1_52' title="bbox 124 3535 1713 3617">
     <span class='ocr_line' id='line_1_52' title="bbox 124 3535 1713 3617; baseline 0.013 -34"><span class='ocrx_word' id='word_1_362' title='bbox 124 3560 127 3561; x_wconf 53' lang='grc' dir='ltr'><em>ν</em></span> <span class='ocrx_word' id='word_1_363' title='bbox 170 3542 368 3587; x_wconf 83' lang='lat' dir='ltr'><strong>nostro</strong></span> <span class='ocrx_word' id='word_1_364' title='bbox 398 3535 744 3591; x_wconf 89' lang='lat' dir='ltr'><strong>incommodo</strong></span> <span class='ocrx_word' id='word_1_365' title='bbox 775 3554 990 3609; x_wconf 85' lang='lat' dir='ltr'><strong>parare.</strong></span> <span class='ocrx_word' id='word_1_366' title='bbox 1024 3544 1295 3612; x_wconf 71' lang='lat' dir='ltr'><strong>Prmcepta</strong></span> <span class='ocrx_word' id='word_1_367' title='bbox 1327 3546 1401 3614; x_wconf 91' lang='lat' dir='ltr'><strong>(ni</strong></span> <span class='ocrx_word' id='word_1_368' title='bbox 1425 3546 1627 3617; x_wconf 78' lang='lat' dir='ltr'><strong>fallor),</strong></span> <span class='ocrx_word' id='word_1_369' title='bbox 1654 3561 1713 3603; x_wconf 90' lang='lat' dir='ltr'><strong>ut</strong></span> 
     </span>
    </p>
   </div>
   <div class='ocr_carea' id='block_1_53' title="bbox 166 3621 1718 3703">
    <p class='ocr_par' dir='ltr' id='par_1_53' title="bbox 166 3621 1718 3703">
     <span class='ocr_line' id='line_1_53' title="bbox 166 3621 1718 3703; baseline 0.014 -32"><span class='ocrx_word' id='word_1_370' title='bbox 166 3635 317 3689; x_wconf 77' lang='lat' dir='ltr'><strong>saepe</strong></span> <span class='ocrx_word' id='word_1_371' title='bbox 353 3621 464 3674; x_wconf 84' lang='lat' dir='ltr'><strong>vidi</strong></span> <span class='ocrx_word' id='word_1_372' title='bbox 492 3632 546 3676; x_wconf 90' lang='lat' dir='ltr'><strong>et</strong></span> <span class='ocrx_word' id='word_1_373' title='bbox 588 3623 717 3692; x_wconf 70' lang='lat' dir='ltr'><strong>legi.</strong></span> <span class='ocrx_word' id='word_1_374' title='bbox 752 3641 872 3693; x_wconf 74' lang='lat' dir='ltr'><strong>quae</strong></span> <span class='ocrx_word' id='word_1_375' title='bbox 906 3629 961 3681; x_wconf 90' lang='lat' dir='ltr'><strong>in</strong></span> <span class='ocrx_word' id='word_1_376' title='bbox 988 3630 1217 3684; x_wconf 87' lang='lat' dir='ltr'><strong>urbibus</strong></span> <span class='ocrx_word' id='word_1_377' title='bbox 1248 3635 1502 3703; x_wconf 79' lang='lat' dir='ltr'><strong>regendis</strong></span> <span class='ocrx_word' id='word_1_378' title='bbox 1529 3636 1718 3693; x_wconf 85' lang='lat' dir='ltr'><strong>bellis-</strong></span> 
     </span>
    </p>
   </div>
   <div class='ocr_carea' id='block_1_54' title="bbox 166 3713 1713 3794">
    <p class='ocr_par' dir='ltr' id='par_1_54' title="bbox 166 3713 1713 3794">
     <span class='ocr_line' id='line_1_54' title="bbox 166 3713 1713 3794; baseline 0.012 -29"><span class='ocrx_word' id='word_1_379' title='bbox 166 3728 277 3780; x_wconf 85' lang='lat' dir='ltr'><strong>que</strong></span> <span class='ocrx_word' id='word_1_380' title='bbox 338 3713 569 3769; x_wconf 87' lang='lat' dir='ltr'><strong>feliciter</strong></span> <span class='ocrx_word' id='word_1_381' title='bbox 614 3717 968 3776; x_wconf 80' lang='lat' dir='ltr'><strong>couliciendis</strong></span> <span class='ocrx_word' id='word_1_382' title='bbox 1001 3720 1158 3775; x_wconf 86' lang='lat' dir='ltr'><strong>nobis</strong></span> <span class='ocrx_word' id='word_1_383' title='bbox 1205 3727 1515 3794; x_wconf 71' lang='lat' dir='ltr'><strong>prmscrip&#39;a</strong></span> <span class='ocrx_word' id='word_1_384' title='bbox 1564 3737 1713 3789; x_wconf 86' lang='lat' dir='ltr'><strong>sunt,</strong></span> 
     </span>
    </p>
   </div>
   <div class='ocr_carea' id='block_1_55' title="bbox 163 3805 1713 3881">
    <p class='ocr_par' dir='ltr' id='par_1_55' title="bbox 163 3805 1713 3881">
     <span class='ocr_line' id='line_1_55' title="bbox 163 3805 1713 3881; baseline 0.01 -24"><span class='ocrx_word' id='word_1_385' title='bbox 163 3805 331 3858; x_wconf 80' lang='lat' dir='ltr'><strong>aliter</strong></span> <span class='ocrx_word' id='word_1_386' title='bbox 353 3814 615 3871; x_wconf 85' lang='lat' dir='ltr'><strong>statuunt,</strong></span> <span class='ocrx_word' id='word_1_387' title='bbox 639 3819 694 3861; x_wconf 88' lang='lat' dir='ltr'><strong>et</strong></span> <span class='ocrx_word' id='word_1_388' title='bbox 722 3809 936 3873; x_wconf 79' lang='lat' dir='ltr'><strong>docent,</strong></span> <span class='ocrx_word' id='word_1_389' title='bbox 961 3821 1018 3864; x_wconf 93' lang='lat' dir='ltr'><strong>ut</strong></span> <span class='ocrx_word' id='word_1_390' title='bbox 1044 3812 1251 3866; x_wconf 86' lang='lat' dir='ltr'><strong>scilicet</strong></span> <span class='ocrx_word' id='word_1_391' title='bbox 1273 3816 1568 3881; x_wconf 78' lang='lat' dir='ltr'><strong>exploratis</strong></span> <span class='ocrx_word' id='word_1_392' title='bbox 1610 3819 1713 3873; x_wconf 72' lang='lat' dir='ltr'><strong>ho~</strong></span> 
     </span>
    </p>
   </div>
   <div class='ocr_carea' id='block_1_56' title="bbox 170 3897 1712 3977">
    <p class='ocr_par' dir='ltr' id='par_1_56' title="bbox 170 3897 1712 3977">
     <span class='ocr_line' id='line_1_56' title="bbox 170 3897 1712 3977; baseline 0.01 -28"><span class='ocrx_word' id='word_1_393' title='bbox 170 3897 347 3950; x_wconf 84' lang='lat' dir='ltr'><strong>stium</strong></span> <span class='ocrx_word' id='word_1_394' title='bbox 378 3897 643 3961; x_wconf 86' lang='lat' dir='ltr'><strong>consiliis,</strong></span> <span class='ocrx_word' id='word_1_395' title='bbox 682 3900 949 3955; x_wconf 83' lang='lat' dir='ltr'><strong>contraria</strong></span> <span class='ocrx_word' id='word_1_396' title='bbox 977 3900 1241 3968; x_wconf 81' lang='lat' dir='ltr'><strong>clliciatis,</strong></span> <span class='ocrx_word' id='word_1_397' title='bbox 1270 3904 1315 3959; x_wconf 83' lang='lat' dir='ltr'><strong>si</strong></span> <span class='ocrx_word' id='word_1_398' title='bbox 1348 3904 1403 3959; x_wconf 92' lang='lat' dir='ltr'><strong>in</strong></span> <span class='ocrx_word' id='word_1_399' title='bbox 1431 3908 1712 3977; x_wconf 86' lang='lat' dir='ltr'><strong>republica</strong></span> 
     </span>
    </p>
   </div>
   <div class='ocr_carea' id='block_1_57' title="bbox 160 3988 1716 4068">
    <p class='ocr_par' dir='ltr' id='par_1_57' title="bbox 160 3988 1716 4068">
     <span class='ocr_line' id='line_1_57' title="bbox 160 3988 1716 4068; baseline 0.011 -28"><span class='ocrx_word' id='word_1_400' title='bbox 160 3994 369 4041; x_wconf 87' lang='lat' dir='ltr'><strong>statum</strong></span> <span class='ocrx_word' id='word_1_401' title='bbox 400 3988 733 4055; x_wconf 23' lang='lat' dir='ltr'><strong>retinere,,si</strong></span> <span class='ocrx_word' id='word_1_402' title='bbox 764 3990 819 4044; x_wconf 88' lang='lat' dir='ltr'><strong>in</strong></span> <span class='ocrx_word' id='word_1_403' title='bbox 850 3992 992 4047; x_wconf 87' lang='lat' dir='ltr'><strong>bello</strong></span> <span class='ocrx_word' id='word_1_404' title='bbox 1018 3993 1301 4050; x_wconf 89' lang='lat' dir='ltr'><strong>victoriam</strong></span> <span class='ocrx_word' id='word_1_405' title='bbox 1329 4000 1593 4068; x_wconf 86' lang='lat' dir='ltr'><strong>consequi</strong></span> <span class='ocrx_word' id='word_1_406' title='bbox 1618 4016 1716 4057; x_wconf 86' lang='lat' dir='ltr'><strong>ve-</strong></span> 
     </span>
    </p>
   </div>
   <div class='ocr_carea' id='block_1_58' title="bbox 159 4078 1711 4159">
    <p class='ocr_par' dir='ltr' id='par_1_58' title="bbox 159 4078 1711 4159">
     <span class='ocr_line' id='line_1_58' title="bbox 159 4078 1711 4159; baseline 0.013 -28"><span class='ocrx_word' id='word_1_407' title='bbox 159 4078 297 4133; x_wconf 87' lang='lat' dir='ltr'><strong>litis.</strong></span> <span class='ocrx_word' id='word_1_408' title='bbox 321 4080 408 4133; x_wconf 81' lang='lat' dir='ltr'><strong>An</strong></span> <span class='ocrx_word' id='word_1_409' title='bbox 427 4095 556 4136; x_wconf 90' lang='lat' dir='ltr'><strong>vero</strong></span> <span class='ocrx_word' id='word_1_410' title='bbox 604 4085 1051 4142; x_wconf 88' lang='lat' dir='ltr'><strong>committendum</strong></span> <span class='ocrx_word' id='word_1_411' title='bbox 1079 4096 1182 4157; x_wconf 88' lang='lat' dir='ltr'><strong>est,</strong></span> <span class='ocrx_word' id='word_1_412' title='bbox 1214 4100 1271 4144; x_wconf 93' lang='lat' dir='ltr'><strong>ut</strong></span> <span class='ocrx_word' id='word_1_413' title='bbox 1298 4092 1391 4159; x_wconf 89' lang='lat' dir='ltr'><strong>qui</strong></span> <span class='ocrx_word' id='word_1_414' title='bbox 1417 4094 1577 4150; x_wconf 84' lang='lat' dir='ltr'><strong>nobis</strong></span> <span class='ocrx_word' id='word_1_415' title='bbox 1624 4094 1711 4152; x_wconf 83' lang='lat' dir='ltr'><strong>lu-</strong></span> 
     </span>
    </p>
   </div>
   <div class='ocr_carea' id='block_1_59' title="bbox 160 4178 1706 4255">
    <p class='ocr_par' dir='ltr' id='par_1_59' title="bbox 160 4178 1706 4255">
     <span class='ocr_line' id='line_1_59' title="bbox 160 4178 1706 4255; baseline 0.014 -34"><span class='ocrx_word' id='word_1_416' title='bbox 160 4179 342 4230; x_wconf 85' lang='lat' dir='ltr'><strong>ctum,</strong></span> <span class='ocrx_word' id='word_1_417' title='bbox 380 4178 670 4242; x_wconf 85' lang='lat' dir='ltr'><strong>terrorem,</strong></span> <span class='ocrx_word' id='word_1_418' title='bbox 698 4185 990 4242; x_wconf 89' lang='lat' dir='ltr'><strong>tormenta,</strong></span> <span class='ocrx_word' id='word_1_419' title='bbox 1031 4178 1231 4234; x_wconf 68' lang='lat' dir='ltr'><strong>caedem</strong></span> <span class='ocrx_word' id='word_1_420' title='bbox 1271 4180 1575 4246; x_wconf 69' lang='lat' dir='ltr'><strong>denuntiat,</strong></span> <span class='ocrx_word' id='word_1_421' title='bbox 1612 4202 1706 4255; x_wconf 86' lang='lat' dir='ltr'><strong>no-</strong></span> 
     </span>
    </p>
   </div>
   <div class='ocr_carea' id='block_1_60' title="bbox 162 4261 1711 4335">
    <p class='ocr_par' dir='ltr' id='par_1_60' title="bbox 162 4261 1711 4335">
     <span class='ocr_line' id='line_1_60' title="bbox 162 4261 1711 4335; baseline 0.012 -22"><span class='ocrx_word' id='word_1_422' title='bbox 162 4269 276 4314; x_wconf 86' lang='lat' dir='ltr'><strong>stra</strong></span> <span class='ocrx_word' id='word_1_423' title='bbox 314 4261 531 4317; x_wconf 68' lang='lat' dir='ltr'><strong>lactetur</strong></span> <span class='ocrx_word' id='word_1_424' title='bbox 547 4262 735 4335; x_wconf 71' lang='lat' dir='ltr'><strong>&#39;culpa,</strong></span> <span class='ocrx_word' id='word_1_425' title='bbox 762 4277 817 4322; x_wconf 92' lang='lat' dir='ltr'><strong>et</strong></span> <span class='ocrx_word' id='word_1_426' title='bbox 848 4271 1125 4327; x_wconf 70' lang='lat' dir='ltr'><strong>exsultet?</strong></span> <span class='ocrx_word' id='word_1_427' title='bbox 1154 4270 1484 4328; x_wconf 82' lang='lat' dir='ltr'><strong>Excitandus</strong></span> <span class='ocrx_word' id='word_1_428' title='bbox 1500 4286 1583 4330; x_wconf 89' lang='lat' dir='ltr'><strong>est</strong></span> <span class='ocrx_word' id='word_1_429' title='bbox 1608 4276 1711 4333; x_wconf 88' lang='lat' dir='ltr'><strong>hoc</strong></span> 
     </span>
    </p>
   </div>
   <div class='ocr_carea' id='block_1_61' title="bbox 1839 1820 3393 1904">
    <p class='ocr_par' dir='ltr' id='par_1_61' title="bbox 1839 1820 3393 1904">
     <span class='ocr_line' id='line_1_61' title="bbox 1839 1820 3393 1904; baseline 0.013 -31"><span class='ocrx_word' id='word_1_430' title='bbox 1839 1820 1970 1875; x_wconf 90' lang='lat' dir='ltr'><strong>dere</strong></span> <span class='ocrx_word' id='word_1_431' title='bbox 2000 1821 2375 1893; x_wconf 84' lang='lat' dir='ltr'><strong>instituerunt,</strong></span> <span class='ocrx_word' id='word_1_432' title='bbox 2402 1826 2574 1884; x_wconf 88' lang='lat' dir='ltr'><strong>hostis</strong></span> <span class='ocrx_word' id='word_1_433' title='bbox 2598 1830 2663 1884; x_wconf 91' lang='lat' dir='ltr'><strong>ad</strong></span> <span class='ocrx_word' id='word_1_434' title='bbox 2695 1831 2894 1887; x_wconf 87' lang='lat' dir='ltr'><strong>alteras</strong></span> <span class='ocrx_word' id='word_1_435' title='bbox 2928 1845 3113 1904; x_wconf 89' lang='lat' dir='ltr'><strong>partes</strong></span> <span class='ocrx_word' id='word_1_436' title='bbox 3148 1838 3393 1893; x_wconf 86' lang='lat' dir='ltr'><strong>accersi-</strong></span> 
     </span>
    </p>
   </div>
   <div class='ocr_carea' id='block_1_62' title="bbox 1810 1912 3392 1995">
    <p class='ocr_par' dir='ltr' id='par_1_62' title="bbox 1810 1912 3392 1995">
     <span class='ocr_line' id='line_1_62' title="bbox 1810 1912 3392 1995; baseline 0.013 -31"><span class='ocrx_word' id='word_1_437' title='bbox 1810 1912 1813 1915; x_wconf 82' lang='grc'>’</span> <span class='ocrx_word' id='word_1_438' title='bbox 1840 1919 1948 1986; x_wconf 78' lang='lat' dir='ltr'><strong>tus,</strong></span> <span class='ocrx_word' id='word_1_439' title='bbox 1969 1927 2077 1967; x_wconf 92' lang='lat' dir='ltr'><strong>non</strong></span> <span class='ocrx_word' id='word_1_440' title='bbox 2111 1915 2291 1971; x_wconf 90' lang='lat' dir='ltr'><strong>minus</strong></span> <span class='ocrx_word' id='word_1_441' title='bbox 2312 1919 2559 1987; x_wconf 88' lang='lat' dir='ltr'><strong>aquibus</strong></span> <span class='ocrx_word' id='word_1_442' title='bbox 2587 1922 2911 1990; x_wconf 81' lang='lat' dir='ltr'><strong>vocabatur,</strong></span> <span class='ocrx_word' id='word_1_443' title='bbox 2942 1942 3104 1995; x_wconf 90' lang='lat' dir='ltr'><strong>quam</strong></span> <span class='ocrx_word' id='word_1_444' title='bbox 3129 1928 3392 1985; x_wconf 85' lang='lat' dir='ltr'><strong>adversus</strong></span> 
     </span>
    </p>
   </div>
   <div class='ocr_carea' id='block_1_63' title="bbox 1834 2014 3392 2086">
    <p class='ocr_par' dir='ltr' id='par_1_63' title="bbox 1834 2014 3392 2086">
     <span class='ocr_line' id='line_1_63' title="bbox 1834 2014 3392 2086; baseline 0.012 -31"><span class='ocrx_word' id='word_1_445' title='bbox 1834 2016 1973 2072; x_wconf 88' lang='lat' dir='ltr'><strong>quos</strong></span> <span class='ocrx_word' id='word_1_446' title='bbox 2004 2016 2331 2072; x_wconf 89' lang='lat' dir='ltr'><strong>provocatus</strong></span> <span class='ocrx_word' id='word_1_447' title='bbox 2364 2018 2485 2063; x_wconf 91' lang='lat' dir='ltr'><strong>erat</strong></span> <span class='ocrx_word' id='word_1_448' title='bbox 2523 2014 2888 2079; x_wconf 88' lang='lat' dir='ltr'><strong>perniciosus,</strong></span> <span class='ocrx_word' id='word_1_449' title='bbox 2934 2016 3080 2070; x_wconf 91' lang='lat' dir='ltr'><strong>bello</strong></span> <span class='ocrx_word' id='word_1_450' title='bbox 3122 2017 3392 2086; x_wconf 66' lang='lat' dir='ltr'><strong>Priapon-</strong></span> 
     </span>
    </p>
   </div>
   <div class='ocr_carea' id='block_1_64' title="bbox 1833 2092 3383 2174">
    <p class='ocr_par' dir='ltr' id='par_1_64' title="bbox 1833 2092 3383 2174">
     <span class='ocr_line' id='line_1_64' title="bbox 1833 2092 3383 2174; baseline 0.012 -30"><span class='ocrx_word' id='word_1_451' title='bbox 1833 2092 2075 2160; x_wconf 86' lang='lat' dir='ltr'><strong>nesiaco,</strong></span> <span class='ocrx_word' id='word_1_452' title='bbox 2118 2111 2243 2151; x_wconf 92' lang='lat' dir='ltr'><strong>cum</strong></span> <span class='ocrx_word' id='word_1_453' title='bbox 2287 2099 2476 2152; x_wconf 88' lang='lat' dir='ltr'><strong>eadem</strong></span> <span class='ocrx_word' id='word_1_454' title='bbox 2517 2100 2822 2155; x_wconf 87' lang='lat' dir='ltr'><strong>animorum</strong></span> <span class='ocrx_word' id='word_1_455' title='bbox 2848 2105 3256 2174; x_wconf 87' lang='lat' dir='ltr'><strong>conspiratione</strong></span> <span class='ocrx_word' id='word_1_456' title='bbox 3284 2106 3383 2162; x_wconf 88' lang='lat' dir='ltr'><strong>de-</strong></span> 
     </span>
    </p>
   </div>
   <div class='ocr_carea' id='block_1_65' title="bbox 1832 2182 3391 2270">
    <p class='ocr_par' dir='ltr' id='par_1_65' title="bbox 1832 2182 3391 2270">
     <span class='ocr_line' id='line_1_65' title="bbox 1832 2182 3391 2270; baseline 0.011 -35"><span class='ocrx_word' id='word_1_457' title='bbox 1832 2182 1995 2238; x_wconf 86' lang='lat' dir='ltr'><strong>vincti</strong></span> <span class='ocrx_word' id='word_1_458' title='bbox 2029 2196 2231 2249; x_wconf 86' lang='lat' dir='ltr'><strong>essent.</strong></span> <span class='ocrx_word' id='word_1_459' title='bbox 2268 2204 2445 2259; x_wconf 86' lang='lat' dir='ltr'><strong>neque</strong></span> <span class='ocrx_word' id='word_1_460' title='bbox 2486 2192 2652 2253; x_wconf 74' lang='lat' dir='ltr'><strong>terra.</strong></span> <span class='ocrx_word' id='word_1_461' title='bbox 2707 2193 2799 2248; x_wconf 92' lang='lat' dir='ltr'><strong>ubi</strong></span> <span class='ocrx_word' id='word_1_462' title='bbox 2844 2192 3391 2270; x_wconf 56' lang='lat' dir='ltr'><strong>Lacedaemoniorum»</strong></span> 
     </span>
    </p>
   </div>
   <div class='ocr_carea' id='block_1_66' title="bbox 1830 2270 3383 2355">
    <p class='ocr_par' dir='ltr' id='par_1_66' title="bbox 1830 2270 3383 2355">
     <span class='ocr_line' id='line_1_66' title="bbox 1830 2270 3383 2355; baseline 0.012 -32"><span class='ocrx_word' id='word_1_463' title='bbox 1830 2270 1975 2327; x_wconf 86' lang='lat' dir='ltr'><strong>vires</strong></span> <span class='ocrx_word' id='word_1_464' title='bbox 2011 2275 2357 2343; x_wconf 79' lang='lat' dir='ltr'><strong>amplissima:</strong></span> <span class='ocrx_word' id='word_1_465' title='bbox 2389 2290 2569 2346; x_wconf 89' lang='lat' dir='ltr'><strong>erant,</strong></span> <span class='ocrx_word' id='word_1_466' title='bbox 2598 2296 2776 2351; x_wconf 89' lang='lat' dir='ltr'><strong>neque</strong></span> <span class='ocrx_word' id='word_1_467' title='bbox 2812 2285 2949 2339; x_wconf 90' lang='lat' dir='ltr'><strong>mari</strong></span> <span class='ocrx_word' id='word_1_468' title='bbox 2987 2286 3284 2355; x_wconf 88' lang='lat' dir='ltr'><strong>quicquam</strong></span> <span class='ocrx_word' id='word_1_469' title='bbox 3311 2288 3383 2341; x_wconf 90' lang='lat' dir='ltr'><strong>ab</strong></span> 
     </span>
    </p>
   </div>
   <div class='ocr_carea' id='block_1_67' title="bbox 1829 2358 3383 2437">
    <p class='ocr_par' dir='ltr' id='par_1_67' title="bbox 1829 2358 3383 2437">
     <span class='ocr_line' id='line_1_67' title="bbox 1829 2358 3383 2437; baseline 0.013 -26"><span class='ocrx_word' id='word_1_470' title='bbox 1829 2358 1987 2414; x_wconf 87' lang='lat' dir='ltr'><strong>hoste</strong></span> <span class='ocrx_word' id='word_1_471' title='bbox 2018 2361 2348 2420; x_wconf 89' lang='lat' dir='ltr'><strong>incommodi</strong></span> <span class='ocrx_word' id='word_1_472' title='bbox 2385 2382 2755 2437; x_wconf 83' lang='lat' dir='ltr'><strong>acceperunt;</strong></span> <span class='ocrx_word' id='word_1_473' title='bbox 2810 2387 2920 2427; x_wconf 87' lang='lat' dir='ltr'><strong>tmo</strong></span> <span class='ocrx_word' id='word_1_474' title='bbox 2959 2389 3091 2428; x_wconf 90' lang='lat' dir='ltr'><strong>vero</strong></span> <span class='ocrx_word' id='word_1_475' title='bbox 3120 2376 3383 2432; x_wconf 82' lang='lat' dir='ltr'><strong>maximas</strong></span> 
     </span>
    </p>
   </div>
   <div class='ocr_carea' id='block_1_68' title="bbox 1825 2452 3379 2533">
    <p class='ocr_par' dir='ltr' id='par_1_68' title="bbox 1825 2452 3379 2533">
     <span class='ocr_line' id='line_1_68' title="bbox 1825 2452 3379 2533; baseline 0.012 -30"><span class='ocrx_word' id='word_1_476' title='bbox 1825 2458 2034 2521; x_wconf 70' lang='lat' dir='ltr'><strong>strages</strong></span> <span class='ocrx_word' id='word_1_477' title='bbox 2053 2452 2197 2507; x_wconf 82' lang='lat' dir='ltr'><strong>hosti</strong></span> <span class='ocrx_word' id='word_1_478' title='bbox 2232 2454 2559 2523; x_wconf 88' lang='lat' dir='ltr'><strong>intulerunt,</strong></span> <span class='ocrx_word' id='word_1_479' title='bbox 2603 2471 2768 2531; x_wconf 88' lang='lat' dir='ltr'><strong>atque</strong></span> <span class='ocrx_word' id='word_1_480' title='bbox 2807 2463 2881 2518; x_wconf 87' lang='lat' dir='ltr'><strong>ita</strong></span> <span class='ocrx_word' id='word_1_481' title='bbox 2931 2464 3255 2530; x_wconf 88' lang='lat' dir='ltr'><strong>intulerunt,</strong></span> <span class='ocrx_word' id='word_1_482' title='bbox 3295 2478 3379 2533; x_wconf 88' lang='lat' dir='ltr'><strong>ut,</strong></span> 
     </span>
    </p>
   </div>
   <div class='ocr_carea' id='block_1_69' title="bbox 1825 2540 3379 2625">
    <p class='ocr_par' dir='ltr' id='par_1_69' title="bbox 1825 2540 3379 2625">
     <span class='ocr_line' id='line_1_69' title="bbox 1825 2540 3379 2625; baseline 0.014 -33"><span class='ocrx_word' id='word_1_483' title='bbox 1825 2540 1970 2607; x_wconf 92' lang='lat' dir='ltr'><strong>quod</strong></span> <span class='ocrx_word' id='word_1_484' title='bbox 2005 2557 2280 2612; x_wconf 89' lang='lat' dir='ltr'><strong>nunquam</strong></span> <span class='ocrx_word' id='word_1_485' title='bbox 2311 2545 2474 2601; x_wconf 90' lang='lat' dir='ltr'><strong>fando</strong></span> <span class='ocrx_word' id='word_1_486' title='bbox 2502 2550 2751 2611; x_wconf 89' lang='lat' dir='ltr'><strong>auditum</strong></span> <span class='ocrx_word' id='word_1_487' title='bbox 2799 2558 2967 2619; x_wconf 81' lang='lat' dir='ltr'><strong>esset,</strong></span> <span class='ocrx_word' id='word_1_488' title='bbox 2988 2556 3379 2625; x_wconf 74' lang='lat' dir='ltr'><strong>quadringenti</strong></span> 
     </span>
    </p>
   </div>
   <div class='ocr_carea' id='block_1_70' title="bbox 1826 2630 3379 2715">
    <p class='ocr_par' dir='ltr' id='par_1_70' title="bbox 1826 2630 3379 2715">
     <span class='ocr_line' id='line_1_70' title="bbox 1826 2630 3379 2715; baseline 0.012 -31"><span class='ocrx_word' id='word_1_489' title='bbox 1826 2630 2062 2699; x_wconf 87' lang='lat' dir='ltr'><strong>amplius</strong></span> <span class='ocrx_word' id='word_1_490' title='bbox 2107 2631 2645 2692; x_wconf 56' lang='lat' dir='ltr'><strong>Lacedaemoniorum</strong></span> <span class='ocrx_word' id='word_1_491' title='bbox 2680 2634 2908 2708; x_wconf 86' lang='lat' dir='ltr'><strong>milites,</strong></span> <span class='ocrx_word' id='word_1_492' title='bbox 2933 2646 3140 2713; x_wconf 88' lang='lat' dir='ltr'><strong>quibus</strong></span> <span class='ocrx_word' id='word_1_493' title='bbox 3167 2648 3379 2715; x_wconf 88' lang='lat' dir='ltr'><strong>patrius</strong></span> 
     </span>
    </p>
   </div>
   <div class='ocr_carea' id='block_1_71' title="bbox 1824 2732 3377 2799">
    <p class='ocr_par' dir='ltr' id='par_1_71' title="bbox 1824 2732 3377 2799">
     <span class='ocr_line' id='line_1_71' title="bbox 1824 2732 3377 2799; baseline 0.009 -23"><span class='ocrx_word' id='word_1_494' title='bbox 1824 2737 1940 2777; x_wconf 88' lang='lat' dir='ltr'><strong>mos</strong></span> <span class='ocrx_word' id='word_1_495' title='bbox 1977 2732 2034 2777; x_wconf 89' lang='lat' dir='ltr'><strong>et</strong></span> <span class='ocrx_word' id='word_1_496' title='bbox 2060 2736 2390 2795; x_wconf 58' lang='lat' dir='ltr'><strong>praeceptum</strong></span> <span class='ocrx_word' id='word_1_497' title='bbox 2434 2740 2571 2794; x_wconf 90' lang='lat' dir='ltr'><strong>erat,</strong></span> <span class='ocrx_word' id='word_1_498' title='bbox 2610 2742 2705 2785; x_wconf 88' lang='lat' dir='ltr'><strong>aut</strong></span> <span class='ocrx_word' id='word_1_499' title='bbox 2733 2734 2954 2788; x_wconf 89' lang='lat' dir='ltr'><strong>vincere</strong></span> <span class='ocrx_word' id='word_1_500' title='bbox 2984 2736 3039 2788; x_wconf 90' lang='lat' dir='ltr'><strong>in</strong></span> <span class='ocrx_word' id='word_1_501' title='bbox 3072 2737 3234 2799; x_wconf 83' lang='lat' dir='ltr'><strong>bello,</strong></span> <span class='ocrx_word' id='word_1_502' title='bbox 3279 2744 3377 2790; x_wconf 89' lang='lat' dir='ltr'><strong>aut</strong></span> 
     </span>
    </p>
   </div>
   <div class='ocr_carea' id='block_1_72' title="bbox 1826 2812 3376 2895">
    <p class='ocr_par' dir='ltr' id='par_1_72' title="bbox 1826 2812 3376 2895">
     <span class='ocr_line' id='line_1_72' title="bbox 1826 2812 3376 2895; baseline 0.012 -30"><span class='ocrx_word' id='word_1_503' title='bbox 1826 2823 2000 2869; x_wconf 89' lang='lat' dir='ltr'><strong>morte</strong></span> <span class='ocrx_word' id='word_1_504' title='bbox 2026 2816 2265 2871; x_wconf 90' lang='lat' dir='ltr'><strong>hostium</strong></span> <span class='ocrx_word' id='word_1_505' title='bbox 2287 2820 2541 2875; x_wconf 90' lang='lat' dir='ltr'><strong>manibus</strong></span> <span class='ocrx_word' id='word_1_506' title='bbox 2561 2836 2680 2876; x_wconf 83' lang='lat' dir='ltr'><strong>sese</strong></span> <span class='ocrx_word' id='word_1_507' title='bbox 2706 2812 2939 2892; x_wconf 89' lang='lat' dir='ltr'><strong>eripere,</strong></span> <span class='ocrx_word' id='word_1_508' title='bbox 2982 2828 3180 2895; x_wconf 88' lang='lat' dir='ltr'><strong>captivi</strong></span> <span class='ocrx_word' id='word_1_509' title='bbox 3207 2827 3376 2883; x_wconf 81' lang='lat' dir='ltr'><strong>Athe-</strong></span> 
     </span>
    </p>
   </div>
   <div class='ocr_carea' id='block_1_73' title="bbox 1824 2905 3370 2980">
    <p class='ocr_par' dir='ltr' id='par_1_73' title="bbox 1824 2905 3370 2980">
     <span class='ocr_line' id='line_1_73' title="bbox 1824 2905 3370 2980; baseline 0.009 -20"><span class='ocrx_word' id='word_1_510' title='bbox 1824 2921 1923 2962; x_wconf 87' lang='lat' dir='ltr'><strong>nas</strong></span> <span class='ocrx_word' id='word_1_511' title='bbox 1965 2905 2021 2962; x_wconf 86' lang='lat' dir='ltr'><strong>in</strong></span> <span class='ocrx_word' id='word_1_512' title='bbox 2070 2908 2405 2980; x_wconf 82' lang='lat' dir='ltr'><strong>triumphum</strong></span> <span class='ocrx_word' id='word_1_513' title='bbox 2444 2911 2594 2967; x_wconf 89' lang='lat' dir='ltr'><strong>ducti</strong></span> <span class='ocrx_word' id='word_1_514' title='bbox 2626 2916 2757 2969; x_wconf 88' lang='lat' dir='ltr'><strong>sint.</strong></span> <span class='ocrx_word' id='word_1_515' title='bbox 2809 2914 2944 2971; x_wconf 89' lang='lat' dir='ltr'><strong>Cum</strong></span> <span class='ocrx_word' id='word_1_516' title='bbox 3000 2932 3131 2972; x_wconf 85' lang='lat' dir='ltr'><strong>vero</strong></span> <span class='ocrx_word' id='word_1_517' title='bbox 3158 2920 3370 2973; x_wconf 83' lang='lat' dir='ltr'><strong>hostem</strong></span> 
     </span>
    </p>
   </div>
   <div class='ocr_carea' id='block_1_74' title="bbox 1826 2997 3370 3074">
    <p class='ocr_par' dir='ltr' id='par_1_74' title="bbox 1826 2997 3370 3074">
     <span class='ocr_line' id='line_1_74' title="bbox 1826 2997 3370 3074; baseline 0.01 -25"><span class='ocrx_word' id='word_1_518' title='bbox 1826 2997 1975 3052; x_wconf 92' lang='lat' dir='ltr'><strong>domi</strong></span> <span class='ocrx_word' id='word_1_519' title='bbox 2026 3000 2291 3068; x_wconf 81' lang='lat' dir='ltr'><strong>invenire,</strong></span> <span class='ocrx_word' id='word_1_520' title='bbox 2336 3002 2602 3074; x_wconf 87' lang='lat' dir='ltr'><strong>bellisque</strong></span> <span class='ocrx_word' id='word_1_521' title='bbox 2630 3006 2887 3062; x_wconf 82' lang='lat' dir='ltr'><strong>civilibus</strong></span> <span class='ocrx_word' id='word_1_522' title='bbox 2917 3022 3036 3062; x_wconf 87' lang='lat' dir='ltr'><strong>sese</strong></span> <span class='ocrx_word' id='word_1_523' title='bbox 3080 3017 3370 3064; x_wconf 76' lang='lat' dir='ltr'><strong>conterere</strong></span> 
     </span>
    </p>
   </div>
   <div class='ocr_carea' id='block_1_75' title="bbox 1822 3094 3370 3167">
    <p class='ocr_par' dir='ltr' id='par_1_75' title="bbox 1822 3094 3370 3167">
     <span class='ocr_line' id='line_1_75' title="bbox 1822 3094 3370 3167; baseline 0.005 -21"><span class='ocrx_word' id='word_1_524' title='bbox 1822 3102 2125 3160; x_wconf 59' lang='lat' dir='ltr'><strong>ceperunt,</strong></span> <span class='ocrx_word' id='word_1_525' title='bbox 2159 3107 2347 3147; x_wconf 89' lang='lat' dir='ltr'><strong>eorum</strong></span> <span class='ocrx_word' id='word_1_526' title='bbox 2389 3094 2575 3149; x_wconf 87' lang='lat' dir='ltr'><strong>classis</strong></span> <span class='ocrx_word' id='word_1_527' title='bbox 2618 3096 2921 3151; x_wconf 83' lang='lat' dir='ltr'><strong>firmissima</strong></span> <span class='ocrx_word' id='word_1_528' title='bbox 2951 3110 3114 3167; x_wconf 83' lang='lat' dir='ltr'><strong>atque</strong></span> <span class='ocrx_word' id='word_1_529' title='bbox 3141 3099 3370 3167; x_wconf 75' lang='lat' dir='ltr'><strong>amplis~</strong></span> 
     </span>
    </p>
   </div>
   <div class='ocr_carea' id='block_1_76' title="bbox 1818 3180 3362 3254">
    <p class='ocr_par' dir='ltr' id='par_1_76' title="bbox 1818 3180 3362 3254">
     <span class='ocr_line' id='line_1_76' title="bbox 1818 3180 3362 3254; baseline 0.005 -22"><span class='ocrx_word' id='word_1_530' title='bbox 1818 3180 1957 3235; x_wconf 88' lang='lat' dir='ltr'><strong>sima</strong></span> <span class='ocrx_word' id='word_1_531' title='bbox 2011 3181 2068 3235; x_wconf 91' lang='lat' dir='ltr'><strong>in</strong></span> <span class='ocrx_word' id='word_1_532' title='bbox 2096 3181 2629 3239; x_wconf 65' lang='lat' dir='ltr'><strong>Lacedmmouiorum</strong></span> <span class='ocrx_word' id='word_1_533' title='bbox 2678 3184 2945 3241; x_wconf 90' lang='lat' dir='ltr'><strong>ditionem</strong></span> <span class='ocrx_word' id='word_1_534' title='bbox 3000 3187 3218 3241; x_wconf 83' lang='lat' dir='ltr'><strong>redacta</strong></span> <span class='ocrx_word' id='word_1_535' title='bbox 3261 3197 3362 3254; x_wconf 87' lang='lat' dir='ltr'><strong>est,</strong></span> 
     </span>
    </p>
   </div>
   <div class='ocr_carea' id='block_1_77' title="bbox 1818 3276 3368 3341">
    <p class='ocr_par' dir='ltr' id='par_1_77' title="bbox 1818 3276 3368 3341">
     <span class='ocr_line' id='line_1_77' title="bbox 1818 3276 3368 3341; baseline 0.008 -19"><span class='ocrx_word' id='word_1_536' title='bbox 1818 3281 2008 3339; x_wconf 86' lang='lat' dir='ltr'><strong>portus</strong></span> <span class='ocrx_word' id='word_1_537' title='bbox 2040 3287 2229 3326; x_wconf 89' lang='lat' dir='ltr'><strong>eorum</strong></span> <span class='ocrx_word' id='word_1_538' title='bbox 2273 3276 2518 3329; x_wconf 87' lang='lat' dir='ltr'><strong>custodia</strong></span> <span class='ocrx_word' id='word_1_539' title='bbox 2549 3276 2766 3341; x_wconf 85' lang='lat' dir='ltr'><strong>amissa,</strong></span> <span class='ocrx_word' id='word_1_540' title='bbox 2809 3276 2963 3332; x_wconf 88' lang='lat' dir='ltr'><strong>urbis</strong></span> <span class='ocrx_word' id='word_1_541' title='bbox 3005 3278 3203 3333; x_wconf 79' lang='lat' dir='ltr'><strong>mceuia</strong></span> <span class='ocrx_word' id='word_1_542' title='bbox 3248 3279 3368 3335; x_wconf 86' lang='lat' dir='ltr'><strong>solo</strong></span> 
     </span>
    </p>
   </div>
   <div class='ocr_carea' id='block_1_78' title="bbox 1816 3361 3370 3436">
    <p class='ocr_par' dir='ltr' id='par_1_78' title="bbox 1816 3361 3370 3436">
     <span class='ocr_line' id='line_1_78' title="bbox 1816 3361 3370 3436; baseline 0.006 -25"><span class='ocrx_word' id='word_1_543' title='bbox 1816 3371 2049 3427; x_wconf 79' lang='lat' dir='ltr'><strong>:equata.</strong></span> <span class='ocrx_word' id='word_1_544' title='bbox 2078 3361 2218 3427; x_wconf 84' lang='lat' dir='ltr'><strong>Quid</strong></span> <span class='ocrx_word' id='word_1_545' title='bbox 2250 3378 2401 3429; x_wconf 85' lang='lat' dir='ltr'><strong>vero,</strong></span> <span class='ocrx_word' id='word_1_546' title='bbox 2434 3379 2556 3418; x_wconf 90' lang='lat' dir='ltr'><strong>cum</strong></span> <span class='ocrx_word' id='word_1_547' title='bbox 2583 3363 2807 3430; x_wconf 81' lang='lat' dir='ltr'><strong>Xerxes,</strong></span> <span class='ocrx_word' id='word_1_548' title='bbox 2841 3366 3127 3420; x_wconf 85' lang='lat' dir='ltr'><strong>Persarum</strong></span> <span class='ocrx_word' id='word_1_549' title='bbox 3154 3381 3248 3420; x_wconf 78' lang='lat' dir='ltr'><strong>rex</strong></span> <span class='ocrx_word' id='word_1_550' title='bbox 3272 3382 3370 3436; x_wconf 85' lang='lat' dir='ltr'><strong>po-</strong></span> 
     </span>
    </p>
   </div>
   <div class='ocr_carea' id='block_1_79' title="bbox 1817 3451 3365 3524">
    <p class='ocr_par' dir='ltr' id='par_1_79' title="bbox 1817 3451 3365 3524">
     <span class='ocr_line' id='line_1_79' title="bbox 1817 3451 3365 3524; baseline 0.008 -26"><span class='ocrx_word' id='word_1_551' title='bbox 1817 3451 2175 3515; x_wconf 87' lang='lat' dir='ltr'><strong>tentissimus,</strong></span> <span class='ocrx_word' id='word_1_552' title='bbox 2211 3455 2578 3524; x_wconf 73' lang='lat' dir='ltr'><strong>quinquagies</strong></span> <span class='ocrx_word' id='word_1_553' title='bbox 2598 3458 2848 3510; x_wconf 89' lang='lat' dir='ltr'><strong>centenis</strong></span> <span class='ocrx_word' id='word_1_554' title='bbox 2885 3456 3173 3510; x_wconf 87' lang='lat' dir='ltr'><strong>hominum</strong></span> <span class='ocrx_word' id='word_1_555' title='bbox 3196 3456 3365 3510; x_wconf 82' lang='lat' dir='ltr'><strong>milli-</strong></span> 
     </span>
    </p>
   </div>
   <div class='ocr_carea' id='block_1_80' title="bbox 1815 3538 3359 3618">
    <p class='ocr_par' dir='ltr' id='par_1_80' title="bbox 1815 3538 3359 3618">
     <span class='ocr_line' id='line_1_80' title="bbox 1815 3538 3359 3618; baseline 0.012 -28"><span class='ocrx_word' id='word_1_556' title='bbox 1815 3538 1937 3603; x_wconf 86' lang='lat' dir='ltr'><strong>bus,</strong></span> <span class='ocrx_word' id='word_1_557' title='bbox 1962 3540 2133 3595; x_wconf 88' lang='lat' dir='ltr'><strong>classe</strong></span> <span class='ocrx_word' id='word_1_558' title='bbox 2185 3543 2330 3597; x_wconf 88' lang='lat' dir='ltr'><strong>mille</strong></span> <span class='ocrx_word' id='word_1_559' title='bbox 2381 3545 2742 3614; x_wconf 89' lang='lat' dir='ltr'><strong>ducentisque</strong></span> <span class='ocrx_word' id='word_1_560' title='bbox 2802 3548 3032 3618; x_wconf 71' lang='lat' dir='ltr'><strong>navibus</strong></span> <span class='ocrx_word' id='word_1_561' title='bbox 3076 3546 3359 3609; x_wconf 66' lang='lat' dir='ltr'><strong>immitia.</strong></span> 
     </span>
    </p>
   </div>
   <div class='ocr_carea' id='block_1_81' title="bbox 1814 3626 3361 3700">
    <p class='ocr_par' dir='ltr' id='par_1_81' title="bbox 1814 3626 3361 3700">
     <span class='ocr_line' id='line_1_81' title="bbox 1814 3626 3361 3700; baseline 0.006 -21"><span class='ocrx_word' id='word_1_562' title='bbox 1814 3626 2074 3681; x_wconf 75' lang='lat' dir='ltr'><strong>Cra-ciam</strong></span> <span class='ocrx_word' id='word_1_563' title='bbox 2120 3630 2420 3696; x_wconf 87' lang='lat' dir='ltr'><strong>invaderet,</strong></span> <span class='ocrx_word' id='word_1_564' title='bbox 2464 3648 2563 3689; x_wconf 87' lang='lat' dir='ltr'><strong>eos</strong></span> <span class='ocrx_word' id='word_1_565' title='bbox 2606 3637 2866 3700; x_wconf 87' lang='lat' dir='ltr'><strong>servavit,</strong></span> <span class='ocrx_word' id='word_1_566' title='bbox 2903 3637 3140 3691; x_wconf 87' lang='lat' dir='ltr'><strong>victores</strong></span> <span class='ocrx_word' id='word_1_567' title='bbox 3173 3636 3361 3689; x_wconf 85' lang='lat' dir='ltr'><strong>reddi-</strong></span> 
     </span>
    </p>
   </div>
   <div class='ocr_carea' id='block_1_82' title="bbox 1812 3718 3406 3789">
    <p class='ocr_par' dir='ltr' id='par_1_82' title="bbox 1812 3718 3406 3789">
     <span class='ocr_line' id='line_1_82' title="bbox 1812 3718 3406 3789; baseline 0.004 -19"><span class='ocrx_word' id='word_1_568' title='bbox 1812 3718 1910 3781; x_wconf 86' lang='lat' dir='ltr'><strong>dit,</strong></span> <span class='ocrx_word' id='word_1_569' title='bbox 1943 3720 2275 3787; x_wconf 89' lang='lat' dir='ltr'><strong>sempiterna</strong></span> <span class='ocrx_word' id='word_1_570' title='bbox 2306 3720 2443 3774; x_wconf 89' lang='lat' dir='ltr'><strong>fama</strong></span> <span class='ocrx_word' id='word_1_571' title='bbox 2472 3723 2707 3778; x_wconf 83' lang='lat' dir='ltr'><strong>etlaudo</strong></span> <span class='ocrx_word' id='word_1_572' title='bbox 2736 3726 2969 3789; x_wconf 86' lang='lat' dir='ltr'><strong>ornavit,</strong></span> <span class='ocrx_word' id='word_1_573' title='bbox 2997 3725 3102 3778; x_wconf 89' lang='lat' dir='ltr'><strong>nisi</strong></span> <span class='ocrx_word' id='word_1_574' title='bbox 3136 3739 3363 3779; x_wconf 88' lang='lat' dir='ltr'><strong>concor-</strong></span> <span class='ocrx_word' id='word_1_575' title='bbox 3404 3764 3406 3767; x_wconf 76' lang='lat'><strong>.</strong></span> 
     </span>
    </p>
   </div>
   <div class='ocr_carea' id='block_1_83' title="bbox 1811 3810 3358 3878">
    <p class='ocr_par' dir='ltr' id='par_1_83' title="bbox 1811 3810 3358 3878">
     <span class='ocr_line' id='line_1_83' title="bbox 1811 3810 3358 3878; baseline 0.004 -17"><span class='ocrx_word' id='word_1_576' title='bbox 1811 3810 1918 3873; x_wconf 83' lang='lat' dir='ltr'><strong>dia,</strong></span> <span class='ocrx_word' id='word_1_577' title='bbox 1963 3824 2084 3876; x_wconf 77' lang='lat' dir='ltr'><strong>pax,</strong></span> <span class='ocrx_word' id='word_1_578' title='bbox 2141 3810 2279 3863; x_wconf 85' lang='lat' dir='ltr'><strong>idem</strong></span> <span class='ocrx_word' id='word_1_579' title='bbox 2305 3812 2357 3863; x_wconf 91' lang='lat' dir='ltr'><strong>in</strong></span> <span class='ocrx_word' id='word_1_580' title='bbox 2390 3812 2598 3866; x_wconf 89' lang='lat' dir='ltr'><strong>hostem</strong></span> <span class='ocrx_word' id='word_1_581' title='bbox 2656 3813 3091 3878; x_wconf 70' lang='lat' dir='ltr'><strong>animusiQuod</strong></span> <span class='ocrx_word' id='word_1_582' title='bbox 3134 3814 3178 3868; x_wconf 84' lang='lat' dir='ltr'><strong>si</strong></span> <span class='ocrx_word' id='word_1_583' title='bbox 3209 3830 3358 3867; x_wconf 89' lang='lat' dir='ltr'><strong>com-</strong></span> 
     </span>
    </p>
   </div>
   <div class='ocr_carea' id='block_1_84' title="bbox 1812 3894 3362 3972">
    <p class='ocr_par' dir='ltr' id='par_1_84' title="bbox 1812 3894 3362 3972">
     <span class='ocr_line' id='line_1_84' title="bbox 1812 3894 3362 3972; baseline 0.009 -28"><span class='ocrx_word' id='word_1_584' title='bbox 1812 3894 1962 3946; x_wconf 89' lang='lat' dir='ltr'><strong>muni</strong></span> <span class='ocrx_word' id='word_1_585' title='bbox 1990 3894 2183 3947; x_wconf 87' lang='lat' dir='ltr'><strong>robore</strong></span> <span class='ocrx_word' id='word_1_586' title='bbox 2214 3907 2374 3965; x_wconf 87' lang='lat' dir='ltr'><strong>atque</strong></span> <span class='ocrx_word' id='word_1_587' title='bbox 2389 3898 2630 3952; x_wconf 78' lang='lat' dir='ltr'><strong>exercitu</strong></span> <span class='ocrx_word' id='word_1_588' title='bbox 2663 3898 2875 3955; x_wconf 82' lang='lat' dir='ltr'><strong>hostem</strong></span> <span class='ocrx_word' id='word_1_589' title='bbox 2901 3916 3010 3955; x_wconf 88' lang='lat' dir='ltr'><strong>non</strong></span> <span class='ocrx_word' id='word_1_590' title='bbox 3049 3904 3362 3972; x_wconf 83' lang='lat' dir='ltr'><strong>prOpulsas-</strong></span> 
     </span>
    </p>
   </div>
   <div class='ocr_carea' id='block_1_85' title="bbox 1810 3983 3356 4058">
    <p class='ocr_par' dir='ltr' id='par_1_85' title="bbox 1810 3983 3356 4058">
     <span class='ocr_line' id='line_1_85' title="bbox 1810 3983 3356 4058; baseline 0.007 -20"><span class='ocrx_word' id='word_1_591' title='bbox 1810 3993 1964 4049; x_wconf 66' lang='lat' dir='ltr'><strong>sent,</strong></span> <span class='ocrx_word' id='word_1_592' title='bbox 1984 3983 2113 4054; x_wconf 86' lang='lat' dir='ltr'><strong>quid</strong></span> <span class='ocrx_word' id='word_1_593' title='bbox 2140 3987 2356 4039; x_wconf 85' lang='lat' dir='ltr'><strong>tandem</strong></span> <span class='ocrx_word' id='word_1_594' title='bbox 2385 3987 2755 4055; x_wconf 80' lang='lat' dir='ltr'><strong>prohibuisset</strong></span> <span class='ocrx_word' id='word_1_595' title='bbox 2772 3992 3066 4058; x_wconf 76' lang='lat' dir='ltr'><strong>quominus</strong></span> <span class='ocrx_word' id='word_1_596' title='bbox 3092 3992 3160 4048; x_wconf 83' lang='lat' dir='ltr'><strong>ad</strong></span> <span class='ocrx_word' id='word_1_597' title='bbox 3187 4008 3356 4049; x_wconf 88' lang='lat' dir='ltr'><strong>unum</strong></span> 
     </span>
    </p>
   </div>
   <div class='ocr_carea' id='block_1_86' title="bbox 1811 4075 3356 4147">
    <p class='ocr_par' dir='ltr' id='par_1_86' title="bbox 1811 4075 3356 4147">
     <span class='ocr_line' id='line_1_86' title="bbox 1811 4075 3356 4147; baseline 0.012 -20"><span class='ocrx_word' id='word_1_598' title='bbox 1811 4090 2001 4129; x_wconf 88' lang='lat' dir='ltr'><strong>omnes</strong></span> <span class='ocrx_word' id='word_1_599' title='bbox 2029 4075 2169 4131; x_wconf 87' lang='lat' dir='ltr'><strong>bello</strong></span> <span class='ocrx_word' id='word_1_600' title='bbox 2202 4077 2472 4147; x_wconf 87' lang='lat' dir='ltr'><strong>absumpti</strong></span> <span class='ocrx_word' id='word_1_601' title='bbox 2502 4079 2771 4135; x_wconf 79' lang='lat' dir='ltr'><strong>fuissent!</strong></span> <span class='ocrx_word' id='word_1_602' title='bbox 2800 4080 2947 4135; x_wconf 79' lang='lat' dir='ltr'><strong>idem</strong></span> <span class='ocrx_word' id='word_1_603' title='bbox 2981 4082 3147 4138; x_wconf 76' lang='lat' dir='ltr'><strong>nobis</strong></span> <span class='ocrx_word' id='word_1_604' title='bbox 3170 4084 3356 4145; x_wconf 82' lang='lat' dir='ltr'><strong>immi-</strong></span> 
     </span>
    </p>
   </div>
   <div class='ocr_carea' id='block_1_87' title="bbox 1810 4167 3363 4240">
    <p class='ocr_par' dir='ltr' id='par_1_87' title="bbox 1810 4167 3363 4240">
     <span class='ocr_line' id='line_1_87' title="bbox 1810 4167 3363 4240; baseline 0.008 -22"><span class='ocrx_word' id='word_1_605' title='bbox 1810 4179 1943 4220; x_wconf 91' lang='lat' dir='ltr'><strong>nere</strong></span> <span class='ocrx_word' id='word_1_606' title='bbox 1964 4167 2195 4223; x_wconf 82' lang='lat' dir='ltr'><strong>cernitis</strong></span> <span class='ocrx_word' id='word_1_607' title='bbox 2207 4169 2525 4237; x_wconf 80' lang='lat' dir='ltr'><strong>periculum,</strong></span> <span class='ocrx_word' id='word_1_608' title='bbox 2550 4171 2692 4225; x_wconf 85' lang='lat' dir='ltr'><strong>idem</strong></span> <span class='ocrx_word' id='word_1_609' title='bbox 2713 4172 2960 4240; x_wconf 80' lang='lat' dir='ltr'><strong>exitium,</strong></span> <span class='ocrx_word' id='word_1_610' title='bbox 2980 4174 3173 4231; x_wconf 79' lang='lat' dir='ltr'><strong>eodem</strong></span> <span class='ocrx_word' id='word_1_611' title='bbox 3192 4176 3363 4231; x_wconf 79' lang='lat' dir='ltr'><strong>modo</strong></span> 
     </span>
    </p>
   </div>
   <div class='ocr_carea' id='block_1_88' title="bbox 1810 4258 3359 4337">
    <p class='ocr_par' dir='ltr' id='par_1_88' title="bbox 1810 4258 3359 4337">
     <span class='ocr_line' id='line_1_88' title="bbox 1810 4258 3359 4337; baseline 0.01 -30"><span class='ocrx_word' id='word_1_612' title='bbox 1810 4270 1995 4309; x_wconf 90' lang='lat' dir='ltr'><strong>arcere</strong></span> <span class='ocrx_word' id='word_1_613' title='bbox 2024 4258 2198 4311; x_wconf 88' lang='lat' dir='ltr'><strong>hostis</strong></span> <span class='ocrx_word' id='word_1_614' title='bbox 2224 4258 2482 4326; x_wconf 78' lang='lat' dir='ltr'><strong>impetum</strong></span> <span class='ocrx_word' id='word_1_615' title='bbox 2520 4261 2748 4328; x_wconf 83' lang='lat' dir='ltr'><strong>debetis,</strong></span> <span class='ocrx_word' id='word_1_616' title='bbox 2777 4276 2901 4317; x_wconf 90' lang='lat' dir='ltr'><strong>cum</strong></span> <span class='ocrx_word' id='word_1_617' title='bbox 2938 4265 3086 4321; x_wconf 90' lang='lat' dir='ltr'><strong>nullo</strong></span> <span class='ocrx_word' id='word_1_618' title='bbox 3108 4266 3215 4320; x_wconf 89' lang='lat' dir='ltr'><strong>alio</strong></span> <span class='ocrx_word' id='word_1_619' title='bbox 3235 4282 3359 4337; x_wconf 55' lang='lat' dir='ltr'><strong>posa</strong></span> 
     </span>
    </p>
   </div>
   <div class='ocr_carea' id='block_1_89' title="bbox 162 4347 3365 4432">
    <p class='ocr_par' dir='ltr' id='par_1_89' title="bbox 162 4347 3365 4432">
     <span class='ocr_line' id='line_1_89' title="bbox 162 4347 3365 4432; baseline 0.006 -39"><span class='ocrx_word' id='word_1_620' title='bbox 162 4352 285 4408; x_wconf 73' lang='lat' dir='ltr'><strong>loco</strong></span> <span class='ocrx_word' id='word_1_621' title='bbox 338 4353 538 4409; x_wconf 66' lang='lat' dir='ltr'><strong>Ncswl-</strong></span> <span class='ocrx_word' id='word_1_622' title='bbox 583 4357 674 4411; x_wconf 66' lang='lat' dir='ltr'><strong>me</strong></span> <span class='ocrx_word' id='word_1_623' title='bbox 713 4358 1050 4423; x_wconf 54' lang='lat' dir='ltr'><strong>Homericus,</strong></span> <span class='ocrx_word' id='word_1_624' title='bbox 1093 4364 1187 4431; x_wconf 69' lang='lat' dir='ltr'><strong>qui</strong></span> <span class='ocrx_word' id='word_1_625' title='bbox 1238 4358 1702 4432; x_wconf 64' lang='lat' dir='ltr'><strong>Agamemnonem</strong></span> <span class='ocrx_word' id='word_1_626' title='bbox 1739 4370 1780 4424; x_wconf 70' lang='grc' dir='ltr'><strong>υ</strong></span> <span class='ocrx_word' id='word_1_627' title='bbox 1812 4347 1949 4403; x_wconf 86' lang='lat' dir='ltr'><strong>sitis.</strong></span> <span class='ocrx_word' id='word_1_628' title='bbox 1981 4349 2169 4402; x_wconf 86' lang='lat' dir='ltr'><strong>Eidem</strong></span> <span class='ocrx_word' id='word_1_629' title='bbox 2220 4351 2572 4405; x_wconf 84' lang='lat' dir='ltr'><strong>morhoidem</strong></span> <span class='ocrx_word' id='word_1_630' title='bbox 2617 4354 3078 4409; x_wconf 88' lang='lat' dir='ltr'><strong>medicamentum</strong></span> <span class='ocrx_word' id='word_1_631' title='bbox 3113 4359 3365 4426; x_wconf 80' lang='lat' dir='ltr'><strong>apposite</strong></span> 
     </span>
    </p>
   </div>
   <div class='ocr_carea' id='block_1_90' title="bbox 164 4445 1712 4526">
    <p class='ocr_par' dir='ltr' id='par_1_90' title="bbox 164 4445 1712 4526">
     <span class='ocr_line' id='line_1_90' title="bbox 164 4445 1712 4526; baseline 0.009 -29"><span class='ocrx_word' id='word_1_632' title='bbox 164 4445 365 4501; x_wconf 81' lang='lat' dir='ltr'><strong>Achilli</strong></span> <span class='ocrx_word' id='word_1_633' title='bbox 394 4448 689 4505; x_wconf 81' lang='lat' dir='ltr'><strong>conciliare</strong></span> <span class='ocrx_word' id='word_1_634' title='bbox 714 4450 960 4520; x_wconf 84' lang='lat' dir='ltr'><strong>cupiens,</strong></span> <span class='ocrx_word' id='word_1_635' title='bbox 981 4451 1065 4507; x_wconf 87' lang='lat' dir='ltr'><strong>bis</strong></span> <span class='ocrx_word' id='word_1_636' title='bbox 1086 4454 1269 4509; x_wconf 87' lang='lat' dir='ltr'><strong>verbis</strong></span> <span class='ocrx_word' id='word_1_637' title='bbox 1291 4456 1712 4526; x_wconf 84' lang='lat' dir='ltr'><strong>sapientissimis</strong></span> 
     </span>
    </p>
   </div>
   <div class='ocr_carea' id='block_1_91' title="bbox 161 4546 459 4593">
    <p class='ocr_par' dir='ltr' id='par_1_91' title="bbox 161 4546 459 4593">
     <span class='ocr_line' id='line_1_91' title="bbox 161 4546 459 4593; baseline 0.01 -3"><span class='ocrx_word' id='word_1_638' title='bbox 161 4551 297 4591; x_wconf 85' lang='lat' dir='ltr'><strong>usus</strong></span> <span class='ocrx_word' id='word_1_639' title='bbox 325 4546 412 4591; x_wconf 73' lang='grc' dir='ltr'><strong>εει</strong></span> <span class='ocrx_word' id='word_1_640' title='bbox 442 4556 459 4593; x_wconf 72' lang='lat'><strong>2</strong></span> 
     </span>
    </p>
   </div>
   <div class='ocr_carea' id='block_1_92' title="bbox 231 4672 1670 4746">
    <p class='ocr_par' dir='ltr' id='par_1_92' title="bbox 231 4672 1670 4746">
     <span class='ocr_line' id='line_1_92' title="bbox 231 4672 1670 4746; baseline 0.01 -22"><span class='ocrx_word' id='word_1_641' title='bbox 231 4672 377 4746; x_wconf 58' lang='lat' dir='ltr'><strong>Proh</strong></span> <span class='ocrx_word' id='word_1_642' title='bbox 406 4672 634 4741; x_wconf 72' lang='lat' dir='ltr'><strong>Superi!</strong></span> <span class='ocrx_word' id='word_1_643' title='bbox 656 4676 945 4746; x_wconf 67' lang='lat' dir='ltr'><strong>horrendus</strong></span> <span class='ocrx_word' id='word_1_644' title='bbox 976 4676 1165 4733; x_wconf 79' lang='lat' dir='ltr'><strong>Graias</strong></span> <span class='ocrx_word' id='word_1_645' title='bbox 1196 4681 1406 4746; x_wconf 78' lang='lat' dir='ltr'><strong>festinat</strong></span> <span class='ocrx_word' id='word_1_646' title='bbox 1431 4684 1484 4735; x_wconf 84' lang='lat' dir='ltr'><strong>in</strong></span> <span class='ocrx_word' id='word_1_647' title='bbox 1521 4685 1670 4738; x_wconf 77' lang='lat' dir='ltr'><strong>urbes</strong></span> 
     </span>
    </p>
   </div>
   <div class='ocr_carea' id='block_1_93' title="bbox 228 4742 1675 4822">
    <p class='ocr_par' dir='ltr' id='par_1_93' title="bbox 228 4742 1675 4822">
     <span class='ocr_line' id='line_1_93' title="bbox 228 4742 1675 4822; baseline 0.009 -28"><span class='ocrx_word' id='word_1_648' title='bbox 228 4742 446 4822; x_wconf 37' lang='lat' dir='ltr'><strong>(luctus,</strong></span> <span class='ocrx_word' id='word_1_649' title='bbox 471 4759 620 4811; x_wconf 79' lang='lat' dir='ltr'><strong>quem</strong></span> <span class='ocrx_word' id='word_1_650' title='bbox 642 4747 829 4811; x_wconf 73' lang='lat' dir='ltr'><strong>magno</strong></span> <span class='ocrx_word' id='word_1_651' title='bbox 854 4745 1117 4817; x_wconf 78' lang='lat' dir='ltr'><strong>Priamus,</strong></span> <span class='ocrx_word' id='word_1_652' title='bbox 1144 4742 1441 4822; x_wconf 74' lang='lat' dir='ltr'><strong>Priamique</strong></span> <span class='ocrx_word' id='word_1_653' title='bbox 1468 4765 1675 4821; x_wconf 73' lang='lat' dir='ltr'><strong>nepotes</strong></span> 
     </span>
    </p>
   </div>
   <div class='ocr_carea' id='block_1_94' title="bbox 234 4809 1500 4882">
    <p class='ocr_par' dir='ltr' id='par_1_94' title="bbox 234 4809 1500 4882">
     <span class='ocr_line' id='line_1_94' title="bbox 234 4809 1500 4882; baseline 0.009 -21"><span class='ocrx_word' id='word_1_654' title='bbox 234 4809 704 4882; x_wconf 51' lang='lat' dir='ltr'><strong>Hvrcaniumsum</strong></span> <span class='ocrx_word' id='word_1_655' title='bbox 730 4809 817 4865; x_wconf 73' lang='lat' dir='ltr'><strong>uos</strong></span> <span class='ocrx_word' id='word_1_656' title='bbox 844 4826 992 4869; x_wconf 78' lang='lat' dir='ltr'><strong>tanta</strong></span> <span class='ocrx_word' id='word_1_657' title='bbox 1022 4809 1327 4882; x_wconf 70' lang='lat' dir='ltr'><strong>concurrere</strong></span> <span class='ocrx_word' id='word_1_658' title='bbox 1356 4809 1500 4873; x_wconf 65' lang='lat' dir='ltr'><strong>motu</strong></span> 
     </span>
    </p>
   </div>
   <div class='ocr_carea' id='block_1_95' title="bbox 225 4880 1661 4959">
    <p class='ocr_par' dir='ltr' id='par_1_95' title="bbox 225 4880 1661 4959">
     <span class='ocr_line' id='line_1_95' title="bbox 225 4880 1661 4959; baseline 0.01 -30"><span class='ocrx_word' id='word_1_659' title='bbox 225 4880 449 4959; x_wconf 56' lang='lat' dir='ltr'><strong>{rerum</strong></span> <span class='ocrx_word' id='word_1_660' title='bbox 480 4881 761 4943; x_wconf 73' lang='lat' dir='ltr'><strong>audierint,</strong></span> <span class='ocrx_word' id='word_1_661' title='bbox 793 4884 917 4959; x_wconf 51' lang='lat' dir='ltr'><strong>duo,</strong></span> <span class='ocrx_word' id='word_1_662' title='bbox 952 4890 1040 4955; x_wconf 82' lang='lat' dir='ltr'><strong>qui</strong></span> <span class='ocrx_word' id='word_1_663' title='bbox 1065 4906 1156 4955; x_wconf 85' lang='lat' dir='ltr'><strong>per</strong></span> <span class='ocrx_word' id='word_1_664' title='bbox 1179 4880 1351 4941; x_wconf 78' lang='lat' dir='ltr'><strong>castra</strong></span> <span class='ocrx_word' id='word_1_665' title='bbox 1383 4887 1661 4959; x_wconf 68' lang='lat' dir='ltr'><strong>Pelasgum</strong></span> 
     </span>
    </p>
   </div>
   <div class='ocr_carea' id='block_1_96' title="bbox 224 4948 1568 5025">
    <p class='ocr_par' dir='ltr' id='par_1_96' title="bbox 224 4948 1568 5025">
     <span class='ocr_line' id='line_1_96' title="bbox 224 4948 1568 5025; baseline 0.009 -27"><span class='ocrx_word' id='word_1_666' title='bbox 224 4948 461 5025; x_wconf 45' lang='lat' dir='ltr'><strong>consilio</strong></span> <span class='ocrx_word' id='word_1_667' title='bbox 488 4958 643 5017; x_wconf 75' lang='lat' dir='ltr'><strong>atque</strong></span> <span class='ocrx_word' id='word_1_668' title='bbox 667 4954 829 5025; x_wconf 70' lang='lat' dir='ltr'><strong>armis</strong></span> <span class='ocrx_word' id='word_1_669' title='bbox 855 4948 1023 5009; x_wconf 69' lang='lat' dir='ltr'><strong>claros</strong></span> <span class='ocrx_word' id='word_1_670' title='bbox 1051 4948 1311 5025; x_wconf 78' lang='lat' dir='ltr'><strong>superatis</strong></span> <span class='ocrx_word' id='word_1_671' title='bbox 1331 4948 1568 5012; x_wconf 48' lang='lat' dir='ltr'><strong>Achivos:</strong></span> 
     </span>
    </p>
   </div>
   <div class='ocr_carea' id='block_1_97' title="bbox 224 5016 895 5086">
    <p class='ocr_par' dir='ltr' id='par_1_97' title="bbox 224 5016 895 5086">
     <span class='ocr_line' id='line_1_97' title="bbox 224 5016 895 5086; baseline 0.013 -20"><span class='ocrx_word' id='word_1_672' title='bbox 224 5022 295 5070; x_wconf 76' lang='lat' dir='ltr'><strong>At</strong></span> <span class='ocrx_word' id='word_1_673' title='bbox 322 5016 475 5076; x_wconf 75' lang='lat' dir='ltr'><strong>nobis</strong></span> <span class='ocrx_word' id='word_1_674' title='bbox 507 5028 688 5086; x_wconf 76' lang='lat' dir='ltr'><strong>parete</strong></span> <span class='ocrx_word' id='word_1_675' title='bbox 720 5022 895 5077; x_wconf 76' lang='lat' dir='ltr'><strong>amba.</strong></span> 
     </span>
    </p>
   </div>
   <div class='ocr_carea' id='block_1_98' title="bbox 220 5146 1698 5221">
    <p class='ocr_par' dir='ltr' id='par_1_98' title="bbox 220 5146 1698 5221">
     <span class='ocr_line' id='line_1_98' title="bbox 220 5146 1698 5221; baseline 0.007 -19"><span class='ocrx_word' id='word_1_676' title='bbox 220 5148 348 5202; x_wconf 86' lang='lat' dir='ltr'><strong>Non</strong></span> <span class='ocrx_word' id='word_1_677' title='bbox 380 5146 577 5212; x_wconf 89' lang='lat' dir='ltr'><strong>dicam,</strong></span> <span class='ocrx_word' id='word_1_678' title='bbox 621 5160 677 5205; x_wconf 87' lang='lat' dir='ltr'><strong>ut</strong></span> <span class='ocrx_word' id='word_1_679' title='bbox 708 5151 820 5215; x_wconf 88' lang='lat' dir='ltr'><strong>ille,</strong></span> <span class='ocrx_word' id='word_1_680' title='bbox 866 5154 1120 5221; x_wconf 89' lang='lat' dir='ltr'><strong>quoniam</strong></span> <span class='ocrx_word' id='word_1_681' title='bbox 1176 5158 1359 5210; x_wconf 85' lang='lat' dir='ltr'><strong>senior</strong></span> <span class='ocrx_word' id='word_1_682' title='bbox 1385 5157 1539 5213; x_wconf 86' lang='lat' dir='ltr'><strong>vobis</strong></span> <span class='ocrx_word' id='word_1_683' title='bbox 1577 5174 1698 5214; x_wconf 90' lang='lat' dir='ltr'><strong>sum</strong></span> 
     </span>
    </p>
   </div>
   <div class='ocr_carea' id='block_1_99' title="bbox 151 5232 1700 5316">
    <p class='ocr_par' dir='ltr' id='par_1_99' title="bbox 151 5232 1700 5316">
     <span class='ocr_line' id='line_1_99' title="bbox 151 5232 1700 5316; baseline 0.005 -21"><span class='ocrx_word' id='word_1_684' title='bbox 151 5249 204 5295; x_wconf 88' lang='lat' dir='ltr'><strong>et</strong></span> <span class='ocrx_word' id='word_1_685' title='bbox 228 5240 389 5309; x_wconf 84' lang='lat' dir='ltr'><strong>plura</strong></span> <span class='ocrx_word' id='word_1_686' title='bbox 420 5238 547 5299; x_wconf 82' lang='lat' dir='ltr'><strong>vidi,</strong></span> <span class='ocrx_word' id='word_1_687' title='bbox 583 5241 674 5292; x_wconf 75' lang='lat' dir='ltr'><strong>sed</strong></span> <span class='ocrx_word' id='word_1_688' title='bbox 698 5244 842 5310; x_wconf 84' lang='lat' dir='ltr'><strong>quod</strong></span> <span class='ocrx_word' id='word_1_689' title='bbox 869 5245 1021 5313; x_wconf 84' lang='lat' dir='ltr'><strong>plura</strong></span> <span class='ocrx_word' id='word_1_690' title='bbox 1039 5262 1156 5301; x_wconf 89' lang='lat' dir='ltr'><strong>sum</strong></span> <span class='ocrx_word' id='word_1_691' title='bbox 1178 5232 1391 5314; x_wconf 80' lang='lat' dir='ltr'><strong>passus,</strong></span> <span class='ocrx_word' id='word_1_692' title='bbox 1425 5249 1609 5316; x_wconf 89' lang='lat' dir='ltr'><strong>plures</strong></span> <span class='ocrx_word' id='word_1_693' title='bbox 1633 5252 1700 5303; x_wconf 81' lang='lat' dir='ltr'><strong>ab</strong></span> 
     </span>
    </p>
   </div>
   <div class='ocr_carea' id='block_1_100' title="bbox 153 5326 1701 5407">
    <p class='ocr_par' dir='ltr' id='par_1_100' title="bbox 153 5326 1701 5407">
     <span class='ocr_line' id='line_1_100' title="bbox 153 5326 1701 5407; baseline 0.009 -28"><span class='ocrx_word' id='word_1_694' title='bbox 153 5328 309 5380; x_wconf 84' lang='lat' dir='ltr'><strong>hoste</strong></span> <span class='ocrx_word' id='word_1_695' title='bbox 341 5326 681 5387; x_wconf 86' lang='lat' dir='ltr'><strong>calamitates</strong></span> <span class='ocrx_word' id='word_1_696' title='bbox 702 5334 909 5402; x_wconf 87' lang='lat' dir='ltr'><strong>accepi,</strong></span> <span class='ocrx_word' id='word_1_697' title='bbox 933 5336 1025 5402; x_wconf 89' lang='lat' dir='ltr'><strong>qui</strong></span> <span class='ocrx_word' id='word_1_698' title='bbox 1058 5337 1283 5399; x_wconf 89' lang='lat' dir='ltr'><strong>amicos,</strong></span> <span class='ocrx_word' id='word_1_699' title='bbox 1311 5348 1580 5405; x_wconf 81' lang='lat' dir='ltr'><strong>parentes,</strong></span> <span class='ocrx_word' id='word_1_700' title='bbox 1606 5355 1701 5407; x_wconf 85' lang='lat' dir='ltr'><strong>pa-</strong></span> 
     </span>
    </p>
   </div>
   <div class='ocr_carea' id='block_1_101' title="bbox 150 5418 1698 5497">
    <p class='ocr_par' dir='ltr' id='par_1_101' title="bbox 150 5418 1698 5497">
     <span class='ocr_line' id='line_1_101' title="bbox 150 5418 1698 5497; baseline 0.008 -26"><span class='ocrx_word' id='word_1_701' title='bbox 150 5418 335 5478; x_wconf 75' lang='lat' dir='ltr'><strong>triam,</strong></span> <span class='ocrx_word' id='word_1_702' title='bbox 365 5432 487 5484; x_wconf 69' lang='lat' dir='ltr'><strong>qua:</strong></span> <span class='ocrx_word' id='word_1_703' title='bbox 514 5418 718 5475; x_wconf 88' lang='lat' dir='ltr'><strong>homini</strong></span> <span class='ocrx_word' id='word_1_704' title='bbox 758 5424 811 5477; x_wconf 92' lang='lat' dir='ltr'><strong>in</strong></span> <span class='ocrx_word' id='word_1_705' title='bbox 843 5426 1379 5495; x_wconf 75' lang='lat' dir='ltr'><strong>vitajucundissima</strong></span> <span class='ocrx_word' id='word_1_706' title='bbox 1414 5438 1559 5491; x_wconf 88' lang='lat' dir='ltr'><strong>sunt,</strong></span> <span class='ocrx_word' id='word_1_707' title='bbox 1601 5445 1698 5497; x_wconf 89' lang='lat' dir='ltr'><strong>per</strong></span> 
     </span>
    </p>
   </div>
   <div class='ocr_carea' id='block_1_102' title="bbox 150 5507 1696 5587">
    <p class='ocr_par' dir='ltr' id='par_1_102' title="bbox 150 5507 1696 5587">
     <span class='ocr_line' id='line_1_102' title="bbox 150 5507 1696 5587; baseline 0.007 -26"><span class='ocrx_word' id='word_1_708' title='bbox 150 5508 421 5562; x_wconf 72' lang='lat' dir='ltr'><strong>maximos</strong></span> <span class='ocrx_word' id='word_1_709' title='bbox 457 5507 672 5563; x_wconf 72' lang='lat' dir='ltr'><strong>dolares</strong></span> <span class='ocrx_word' id='word_1_710' title='bbox 707 5521 761 5564; x_wconf 75' lang='lat' dir='ltr'><strong>et</strong></span> <span class='ocrx_word' id='word_1_711' title='bbox 801 5518 1075 5571; x_wconf 88' lang='lat' dir='ltr'><strong>cruciatus</strong></span> <span class='ocrx_word' id='word_1_712' title='bbox 1123 5519 1249 5570; x_wconf 84' lang='lat' dir='ltr'><strong>mihi</strong></span> <span class='ocrx_word' id='word_1_713' title='bbox 1301 5518 1521 5587; x_wconf 74' lang='lat' dir='ltr'><strong>eripuit.</strong></span> <span class='ocrx_word' id='word_1_714' title='bbox 1568 5520 1696 5583; x_wconf 58' lang='lat' dir='ltr'><strong>Qun?</strong></span> 
     </span>
    </p>
   </div>
   <div class='ocr_carea' id='block_1_103' title="bbox 151 5599 1689 5681">
    <p class='ocr_par' dir='ltr' id='par_1_103' title="bbox 151 5599 1689 5681">
     <span class='ocr_line' id='line_1_103' title="bbox 151 5599 1689 5681; baseline 0.009 -29"><span class='ocrx_word' id='word_1_715' title='bbox 151 5601 247 5658; x_wconf 74' lang='lat' dir='ltr'><strong>etsi</strong></span> <span class='ocrx_word' id='word_1_716' title='bbox 282 5599 573 5665; x_wconf 78' lang='lat' dir='ltr'><strong>prudentia</strong></span> <span class='ocrx_word' id='word_1_717' title='bbox 606 5610 783 5661; x_wconf 72' lang='lat' dir='ltr'><strong>vestra</strong></span> <span class='ocrx_word' id='word_1_718' title='bbox 811 5620 871 5665; x_wconf 79' lang='lat' dir='ltr'><strong>ac</strong></span> <span class='ocrx_word' id='word_1_719' title='bbox 909 5610 1178 5672; x_wconf 74' lang='lat' dir='ltr'><strong>sapientia</strong></span> <span class='ocrx_word' id='word_1_720' title='bbox 1206 5610 1387 5668; x_wconf 79' lang='lat' dir='ltr'><strong>animo</strong></span> <span class='ocrx_word' id='word_1_721' title='bbox 1406 5614 1689 5681; x_wconf 78' lang='lat' dir='ltr'><strong>complecti</strong></span> 
     </span>
    </p>
   </div>
   <div class='ocr_carea' id='block_1_104' title="bbox 1812 4439 3357 4508">
    <p class='ocr_par' dir='ltr' id='par_1_104' title="bbox 1812 4439 3357 4508">
     <span class='ocr_line' id='line_1_104' title="bbox 1812 4439 3357 4508; baseline 0.008 -18"><span class='ocrx_word' id='word_1_722' title='bbox 1812 4440 2087 4503; x_wconf 87' lang='lat' dir='ltr'><strong>convenit,</strong></span> <span class='ocrx_word' id='word_1_723' title='bbox 2115 4439 2257 4507; x_wconf 88' lang='lat' dir='ltr'><strong>quod</strong></span> <span class='ocrx_word' id='word_1_724' title='bbox 2289 4440 2419 4493; x_wconf 80' lang='lat' dir='ltr'><strong>satis</strong></span> <span class='ocrx_word' id='word_1_725' title='bbox 2462 4442 2680 4508; x_wconf 88' lang='lat' dir='ltr'><strong>quidem</strong></span> <span class='ocrx_word' id='word_1_726' title='bbox 2711 4445 2945 4499; x_wconf 83' lang='lat' dir='ltr'><strong>vaiidum</strong></span> <span class='ocrx_word' id='word_1_727' title='bbox 2996 4454 3097 4499; x_wconf 88' lang='lat' dir='ltr'><strong>est.</strong></span> <span class='ocrx_word' id='word_1_728' title='bbox 3140 4447 3273 4503; x_wconf 75' lang='lat' dir='ltr'><strong>Nam</strong></span> <span class='ocrx_word' id='word_1_729' title='bbox 3307 4449 3357 4504; x_wconf 88' lang='lat' dir='ltr'><strong>si</strong></span> 
     </span>
    </p>
   </div>
   <div class='ocr_carea' id='block_1_105' title="bbox 1810 4526 3357 4605">
    <p class='ocr_par' dir='ltr' id='par_1_105' title="bbox 1810 4526 3357 4605">
     <span class='ocr_line' id='line_1_105' title="bbox 1810 4526 3357 4605; baseline 0.009 -26"><span class='ocrx_word' id='word_1_730' title='bbox 1810 4526 2003 4591; x_wconf 71' lang='lat' dir='ltr'><strong>Grazci,</strong></span> <span class='ocrx_word' id='word_1_731' title='bbox 2042 4528 2288 4595; x_wconf 81' lang='lat' dir='ltr'><strong>quamvis</strong></span> <span class='ocrx_word' id='word_1_732' title='bbox 2320 4528 2514 4583; x_wconf 82' lang='lat' dir='ltr'><strong>Xerxis</strong></span> <span class='ocrx_word' id='word_1_733' title='bbox 2534 4532 2743 4587; x_wconf 85' lang='lat' dir='ltr'><strong>viribus</strong></span> <span class='ocrx_word' id='word_1_734' title='bbox 2774 4535 2928 4605; x_wconf 72' lang='lat' dir='ltr'><strong>longe</strong></span> <span class='ocrx_word' id='word_1_735' title='bbox 2956 4536 3244 4595; x_wconf 77' lang='lat' dir='ltr'><strong>inferiares</strong></span> <span class='ocrx_word' id='word_1_736' title='bbox 3267 4553 3357 4593; x_wconf 44' lang='lat' dir='ltr'><strong>ese</strong></span> 
     </span>
    </p>
   </div>
   <div class='ocr_carea' id='block_1_106' title="bbox 1809 4622 3349 4698">
    <p class='ocr_par' dir='ltr' id='par_1_106' title="bbox 1809 4622 3349 4698">
     <span class='ocr_line' id='line_1_106' title="bbox 1809 4622 3349 4698; baseline 0.01 -27"><span class='ocrx_word' id='word_1_737' title='bbox 1809 4626 1951 4681; x_wconf 88' lang='lat' dir='ltr'><strong>sent,</strong></span> <span class='ocrx_word' id='word_1_738' title='bbox 1981 4628 2180 4685; x_wconf 79' lang='lat' dir='ltr'><strong>tamen,</strong></span> <span class='ocrx_word' id='word_1_739' title='bbox 2218 4622 2505 4676; x_wconf 87' lang='lat' dir='ltr'><strong>concordia</strong></span> <span class='ocrx_word' id='word_1_740' title='bbox 2541 4622 2701 4690; x_wconf 87' lang='lat' dir='ltr'><strong>duce,</strong></span> <span class='ocrx_word' id='word_1_741' title='bbox 2733 4625 2947 4680; x_wconf 84' lang='lat' dir='ltr'><strong>hostem</strong></span> <span class='ocrx_word' id='word_1_742' title='bbox 2982 4640 3349 4698; x_wconf 88' lang='lat' dir='ltr'><strong>superarunt;</strong></span> 
     </span>
    </p>
   </div>
   <div class='ocr_carea' id='block_1_107' title="bbox 1807 4704 3350 4784">
    <p class='ocr_par' dir='ltr' id='par_1_107' title="bbox 1807 4704 3350 4784">
     <span class='ocr_line' id='line_1_107' title="bbox 1807 4704 3350 4784; baseline 0.006 -25"><span class='ocrx_word' id='word_1_743' title='bbox 1807 4704 1938 4774; x_wconf 90' lang='lat' dir='ltr'><strong>quid</strong></span> <span class='ocrx_word' id='word_1_744' title='bbox 1980 4704 2194 4759; x_wconf 88' lang='lat' dir='ltr'><strong>tandem</strong></span> <span class='ocrx_word' id='word_1_745' title='bbox 2225 4721 2321 4761; x_wconf 85' lang='lat' dir='ltr'><strong>vos</strong></span> <span class='ocrx_word' id='word_1_746' title='bbox 2344 4723 2522 4777; x_wconf 74' lang='lat' dir='ltr'><strong>agere,</strong></span> <span class='ocrx_word' id='word_1_747' title='bbox 2557 4710 2736 4764; x_wconf 91' lang='lat' dir='ltr'><strong>divina</strong></span> <span class='ocrx_word' id='word_1_748' title='bbox 2767 4712 2980 4769; x_wconf 78' lang='lat' dir='ltr'><strong>favente</strong></span> <span class='ocrx_word' id='word_1_749' title='bbox 3021 4717 3213 4783; x_wconf 74' lang='lat' dir='ltr'><strong>gratia,</strong></span> <span class='ocrx_word' id='word_1_750' title='bbox 3252 4730 3350 4784; x_wconf 74' lang='lat' dir='ltr'><strong>pot-</strong></span> 
     </span>
    </p>
   </div>
   <div class='ocr_carea' id='block_1_108' title="bbox 1808 4797 3351 4873">
    <p class='ocr_par' dir='ltr' id='par_1_108' title="bbox 1808 4797 3351 4873">
     <span class='ocr_line' id='line_1_108' title="bbox 1808 4797 3351 4873; baseline 0.005 -23"><span class='ocrx_word' id='word_1_751' title='bbox 1808 4797 1987 4850; x_wconf 89' lang='lat' dir='ltr'><strong>teritis</strong></span> <span class='ocrx_word' id='word_1_752' title='bbox 2012 4797 2332 4861; x_wconf 85' lang='lat' dir='ltr'><strong>concordes,</strong></span> <span class='ocrx_word' id='word_1_753' title='bbox 2372 4811 2426 4852; x_wconf 91' lang='lat' dir='ltr'><strong>et</strong></span> <span class='ocrx_word' id='word_1_754' title='bbox 2455 4803 2836 4857; x_wconf 88' lang='lat' dir='ltr'><strong>communibus</strong></span> <span class='ocrx_word' id='word_1_755' title='bbox 2867 4804 3092 4867; x_wconf 86' lang='lat' dir='ltr'><strong>viribus,</strong></span> <span class='ocrx_word' id='word_1_756' title='bbox 3128 4807 3218 4873; x_wconf 82' lang='lat' dir='ltr'><strong>qui</strong></span> <span class='ocrx_word' id='word_1_757' title='bbox 3250 4807 3351 4858; x_wconf 55' lang='lat' dir='ltr'><strong>ho.</strong></span> 
     </span>
    </p>
   </div>
   <div class='ocr_carea' id='block_1_109' title="bbox 1807 4887 3353 4961">
    <p class='ocr_par' dir='ltr' id='par_1_109' title="bbox 1807 4887 3353 4961">
     <span class='ocr_line' id='line_1_109' title="bbox 1807 4887 3353 4961; baseline 0.008 -22"><span class='ocrx_word' id='word_1_758' title='bbox 1807 4887 2013 4940; x_wconf 87' lang='lat' dir='ltr'><strong>minum</strong></span> <span class='ocrx_word' id='word_1_759' title='bbox 2042 4902 2271 4941; x_wconf 83' lang='lat' dir='ltr'><strong>numero</strong></span> <span class='ocrx_word' id='word_1_760' title='bbox 2312 4903 2418 4941; x_wconf 90' lang='lat' dir='ltr'><strong>non</strong></span> <span class='ocrx_word' id='word_1_761' title='bbox 2459 4892 2759 4957; x_wconf 87' lang='lat' dir='ltr'><strong>pauciores,</strong></span> <span class='ocrx_word' id='word_1_762' title='bbox 2798 4893 2998 4945; x_wconf 83' lang='lat' dir='ltr'><strong>virtute</strong></span> <span class='ocrx_word' id='word_1_763' title='bbox 3031 4894 3188 4961; x_wconf 69' lang='lat' dir='ltr'><strong>longe</strong></span> <span class='ocrx_word' id='word_1_764' title='bbox 3216 4902 3353 4953; x_wconf 74' lang='lat' dir='ltr'><strong>estis</strong></span> 
     </span>
    </p>
   </div>
   <div class='ocr_carea' id='block_1_110' title="bbox 1806 4978 3347 5044">
    <p class='ocr_par' dir='ltr' id='par_1_110' title="bbox 1806 4978 3347 5044">
     <span class='ocr_line' id='line_1_110' title="bbox 1806 4978 3347 5044; baseline 0.008 -15"><span class='ocrx_word' id='word_1_765' title='bbox 1806 4978 2203 5044; x_wconf 69' lang='lat' dir='ltr'><strong>prmstantiores</strong></span> <span class='ocrx_word' id='word_1_766' title='bbox 2233 4978 2514 5031; x_wconf 79' lang='lat' dir='ltr'><strong>hostibus?</strong></span> <span class='ocrx_word' id='word_1_767' title='bbox 2539 4979 2583 5031; x_wconf 86' lang='grc'>0</span> <span class='ocrx_word' id='word_1_768' title='bbox 2620 4982 2663 5033; x_wconf 87' lang='lat' dir='ltr'><strong>si</strong></span> <span class='ocrx_word' id='word_1_769' title='bbox 2689 4980 2807 5035; x_wconf 85' lang='lat' dir='ltr'><strong>dies</strong></span> <span class='ocrx_word' id='word_1_770' title='bbox 2840 4983 2927 5037; x_wconf 76' lang='lat' dir='ltr'><strong>ille</strong></span> <span class='ocrx_word' id='word_1_771' title='bbox 2959 4986 3094 5039; x_wconf 89' lang='lat' dir='ltr'><strong>mihi</strong></span> <span class='ocrx_word' id='word_1_772' title='bbox 3159 4987 3347 5043; x_wconf 79' lang='lat' dir='ltr'><strong>iiluce-</strong></span> 
     </span>
    </p>
   </div>
   <div class='ocr_carea' id='block_1_111' title="bbox 1803 5067 3344 5151">
    <p class='ocr_par' dir='ltr' id='par_1_111' title="bbox 1803 5067 3344 5151">
     <span class='ocr_line' id='line_1_111' title="bbox 1803 5067 3344 5151; baseline 0.011 -34"><span class='ocrx_word' id='word_1_773' title='bbox 1803 5075 1937 5131; x_wconf 86' lang='lat' dir='ltr'><strong>scat,</strong></span> <span class='ocrx_word' id='word_1_774' title='bbox 1968 5082 2098 5133; x_wconf 88' lang='lat' dir='ltr'><strong>quo,</strong></span> <span class='ocrx_word' id='word_1_775' title='bbox 2129 5067 2355 5120; x_wconf 87' lang='lat' dir='ltr'><strong>aboletis</strong></span> <span class='ocrx_word' id='word_1_776' title='bbox 2386 5070 2725 5138; x_wconf 85' lang='lat' dir='ltr'><strong>sepultisque</strong></span> <span class='ocrx_word' id='word_1_777' title='bbox 2756 5074 2896 5128; x_wconf 89' lang='lat' dir='ltr'><strong>odiis</strong></span> <span class='ocrx_word' id='word_1_778' title='bbox 2924 5078 3197 5141; x_wconf 78' lang='lat' dir='ltr'><strong>omnibus,</strong></span> <span class='ocrx_word' id='word_1_779' title='bbox 3224 5080 3344 5151; x_wconf 83' lang='lat' dir='ltr'><strong>pari</strong></span> 
     </span>
    </p>
   </div>
   <div class='ocr_carea' id='block_1_112' title="bbox 1802 5156 3345 5235">
    <p class='ocr_par' dir='ltr' id='par_1_112' title="bbox 1802 5156 3345 5235">
     <span class='ocr_line' id='line_1_112' title="bbox 1802 5156 3345 5235; baseline 0.01 -29"><span class='ocrx_word' id='word_1_780' title='bbox 1802 5168 2068 5208; x_wconf 86' lang='lat' dir='ltr'><strong>consensu</strong></span> <span class='ocrx_word' id='word_1_781' title='bbox 2099 5156 2308 5209; x_wconf 88' lang='lat' dir='ltr'><strong>hostem</strong></span> <span class='ocrx_word' id='word_1_782' title='bbox 2334 5160 2751 5226; x_wconf 78' lang='lat' dir='ltr'><strong>aggrediamini!</strong></span> <span class='ocrx_word' id='word_1_783' title='bbox 2790 5162 2945 5219; x_wconf 79' lang='lat' dir='ltr'><strong>Nulla</strong></span> <span class='ocrx_word' id='word_1_784' title='bbox 2968 5169 3094 5220; x_wconf 88' lang='lat' dir='ltr'><strong>tuihi</strong></span> <span class='ocrx_word' id='word_1_785' title='bbox 3124 5180 3345 5235; x_wconf 74' lang='lat' dir='ltr'><strong>prxrter-</strong></span> 
     </span>
    </p>
   </div>
   <div class='ocr_carea' id='block_1_113' title="bbox 1799 5246 3347 5325">
    <p class='ocr_par' dir='ltr' id='par_1_113' title="bbox 1799 5246 3347 5325">
     <span class='ocr_line' id='line_1_113' title="bbox 1799 5246 3347 5325; baseline 0.009 -26"><span class='ocrx_word' id='word_1_786' title='bbox 1799 5260 1863 5299; x_wconf 87' lang='lat' dir='ltr'><strong>ea</strong></span> <span class='ocrx_word' id='word_1_787' title='bbox 1902 5246 2170 5300; x_wconf 85' lang='lat' dir='ltr'><strong>dubitatio</strong></span> <span class='ocrx_word' id='word_1_788' title='bbox 2201 5247 2387 5302; x_wconf 90' lang='lat' dir='ltr'><strong>relicta</strong></span> <span class='ocrx_word' id='word_1_789' title='bbox 2436 5259 2519 5304; x_wconf 91' lang='lat' dir='ltr'><strong>est</strong></span> <span class='ocrx_word' id='word_1_790' title='bbox 2547 5253 2614 5304; x_wconf 91' lang='lat' dir='ltr'><strong>de</strong></span> <span class='ocrx_word' id='word_1_791' title='bbox 2636 5254 2882 5309; x_wconf 80' lang='lat' dir='ltr'><strong>-victoria</strong></span> <span class='ocrx_word' id='word_1_792' title='bbox 2907 5274 2919 5308; x_wconf 87' lang='lat'><strong>:</strong></span> <span class='ocrx_word' id='word_1_793' title='bbox 2943 5258 3053 5325; x_wconf 73' lang='lat' dir='ltr'><strong>jam</strong></span> <span class='ocrx_word' id='word_1_794' title='bbox 3090 5260 3347 5321; x_wconf 59' lang='lat' dir='ltr'><strong>vicimus.</strong></span> 
     </span>
    </p>
   </div>
   <div class='ocr_carea' id='block_1_114' title="bbox 1800 5336 3338 5415">
    <p class='ocr_par' dir='ltr' id='par_1_114' title="bbox 1800 5336 3338 5415">
     <span class='ocr_line' id='line_1_114' title="bbox 1800 5336 3338 5415; baseline 0.008 -26"><span class='ocrx_word' id='word_1_795' title='bbox 1800 5336 1956 5400; x_wconf 84' lang='lat' dir='ltr'><strong>Illud,</strong></span> <span class='ocrx_word' id='word_1_796' title='bbox 2004 5351 2215 5404; x_wconf 59' lang='lat' dir='ltr'><strong>quasso.</strong></span> <span class='ocrx_word' id='word_1_797' title='bbox 2261 5339 2458 5393; x_wconf 83' lang='lat' dir='ltr'><strong>animis</strong></span> <span class='ocrx_word' id='word_1_798' title='bbox 2494 5342 2689 5397; x_wconf 87' lang='lat' dir='ltr'><strong>vestris</strong></span> <span class='ocrx_word' id='word_1_799' title='bbox 2726 5360 3014 5414; x_wconf 81' lang='lat' dir='ltr'><strong>parumper</strong></span> <span class='ocrx_word' id='word_1_800' title='bbox 3049 5352 3338 5415; x_wconf 83' lang='lat' dir='ltr'><strong>concipite,</strong></span> 
     </span>
    </p>
   </div>
   <div class='ocr_carea' id='block_1_115' title="bbox 1797 5428 3347 5499">
    <p class='ocr_par' dir='ltr' id='par_1_115' title="bbox 1797 5428 3347 5499">
     <span class='ocr_line' id='line_1_115' title="bbox 1797 5428 3347 5499; baseline 0.01 -22"><span class='ocrx_word' id='word_1_801' title='bbox 1797 5428 2076 5496; x_wconf 81' lang='lat' dir='ltr'><strong>principes</strong></span> <span class='ocrx_word' id='word_1_802' title='bbox 2126 5429 2318 5496; x_wconf 80' lang='lat' dir='ltr'><strong>optimi</strong></span> <span class='ocrx_word' id='word_1_803' title='bbox 2353 5447 2365 5481; x_wconf 91' lang='lat'><strong>:</strong></span> <span class='ocrx_word' id='word_1_804' title='bbox 2403 5434 2853 5499; x_wconf 81' lang='lat' dir='ltr'><strong>quemadmudum</strong></span> <span class='ocrx_word' id='word_1_805' title='bbox 2892 5439 2942 5487; x_wconf 91' lang='lat' dir='ltr'><strong>in</strong></span> <span class='ocrx_word' id='word_1_806' title='bbox 2980 5437 3099 5487; x_wconf 82' lang='lat' dir='ltr'><strong>navi</strong></span> <span class='ocrx_word' id='word_1_807' title='bbox 3146 5440 3347 5499; x_wconf 56' lang='lat' dir='ltr'><strong>seditio.</strong></span> 
     </span>
    </p>
   </div>
   <div class='ocr_carea' id='block_1_116' title="bbox 1798 5520 3337 5597">
    <p class='ocr_par' dir='ltr' id='par_1_116' title="bbox 1798 5520 3337 5597">
     <span class='ocr_line' id='line_1_116' title="bbox 1798 5520 3337 5597; baseline 0.008 -25"><span class='ocrx_word' id='word_1_808' title='bbox 1798 5529 1935 5584; x_wconf 81' lang='lat' dir='ltr'><strong>orta,</strong></span> <span class='ocrx_word' id='word_1_809' title='bbox 1980 5520 2438 5587; x_wconf 77' lang='lat' dir='ltr'><strong>perniciosissima</strong></span> <span class='ocrx_word' id='word_1_810' title='bbox 2472 5532 2573 5585; x_wconf 87' lang='lat' dir='ltr'><strong>est,</strong></span> <span class='ocrx_word' id='word_1_811' title='bbox 2610 5524 2678 5575; x_wconf 88' lang='lat' dir='ltr'><strong>ita</strong></span> <span class='ocrx_word' id='word_1_812' title='bbox 2720 5539 2837 5577; x_wconf 85' lang='lat' dir='ltr'><strong>esse</strong></span> <span class='ocrx_word' id='word_1_813' title='bbox 2881 5526 2932 5577; x_wconf 92' lang='lat' dir='ltr'><strong>in</strong></span> <span class='ocrx_word' id='word_1_814' title='bbox 2970 5528 3222 5593; x_wconf 80' lang='lat' dir='ltr'><strong>civil-ate;</strong></span> <span class='ocrx_word' id='word_1_815' title='bbox 3257 5544 3337 5597; x_wconf 79' lang='lat' dir='ltr'><strong>et,</strong></span> 
     </span>
    </p>
   </div>
   <div class='ocr_carea' id='block_1_117' title="bbox 1800 5611 3379 5692">
    <p class='ocr_par' dir='ltr' id='par_1_117' title="bbox 1800 5611 3379 5692">
     <span class='ocr_line' id='line_1_117' title="bbox 1800 5611 3379 5692; baseline 0.006 -28"><span class='ocrx_word' id='word_1_816' title='bbox 1800 5623 1854 5665; x_wconf 92' lang='lat' dir='ltr'><strong>ut</strong></span> <span class='ocrx_word' id='word_1_817' title='bbox 1889 5611 1941 5663; x_wconf 91' lang='lat' dir='ltr'><strong>in</strong></span> <span class='ocrx_word' id='word_1_818' title='bbox 1964 5612 2179 5665; x_wconf 58' lang='lat' dir='ltr'><strong>citttatc</strong></span> <span class='ocrx_word' id='word_1_819' title='bbox 2214 5612 2530 5686; x_wconf 65' lang='lat' dir='ltr'><strong>graviscst,‘</strong></span> <span class='ocrx_word' id='word_1_820' title='bbox 2545 5614 2614 5665; x_wconf 81' lang='lat' dir='ltr'><strong>ita</strong></span> <span class='ocrx_word' id='word_1_821' title='bbox 2642 5613 2693 5664; x_wconf 85' lang='lat' dir='ltr'><strong>in</strong></span> <span class='ocrx_word' id='word_1_822' title='bbox 2712 5615 2990 5682; x_wconf 80' lang='lat' dir='ltr'><strong>provincia</strong></span> <span class='ocrx_word' id='word_1_823' title='bbox 3046 5622 3214 5681; x_wconf 78' lang='lat' dir='ltr'><strong>multo</strong></span> <span class='ocrx_word' id='word_1_824' title='bbox 3243 5639 3336 5692; x_wconf 75' lang='lat' dir='ltr'><strong>pe-</strong></span> <span class='ocrx_word' id='word_1_825' title='bbox 3378 5620 3379 5623; x_wconf 55' lang='grc'><em>“</em></span> 
     </span>
    </p>
   </div>
  </div>
