4106 6322
673 279 793 344 ἐει
1608 258 2102 340 BESSARIONIS
2144 282 2206 341 s.
2241 283 2313 342 It.
2353 284 2421 344 E.
2463 285 2925 345 CARDINALIS
3802 274 3907 337 est

686 389 1066 445 είίίεηίῖοτθηὶ·
1101 387 1230 442 Nam
1254 403 1364 456 (1υο
1384 389 1564 454 Ριητεε
1593 397 1742 454 sui“,
1771 405 1836 443 ϐο
1868 391 2030 444 latius
2063 376 2234 444 morbi
2340 399 2640 463 gerentur?
2682 398 2900 450 Minime
2934 415 2946 448 :
2980 394 3247 463 siquidem
3306 393 3392 446 his
3427 391 3588 444 etiam
3650 385 3910 442 remediis

688 479 941 548 contagio
977 480 1172 546 serpit,
1197 494 1261 533 eo
1285 478 1551 533 dilhcilior
1584 487 1664 533 est
1686 482 1918 534 curatio.
1947 483 2022 534 Ac
2045 497 2235 551 quem-
2340 484 2620 552 adhibitis,
2657 484 2794 540 effici
2852 502 2956 539 non
2989 492 3167 554 potest
3194 482 3323 550 quin
3351 481 3634 534 solvantur
3660 488 3716 532 et
3741 479 3912 530 inter-

689 565 985 624 admodum
1040 566 1311 619 exercitus
1357 565 1548 620 ordine
1579 567 1918 636 militumque
1976 569 2235 622 obedien-
2339 585 2485 628 eam,
2549 575 3016 641 Quemadmodum
3068 572 3344 641 graviores
3388 569 3562 621 morbi
3628 575 3758 619 sunt
3792 578 3912 631 qua

694 656 764 709 tia
798 654 1129 717 continetur,
1184 670 1303 722 qua:
1339 654 1442 726 nisi
1475 656 1676 721 adsint,
1707 655 1775 708 ad
1809 657 2240 710 internecionem
2345 663 2656 718 interiorem
2712 665 2953 734 corporis
2998 673 3206 730 partem
3249 667 3566 730 grassantur
3601 666 3655 710 et
3696 663 3911 712 vexant,

654 773 656 776 ν
691 747 868 797 omnia
897 753 1158 824 pereunt;
1193 746 1266 798 ita
1294 744 1346 798 in
1367 746 1643 814 provincia
1673 755 1893 801 mutuus
1941 763 2243 803 consensus
2346 753 2418 807 ita
2451 755 2872 826 seditio_aperto
2893 756 3034 808 bello
3069 753 3319 806 acerbior
3359 758 3461 804 est.
3484 749 3615 802 Nam
3653 747 3706 798 in
3745 745 3914 798 altero

695 831 1149 886 etbenevOIentia
1182 833 1486 888 necessaria
1533 843 1617 888 est
1649 834 1790 888 inter
1821 851 1915 889 eos
1942 837 2242 905 prmsertim
2346 840 2530 897 hostes
2581 846 2738 899 nobis
2795 845 2896 916 ipsi
2945 860 3170 905 sumus;
3241 843 3292 894 in
3336 841 3510 894 altero
3541 841 3641 890 nos
3680 847 3911 890 tuemur.

694 922 783 1000 qui
835 924 1168 989 potentiores
1195 931 1320 975 sunt
1353 942 1366 976 :
1401 938 1505 990 qua
1554 938 1612 976 re
1653 924 1885 988 sublata,
1928 927 2081 994 prius
2133 926 2248 980 suis

695 1005 904 1068 viribus
934 1013 1320 1076 coniiciuntur,
1351 1032 1510 1084 quam
1543 1017 1804 1074 externis.
1834 1016 2251 1070 lnsidiaturdis-

697 1102 902 1165 cordia,
948 1104 1092 1183 vires
1127 1114 1405 1169 extenuat,
1429 1114 1484 1159 et
1515 1107 1727 1160 occulta
1775 1106 2008 1175 quadam
2033 1109 2251 1174 argrituo

697 1195 824 1248 dine
861 1196 1084 1263 imperia
1124 1196 1400 1262 absumit;
1429 1207 1593 1265 atque
1630 1196 1701 1250 ob
1727 1212 1846 1250 eam
1875 1211 2092 1250 causam
2140 1197 2254 1250 dis-

703 1285 941 1338 cordiam
970 1287 1148 1354 inquit
1191 1287 1280 1340 ille
1315 1301 1587 1340 Venenum
1621 1300 1741 1338 esse
1769 1286 1953 1338 datum
1987 1285 2251 1350 imperiis,

701 1389 769 1426 ne
819 1374 1143 1429 immortalia
1192 1375 1389 1430 forent.
1424 1376 1634 1429 Etenim
1665 1374 1886 1444 perinde
1927 1388 1987 1426 ac
2017 1374 2260 1441 phthisis

704 1462 904 1514 sensim
933 1464 1173 1527 coniicit,
1207 1478 1383 1531 neque
1412 1464 1568 1531 prius
1617 1462 1833 1516 desisﬁt
1867 1475 2028 1529 quam
2079 1458 2260 1528 proﬂi-

2349 929 2493 987 Nulli
2539 951 2774 1001 unquam
2825 949 3051 991 suorum
3100 933 3273 988 caedes
3300 929 3531 1000 profuit,
3573 927 3778 994 quibus
3818 941 3914 989 pec

2363 1027 2668 1096 reuntibus,
2702 1025 2749 1078 ei
2786 1027 3005 1092 gravius
3037 1033 3390 1092 comparatur
3436 1017 3760 1088 periculum.
3783 1014 3913 1067 Nam

2352 1112 2513 1166 simul
2554 1129 2617 1166 ac
2655 1114 2868 1183 illorum
2894 1113 3177 1181 negligunt
3205 1112 3459 1171 salutem,
3491 1123 3643 1162 suam
3673 1104 3918 1158 hostibus

2360 1204 2629 1269 produnt;
2677 1204 2930 1273 idemque
2978 1205 3045 1257 iis
3083 1202 3303 1264 accidit,
3355 1200 3498 1269 quod
3540 1196 3749 1252 homini
3801 1209 3919 1248 eve-

2358 1290 2474 1342 nire
2508 1291 2663 1352 solet,
2700 1292 2856 1357 Cujus
2917 1292 3223 1345 membrum
3273 1291 3399 1343 dum
3437 1288 3699 1356 phagaena
3757 1281 3920 1338 conli-

2360 1376 2456 1430 cit.
2499 1377 2549 1428 id
2586 1377 2835 1445 negligit.
2861 1374 3156 1446 speratque
3203 1379 3474 1453 reliquum
3511 1391 3713 1445 corpus
3749 1383 3918 1425 tutum

2362 1462 2478 1515 fore
2513 1472 2674 1530 atque
2704 1464 3008 1529 incolume;
3045 1467 3370 1533 tandemque
3402 1465 3603 1519 sensim
3643 1473 3794 1516 totus
3823 1461 3921 1514 ab-

706 1561 886 1621 gatum
920 1562 1121 1622 'corpus
1163 1555 1438 1609 everterit.
1472 1554 1591 1608 Non
1629 1563 1714 1606 est
1739 1553 2177 1606 contendendum
2207 1559 2265 1603 ut
2365 1551 2599 1605 sumitur
2631 1571 2644 1606 :
2679 1561 2788 1605 tum
2819 1554 3034 1608 demum
3074 1558 3230 1624 plane
3284 1556 3536 1625 intelligit
3559 1555 3612 1609 id
3637 1569 3746 1607 non
3783 1553 3921 1606 iutu-

708 1647 1048 1699 necessarios
1076 1654 1128 1698 et
1153 1647 1340 1698 eodem
1366 1645 1505 1698 cmlo
1526 1644 1784 1697 educatos
1807 1642 2053 1696 homines
2077 1657 2266 1710 perpe-
2370 1657 2492 1695 rum
2530 1643 2719 1706 fuisse,
2774 1648 2816 1699 si
2869 1647 3026 1701 initio
3074 1649 3323 1702 morbum
3372 1659 3636 1714 curasset.
3681 1647 3844 1712 Quid,
3877 1657 3922 1697 Ie

711 1744 804 1786 tuo
837 1734 976 1786 bello
1005 1734 1356 1788 insectcnmr.
1389 1734 1521 1787 Nam
1553 1733 1642 1800 qui
1671 1732 1949 1801 sapienter
1987 1747 2095 1785 sua:
2120 1731 2281 1784 saluti
2317 1737 2354 1788 Β
2385 1733 2658 1807 obsecro,
2705 1753 2896 1792 manus
2941 1738 3183 1805 geminas
3244 1747 3433 1791 natura
3488 1737 3647 1790 nobis
3694 1734 3924 1798 tribuit?

4025 24 4043 224 ε

712 1823 1023 1888 consulunt,
1050 1823 1232 1878 hostes
1263 1825 1479 1893 quidem
1512 1838 1728 1891 semper
1750 1823 1966 1878 vincere
1997 1824 2267 1889 nituntur,

717 1915 832 1966 suis
862 1930 989 1966 vero
1030 1930 1418 1983 nonnunquam
1453 1923 1702 1982 parcunt,
1737 1914 2050 1982 maluntque
2105 1914 2272 1968 inter-

713 2005 840 2057 dum
866 2008 1108 2075 superari
1131 2021 1291 2076 quam
1314 2022 1589 2076 superare.
1614 2008 1796 2076 Neque
1818 2006 1962 2060 enim
1991 2008 2170 2062 omnis
2196 2007 2271 2060 vi-

714 2101 880 2150 ctocia
917 2101 1062 2152 utilis
1093 2109 1194 2166 est,
1244 2097 1338 2153 aut
1365 2115 1394 2154 a
1427 2102 1538 2154 Deo
1586 2101 1848 2165 profecta.
1890 2097 2160 2167 Fogienda
2192 2108 2272 2153 est

714 2191 948 2244 Cadmea
981 2193 1227 2257 victoria,
1263 2201 1337 2255 et,
1371 2201 1429 2245 ut
1467 2192 1704 2260 tragicus
1736 2191 1823 2244 ille
1852 2189 2047 2260 inquit,
2070 2188 2274 2242 Amicis

717 2283 1091 2349 dominabere,
1118 2283 1161 2337 si
1193 2292 1399 2338 tantum
1433 2298 1538 2337 non
1579 2284 1773 2337 viceris
1802 2290 2063 2350 quantum
2089 2280 2275 2334 volue-

718 2373 827 2435 ris;
875 2374 1082 2436 amicis,
1129 2373 1369 2442 inquam,
1427 2372 1742 2440 imperabis,
1773 2384 1934 2440 quam
1983 2369 2050 2423 ab
2092 2368 2278 2422 amicis

718 2465 969 2517 vinceris.
1022 2467 1098 2518 Ac
1134 2465 1542 2526 Demosthenes,
1573 2463 1743 2526 Tunc,
1798 2461 1992 2533 inquit,
2018 2462 2275 2530 praeclara

719 2555 972 2617 victoria,
1013 2571 1136 2608 cum
1177 2565 1271 2611 aut
1311 2554 1404 2608 ﬁlii
1459 2537 1809 2623 parentibus,
1847 2563 1939 2607 aut
1970 2553 2117 2606 cives
2145 2552 2277 2606 civi-

723 2646 825 2700 bus
850 2646 1083 2708 libenter
1111 2645 1332 2700 cedunt.
1365 2647 1443 2699 An
1471 2660 1599 2698 vero
1634 2645 1686 2697 in
1718 2644 1933 2697 urbium
1973 2643 2280 2697 obsidioni-

725 2736 825 2788 bus
851 2738 1214 2804 perniciosum
1239 2736 1516 2806 judicatis,
1555 2736 1597 2790 si
1642 2735 1893 2804 custodes
1925 2735 2065 2789 inter
2094 2750 2149 2788 se
2172 2737 2284 2789 dis-

726 2828 938 2879 sideant
967 2830 989 2879 ?
1027 2829 1164 2880 inter
1199 2829 1349 2880 cives
1376 2836 1581 2889 autem,
1617 2828 1699 2880 vel
1730 2828 1782 2878 in
1815 2825 2108 2890 provinciis
2141 2824 2285 2877 sedi-

731 2918 932 2969 tionem
971 2918 1155 2968 utilem
1189 2916 1301 2969 fore
1337 2916 1575 2982 putatis?
1609 2930 1730 2966 cum
1757 2916 1806 2966 in
1837 2914 2081 2967 diversas
2106 2924 2286 2981 partes

2371 1827 2500 1896 quid
2537 1828 2781 1898 geminos
2816 1829 3047 1883 oculos?
3076 1831 3204 1893 quid
3257 1828 3393 1883 duos
3437 1828 3922 1897 pedes?Nitnirum

2375 1930 2432 1974 ut
2475 1931 2661 1975 mutuo
2709 1929 2963 1974 constent
3008 1922 3225 1974 auxilio.
3255 1918 3441 1972 Manus
3494 1934 3718 1971 manum
3754 1919 3920 1977 lavat;

2376 2028 2472 2083 pes
2513 2011 2703 2080 pedem
2739 2019 3044 2074 sustentat;
3085 2011 3302 2064 sinistra
3330 2007 3536 2061 dextris
3563 2007 3834 2065 levantur,
3874 2013 3926 2057 et

2375 2105 2561 2160 dextra
2592 2103 2838 2156 levantur
2872 2099 3140 2154 sinistris:
3179 2099 3326 2152 illinc
3367 2106 3548 2150 motus
3572 2095 3915 2164 principium,

2378 2196 2507 2249 hinc
2546 2208 2712 2247 onera
2745 2191 3095 2260 suscipimus.
3134 2190 3259 2243 Plus
3297 2177 3654 2258 geminabazc
3694 2185 3925 2239 membra

2375 2287 2652 2350 eﬂiciuut;
2688 2302 2808 2338 nam
2832 2263 3002 2338 altero
3035 2291 3323 2350 occupato,
3354 2281 3421 2336 ab
3445 2280 3617 2332 altero
3651 2291 3928 2331 commune

2380 2386 2670 2444 praestatur
2719 2375 2978 2428 officium.
3031 2373 3139 2425 Cur
3184 2387 3288 2425 non
3327 2370 3611 2441 sequimur
3663 2378 3926 2426 naturam,

2380 2466 2572 2518 ducem
2612 2464 2870 2532 optimam
2904 2474 2957 2517 et
2985 2462 3340 2532 magistram?
3369 2471 3427 2516 ιιι
3448 2461 3542 2514 ille
3581 2460 3777 2528 inquit.
3803 2457 3927 2510 Nam

2382 2557 2525 2624 quod
2561 2556 2695 2610 alter
2728 2556 3034 2624 perspicere.
3062 2570 3166 2607 non
3203 2561 3402 2622 potest,
3438 2553 3591 2604 alteri
3624 2552 3676 2603 itt
3702 2561 3927 2604 mentem

2383 2647 2586 2707 veniet,
2623 2660 2685 2697 ac
2737 2657 2925 2696 mutuo
2961 2644 3160 2695 auxilio
3196 2642 3534 2710 propositum
3584 2640 3741 2692 finem
3774 2635 3931 2690 attiné

2386 2745 2530 2803 gent.
2572 2755 2589 2786 ι
2621 2736 2789 2800 Quam
2824 2736 3026 2788 bonum
3054 2747 3107 2787 et
3147 2751 3302 2800 quam
3336 2734 3639 2801 jucundum
3665 2744 3744 2786 est
3783 2731 3933 2784 babio

2388 2836 2499 2877 tare
2548 2824 2743 2876 fratres
2797 2824 2850 2874 in
2908 2838 3105 2885 unum;
3147 2842 3161 2870 ι
3214 2834 3269 2874 ιιι
3299 2823 3570 2890 Propheta
3616 2820 3810 2887 inquit,
3845 2819 3932 2886 qui

2390 2917 2682 2968 multarum
2748 2930 2927 2969 rerum
2987 2917 3231 2983 variique
3294 2924 3521 2967 eventus
3581 2913 3934 2981 peritissimus

733 3008 863 3068 itur,
911 3009 1034 3058 cum
1084 3006 1397 3073 opinionum
1445 3005 1705 3057 varietate
1737 3005 2108 3066 contenditur,
2163 3019 2285 3057 cum
2315 3044 2357 3100 ο
2395 3010 2515 3064 fuit.
2545 3009 2635 3077 qui
2659 2996 3045 3062 furore'divino
3069 3010 3338 3069 concitus,
3365 3008 3612 3061 homines
3636 3009 3697 3058 ad
3723 3019 3936 3059 concor-

735 3097 1112 3164 unusqnisque
1163 3109 1313 3148 suam
1375 3095 1698 3147 sententiam
1747 3094 1920 3161 pluris
1957 3093 2082 3146 facit
2126 3107 2286 3160 quam
2319 3084 2367 3137 νι
2395 3099 2540 3152 diam
2576 3084 2853 3168 provocat.
2887 3097 3039 3164 Quod
3071 3116 3136 3151 ne
3176 3113 3380 3151 temore
3419 3111 3746 3167 pra‘ccptum
3789 3095 3938 3149 vide.

734 3191 986 3240 salutem.
1025 3185 1404 3240 Contentionis
1425 3187 1534 3241 duo
1560 3200 1754 3254 genera
1799 3184 1962 3238 tradit
1998 3182 2285 3247 llesiodus,

736 3283 964 3335 alterum
999 3283 1265 3348 optimum
1289 3295 1410 3333 cum
1440 3279 1710 3347 quispiam
1743 3276 1963 3330 alterius
1987 3275 2289 3334 imitatione

739 3373 1007 3425 adductus
1034 3380 1178 3426 recte
1205 3369 1335 3439 agit;
1366 3369 1593 3422 alterum
1619 3366 2048 3426 iuin‘iicitiarum,
2086 3364 2290 3416 discor-

664 3473 667 3478 '
741 3467 861 3529 diae,
917 3465 1178 3517 bellorum
1239 3461 1613 3518 seminarium,
1648 3473 1806 3526 quam
1840 3470 2058 3524 pravam
2115 3454 2289 3508 infeli-

743 3571 968 3623 cemquc
996 3555 1252 3622 appellat,
1282 3553 1350 3612 de
1378 3566 1484 3619 qua
1519 3549 1785 3602 Homerus
1823 3563 1838 3600 :

819 3660 1084 3724 Principio
1115 3673 1273 3724 parun
1299 3664 1411 3716 cst;
1448 3663 1638 3705 terram
1671 3652 1758 3705 sed
1783 3655 2015 3724 protinus
2049 3651 2165 3724 iniit

816 3722 1133 3795 Contingens
1163 3726 1392 3794 pedibus,
1428 3733 1579 3790 caput
1609 3724 1743 3774 inter
1769 3723 1943 3773 nubila
1971 3722 2163 3772 condit.

743 3834 900 3890 Prior
951 3832 1223 3902 sequenda
1283 3838 1402 3894 est,
1435 3829 1604 3883 altera
1642 3825 1854 3894 penitus
1881 3823 2130 3892 fugienda
2163 3842 2175 3876 :
2211 3825 2298 3878 illa

749 3929 980 3982 maxime
1011 3924 1180 3986 utilis,
1216 3923 1330 3974 hate
1353 3919 1642 3974 admodum
1670 3917 1990 3983 perniciosa.
2009 3913 2121 3967 Non
2147 3914 2300 3969 decet

750 4036 846 4072 nos
873 4017 1114 4086 profecto
1141 4027 1236 4081 pro
1258 4010 1498 4080 ingenio,
1523 4005 1851 4065 eruditione,
1887 4003 2170 4070 sapientia,
2195 4021 2298 4073 qua

755 4129 852 4163 ms
915 4110 1055 4161 Deus
1083 4105 1317 4163 ornavit,
1354 4101 1552 4153 omissa
1584 4097 1827 4161 meliore,
1870 4096 2298 4167 sequipcjorem.

755 4198 1071 4265 Alijit'ittmiu
1105 4203 1209 4253 est,
1241 4189 1474 4244 tollenda
1503 4189 1567 4242 dc
1607 4187 1822 4251 llif‘dioi
1863 4203 1960 4254 ΡΠ
1994 4195 2051 4241 εί
2072 4203 2302 4242 Concor'

756 4291 843 4342 dia
881 4288 1093 4353 publice
1125 4281 1377 4336 ineunda.
1406 4278 1560 4346 Quod
1593 4279 1634 4331 si
1666 4289 1743 4332 cst
1773 4278 2299 4342 contendendum,in

2393 3199 2563 3255 retur,
2603 3191 2713 3244 illic
2731 3191 2837 3243 ait:
2869 3210 2884 3239 ι
2913 3190 3157 3243 Mandavi
3184 3204 3198 3242 ι
3233 3191 3491 3243 Dominus
3513 3187 3938 3242 benedictionem

2391 3289 2442 3332 ct
2474 3279 2635 3332 vitam
2666 3279 2908 3346 usquein
2947 3281 3226 3332 smcnlmn.
3265 3298 3280 3328 ι
3316 3277 3368 3330 Pi
3393 3293 3485 3330 rro
3509 3278 3628 3346 ejus
3661 3273 3797 3329 ﬁlius
3819 3289 3943 3339 pru-

2392 3371 2573 3425 dentia
2603 3371 2876 3440 praeditus,
2905 3383 2961 3424 ut
2987 3386 3082 3424 nos
3119 3388 3144 3422 a
3185 3369 3454 3425 discordia
3501 3370 3785 3428 deterreat,
3812 3365 3940 3421 Cum

2394 3463 2779 3531 unus,inquit,
2831 3464 3080 3525 aediﬁcat,
3145 3473 3195 3515 ct
3261 3463 3396 3515 alter
3443 3459 3754 3514 demolitur.
3820 3457 3941 3526 quid

2393 3554 2537 3608 aliud
2560 3565 2742 3624 agunt,
2776 3556 2874 3608 nisi
2905 3556 3102 3609 frustra
3129 3550 3632 3623 lalmrent?Cyrus,
3666 3552 3942 3605 Persarum

2397 3662 2488 3698 rex
2549 3647 2977 3713 potentissimus,
3004 3662 3125 3700 eum
3159 3665 3187 3698 c.
3220 3647 3332 3699 vita
3362 3644 3672 3708 excederet,
3705 3643 3826 3696 liliis
3864 3657 3946 3693 aco

2395 3737 2628 3792 cersitis.
2658 3746 2714 3791 et
2757 3739 2985 3804 imperio
3041 3739 3120 3791 eis
3166 3739 3359 3795 diviso,
3396 3737 3641 3802 longiore
3696 3735 3939 3788 oratione

2405 3825 2544 3890 apud
2571 3825 3012 3893 Xenophontem,
3042 3838 3268 3878 cunctos
3298 3825 3362 3879 ad
3395 3824 3554 3878 ﬁdem
3591 3835 3850 3898 mutuam,
3884 3820 3945 3872 ad

2401 3914 2832 3978 charitatem,ad
2867 3915 3209 3967 concordiam
3251 3915 3497 3967 hortatus
3541 3923 3645 3977 est,
3694 3911 3947 3980 planeque

2404 4004 2798 4058 demonstravit
2827 4019 2920 4058 eos
2969 4005 3243 4072 dispersos
3309 4019 3370 4057 ac
3409 4005 3744 4057 dissidentes
3782 4014 3949 4065 neque

2407 4095 2730 4162 reipublicae
2784 4095 3123 4161 profuturos,
3177 4109 3350 4160 neque
3398 4093 3501 4147 sibi
3547 4092 3798 4160 praesidio
3840 4103 3950 4142 esse

2409 4200 2590 4254 posse.
2626 4184 2678 4238 ιιι
2730 4198 2908 4236 autem
2953 4200 3124 4252 usque
3159 4184 3292 4234 adeo
3327 4199 3515 4234 verum
3547 4183 3805 4250 facileque
3836 4197 3950 4248 per-

2412 4287 2689 4346 Spectum.
2717 4277 3087 4329 arbitrabatur
3122 4277 3199 4326 vir
3231 4277 3388 4341 longo
3429 4288 3610 4326 rerum
3644 4288 3762 4331 usu,
3794 4269 3952 4322 maxio

759 4402 824 4433 υς.)
867 4380 1018 4432 vobis
1057 4380 1272 4430 dcmutn
1343 4383 1616 4429 certamen
1656 4372 2081 4441 pulcherrimum
2121 4382 2173 4423 et
2207 4372 2309 4439 glo~
2346 4372 2392 4430 D
2425 4373 2526 4425 mis
2559 4369 2843 4442 periculis,
2875 4367 3079 4435 ingenti
3131 4369 3359 4418 furinum
3393 4363 3652 4416 varietate
3685 4364 3954 4428 sapientis-

761 4479 961 4528 riosum
1000 4469 1330 4538 pmpositum
1361 4473 1464 4526 est,
1488 4465 1610 4532 quis
1644 4475 1879 4517 vestrum
1909 4464 2113 4530 primus
2148 4477 2204 4514 sc
2227 4463 2304 4528 ip-

761 4582 878 4620 sum
912 4565 1125 4622 vincat;
1155 4558 1274 4624 quis
1306 4558 1514 4619 primus
1544 4554 1608 4607 ad
1629 4552 1969 4605 concordiam
2005 4551 2306 4618 perveniat;

761 4663 883 4731 quis
911 4659 1063 4726 plura
1097 4661 1150 4705 ct
1179 4647 1347 4717 magis
1371 4645 1581 4713 egregia
1611 4643 1847 4694 facinora
1883 4643 1933 4693 in
1969 4655 2309 4696 communem

765 4753 998 4808 salutem
1039 4742 1305 4798 conferat.
1343 4735 1463 4788 ιιι-ρ
1496 4745 1578 4787 cst
1610 4733 1765 4798 plena
1799 4731 1980 4785 laudis
2012 4732 2306 4786 contentio:

767 4849 882 4898 haec
916 4859 942 4894 a
982 4842 1087 4892 Deo
1116 4830 1432 4887 hominibus
1464 4825 1608 4877 data.
1638 4822 1772 4887 Quid
1805 4831 1907 4885 est,
1942 4822 2086 4890 quod
2118 4829 2313 4874 cuncta

767 4931 1085 4988 contineat?
1123 4921 1439 4984 Harmonia.
1466 4915 1601 4980 Quid
1631 4923 1734 4974 est,
1763 4915 1906 4981 quod
1942 4921 2134 4966 cuncta
2160 4926 2315 4964 exor-

771 5025 902 5078 net?
934 5020 1304 5073 Concinnitas.
1330 5011 1536 5064 Caelum
1573 5007 1675 5058 hoc,
1707 5004 2072 5072 (prudentique
2133 5003 2314 5055 cerni-

776 5125 916 5170 mus,
950 5109 1173 5176 SphJ-rtn
1195 5101 1488 5155 stellarum,
1517 5099 1685 5162 spatia
1715 5093 1972 5154 siderum,
2002 5108 2180 5144 rerum
2206 5107 2319 5143 om-

2413 4465 2604 4527 sirnus,
2667 4471 2723 4514 ιιι
2757 4461 3058 4514 rationibus
3113 4454 3474 4524 apertissimis
3519 4469 3628 4505 non
3661 4462 3952 4514 contentus,

2409 4553 2584 4606 oculis
2659 4552 2820 4604 etiam
2907 4551 3152 4616 exemplo
3221 4550 3452 4615 quodam
3523 4548 3788 4615 subjicere
3851 4552 3953 4594 ten-

2413 4644 2637 4697 tascrit.
2695 4642 2877 4708 Itaque
2917 4642 3206 4707 virgarum,
3273 4649 3329 4691 ιιι
3388 4639 3588 4701 ferunt,
3639 4631 3954 4701 manipulum

2412 4737 2598 4793 afferri
2651 4734 2831 4806 jussit,
2870 4748 2931 4784 ac
2976 4732 3201 4798 singulis
3257 4730 3541 4796 imperavit
3589 4737 3650 4781 ιιι
3695 4740 3809 4779 eum
3861 4733 3956 4772 uno

2418 4834 2620 4900 impetu
2684 4825 2972 4893 confringe
2995 4832 3105 4882 ent,
3177 4823 3219 4874 si
3265 4831 3502 4889 possunt.
3543 4820 3600 4873 Id
3662 4833 3778 4871 cum
3831 4827 3956 4882 pne-

2415 4932 2559 4976 stare
2616 4921 2823 4973 valeret
2894 4929 3074 4976 nemo,
3118 4923 3228 4965 tum
3301 4913 3540 4981 singulas
3637 4908 3960 4980 perfringen-

2417 5012 2515 5064 das
2541 5009 2726 5070 dedit;
2761 5020 2899 5073 quas
2954 5017 3075 5055 cum
3127 5001 3318 5069 singuli
3364 5000 3513 5053 nullo
3539 5000 3723 5053 labore
3748 4993 3960 5048 centice-

2422 5117 2563 5153 ren:
2621 5101 2698 5149 An
2774 5110 2899 5147 vero
2959 5093 3197 5152 cernitis,
3265 5091 3455 5157 inquit,
3518 5089 3660 5140 idem
3713 5087 3763 5137 in
3818 5079 3958 5134 vobis

777 5218 924 5256 nium
958 5201 1221 5251 elementa
1255 5202 1309 5245 ct
1345 5189 1517 5249 initia,
1556 5187 1701 5237 nulia
1736 5183 1838 5235 alia
1872 5199 1925 5232 re
1957 5182 2059 5233 nisi
2093 5197 2321 5234 concor-

779 5301 864 5347 dia
904 5299 1175 5345 constant.
1202 5285 1312 5340 Nisi
1348 5282 1542 5334 divina:
1561 5275 1908 5344 providcmire
1940 5275 2085 5341 leges
2116 5289 2174 5324 ea
2204 5283 2322 5326 tuc-

779 5400 993 5446 rentur,
1043 5399 1148 5436 nor.
1192 5377 1579 5434 consisterent,
1638 5370 1730 5423 sed
1777 5368 2234 5420 lal;cfnc?arentur
2266 5382 2325 5419 ac

782 5487 1022 5530 ιἰιιςιριιι.
1057 5478 1166 5528 Res
1192 5486 1317 5525 vero
1345 5471 1630 5522 humanas.
1673 5476 1791 5528 quae
1820 5459 1973 5510 ﬂuxrr.
2007 5457 2329 5520 caducaique

787 5578 932 5628 sunt,
953 5579 1006 5618 ct
1040 5584 1182 5619 tnotu
1207 5575 1468 5635 perpetuo
1492 5561 1953 5620 circumagtmllli‘.
1977 5558 2129 5615 W135
2151 5547 2327 5599 εοιιῑε-

789 5677 910 5716 rere
945 5675 1120 5726 posse,
1158 5658 1256 5711 nisi
1297 5667 1562 5718 mensura,
1614 5646 1874 5717 pondere,
1909 5638 2202 5696 concordia
2245 5653 2330 5691 re-

2423 5192 2686 5248 l'ntururn,
2746 5194 2802 5237 ιιι
2855 5193 3039 5237 mutua
3086 5197 3213 5250 pace
3277 5179 3558 5232 devinctos
3609 5175 3783 5227 nullus
3804 5183 3961 5236 expu-

2425 5294 2586 5345 gnare
2619 5277 2812 5338 valeat,
2844 5275 2983 5328 odiis
3041 5289 3168 5324 vero
3206 5271 3477 5337 sejunctas
3526 5280 3777 5334 superare
3809 5259 3964 5331 possit

2427 5370 2517 5434 qui
2567 5366 2734 5418 velit?
2777 5364 2952 5426 Quare
3001 5362 3091 5429 qui
3127 5374 3220 5412 vos
3261 5357 3323 5410 ad
3377 5357 3742 5416 concordiam,
3785 5345 3962 5418 Optimi

2430 5457 2594 5509 Italiae
2618 5454 2912 5523 principes,
2949 5451 3218 5508 hortatur,
3244 5461 3335 5500 vos
3371 5446 3436 5499 ad
3472 5456 3706 5499 vestram
3737 5447 3965 5496 bortatur

2438 5634 2642 5689 tandos.
2673 5630 2797 5684 Nam
2830 5629 2958 5701 quid
2992 5637 3160 5682 vestra
3201 5624 3710 5695 exposcitutilitas?
3753 5620 3968 5673 Concor-

2433 5548 2684 5607 s.ilutcm,
2707 5545 2770 5595 ad
2795 5543 3038 5612 gloriam,
3073 5540 3136 5590 ad
3170 5536 3470 5603 triumphos
3489 5535 3554 5590 tle
3589 5537 3739 5588 hoste
3789 5542 3964 5595 νίψον
4043 5577 4050 5588 ,
