4106 6322
643 329 753 394 667

1564 320 2073 386 BESSARIONIS
2112 327 2173 387 s.
2208 322 2293 410 ιι.
2338 320 2411 409 s.
2451 293 2923 389 Cyminius

3768 311 3877 376 663

646 440 789 497 nihil
817 439 1067 497 oratione
1115 454 1235 495 mea
1264 439 1664 504 detracturum,
1691 440 1787 495 sed
1810 416 1993 493 omnia
2027 407 2281 505 expo-iA
2310 403 2565 489 celeriter
2598 431 2853 504 fugiunt.
2907 432 3097 488 Castra
3121 431 3318 487 castris
3346 405 3601 487 conferre
3634 442 3745 483 non
3771 442 3878 481 au-

646 533 879 588 siturum
933 546 1125 600 magna
1177 546 1304 586 cum
1366 531 1496 586 fide.
1551 531 1736 598 Atque
1771 532 1896 584 inde
1924 529 2205 583 exordior.

645 619 932 680 Exercitus
990 622 1079 676 ille
1128 620 1387 685 hostilis,
1441 621 1535 675 illa
1600 622 1881 676 hominum
1915 618 2209 672 multitudo
2260 668 2263 669 ,

646 712 881 775 infinita,
923 726 1036 766 non
1062 711 1201 766 tanti
1226 710 1448 783 roboris
1494 719 1581 767 est
1607 711 1799 780 quanti
1830 710 1913 763 vel
1954 708 2209 763 nonnulli

646 808 864 872 petant,
889 801 974 857 vel
1011 814 1045 855 a
1075 801 1236 857 nobis
1254 800 1512 870 superari
1562 799 1825 855 facillime
1873 814 1984 854 non
2012 798 2210 867 possit.

644 889 838 963 Magna
886 892 1012 962 eius
1066 878 1196 959 pars
1255 890 1429 945 milite
1490 890 1850 945 tumultuario
1905 897 2123 943 constat
2155 897 2214 942 et

646 984 809 1038 turba
882 982 1200 1042 conectitia.
1258 981 1432 1037 .Nulla
1500 979 1859 1051 iurisjurandi
1941 978 2208 1049 religione

646 1073 829 1130 adacti
883 1080 1033 1136 sunt,
1090 1066 1245 1125 nulla
1293 1068 1553 1126 mercede
1580 1068 1869 1122 conducti.
1902 1066 2210 1122 Levissima

648 1176 903 1231 corpora,
953 1159 1161 1215 laboris
1223 1156 1701 1228 impatientissima
1746 1174 1760 1209 :
1792 1155 2069 1226 praedam,
2102 1168 2212 1209 non

648 1253 949 1308 exercitum
989 1257 1317 1319 sequuntur,
1344 1258 1451 1317 qua
1510 1247 1555 1301 si
1604 1245 1769 1316 paulo
1792 1232 2001 1300 diutius
2023 1261 2218 1301 carue-

652 1343 784 1405 rint,
835 1342 1057 1395 domum
1107 1339 1455 1395 velocissime
1522 1338 1773 1392 redeunt.
1827 1336 2042 1390 Nullam
2081 1351 2218 1406 pra-

651 1440 799 1487 stant
848 1432 903 1485 in
968 1430 1117 1485 bello
1145 1412 1393 1499 operam,
1420 1428 1629 1481 nullum
1660 1434 1883 1481 servant
1911 1426 2163 1481 ordinem
2198 1442 2211 1478 :

651 1521 921 1583 latrones,
973 1519 1177 1582 sicarii,
1220 1518 1471 1572 militaris
1532 1516 1833 1584 disciplina:
1885 1517 2107 1584 penitus
2129 1531 2221 1569 ex-

652 1619 861 1679 pertes,
886 1618 942 1664 et
968 1609 1063 1676 qui
1096 1608 1311 1661 facilius
1342 1608 1486 1660 vinci
1522 1607 1755 1674 possint,
1790 1621 1955 1673 quam
1995 1607 2219 1662 vincere

655 1700 855 1753 sciant.
889 1696 1028 1752 illud
1084 1711 1215 1757 sane
1257 1710 1489 1764 prorsus
1511 1704 1887 1765 comparatum
1928 1696 2216 1762 habemus,

2307 525 2482 582 dent:
2542 534 2618 589 et,
2676 535 2739 579 ut
2764 524 2894 579 illud
2925 534 3189 592 repetam,
3220 522 3446 579 victoria
3475 528 3564 576 est
3610 520 3669 575 in
3696 517 3873 573 maui-

2310 615 2435 678 bus,
2463 614 2627 669 modo
2661 613 2862 668 velitis.
2898 613 3057 668 Nulla
3081 611 3229 668 enim
3259 611 3389 667 belli
3414 609 3644 682 gerendi
3692 607 3866 663 facul-

2309 713 2395 759 tas
2453 704 2611 758 vobis
2661 703 2836 760 deest.
2862 704 3031 759 Adest
3058 703 3450 772 imperatorum
3477 692 3685 765 virtus,
3724 699 3871 752 mili-

2313 803 2427 849 tum
2488 809 2748 849 numerus
2792 803 2849 848 et
2900 793 3167 863 potentia.
3220 791 3362 847 Sunt
3399 790 3643 860 pecunia
3688 788 3873 853 vobis,

2312 894 2465 950 sunt,
2514 884 2679 939 Italia
2715 884 3010 954 principes,
3075 896 3213 953 quas
3245 897 3353 938 non
3396 880 3581 935 minus
3601 879 3711 934 hoc
3736 888 3877 934 tem-

2312 991 2446 1047 pore
2502 976 2556 1030 in
2619 976 2896 1045 publicum
2942 975 3193 1031 conferre
3214 967 3451 1036 debetis,
3481 986 3648 1042 quam
3686 969 3875 1041 priva-

2314 1074 2426 1118 tam
2464 1064 2698 1135 quisque
2748 1066 3001 1125 salutem,
3031 1064 3199 1132 leges,
3257 1061 3485 1132 patriam
3510 1061 3738 1115 charam
3781 1058 3878 1111 ba-

2314 1155 2431 1209 bet.
2484 1154 2653 1209 Debet
2710 1155 3106 1223 unusquisque,
3168 1152 3413 1223 diligenti
3441 1165 3624 1205 rerum
3652 1164 3878 1222 suarum

2314 1244 2528 1300 ratione
2577 1244 2782 1310 habita,
2846 1253 3053 1299 tantum
3103 1258 3332 1311 erogare
3386 1252 3655 1310 quantum
3676 1247 3878 1309 potest.

2316 1331 2497 1387 Audio
2540 1332 2869 1402 Byzantinos
2925 1346 2955 1385 a
2994 1332 3289 1392 ,nonnullis
3341 1329 3613 1390 accusari,
3641 1328 3791 1395 quod
3826 1327 3878 1377 in

2317 1424 2491 1478 salute
2544 1424 2819 1478 communi
2866 1423 3089 1489 privata:
3144 1421 3391 1492 pecuniae
3430 1427 3750 1490 parcentes,
3778 1430 3879 1469 sua

2320 1514 2502 1565 omnia
2526 1512 2669 1566 hosti
2693 1511 3057 1581 prodiderunt
3090 1530 3103 1564 :
3139 1510 3197 1565 in
3246 1524 3356 1579 quo
3384 1507 3635 1578 profecto
3669 1502 3882 1572 gravis-

2320 1602 2457 1656 sima
2484 1600 2641 1670 culpa
2667 1602 2815 1672 digni
2836 1609 2986 1664 sunt,
3022 1599 3328 1668 meritoque
3368 1592 3878 1665 reprehenduntur.

2323 1685 2383 1742 Id
2431 1704 2500 1743 ne
2545 1690 2649 1758 ipsi
2695 1702 2914 1759 quoque
2946 1687 3374 1752 committamus,
3414 1682 3727 1740 cavendum
3761 1687 3879 1742 est;

657 1756 1327 1869 septuaginta'duntax-at
1374 1800 1497 1839 esse
1549 1756 1831 1839 hominum
1882 1787 2072 1849 millia,
2129 1756 2224 1856 qui
2253 1756 2397 1832 Bne
2452 1756 2605 1847 quod
2667 1756 2729 1832 in
2761 1756 2881 1834 aliis
2909 1790 3066 1848 turpe
3100 1779 3404 1869 inutileque
3430 1776 3597 1830 fuisse
3623 1770 3886 1841 cognovi-

659 1876 931 1947 stipendia
961 1890 1027 1930 ex
1056 1876 1276 1945 publico
1307 1876 1502 1930 aerario
1530 1875 1749 1929 faciant.
1769 1874 1872 1930 Sed
1903 1876 2089 1930 audite
2111 1889 2224 1940 me,

660 1983 867 2038 quaeso,
913 1982 1208 2037 parumper
1233 1981 1391 2035 teque
1432 1966 1634 2019 animo.
1678 1967 1755 2019 Ex
1786 1981 1850 2020 eo
1881 1966 2225 2035 septuaginta

661 2058 891 2112 millium
922 2056 1204 2111 hominum
1235 2069 1483 2119 numero,
1536 2065 1731 2125 prteter
1781 2056 2095 2125 quindecim
2146 2058 2228 2109 vi-

659 2146 867 2215 gintive
929 2146 1118 2210 millia,
1170 2144 1236 2198 ad
1292 2159 1590 2207 summum,
1626 2146 1719 2213 qui
1756 2144 2107 2215 imperatoris
2142 2152 2224 2204 sui

661 2239 805 2292 latus
859 2238 1268 2298 custodientes,
1326 2237 1701 2305 quotidianam
1761 2239 2069 2292 mercedem
2133 2254 2228 2295 ca-

658 2331 853 2397 piunt,
910 2328 1111 2397 reliqui
1184 2344 1376 2384 omnes
1465 2330 1739 2382 sociorum
1810 2330 2223 2397 provincialium

660 2419 888 2473 tributis
938 2419 993 2473 in
1058 2418 1203 2474 bello
1242 2428 1656 2484 sustentantur;
1698 2435 1820 2489 qua:
1850 2435 1981 2474 sane
2006 2421 2225 2476 tributa

659 2509 797 2562 adeo
843 2510 1043 2577 exigua
1101 2518 1249 2572 sunt,
1308 2510 1444 2563 adeo
1492 2509 1915 2578 suppeditantur
1964 2512 2222 2576 tenuiter,

662 2608 724 2653 ut
775 2605 894 2651 toto
950 2612 1097 2651 anno
1159 2599 1249 2651 vix
1310 2608 1548 2666 quatuor
1600 2598 1882 2653 mensibus
1913 2603 2221 2658 mercedem

666 2688 959 2756 accipiant.
1020 2689 1101 2742 Ex
1158 2704 1217 2743 re
1268 2689 1470 2744 factum
1504 2692 1704 2747 videtis
1728 2702 1790 2746 ut
1819 2690 2021 2747 nullam
2053 2710 2226 2764 expe-

664 2778 924 2832 ditionem
942 2779 1329 2845 quadrimestri
1355 2781 1755 2837 diuturniorem
1792 2786 2082 2846 sustineat,
2115 2787 2215 2839 sed

667 2881 762 2919 eos
791 2882 984 2920 omnes
1009 2867 1272 2929 dimittat,
1306 2871 1563 2937 quoniam
1596 2871 1891 2937 provincia:
1925 2874 2220 2940 'pecuniam

666 2955 899 3018 amplius
950 2968 1062 3007 non
1122 2955 1555 3009 subministrant.
1608 2958 1724 3022 Qua
1775 2972 1958 3012 rerum
1990 2962 2219 3027 penuria

2327 1882 2451 1922 mus
2511 1878 2567 1923 et
2624 1868 2911 1933 sentimus,
2976 1867 3473 1939 imprudentissime
3559 1874 3882 1931 sequamur.

2323 1956 2651 2027 Comparate
2685 1974 2715 2013 a
2747 1960 2901 2013 nobis
2930 1959 3193 2022 exercitu,
3230 1958 3359 2025 quid
3385 1965 3491 2023 est,
3524 1954 3673 2023 quod
3705 1954 3884 2005 victo-

2327 2048 2462 2102 riam
2492 2050 2725 2117 laataque
2754 2053 2937 2105 omnia
2973 2066 3079 2103 non
3110 2048 3403 2118 portendat
3434 2062 3495 2103 ac
3513 2046 3832 2116 poiliceatm
3859 2043 3907 2092 γ’

2326 2137 2518 2217 Aderit
2567 2140 2711 2196 Deus
2762 2139 2887 2209 Opt.
2953 2141 3238 2203 Maximus,
3299 2154 3397 2209 pro
3442 2138 3601 2207 cujus
3655 2137 3885 2204 pietate,

2327 2231 2517 2299 gloria,
2559 2231 2661 2285 fide
2688 2231 3063 2300 ampliﬁcanda
3097 2232 3458 2304 pugnabimus
3478 2269 3492 2294 ,
3522 2226 3683 2297 cuius
3735 2225 3882 2293 inju-

2328 2322 2439 2375 rias
2488 2322 2842 2378 ulciscemur.
2900 2324 3075 2379 iratus
3132 2325 3273 2379 hosti
3299 2331 3403 2388 est,
3435 2321 3599 2378 nobis
3627 2333 3885 2389 prosper,

2326 2412 2423 2481 qui
2457 2420 2699 2467 nostram
2732 2413 2833 2468 hac
2860 2414 2910 2467 in
2938 2430 2998 2469 re
3031 2427 3253 2483 operam
3311 2423 3368 2467 et
3392 2412 3635 2467 laborem
3661 2424 3766 2463 non
3794 2421 3887 2460 so-

2324 2506 2436 2559 lum
2487 2504 2705 2575 accipit,
2763 2507 2860 2561 sed
2898 2508 3087 2576 exigit,
3122 2507 3215 2563 sed
3242 2508 3465 2577 repetit,
3499 2504 3596 2560 sed
3631 2503 3884 2561 debitum

2336 2595 2443 2649 sibi
2478 2596 2633 2650 reddi
2662 2596 2834 2668 jubet.
2882 2616 2906 2649 4
2949 2598 3027 2653 Ne
3077 2598 3290 2663 timeas,
3340 2596 3538 2677 inquit,
3562 2612 3593 2649 a
3626 2593 3764 2648 facie
3792 2606 3887 2646 eo-

2324 2700 2468 2753 rum,
2497 2689 2623 2755 quia
2650 2702 2750 2756 ego
2785 2696 2963 2742 tecum
3013 2704 3132 2743 sum
3160 2697 3220 2742 ut
3254 2702 3442 2744 eruam
3472 2697 3543 2741 te.
3576 2687 3656 2741 Ne
3690 2686 3887 2739 timeas
3916 2680 3928 2685 ’

2325 2787 2356 2824 u
2387 2772 2523 2826 facie
2544 2788 2735 2826 eorum
2761 2790 2780 2835 ς
2824 2789 2929 2829 nec
2977 2779 3121 2829 enim
3158 2786 3208 2830 te
3235 2776 3428 2829 faciam
3459 2776 3650 2828 timere
3669 2775 3883 2827 vultum

2324 2874 2537 2914 eorum.
2569 2858 2854 2915 Beilabunt
2881 2862 3153 2917 adversus
3181 2875 3249 2926 te,
3281 2873 3461 2917 etnon
3487 2864 3881 2931 praevalebunt,

2324 2950 2452 3017 quia
2508 2963 2608 3019 ego
2653 2958 2833 3004 tecum
2892 2965 3037 3018 sum,
3092 2953 3167 3007 ait
3220 2952 3503 3018 Dominus,
3552 2960 3615 3006 ιιι
3649 2953 3879 3019 liberem

668 3051 886 3097 coactos
946 3041 1192 3111 Byzantii
1254 3056 1396 3111 saepe
1436 3042 1693 3110 vidimus,
1723 3060 1850 3100 cum
1878 3047 2220 3104 dimitteren-

2328 3047 2399 3091 te.
2429 3057 2449 3090 ι
2493 3037 2559 3092 Ει
2618 3041 2685 3091 ad
2736 3037 2942 3096 Josue:
2979 3058 2997 3091 ι
3037 3040 3177 3095 Ecce
3236 3054 3336 3111 ego
3386 3041 3509 3096 dedi
3564 3041 3617 3095 in
3687 3055 3883 3095 manus

576 3149 585 3157 ν
668 3141 791 3191 tur,
851 3141 905 3183 et
974 3144 1169 3198 equos,
1224 3138 1280 3184 et
1309 3145 1481 3195 arma,
1505 3140 1562 3185 et
1586 3141 1767 3188 vestes
1793 3134 2123 3197 vendidisse.
2161 3145 2220 3189 ut

664 3222 885 3274 domum
939 3222 1223 3289 pervenire
1277 3209 1519 3289 possent.
1585 3221 1698 3278 Hoc
1766 3224 1935 3279 robur
2000 3226 2217 3282 hostilis

664 3312 961 3375 exercitus,
1010 3312 1125 3366 haec
1187 3313 1521 3381 magnitudo,
1552 3313 1641 3368 hic
1676 3315 1955 3371 mirandus
1981 3317 2071 3372 ille
2124 3334 2220 3388 pe-

663 3405 871 3458 ditatus
893 3411 948 3458 et
977 3405 1272 3472 equitatus.
1302 3402 1457 3469 Quod
1486 3406 1531 3458 si
1562 3405 2216 3472 Christianusexercitus,

664 3495 810 3549 illius
866 3494 1000 3547 lines
1066 3494 1396 3563 populando,
1445 3510 1569 3549 eum
1614 3504 1726 3550 toto
1750 3512 1893 3551 anno
1922 3500 2219 3553 exercitum

663 3585 719 3639 in
769 3585 933 3639 armis
979 3584 1178 3638 habere
1223 3585 1493 3655 coegerit,
1556 3596 1650 3639 aut
1705 3604 1734 3642 a
1778 3588 1893 3642 suis
1922 3589 2219 3644 destitutus

606 3686 609 3687 '
660 3689 784 3729 cum
838 3674 1031 3743 exigua
1085 3688 1249 3727 manu
1307 3674 1371 3728 ad
1428 3689 1661 3743 pugnam
1729 3677 2081 3744 impelletur,
2124 3678 2218 3732 ubi

662 3765 923 3820 facillime
980 3765 1244 3831 superari
1300 3773 1511 3832 queat;
1536 3774 1631 3818 aut
1680 3765 1787 3821 illis
1810 3768 1942 3837 ipsis
1970 3770 2219 3836 pecuniis

662 3872 785 3927 qua
837 3855 895 3908 in
942 3856 1063 3923 ejus
1125 3855 1397 3921 privatum
1436 3856 1687 3909 aerarium
1722 3859 2100 3923 conferuntur,
2141 3870 2220 3914 to-

668 3960 784 4002 tum
840 3946 1141 4000 exercitum
1201 3946 1313 3999 alat
1368 3961 1591 4001 necesse
1640 3941 1961 4014 erit:q'uod
1998 3950 2214 4018 quidem

666 4048 926 4107 praestare
964 4036 1056 4089 diu
1092 4050 1196 4088 non
1227 4037 1444 4103 poterit.
1501 4036 1685 4103 Neque
1732 4037 1901 4098 enim,
1932 4048 1992 4092 ut
2016 4049 2222 4095 temere

675 4124 920 4177 nonnulli
948 4124 1175 4191 jsctant.
1214 4122 1474 4174 immensa
1528 4131 1614 4195 est
1654 4123 1730 4175 illi
1762 4126 2011 4190 pecunia.
2043 4125 2223 4195 Siqui-

667 4216 790 4267 dem
856 4229 921 4265 ex
984 4213 1049 4264 iis
1098 4212 1188 4279 qui
1222 4212 1275 4263 in
1307 4212 1451 4263 illius
1475 4212 1703 4279 negotiis
1738 4213 1989 4279 gerendis
2019 4220 2215 4273 versati

668 4311 816 4364 sunt,
873 4301 1030 4368 plane
1092 4300 1367 4368 cognitum
1408 4310 1509 4357 est
1547 4317 1651 4353 non
1685 4304 1918 4371 amplius
1941 4305 2103 4373 quam
2138 4310 2217 4362 vi-

670 4392 847 4444 cesies
901 4398 1126 4441 centena
1177 4402 1469 4440 aureorum
1516 4389 1680 4441 millia
1739 4406 1805 4444 ex
1858 4394 2003 4446 omni
2036 4394 2216 4448 reddi-
2249 4369 2290 4423 θ

673 4490 824 4532 tuum
878 4492 1087 4529 summa
1136 4476 1199 4527 ad
1251 4492 1373 4529 eum
1432 4468 1684 4532 deferri:
1727 4480 1869 4533 unde
1935 4491 1992 4534 et
2026 4484 2216 4553 viginti

674 4570 761 4622 illa
803 4569 968 4621 millia
1022 4567 1260 4635 peditum
1313 4566 1609 4621 liberaliter
1636 4580 1929 4631 sustentat,
1964 4588 2071 4639 pro
2091 4589 2217 4629 coro

673 4662 822 4729 poris
864 4657 948 4710 sui
990 4656 1255 4716 custodia,
1292 4666 1344 4708 et
1392 4656 1698 4721 sumptibus
1746 4658 2081 4724 domesticis.
2127 4665 2217 4732 qui

672 4748 891 4802 maximi
955 4756 1102 4808 sunt,
1160 4745 1443 4799 satisfacit.
1476 4744 1528 4798 Si
1571 4746 1993 4816 quidprxterea
2024 4767 2218 4821 super-

673 4850 777 4901 est,
851 4840 901 4893 id
946 4852 1109 4915 omne
1162 4836 1229 4890 ad
1274 4851 1442 4901 arma,
1472 4836 1767 4904 machinas,
1808 4848 2076 4896 tormenta
2109 4844 2221 4897 bel-

674 4930 775 4982 lica
831 4932 1046 4996 penitus
1110 4927 1399 4986 convertit.
1458 4938 1515 4981 ut
1568 4945 1743 4997 neque
1800 4931 2069 4987 conflandi
2104 4935 2217 4989 the-

684 5019 853 5078 sauri,
897 5031 1072 5085 neque
1126 5019 1459 5073 conducendi
1510 5021 1694 5074 militis
1732 5023 1779 5075 ei
1820 5022 2049 5078 facultas
2084 5036 2216 5091 pne-

676 5108 889 5159 bcatur.
950 5107 1101 5171 Quod
1134 5105 1337 5161 autenr'
1361 5120 1468 5173 tam
1502 5111 1813 5165 eﬁ‘eminata
1844 5098 2215 5179 multitudine,

678 5205 785 5248 tam
841 5196 1048 5263 exiguis
1095 5197 1321 5261 viribus,
1386 5207 1467 5253 tot
1532 5199 1760 5267 imperia
1816 5203 2249 5273 subjogavcmt,_

677 5303 782 5340 non
836 5287 1141 5340 mirandum
1196 5290 1364 5359 magis
1404 5306 1566 5358 quam
1603 5290 1902 5343 dolendum
1939 5303 2047 5345 est.
2084 5294 2217 5347 Nul-

677 5376 787 5427 lum
843 5377 985 5430 enim
1037 5377 1226 5432 habuit
1277 5382 1483 5433 hostem
1534 5399 1547 5431 :
1594 5380 1753 5433 facile
1802 5381 2089 5434 admodum
2117 5384 2219 5439 fuit

676 5469 893 5521 vincere
941 5483 1048 5520 non
1101 5470 1433 5523 resistentes.
1494 5470 1621 5524 Date
1653 5470 1865 5536 signum
1899 5470 2024 5523 belli
2064 5491 2075 5525 :
2107 5475 2215 5541 jam

677 5554 833 5610 facile
888 5558 1225 5625 perspicictis
1279 5573 1469 5611 eorum
1506 5560 1792 5625 ignaviam.
1850 5561 1915 5615 Ut
1945 5562 2087 5615 enim
2123 5580 2216 5618 ce-

675 5645 867 5699 dentes
909 5647 1253 5701 vehementer
1302 5646 1681 5713 insequuntur,
1738 5649 1812 5701 ita
1864 5651 2214 5718 insequentes

2325 3138 2446 3183 tuas
2487 3130 2725 3193 Iericho,
2770 3140 2827 3185 et
2873 3145 3053 3201 regem
3104 3133 3243 3202 ejus,
3271 3149 3572 3203 omnesque
3601 3133 3772 3187 fortes
3803 3133 3883 3187 \i-

2320 3222 2432 3275 rbs.
2476 3241 2601 3274 i—c
2644 3223 2699 3276 Si
2756 3220 2897 3277 Deus
2930 3236 3028 3293 pro
3061 3228 3239 3291 nobis,
3270 3237 3329 3279 ut
3359 3227 3535 3294 inquit
3565 3225 3879 3295 Apostolus,

2319 3310 2441 3379 quis
2465 3321 2651 3365 contra
2677 3312 2810 3367 nos?
2834 3332 2851 3364 ο
2886 3314 3003 3382 ipse
3026 3310 3218 3369 ediciet
3252 3324 3309 3369 ut
3340 3331 3480 3370 unus
3518 3326 3876 3385 persequatur

2321 3403 2490 3466 mille,
2517 3413 2569 3454 et
2603 3403 2711 3457 duo
2750 3403 2935 3473 fugare
2973 3408 3182 3474 possint
3230 3407 3418 3461 decem
3452 3408 3645 3461 millia.
3678 3408 3746 3461 At
3771 3423 3870 3461 nos

2320 3494 2479 3562 longe
2505 3495 2932 3549 numerosiorem
2988 3497 3286 3552 exercitum
3329 3500 3383 3552 in
3438 3498 3642 3553 bellum
3671 3499 3873 3554 ducere

2319 3598 2630 3651 possumus,
2653 3600 2813 3654 quam
2846 3585 3015 3640 hostis
3045 3586 3262 3641 habent.
3298 3586 3460 3653 Quid,
3492 3589 3538 3643 si
3567 3588 3657 3644 ille
3687 3590 3873 3659 plures

2319 3680 2480 3731 etiam
2507 3676 2752 3730 homines
2803 3677 3130 3730 habeatian
3180 3679 3645 3755 victorizecnrsus
3695 3692 3870 3735 retar-

2318 3767 2577 3821 dabitur?
2606 3766 2758 3835 quasi
2792 3781 2921 3819 vero
2944 3781 3052 3819 non
3104 3767 3347 3836 plerique
3380 3770 3656 3827 exercitus
3688 3771 3874 3825 multi-

2319 3856 2509 3911 tudine
2575 3854 2794 3919 inliniti,
2840 3869 3000 3923 parva
3054 3857 3343 3909 admodum
3402 3872 3563 3910 manu
3620 3874 3875 3928 saepenu-

2318 3945 2604 3999 merofusi
2638 3942 2914 4012 fugatique
2938 3945 3139 3999 fuerint
3186 3954 3242 4000 et
3274 3945 3461 4000 deleti.
3488 3948 3687 4003 Xerxis
3715 3964 3874 4003 exer-

2319 4035 2481 4095 citus,
2536 4033 2814 4085 Mardonio
2848 4034 3007 4095 duce,
3062 4048 3197 4088 cum
3216 4044 3301 4097 ter
3331 4046 3550 4091 centum
3585 4039 3869 4094 hominum

2286 4150 2289 4151 ν
2323 4120 2561 4175 millibus
2588 4119 2654 4172 ab
2702 4120 2975 4189 octoginta
3000 4121 3315 4177 Graecorum
3348 4126 3588 4180 millibus
3620 4127 3871 4197 direptus

2320 4226 2383 4266 ac
2412 4211 2709 4279 trucidatus
2737 4221 2839 4264 est.
2891 4210 3128 4265 Ducenta
3189 4213 3533 4270 Cimbrorum
3559 4220 3726 4273 millia
3754 4222 3866 4275 ih-

2325 4305 2437 4357 rius
2482 4301 2683 4355 delevit
2728 4303 2999 4369 octoginta
3035 4302 3272 4355 millibus
3325 4304 3627 4362 hominum.
3657 4309 3871 4364 Rursus

2319 4410 2439 4450 cum
2497 4392 2687 4448 Catulo
2742 4390 2957 4445 centum
3008 4400 3315 4445 etnuatuor
3346 4393 3511 4447 millia
3543 4400 3777 4450 necavit.
3807 4400 3867 4451 Ιει

2319 4484 2594 4539 Thessalia
2625 4484 2906 4551 Pompeius
2939 4497 3058 4536 cum
3091 4484 3445 4553 quadraginta
3493 4484 3739 4541 millibus
3768 4504 3865 4555 pec

2320 4563 2517 4638 ditum,
2564 4576 2806 4644 equitum
2865 4590 3024 4647 scxag
3048 4587 3163 4641 nta,
3226 4591 3349 4630 cum
3402 4578 3569 4632 totius
3622 4578 3869 4635 Orientis

2318 4666 2554 4733 auxiliis,
2617 4680 2738 4717 cum
2789 4668 2932 4718 omni
2972 4654 3274 4731 nobilitate,
3319 4681 3348 4721 a
3395 4658 3610 4723 Czesare
3642 4671 3865 4739 fugatus

2318 4766 2418 4816 est,
2444 4762 2498 4807 et
2522 4766 2719 4806 exutus
2750 4755 2959 4815 castris,
2995 4754 3087 4823 qui
3140 4754 3357 4823 triginta
3401 4756 3641 4824 peditum
3674 4758 3865 4823 millia,

2320 4842 2464 4897 mille
2510 4838 3039 4918 equiteshabebat.
3100 4842 3239 4906 Quid
3303 4842 3547 4901 infinitas
3609 4847 3873 4918 Tigrauis

2317 4934 2501 5002 copias
2551 4916 2963 4985 commemorem
3015 4945 3053 4983 ea
3107 4930 3353 4999 Lucullo,
3399 4950 3565 5003 parvo
3592 4916 3863 5000 exercitu,

2318 5021 2639 5093 superatas?
2690 5020 2809 5074 [hec
2871 5020 3033 5073 nimis
3084 5032 3286 5088 vetera,
3321 5036 3377 5079 et
3402 5026 3596 5093 fabulm
3630 5028 3866 5083 fortasse

2322 5127 2481 5181 quam
2525 5110 2767 5164 historia
2824 5114 3076 5178 propiora
3136 5113 3409 5169 videntur.
3470 5115 3611 5181 Quid
3675 5126 3861 5171 nostra

2323 5196 2623 5257 memoria?
2648 5200 2840 5254 Nonne
2898 5200 3078 5254 hostes
3140 5203 3307 5256 nostri
3335 5218 3629 5271 paucorum
3657 5206 3862 5260 virtute

2320 5295 2515 5361 saepius
2560 5292 2709 5354 victi,
2768 5290 2956 5357 fugati,
3006 5286 3130 5344 cmi
3187 5288 3675 5349 fueritntllJmitto
3701 5296 3767 5349 de
3790 5294 3864 5347 iis

2319 5382 2598 5436 victoriam
2656 5382 2918 5448 insignem
2974 5378 3264 5448 Laodislai,
3313 5383 3603 5441 Pannonia:
3673 5387 3861 5458 regis,

2319 5476 2434 5542 qui,
2462 5484 2521 5528 ut
2548 5473 2673 5527 olim
2728 5486 2755 5521 a
2797 5470 2953 5522 nobis
2991 5469 3193 5527 dictum
3245 5482 3348 5536 est,
3374 5488 3495 5528 cum
3526 5478 3861 5545 quatuordc—

2317 5565 2421 5616 citn
2472 5559 2749 5615 hominum
2818 5559 3055 5613 millibus
3110 5562 3222 5630 (qui
3270 5566 3415 5617 enim
3456 5566 3578 5633 plus
3612 5567 3862 5626 tradunt,

2316 5653 2508 5707 decem
2536 5660 2585 5705 et
2616 5662 2737 5706 octo
2773 5648 2939 5703 millia
2978 5665 3088 5706 non
3123 5652 3413 5712 exceduntl
3447 5662 3636 5714 aperto
3667 5654 3854 5709 ﬂsrte.
