4106 6322
137 374 233 438 669

1148 374 1488 436 ORATION
1496 376 1583 434 ES
1623 373 1923 434 CONTRA
1964 372 2285 434 TURCAS.

3228 377 3336 443 670

133 489 267 557 justa
314 484 429 539 acie
487 484 657 554 signis
709 481 924 542 collatis
981 502 1106 543 cum
1161 489 1321 543 hoste
1374 485 1674 548 dimicavit,
1707 496 1751 552 Α
1779 486 2016 553 aliquem
2048 499 2117 537 ex
2170 482 2474 545 veteribus,
2507 492 2565 538 et
2598 485 2867 553 sapientia
2900 473 3337 556 ornatissimum,

136 576 427 630 exercitum
488 575 827 644 proﬂigavit,
888 592 952 632 ac
1015 577 1176 647 longe
1226 578 1450 645 lateque
1512 576 1673 637 fudit,

136 668 454 736 imperatore
507 665 835 719 vulnerato:
870 681 937 721 ac
988 669 1091 722 nisi
1147 668 1431 722 victoriam
1464 666 1679 720 avidius

137 767 448 825 persecutus
501 763 672 818 esset,
738 758 1010 826 mortique
1068 771 1187 813 sese
1212 758 1520 828 obiecisset,
1555 772 1679 825 pro-

136 848 271 903 fecto
284 846 629 903 Christianus
651 849 801 911 orbis
834 850 1111 916 Europam
1142 864 1359 905 omnem
1389 849 1675 903 retineret.

136 941 254 992 Hac
303 938 518 993 omitto.
574 938 654 992 Ad
686 941 990 995 recentiora
1023 951 1205 995 nostra
1228 940 1450 994 festinat
1476 939 1676 993 oratio.

134 1027 271 1093 Quid
304 1026 481 1081 dicam
503 1026 573 1081 de
611 1029 809 1097 insigni
875 1030 1321 1098 triumpboillius
1351 1029 1679 1084 Christianae

135 1116 499 1170 multitudinis
540 1131 683 1184 quae,
739 1118 889 1172 nullo
937 1102 1098 1184 duce,
1147 1119 1325 1173 crucis
1372 1127 1580 1172 tantum
1607 1118 1681 1171 si-

133 1222 235 1274 gno
266 1214 492 1262 armata.
516 1207 816 1260 Turcorum
857 1210 1155 1263 exercitum
1184 1224 1399 1262 omnem
1432 1208 1682 1261 munitis-

133 1294 266 1346 simo
314 1286 634 1347 Amderalba
693 1295 893 1362 oppido
958 1281 1224 1366 petitum,
1284 1295 1425 1348 intra
1485 1291 1682 1347 mteuia

135 1383 485 1436 strictoeuse
546 1384 965 1448 discurrentem,
1012 1384 1220 1453 "magna
1277 1383 1427 1437 caede
1477 1382 1680 1436 victum

134 1473 313 1539 eiecit,
342 1472 459 1541 ipso
488 1473 593 1526 isto
626 1474 953 1538 imperatore
993 1474 1229 1543 graviter
1276 1472 1583 1538 vulnerato,
1621 1487 1683 1526 ac

137 1564 536 1632 impedimentis
572 1566 826 1620 omnibus
861 1566 913 1618 iu
975 1574 1303 1635 potestatem
1336 1565 1605 1619 redactis?
1628 1566 1683 1618 id

134 1664 312 1705 autem
361 1666 430 1706 ne
484 1653 655 1706 semel
699 1654 960 1706 accidisse
1012 1652 1688 1716 videretur,cumimpins

135 1742 533 1809 scelerautsque
586 1742 762 1795 hostis
816 1741 1147 1795 Pannoniam
1198 1755 1413 1795 omnem
1458 1740 1688 1793 inferio-

1776 586 1831 631 et
1858 574 2249 645 amplissimum
2275 574 2601 628 auctoritate
2621 578 2676 627 in
2708 577 2949 631 medium
2978 578 3335 642 adducerem,

1777 664 1869 733 qui
1909 664 2065 733 plane
2114 671 2405 717 testaretur
2435 677 2557 718 sese
2582 665 2711 719 olim
2745 665 2797 718 in
2824 665 2914 718 tali
2959 681 3125 721 causa
3160 669 3337 736 qualis

1778 767 1963 810 nostra
2013 764 2120 819 est,
2152 755 2345 809 eadem
2404 771 2529 809 eum
2582 757 2837 820 sensisse,
2896 766 3009 810 tum
3057 761 3337 815 monuisse

1778 861 1907 900 suos
1930 846 2097 910 cives,
2132 860 2252 915 qua:
2278 861 2309 899 a
2348 846 2529 907 nobis,
2564 854 2620 900 et
2653 846 2795 916 apud
2821 844 3141 902 Pontiﬁeem
3168 848 3340 905 Maxi-

1780 950 1933 1007 mum
1961 936 2014 988 iu
2053 944 2246 989 senatu
2302 952 2681 1005 smpenumero
2736 937 3010 1007 disputata
3066 949 3215 1002 sunt.
3277 948 3334 995 et

1779 1043 1928 1081 nunc
1960 1026 2162 1081 litteris
2221 1027 2497 1081 mandata.
2557 1027 2719 1083 Venit
2776 1037 2957 1082 autem
2999 1028 3054 1081 in
3090 1038 3329 1083 mentem
3378 1080 3379 1083 η

1784 1118 2227 1183 Demosthenem,
2278 1117 2667 1187 philosophum
2702 1118 3243 1182 excellentissimum,
3276 1128 3335 1174 et
3421 1163 3426 1184 ς

1782 1218 2053 1262 oratorem
2084 1208 2223 1262 adeo
2238 1209 2397 1262 omni
2429 1208 2590 1262 laude
2627 1210 2962 1262 cumulatum
3003 1224 3100 1277 per
3127 1220 3207 1263 tot
3237 1218 3354 1264 ste-5

1781 1300 1924 1362 cuia,
1964 1308 2021 1353 ut
2059 1314 2217 1365 quem
2274 1314 2396 1352 cum
2447 1313 2513 1352 eo
2559 1298 2806 1353 conferas
2834 1301 3106 1355 exstiterit
3150 1316 3332 1364 nemo,

1787 1390 1841 1443 in
1899 1391 2087 1443 eadem
2141 1389 2400 1443 incidisse
2442 1400 2709 1458 tempora,
2762 1392 3004 1444 eamdem
3054 1405 3373 1458 perorasse’

1785 1476 2026 1539 causam,
2065 1479 2297 1548 denique
2341 1479 2471 1532 nihil
2505 1479 2783 1542 habuisse,
2820 1480 2965 1549 quod
3000 1481 3077 1533 rei
3136 1491 3336 1536 nostra:

1786 1587 1895 1623 non
1928 1571 2236 1636 conveniat,
2278 1580 2476 1638 praeter
2508 1573 2728 1627 nomina
2759 1573 3039 1626 hominum
3082 1575 3163 1626 sui
3197 1583 3337 1627 tem-

1789 1664 1959 1728 poris.
2002 1662 2186 1730 itaque
2219 1679 2344 1717 cum
2380 1663 2543 1732 hujus
2599 1672 2652 1716 et
2688 1664 3063 1717 auctoritatem
3118 1665 3336 1733 gravio-

1791 1767 1926 1815 rem,
1959 1761 2014 1806 et
2042 1755 2352 1808 orationem
2378 1755 2548 1821 magis
2580 1750 2876 1821 appos-itam
2908 1755 2972 1807 ad
3007 1755 3339 1823 persuaden-

136 1844 243 1882 rem
302 1838 648 1898 occupasset,
702 1830 995 1898 oinnisque
1033 1830 1201 1883 armis
1229 1830 1576 1898 complesset,
1606 1840 1678 1892 et,

1790 1842 1919 1894 dum
1952 1842 2325 1895 existimarem
2359 1857 2517 1911 quam
2584 1843 2749 1895 verba
2796 1858 2933 1903 mea,
2966 1846 3225 1898 constitui
3280 1854 3338 1897 ut

135 1918 407 1987 praesidiis
436 1920 687 1990 inclytus,
725 1923 967 1989 regiique
1016 1921 1179 1972 animi
1208 1930 1262 1975 et
1284 1921 1515 1983 excelsi,
1546 1921 1683 1973 Pan-

137 2008 311 2062 nonia
368 2010 669 2075 superioris
727 2024 841 2072 rex,
892 2025 1053 2077 parva
1081 2010 1369 2063 admodum
1396 2024 1555 2060 manu
1578 2022 1679 2059 εις

139 2108 375 2168 pugnate
403 2095 607 2152 lavieia
646 2101 845 2169 Oppido
873 2109 927 2153 et
970 2110 1160 2154 natura
1190 2111 1243 2155 et
1270 2110 1386 2155 arte
1422 2098 1682 2152 munitis-

140 2189 295 2254 simo,
326 2190 591 2243 maximas
618 2175 931 2243 'Turcorum
958 2194 1145 2259 copias
1183 2190 1341 2253 fudit,
1367 2199 1681 2258 partemque

135 2280 432 2347 provincia:
454 2295 553 2331 suo
582 2280 781 2347 adjecit
818 2281 1073 2346 imperio.
1366 2268 1369 2269 ν

133 2399 142 2409 ~
200 2367 336 2420 Cum
374 2384 483 2435 quo
513 2369 667 2422 hoste
705 2370 861 2421 nobis
894 2386 979 2423 res
1004 2370 1096 2433 sit,
1134 2370 1297 2424 facile
1326 2372 1541 2435 videtis,
1578 2373 1682 2425 ita-

134 2458 547 2526 liNrincipes.
586 2457 719 2511 Cum
752 2458 902 2524 quo?
946 2458 1183 2526 inquies.
1219 2461 1320 2521 Oui
1377 2460 1682 2513 multitudi-

134 2565 255 2604 nem
281 2550 612 2602 inconditam
647 2549 810 2601 habet
843 2557 1004 2617 atque
1041 2550 1339 2614 imbellem,
1377 2551 1469 2618 qui
1508 2553 1679 2603 homi-

135 2655 261 2694 num
296 2656 525 2693 numero
559 2654 658 2691 nos
687 2640 905 2705 quidem
938 2653 1042 2691 non
1089 2648 1330 2709 superat,
1359 2642 1557 2694 virtute
1591 2654 1681 2693 ve-

100 2742 104 2743 ’
135 2748 193 2786 ru
219 2733 488 2794 vincitur;
530 2733 597 2783 de
630 2747 738 2799 quo
776 2733 924 2798 parvi
956 2742 1263 2785 nostrorum
1285 2720 1556 2786 exercitus
1584 2747 1681 2786 sa:-

134 2835 432 2888 penumcro
470 2821 897 2887 triumpharunt.
933 2820 986 2873 Id
1022 2832 1204 2875 autem
1234 2822 1456 2875 minime
1480 2812 1683 2874 miran-

132 2910 261 2963 duni
292 2920 403 2964 est.
448 2909 629 2979 Longe
675 2910 821 2963 enim
878 2910 1076 2965 fortius
1108 2918 1164 2964 et
1208 2896 1548 2964 constantius
1579 2927 1679 2977 pu-

135 3012 328 3068 gnant,
365 3002 459 3069 qui
489 3016 586 3069 pro
616 3011 787 3055 morte
814 3004 1180 3070 scrvituteriue
1205 3003 1566 3071 propulsanda
1598 3004 1682 3057 die

136 3095 561 3162 micant,quam
622 3094 712 3161 qui
774 3099 1006 3163 pra-dam
1066 3097 1347 3162 spoliaque
1382 3104 1679 3149 sectantur.

132 3184 266 3237 Natu
304 3184 381 3237 iiii
422 3200 611 3252 parum
642 3186 919 3257 amittunt,
956 3188 998 3238 si
1032 3186 1256 3238 victoria
1305 3200 1410 3237 non
1470 3186 1686 3252 potiun-

137 3285 259 3345 tur;
300 3278 390 3329 his
428 3293 555 3330 vero
582 3287 772 3330 cuncta
821 3287 1073 3345 pereunt,
1104 3276 1150 3327 si
1183 3278 1403 3343 segnius
1438 3291 1549 3328 rem
1591 3292 1682 3343 ge-

134 3376 274 3419 rant.
314 3385 332 3417 t
364 3366 631 3438 Pugueut,
659 3368 833 3435 inquit
854 3367 1314 3427 Lacedaemonius,
1334 3366 1685 3426 utmorituri,

132 3468 184 3510 et
224 3475 331 3511 non
364 3460 689 3511 morientur.
748 3475 768 3507 ι
810 3458 993 3523 Itaque
1032 3472 1153 3509 cum
1185 3458 1328 3530 adeo
1385 3456 1684 3508 necessaria

132 3550 293 3602 nobis
326 3549 618 3600 concordia
659 3549 748 3610 sit,
784 3546 1219 3614 praistantissimi
1246 3546 1539 3612 principes,
1563 3560 1684 3597 cum

130 3639 288 3699 alias,
329 3646 448 3689 tum
492 3637 595 3689 hoc
632 3649 874 3704 tempore
910 3636 962 3687 iu
1000 3635 1213 3702 primis,
1245 3644 1299 3688 et
1330 3636 1394 3686 ad
1453 3636 1688 3699 privatas

130 3728 379 3783 fortunas
415 3728 681 3787 tutantlas,
720 3738 773 3780 et
796 3728 859 3797 ad
910 3740 1254 3789 communem
1287 3725 1682 3792 defendendam

129 3824 388 3884 salutem,
422 3820 764 3871 concordiam
791 3816 1179 3884 amplectamur
1216 3815 1363 3866 omni
1419 3814 1601 3866 studio
1631 3822 1687 3866 et

130 3926 430 3965 ctmsensu.
468 3908 671 3960 Bellum
701 3898 1086 3976 justissiiuum,
1110 3906 1340 3958 maxime
1369 3905 1686 3973 gloriosum,

128 4011 291 4067 atque
335 3998 470 4049 utile
504 3996 569 4048 ad
610 3995 759 4064 pacis
804 4004 1121 4046 ornamenta
1183 3994 1493 4055 retinenda,
1533 4001 1585 4045 et
1622 3991 1687 4044 ad

132 4091 224 4143 Dei
261 4090 395 4158 Opt.
437 4086 575 4140 Μαι.
627 4086 856 4155 injurias
899 4085 1259 4149 ulciscendas,
1322 4076 1691 4151 pietatemque

132 4177 610 4249 propugnandam,
679 4178 1063 4246 suscipiamus.
1118 4177 1387 4230 Ornemus
1470 4174 1689 4227 italiam

130 4272 363 4323 victoria
400 4268 734 4337 amplissima
758 4277 813 4321 et
840 4265 1077 4320 hostium
1107 4265 1317 4334 spoliis,
1347 4280 1464 4333 quae
1493 4262 1549 4316 in'
1573 4279 1690 4317 ma-

127 4364 295 4416 nibus
321 4368 483 4423 sunt,
524 4369 582 4413 ut
609 4368 1030 4426 nosnostraque
1078 4358 1260 4410 omnia
1282 4346 1449 4408 ‘nietu
1478 4356 1529 4407 in
1562 4370 1686 4423 perv

128 4465 359 4523 pctuum
392 4464 466 4506 ac
512 4452 756 4521 periculo
789 4435 1098 4504 liberemus.

908 4603 969 4657 V.

128 4723 395 4792 Ejusdem
420 4719 494 4773 nd
515 4718 717 4772 eosdem
748 4718 1017 4792 persuasio
1037 4732 1100 4770 ex
1128 4721 1446 4773 auctoritate
1496 4720 1691 4772 Dento-

805 4790 1023 4841 sthenis.
1411 4798 1416 4803 '

196 4898 328 4957 Hac
358 4912 394 4953 a
420 4896 577 4953 nobis
601 4912 698 4967 pro
734 4899 1010 4951 communi
1047 4898 1291 4951 omnium
1318 4898 1491 4951 salute
1508 4897 1693 4965 dispu-

134 5003 263 5059 tata,
306 4994 525 5045 utinam
554 5003 620 5043 eo
649 4989 833 5041 studio
861 5002 891 5041 a
930 4987 1084 5041 vobis
1139 4986 1525 5053 suscipiantur,
1568 4987 1691 5037 illu-

128 5083 408 5155 strissimi
435 5081 597 5134 italiae
629 5080 927 5149 principes,
973 5094 1082 5147 quo
1115 5092 1144 5131 ει
1180 5078 1330 5130 nobzs
1364 5076 1506 5128 dicta
1542 5084 1684 5141 sunt,

130 5183 185 5227 et
215 5175 531 5227 inhaereant
562 5168 755 5223 animis
786 5170 995 5233 vestris,
1025 5177 1186 5235 atque
1220 5166 1603 5232 persuadeant,
1633 5175 1691 5219 ut

132 5264 295 5317 uultis
327 5258 573 5327 amplius
603 5258 1076 5311 adhortationibus
1133 5256 1410 5323 nullisque
1464 5257 1689 5307 rationi-

131 5355 233 5405 bus
263 5367 412 5421 opus
447 5350 538 5410 sit,
563 5354 656 5417 sed
694 5338 897 5415 reipsa
929 5356 982 5399 et
1026 5361 1188 5412 opera
1218 5343 1283 5397 ad
1317 5344 1690 5397 defensionem

130 5453 383 5499 nostram
417 5448 477 5493 et
524 5438 763 5491 hostium
837 5436 1299 5504 prepulsationem
1355 5434 1687 5487 excitemiui.

130 5535 285 5601 Quod
329 5545 488 5586 nunc
515 5528 725 5581 facilius
759 5527 867 5579 fieri
900 5540 1054 5593 posse
1086 5524 1339 5591 cogitavi,
1372 5526 1415 5576 si
1449 5526 1693 5600 censiliis

131 5630 264 5681 meis
305 5625 461 5677 vires
503 5618 734 5693 _aiiquas
765 5616 1101 5675 adhiberem,
1134 5624 1185 5667 et
1216 5614 1538 5667 auctoritate
1594 5616 1692 5668 ali-

130 5722 287 5789 cujus
316 5712 430 5770 viri
465 5709 778 5766 excellentis
808 5722 874 5761 ea
906 5705 1067 5773 plane
1093 5704 1499 5770 conﬁrmarem,
1528 5716 1690 5777 atque

1791 1932 1905 2000 ipse
1931 1933 2075 1985 dicat
2097 1934 2447 1986 sententiam.
2478 1933 2748 2002 Olynthiis
2779 1932 3021 1986 'i'hracite
3052 1936 3180 1988 urbs
3205 1950 3337 2001 opu-

1790 2020 2083 2074 lentissima
2120 2030 2258 2075 erat.
2286 2021 2589 2089 Philippus,
2620 2022 2911 2074 Alexandri
2945 2021 3121 2089 Magni
3157 2023 3333 2077 Mace-

1789 2113 2003 2175 donum
2033 2110 2176 2178 regis
2203 2122 2382 2179 pater,
2439 2126 2560 2165 cum
2596 2112 2651 2164 in
2699 2110 2966 2188 Graeciam
3020 2113 3333 2166 universam

1791 2201 2050 2267 impetum
2084 2199 2257 2254 facere
2285 2200 2638 2262 decrevisset,
2675 2200 2867 2255 statuit
2927 2201 2993 2254 ad
3058 2217 3176 2255 eam
3219 2218 3331 2256 rem

1786 2292 2018 2343 attinere
2058 2300 2115 2341 ut
2144 2288 2435 2357 Olynthum
2466 2290 2642 2357 primo
2666 2289 2722 2342 in
2752 2282 3012 2343 ditionem
3045 2292 3333 2359 redigeret.

1788 2379 1963 2432 Movet
1994 2393 2141 2430 arma
2173 2379 2224 2429 in
2251 2392 2408 2442 eam;
2468 2378 2834 2447 depopulatur
2862 2394 3071 2446 agrum.
3092 2380 3331 2449 Olynthii

1789 2465 1991 2531 legatos
2031 2468 2252 2516 mittunt
2283 2478 2441 2531 opem
2494 2463 2846 2533 impioratum
2885 2466 2953 2519 ab
2982 2467 3333 2525 Atheniensi-

1788 2556 1911 2608 bus.
1946 2555 2339 2608 Demosthenes
2391 2552 2581 2609 suadet
2643 2556 3021 2629 opitulandum
3069 2573 3209 2621 esse,
3262 2575 3332 2613 ne

1788 2647 2090 2716 Philippus,
2120 2648 2181 2699 ad
2211 2645 2470 2700 Graeciam
2498 2647 2866 2715 occupandam
2906 2651 3076 2704 animi
3134 2649 3330 2704 infiniti

1787 2747 1842 2792 et
1869 2739 2025 2803 vasti,
2052 2737 2284 2807 Olyntho
2337 2748 2514 2803 capta,
2573 2736 2928 2792 Athenienses
2978 2754 3041 2792 ac
3075 2741 3331 2809 reliquam

1789 2830 2045 2887 Gra‘ciam
2078 2830 2367 2898 opprimat.
2392 2828 2468 2880 ita
2490 2828 2635 2881 enim
2667 2836 2792 2881 tunc
2810 2826 3028 2883 Graecia:
3051 2830 3347 2900 Philippus

1792 2920 2131 2983 imminebat;
2171 2930 2228 2972 ut
2261 2917 2631 2981 nuncTurcus
2662 2919 2845 2972 italiae.
2866 2918 3141 2975 Sustineat
3173 2922 3335 2991 igitur

1792 3012 2070 3080 Philippus
2103 3011 2261 3064 Turci
2299 3025 2603 3077 personam,
2626 3010 2742 3063 itali
2775 3010 3207 3073 Atheniensium,
3236 3029 3337 3068 nos

1795 3102 2185 3157 Demosthenis.
2206 3103 2323 3156 Jaiu
2359 3102 2512 3155 facile
2536 3101 2803 3170 intelliges
2838 3110 3001 3155 totam
3030 3105 3332 3158 orationem

1787 3188 1963 3250 causa:
1998 3204 2195 3246 nostra:
2226 3208 2325 3245 con
2336 3194 2541 3245 venire.
2676 3188 2678 3191 ’

1789 3345 2145 3398 Demosthenis
2175 3344 2346 3396 oratio
2370 3360 2474 3410 pro
2505 3328 2723 3410 ferenda
2748 3360 2840 3412 ope
2865 3332 3123 3412 Olynthiis
3148 3344 3333 3396 adver-

2038 3429 2125 3464 sus
2156 3414 2478 3480 Philippum,
2511 3428 2681 3480 regem
2722 3411 3089 3465 Macedonum.

1855 3544 2059 3595 Grandi
2085 3544 2319 3611 pecunia?
2350 3558 2435 3595 vos
2489 3543 2718 3610 profecto
2771 3543 3158 3609 anteposituros
3188 3542 3331 3594 arbi-

1789 3640 1914 3693 tror,
1944 3632 2303 3696 Athenienses,
2345 3635 2392 3683 si
2436 3632 2655 3699 planum
2690 3630 2807 3697 ﬁat,
2850 3632 3099 3695 quidnam
3145 3633 3334 3698 rcipu~

1788 3722 1930 3773 blica:
1957 3721 2084 3772 utile
2128 3722 2497 3789 futurum-sit;
2527 3735 2631 3788 qua
2660 3720 2723 3770 de
2754 3736 2804 3771 re
2837 3736 2971 3771 nunc
3006 3739 3036 3772 a
3070 3722 3205 3773 vobis
3238 3724 3331 3772 de-

1788 3812 2059 3863 liberatur.
2092 3811 2240 3873 Quod
2272 3821 2397 3863 cum’
2416 3812 2490 3864 ita
2522 3818 2579 3863 se
2610 3809 2820 3874 habeat,
2857 3801 3081 3863 uestrum
3118 3822 3191 3863 est
3242 3827 3325 3863 eos

1789 3910 1979 3953 attente
2010 3900 2194 3953 audire
2223 3902 2374 3965 uelle,
2396 3902 2495 3969 qui
2529 3900 2847 3953 sententiam
2880 3902 3049 3953 dicere
3072 3908 3331 3957 statuunt.

1789 3993 1903 4046 Non
1939 3991 2107 4045 solum
2133 3992 2269 4043 enim
2290 3993 2335 4045 si
2362 3995 2474 4059 quis
2504 3990 2630 4043 utile
2664 3989 2863 4059 aliquid
2885 3993 3229 4058 excogitatum
3280 3994 3333 4043 in

1791 4081 2014 4133 medium
2050 4079 2307 4140 attulerit,
2342 4080 2415 4143 id,
2458 4097 2571 4132 cum
2606 4080 2890 4139 audieritis,
2923 4081 3219 4144 accipietis;
3252 4094 3335 4130 ve-

1793 4186 1905 4221 rum
1955 4172 2110 4223 etiam
2142 4170 2279 4238 quod
2316 4180 2488 4222 uestra
2527 4170 2736 4238 fortuna
2796 4174 3026 4221 accidere
3076 4170 3333 4231 existimo,

1791 4260 1956 4313 multa
2008 4270 2298 4326 Opportuna
2335 4259 2599 4313 nonnullis
2628 4276 2689 4311 ex
2746 4270 2974 4329 tempore
3005 4260 3059 4311 in
3114 4269 3333 4310 mentem

1793 4351 1993 4402 veiﬁent
2032 4349 2273 4425 dicenda,
2310 4356 2457 4402 utea:
2505 4351 2742 4402 omnibus
2794 4351 2932 4418 optio
2994 4350 3138 4401 nobis
3190 4350 3339 4400 detur

1720 4443 1767 4527 D‘
1795 4437 2015 4505 eligendi
2037 4436 2174 4527 quod
2202 4437 2339 4489 vobis
2367 4437 2432 4491 sit
2465 4441 2585 4491 usui
2616 4438 2867 4506 futurum.
2903 4436 3177 4491 Enimvero
3202 4454 3339 4507 prte-

1790 4542 1906 4580 seus
1938 4526 2181 4595 temporis
2204 4530 2432 4592 occasio,
2457 4531 2575 4592 uoce
2613 4532 2984 4597 propemodum
3012 4531 3219 4593 emissa,
3251 4543 3336 4580 re-

1791 4620 1881 4671 bus
1921 4618 2028 4671 illis
2056 4619 2421 4688 opitttlandu’m
2452 4635 2560 4673 esse
2610 4622 2797 4689 inquit,
2821 4622 2865 4673 si
2896 4622 3101 4689 quidem
3152 4636 3334 4673 earum

1789 4712 1935 4763 salus
1965 4710 2105 4762 nobis
2134 4716 2274 4764 curta
2293 4721 2388 4763 est.
2421 4709 2528 4763 Nos
2554 4727 2693 4772 vero,
2725 4713 2891 4763 nescio
2931 4724 3032 4778 quo
3065 4719 3236 4778 pacto,
3264 4709 3335 4760 ad

1791 4806 1900 4853 tusc
1940 4802 2177 4853 videmur
2214 4802 2405 4868 aﬂ'ecti.
2437 4798 2563 4862 ρυω
2591 4811 2766 4852 autem
2788 4814 2877 4866 ego
2912 4800 3110 4866 agenda
3136 4813 3333 4862 censeo,

1790 4889 1895 4939 lure
1925 4894 2045 4937 sunt
2072 4902 2091 4938 :
2112 4886 2311 4937 auxilia
2363 4886 2539 4936 statim
2577 4884 2896 4937 decernenda
2941 4899 3001 4933 ac
3030 4884 3331 4935 instruenda

1790 4990 1949 5043 quam
1982 4973 2266 5035 celerrime,
2294 4981 2348 5022 ut
2377 4973 2493 5023 hinc
2514 5028 2517 5029 ν
2535 4986 2680 5038 opem
2705 4971 2910 5037 feratis,
2939 4984 3001 5023 ne
3026 4970 3164 5027 idem
3183 4972 3332 5040 ~quod

1790 5066 1916 5120 olim
1946 5065 2260 5135 patiamini;
2285 5064 2483 5131 legatos
2516 5060 2813 5121 mittendos,
2844 5062 2932 5129 qui
2988 5066 3095 5113 Itch
3150 5078 3338 5115 renun-

1792 5156 1941 5233 tient:
1972 5164 2019 5207 et
2049 5154 2196 5206 rebus
2223 5152 2459 5222 gerendis
2480 5152 2752 5204 intersint.
2778 5148 2980 5202 Etenim
3006 5145 3141 5203 illud
3167 5154 3341 5205 maxi-

1792 5264 1870 5299 me
1906 5245 2183 5299 verendum
2220 5250 2293 5295 est
2342 5256 2422 5302 ne,
2459 5248 2573 5293 cum
2632 5239 2904 5308 Philippus
2960 5242 3108 5307 vafer
3140 5249 3211 5295 ἀτ
3265 5243 3335 5295 ad

1794 5339 1999 5407 negotia
2037 5334 2272 5387 obeunda
2296 5333 2518 5386 callidus
2551 5332 2643 5395 sit,
2675 5332 2827 5384 modo
2867 5332 3089 5385 cedendo
3112 5347 3228 5384 cum
3256 5348 3335 5386 res

1794 5425 2094 5498 postulabit,
2134 5426 2285 5478 modo
2345 5422 2746 5476 inluminanda
2808 5420 3037 5491 (dignus
3070 5438 3200 5475 sane
3232 5423 3339 5487 ﬁde

1796 5521 1976 5571 merito
2026 5516 2339 5585 haberetur),
2381 5515 2531 5567 modo
2567 5504 2651 5568 vos
2688 5522 3013 5583 vestramque
3048 5517 3342 5567 absentiam

1793 5611 2071 5665 calumniis
2098 5607 2422 5669 insectando,
2458 5606 2660 5673 aliquid
2688 5606 2751 5658 de
2779 5621 2985 5658 summa
3019 5618 3197 5657 rerum
3226 5620 3344 5671 per-

1794 5710 1961 5757 vertat
1993 5708 2145 5768 atque
2174 5698 2457 5752 convellat.
2487 5698 2646 5767 Atqui
2679 5697 2888 5766 quodin
2924 5696 3081 5751 rebus
3109 5695 3341 5759 Philippi
