4106 6322
745 276 845 340 671
902 300 920 308 ί

1659 277 2168 337 ΒΕΞΞΑΒΙΟἪΒ
2211 280 2268 340 S.
2316 280 2380 338 η.
2439 277 2498 335 Ε..
2543 271 3039 336 ελιωιδίΑιις

3859 274 3961 336 672

733 395 1089 464 permunitum
1125 369 1347 452 videtur,
1383 399 1462 446 vix
1496 401 1548 444 ut
1583 393 1876 466 oppugnari
1902 394 2090 460 possit,
2154 393 2290 444 idem
2324 401 2360 453 Α
2397 385 2465 463 ris
2494 392 2668 457 :quod
2699 401 2876 442 autem
2931 397 2977 439 et
2999 390 3323 457 jampridem
3358 390 3412 442 id
3462 405 3552 442 nos
3588 389 3738 457 passi
3792 390 3956 458 fueri‘

733 495 782 537 et
819 486 956 538 vobis
999 486 1415 554 percommodum
1464 492 1557 536 est.
1595 483 1732 536 Nam
1788 483 1925 551 quod
1969 482 2060 536 ille
2088 475 2288 535 'rerum

735 576 984 634 omnium,
1032 574 1175 626 nulla
1210 584 1441 642 excepta,
1475 574 1615 627 solus
1647 575 1887 627 dominus
1931 575 2022 634 sit,
2053 575 2287 641 impera-

736 675 837 725 tor,
868 677 1110 734 quatuor,
1145 667 1332 733 ubique
1361 666 1468 732 suis
1503 665 1665 732 copiis
1699 665 1896 732 praesit,
1938 665 2007 714 ad
2029 677 2138 714 .res
2176 661 2278 730 qui-

734 757 848 808 dem
876 755 1086 809 bellicas
1116 766 1322 820 mature
1350 755 1724 818 conﬁciendas,
1762 761 1809 805 et
1839 756 2016 806 omnia
2054 754 2110 806 in
2161 767 2291 806 tem-

683 908 693 916 _
731 863 855 909 pore
887 848 1111 915 gerenda
1143 828 1290 914 longe
1317 839 1555 913 superior
1583 851 1679 897 est.
1720 845 1798 896 Ad
1827 845 2149 897 conditiones
2173 836 2290 898 vero

732 952 850 987 cum
888 935 1148 1005 Olynthiis
1178 935 1453 998 ineundas,
1488 935 1571 986 cui
1591 936 1664 985 rei
1694 916 1911 1000 miriﬁce
1929 936 2120 995 studet,
2143 934 2292 1004 longe

734 1027 888 1077 aliter
917 1043 966 1077 se
1001 1026 1172 1078 habet.
1211 1025 1382 1093 Neque
1439 1027 1574 1076 enim
1608 1022 1869 1091 Olynthiis
1899 1024 2171 1076 obscurum
2218 1034 2291 1076 est

731 1131 841 1170 sese
871 1117 963 1168 hoc
993 1102 1221 1184 tempore
1253 1129 1354 1167 non
1417 1115 1479 1168 de
1525 1115 1691 1183 gloria
1727 1123 1817 1166 aut
1855 1117 1968 1182 agri
2001 1122 2150 1182 parte
2181 1131 2293 1169 cer-

734 1213 869 1265 tare,
904 1206 994 1256 sed
1023 1221 1116 1271 pro
1161 1203 1382 1260 excidio,
1417 1220 1510 1270 pro
1547 1205 1794 1255 servitute
1847 1220 1876 1256 α
1913 1207 2099 1273 patriae
2129 1207 2294 1258 cervi—

733 1293 872 1344 cibus
911 1292 1257 1362 depellenda;
1294 1307 1454 1359 neque
1484 1293 1728 1360 ignorant
1769 1292 1892 1358 quid
1922 1293 1975 1342 in
2030 1309 2113 1344 eos
2175 1299 2293 1342 Am-

735 1383 1015 1450 phipolitas
1062 1384 1246 1451 egerit,
1278 1383 1362 1448 qui
1393 1383 1438 1432 ei
1484 1383 1710 1448 patriam
1766 1383 2132 1449 prodiderunt,
2171 1382 2296 1447 quid

735 1475 788 1523 in
822 1472 1096 1540 l’ydnasos,
1131 1472 1219 1539 qui
1247 1486 1363 1522 eum
1403 1481 1544 1522 terra
1602 1477 1920 1538 receperunt.
1967 1471 2186 1540 Demum
2222 1484 2298 1540 ty-

738 1562 1008 1612 rannidem
1039 1575 1147 1610 rem
1178 1559 1394 1624 inﬁdam
1419 1568 1465 1608 et
1488 1566 1780 1623 suspectam
1810 1555 1982 1607 liberis
2004 1557 2297 1608 civitatibus

739 1667 844 1703 esse
879 1653 1148 1711 existimo;
1188 1648 1475 1714 prtesertim
1503 1647 1546 1697 si
1598 1661 1750 1713 agros
1778 1645 2022 1711 ﬁnitimos
2053 1648 2295 1698 habeant.

739 1743 922 1808 Itaque
955 1749 1000 1790 et
1042 1743 1145 1792 tunc
1183 1756 1282 1790 non
1313 1740 1632 1807 ignorantes,
1670 1747 1718 1789 et
1751 1747 1936 1789 cuncta
1982 1737 2091 1788 alia
2121 1740 2285 1789 consi-
2325 1748 2364 1801 Β
2393 1755 2639 1808 prwterea
2695 1743 2966 1812 Philippus
3035 1746 3398 1808 occupaverit,
3448 1745 3759 1797 demonstret

740 1833 1004 1893 derantes,
1036 1829 1316 1897 diligenter
1364 1831 1479 1881 dico
1504 1845 1610 1893 unos
1641 1840 1876 1896 Oportere
1909 1830 2120 1880 incitari
2136 1828 2292 1888 't'elle,

740 1919 971 1988 belloque
1011 1918 1260 1985 gerendo,
1305 1919 1349 1970 si
1400 1936 1647 1986 unquam,
1693 1935 1826 1970 nunc
1884 1929 2016 1970 certe
2073 1922 2301 1971 maxime

740 2011 1049 2073 incumbere,
1109 2012 1352 2077 pecunias
1380 2009 1520 2061 haud
1577 2011 1800 2076 segniter
1847 2009 2176 2076 conferendo,
2210 2027 2301 2078 per

740 2109 935 2152 nosmet
963 2102 1221 2164 exeundo,
1245 2101 1375 2154 nihil
1393 2117 1607 2170 prorsus
1622 2101 1932 2151 omittendo.
1959 2095 2138 2168 Neque
2164 2103 2300 2152 enim

740 2199 830 2239 aut
865 2193 1023 2251 ratio,
1058 2200 1149 2242 aut
1206 2193 1468 2242 excusatio
1513 2189 1621 2242 ulla
1659 2189 1790 2241 vobis
1829 2188 2053 2255 amplius
2112 2187 2292 2239 relicta

738 2294 834 2342 est,
873 2286 996 2348 quin
1062 2299 1172 2349 qute
1216 2282 1418 2349 agenda
1447 2281 1572 2332 sunt
1638 2281 1922 2347 peragatis.
1983 2278 2120 2332 Nam
2165 2267 2300 2347 quod

739 2372 909 2421 cuncti
971 2371 1270 2434 fremebatis
1336 2370 1597 2438 quondam
1678 2367 2040 2438 Olynthiorum
2098 2373 2298 2422 animos

740 2457 980 2527 Philippo
1009 2460 1217 2527 infestos
1247 2459 1528 2509 reddendos
1564 2475 1690 2520 esse,
1723 2459 1860 2511 ultro
1899 2463 2086 2522 evertit,
2123 2469 2171 2512 et
2202 2477 2298 2513 sua

738 2566 792 2599 se
825 2557 1003 2617 sponte
1039 2549 1263 2612 obtulit;
1289 2562 1444 2616 atque
1484 2549 1533 2598 id
1567 2566 1622 2600 eo
1657 2551 1882 2601 maxime
1905 2551 2056 2602 modo
2084 2567 2183 2619 quo
2216 2569 2298 2604 ro-

744 2639 815 2689 bis
864 2640 1117 2690 conducit.
1158 2638 1212 2691 Si
1273 2641 1429 2701 enim,
1507 2640 1642 2689 vobis
1694 2641 2066 2702 suadentibus,
2109 2641 2297 2693 bellant

741 2732 1100 2794 suscepissent,
1135 2731 1258 2798 ﬁdei
1286 2747 1412 2782 sane
1442 2731 1612 2782 dubiw
1639 2732 1859 2782 habendi
1887 2743 2054 2784 essent
2079 2736 2226 2790 socii,
2254 2743 2300 2784 et

743 2819 810 2866 ad
852 2820 1062 2885 aliquod
1095 2835 1254 2885 usque
1291 2830 1511 2887 tempus,
1543 2836 1644 2870 non
1683 2833 1907 2886 semper,
1939 2821 1989 2872 id
2018 2821 2302 2872 decrevisse

747 2912 968 2972 fortasse
995 2909 1311 2958 viderentur.
1351 2907 1482 2958 Cum
1530 2923 1647 2958 vero
1683 2909 1891 2972 injuriis
1933 2909 1996 2958 ab
2025 2908 2116 2957 illo
2143 2909 2305 2958 laces-

747 3000 856 3057 siti,
889 2997 1002 3047 odio
1027 2999 1283 3048 hominem
1311 3004 1716 3063 persequuntur,
1743 3005 2044 3048 constantes
2088 3011 2170 3048 eos
2198 2998 2300 3046 ini-

750 3089 975 3138 micitias
1025 3092 1256 3155 gesturos
1297 3102 1411 3137 cum
1459 3096 1670 3154 prOpter
1703 3097 1917 3149 metum,
1952 3096 2058 3138 tum
2089 3097 2318 3155 propter.

744 3182 962 3245 (."IL’ttSuS
999 3177 1430 3230 verisimillimum
1487 3187 1580 3228 est.
1642 3176 1762 3228 Non
1798 3186 1870 3229 est
1917 3179 2076 3245 igitur
2125 3178 2301 3228 oblata

745 3276 944 3323 occasio
977 3273 1442 3338 pnvtermittenJa.
1493 3274 1858 3332 Atheuienses,
1897 3285 2057 3336 neque
2083 3269 2296 3338 patien-

746 3372 869 3412 dum
898 3363 1032 3428 quod
1055 3363 1312 3429 superiori
1349 3372 1580 3429 tempore
1608 3375 1959 3427 sa'pcnumerO
1986 3361 2124 3426 passi
2155 3360 2295 3409 cstis.

746 3454 879 3506 Nam
917 3457 1091 3505 sicum
1144 3454 1268 3504 olim
1301 3452 1449 3503 rebus
1493 3453 1731 3503 Euboicis
1799 3451 2049 3502 auxtliuti
2111 3453 2301 3501 reversi

745 3563 941 3607 sanius,
983 3556 1030 3596 et
1066 3547 1133 3597 atl
1168 3548 1274 3597 hac
1303 3547 1416 3611 ipsa
1463 3544 1704 3595 subsellia
1747 3545 1942 3595 Uierax
1984 3550 2034 3608 et
2103 3541 2302 3593 Strato-

746 3639 845 3689 cles
878 3638 1239 3705 Amphipolin:
1296 3636 1541 3694 aderant,
1591 3636 1865 3685 hortantes
1922 3642 1973 3682 ut
2034 3633 2297 3684 maritimo

746 3750 827 3798 ep,
854 3743 1006 3782 aratu
1039 3729 1276 3799 profecti,
1313 3729 1487 3780 urbem
1525 3744 1674 3778 suam
1732 3727 2103 3792 acciperemus,
2166 3727 2297 3776 idem

747 3841 839 3890 pro
878 3825 1014 3874 nobis
1046 3823 1168 3888 ipsis
1193 3820 1418 3872 studium
1445 3811 1874 3886 pra'stitissemus,
1905 3817 2039 3881 quod
2061 3833 2161 3884 'pro
2199 3815 2305 3867 Eu-

748 3919 1006 3964 bocurum
1057 3913 1248 3973 salute,
1311 3919 1357 3962 et
1394 3921 1510 3961 tunc
1565 3911 1814 3961 nimirum
1863 3908 2190 3976 Amphipolis
2247 3911 2300 3958 in

1051 4013 1280 4052 nostram
1313 4003 1551 4059 venisset,
1589 4009 1634 4049 et
1678 4015 1812 4050 nunc
1878 3999 2119 4050 molestia
2161 4000 2302 4049 omni

750 4092 1018 4151 rttret‘etis,
1057 4107 1168 4156 qua:
1199 4091 1319 4141 inde
1368 4099 1643 4141 consecuta
1675 4097 1768 4138 est.
1817 4085 2017 4139 Rursus
2081 4088 2126 4137 si
2186 4103 2301 4137 cum

757 4178 1014 4243 l'gdnam,
1076 4178 1390 4240 Methonem,
1439 4176 1745 4237 Potidteatn,
1789 4173 2044 4244 Pagasas,
2080 4178 2302 4243 reliqua,

753 4281 818 4315 ne
846 4269 894 4315 in
925 4267 1137 4335 s.'ugalis
1171 4269 1364 4317 diutius
1399 4268 1662 4327 immorer,
1693 4266 1911 4316 obsideri
1946 4266 2259 4333 offerebatur
2283 4303 2296 4322 ,

749 4011 779 4051 tl
807 4007 988 4053 tiatent

2394 498 2529 544 mus,
2557 493 2604 532 et
2637 476 3058 553 nuper'societas
3088 481 3231 537 nobis
3263 476 3541 541 exstiterit,
3574 495 3691 548 qua:
3715 484 3951 548 superio-

2391 588 2449 622 ra
2473 571 2650 624 omnia
2687 571 2942 623 resarcire
2969 571 3164 631 valeat,
3197 571 3347 623 modo
3370 587 3429 622 ea
3460 574 3536 624 uti
3559 574 3804 635 velimus,
3837 574 3961 623 deo-

2391 677 2506 713 rum
2547 661 2924 714 immortalium
2956 661 3321 713 benevolentia!
3353 676 3476 729 erga
3529 678 3623 714 nos
3684 674 3957 730 acceptum

2392 752 2716 820 referendum
2751 751 2908 819 plane
2933 752 3317 820 tt/ﬁrmaverim.
3375 750 3562 805 Verum
3622 755 3721 806 hoc
3753 756 3965 822 perinde

2357 854 2362 856 '
2393 857 2501 894 esse
2527 842 2786 904 arbitror,
2822 852 2978 909 atque
3022 844 3074 894 in
3124 844 3463 910 pecuniarum
3499 845 3818 911 possessione
3844 861 3965 896 con-

2393 931 2755 1000 tingeresolet.
2781 931 2838 985 Si
2859 933 2998 984 enim
3031 949 3368 1002 quascunque
3389 935 3502 1001 quis
3523 935 3856 1002 acquisierit,
3877 952 3963 986 eas
4041 937 4048 940 ’

2395 1031 2564 1075 servat
2592 1022 2899 1084 incolumes,
2932 1023 3165 1087 ingentes
3189 1024 3346 1075 habet
3396 1025 3628 1089 fortuna-
3649 1029 3873 1095 gratias.
3901 1024 3960 1078 In

2393 1114 2545 1165 rebus
2563 1113 2719 1166 idem.
2751 1112 2850 1176 Qui
2872 1119 3140 1165 occasione
3161 1130 3259 1165 non
3290 1125 3422 1166 recte
3450 1117 3529 1166 usi
3552 1127 3700 1176 sunt,
3733 1133 3796 1168 ne
3823 1133 3963 1168 com-

2394 1202 2534 1254 modi
2557 1203 2783 1270 quidem,
2811 1204 2855 1252 si
2882 1202 3003 1266 quid
3029 1203 3244 1254 deorum
3271 1204 3516 1270 bene/icio
3535 1214 3658 1254 sunt
3679 1211 3961 1265 consecuti,

2396 1291 2766 1341 recordamur.
2795 1289 2879 1341 Ea.
2897 1290 3083 1342 ultimo
3103 1293 3238 1342 enim
3281 1306 3452 1343 rerum
3481 1304 3664 1343 erentu
3691 1303 3814 1343 ante
3846 1305 3962 1343 acta

2403 1383 2578 1434 omnia
2605 1381 2906 1449 plerumque
2924 1383 3174 1448 pensitari
3202 1381 3388 1433 solent.
3410 1380 3753 1445 Quamobrem
3775 1386 3828 1435 in
3847 1385 3963 1435 reli-

2397 1474 2508 1540 quis
2544 1471 2690 1524 valde
2721 1472 3137 1539 prospiciendum
3171 1481 3263 1535 est,
3290 1482 3346 1524 ut
3380 1487 3558 1525 eorum
3600 1475 3964 1540 emendatione

2397 1565 2720 1627 superiorum
2743 1565 2995 1630 fastorum
3024 1562 3188 1615 labem
3218 1564 3508 1617 deleamus.
3541 1566 3662 1616 Atsi
3683 1567 3774 1617 hos
3806 1567 3962 1616 etiam

2400 1653 2632 1705 homines
2688 1654 3107 1720 perdiderimus,
3167 1654 3517 1712 Athenienses,
3575 1665 3622 1706 et
3681 1654 3964 1723 Olynthum

3843 1748 3968 1797 mihi

2399 1840 2676 1905 quispiam,
2738 1839 2859 1904 quid
2901 1841 2966 1890 sit
3005 1840 3230 1905 amplius
3276 1838 3644 1905 impedimento
3697 1842 3962 1907 futurum,

2401 1930 2674 1995 quominus
2712 1946 2815 1993 quo
2852 1929 3010 1981 libido
3049 1931 3211 1980 animi
3248 1928 3452 1991 tulerit,
3486 1930 3786 1980 contendat.
3818 1932 3967 1982 Anne

2400 2025 2625 2069 vestrum
2651 2017 2837 2086 aliquis
2875 2019 3264 2081 animadvertit,
3306 2029 3353 2070 et
3393 2022 3649 2070 rationem
3677 2020 3829 2080 videt,
3861 2035 3964 2086 qua

2400 2106 2678 2175 Philippus
2709 2125 2821 2160 cum
2855 2109 3005 2161 initio
3044 2111 3283 2172 pertenui
3304 2110 3356 2161 in
3388 2118 3526 2160 statu
3554 2149 3567 2171 ,
3618 2119 3828 2176 repente
3858 2127 3967 2161 ma-

2398 2215 2548 2271 gnus
2576 2201 2778 2252 evasit?
2811 2199 3157 2268 Amphipolim
3192 2202 3360 2264 primo
3413 2203 3565 2269 cepit,
3603 2203 3796 2253 deinde
3825 2201 3964 2270 Pyd-

2401 2285 2552 2347 nam.'
2579 2291 2764 2341 iterum
2795 2290 3102 2354 Fatidicum,
3159 2294 3368 2343 rursum
3408 2290 3718 2345 Met/tonent.
3748 2292 3956 2344 demum

2397 2378 2450 2430 in
2505 2379 2823 2433 Thessaliam
2861 2381 3095 2443 invasit;
3154 2383 3389 2448 deinceps
3440 2380 3549 2434 I’lta
3567 2399 3673 2443 ras,
3706 2381 3961 2451 Pagasas,

2400 2473 2746 2540 Magnesiam.
2782 2471 2994 2526 Cunctis
3025 2489 3140 2525 vero
3163 2512 3176 2533 ,
3237 2485 3289 2524 ut
3326 2473 3491 2536 libuit,
3535 2475 3825 2526 constitutis
3855 2515 3872 2538 ,
3910 2478 3960 2524 in

2404 2561 2677 2614 Thraciam
2711 2579 2764 2616 se
2793 2553 3052 2617 contulit.
3098 2565 3198 2624 Ibi,
3237 2565 3357 2616 aliis
3388 2565 3561 2632 ejectis
3588 2566 3810 2632 regibus,
3845 2566 3963 2616 allis

2402 2649 2670 2712 restitutis,
2731 2654 2949 2728 adversa
2999 2653 3294 2707 valetudine
3338 2654 3616 2706 laboravit.
3669 2654 3783 2718 Qua
3840 2672 3958 2707 cum

2401 2744 2672 2808 paululum
2711 2747 2906 2795 levatus
2938 2753 3088 2806 esset,
3130 2747 3307 2796 nonin
3343 2747 3610 2812 segnitiem
3656 2761 3768 2798 sese
3815 2747 3961 2798 dedi-

2401 2836 2498 2893 dit,
2523 2834 2610 2885 sed
2637 2832 2907 2900 Olynthios
2945 2836 3121 2885 statim
3159 2837 3372 2886 adortus
3389 2843 3484 2888 est.
3529 2833 3645 2886 Non
3678 2836 3790 2886 dico
3823 2853 3963 2887 nunc

2403 2915 2493 2974 de
2520 2921 2655 2973 illius
2701 2923 3107 2988 expeditionibus
3146 2924 3391 2976 adversus
3417 2921 3652 2992 Illyrios.
3714 2923 3958 2989 Paoncs,

2410 3014 2686 3082 Ar'ymbam
2718 3053 2731 3071 ,
2783 3022 2832 3065 et
2883 3014 2935 3065 in
2968 3029 3332 3084 quamcunque
3368 3015 3586 3069 volueris
3617 3019 3960 3084 provinciam.

2407 3108 2494 3163 At,
2528 3104 2789 3170 quispiam
2820 3103 3036 3171 inquiet,
3084 3104 3208 3174 quid
3237 3104 3378 3157 nobis
3403 3106 3504 3158 ista
3542 3110 3965 3160 commemoras?

2409 3193 2471 3246 Ut
2503 3204 2550 3246 et
2574 3198 2921 3262 cognoscatis,
2967 3195 3321 3259 Athenienses,
3375 3208 3627 3263 quantum
3662 3199 3958 3251 detrimenti

2404 3284 2588 3352 alferat
2615 3301 2720 3335 rem
2763 3301 2962 3352 semper
3002 3285 3237 3352 aliquam
3273 3287 3576 3353 singulatim
3621 3289 3794 3338 sinere
3825 3307 3960 3354 pra:-

2404 3376 2610 3427 teilabi.
2642 3375 2704 3427 Et
2743 3377 2896 3442 p'ane
2919 3376 3202 3428 advertatis
3241 3374 3469 3444 Phil'ppi
3495 3377 3545 3427 in
3576 3378 3726 3428 rebus
3747 3381 3959 3445 agendis

2400 3466 2624 3517 studium
2681 3468 3025 3528 acerrimum,
3068 3476 3114 3518 et
3141 3484 3320 3519 curam
3368 3466 3636 3520 assiduam
3687 3485 3800 3520 cum
3853 3486 3958 3537 qua

2401 3558 2597 3624 pariter
2638 3558 2794 3608 vitam
2823 3557 2985 3620 ducit,
3032 3556 3090 3607 ob
3129 3574 3285 3625 quam
3319 3557 3467 3610 rebus
3511 3573 3541 3608 a
3575 3573 3629 3608 se
3669 3559 3822 3625 gestis
3857 3563 3957 3609 mi-

2401 3647 2540 3699 nime
2585 3657 2852 3698 contentus
2881 3686 2892 3706 ,
2931 3647 3167 3715 deinceps
3223 3648 3337 3710 ﬁeri
3391 3663 3490 3698 non
3537 3650 3746 3716 poterit,
3795 3658 3848 3699 ut
3901 3652 3953 3700 in

2400 3741 2566 3805 quiete
2600 3749 2923 3804 permaneat.
2957 3740 3103 3802 Quod
3130 3743 3172 3790 si
3203 3739 3289 3791 ille
3332 3740 3500 3806 majus
3526 3740 3729 3804 aliquid
3753 3755 3957 3811 semper

2403 3832 2713 3883 moliendum
2739 3831 3036 3887 decreverit,
3059 3847 3139 3881 vos
3171 3838 3350 3881 contra
3385 3828 3586 3880 nullam
3618 3845 3725 3881 rem
3752 3828 3958 3898 fortiter

2401 3921 2687 3972 obeundum
2708 3920 3089 3986 judicaveritis,
3127 3936 3276 3984 quem
3306 3921 3514 3970 tandem
3545 3935 3720 3970 rerum
3764 3921 3955 3969 '.ri!um

2399 4027 2611 4077 sperare
2638 4009 2922 4060 debemus?
2957 4009 3093 4061 Proh
3141 4010 3305 4060 Deum
3343 4009 3498 4074 ﬁdem
3529 4012 3549 4062 .'
3587 4012 3701 4077 quis
3732 4021 3954 4061 vestrum

2405 4101 2534 4150 adeo
2565 4100 2702 4150 tardi
2737 4099 2930 4163 ingenii
2976 4107 3048 4147 est
3080 4109 3126 4148 et
3164 4097 3464 4160 inconsulti,
3496 4098 3604 4166 qui,
3637 4100 3681 4150 si
3724 4099 3958 4166 neglexe-

2405 4190 2588 4251 rimus,
2621 4188 2810 4239 bellant
2851 4188 2948 4237 huc
2983 4202 3281 4237 conversum
3333 4188 3398 4238 iri
3438 4188 3682 4238 nesciat?
3722 4188 3873 4249 Quod
3915 4193 3958 4240 si

2404 4277 2645 4339 evenerit,
2683 4277 2911 4343 equidem
2944 4278 3264 4328 vehementer
3299 4275 3452 4325 timeo
3487 4291 3570 4332 ne,
3627 4277 3787 4328 veluti
3815 4278 3956 4344 [ene-

751 4359 909 4408 alnzui
953 4373 1014 4408 ea:
1066 4358 1126 4408 iis
1154 4359 1273 4418 cito,
1306 4369 1372 4417 et,
1409 4368 1459 4407 ut
1514 4373 1591 4407 res
1628 4356 1942 4422 postulabat,
1978 4372 2124 4423 Opem
2166 4356 2298 4423 ferre

2410 4365 2533 4425 rati,
2561 4364 2647 4429 qui
2680 4363 2834 4428 facile
2875 4378 2934 4413 ex
2960 4365 3160 4430 magnis
3199 4362 3224 4428 ί
3252 4362 3460 4436 noribus
3487 4361 3624 4413 brevi
3651 4374 3884 4431 tempore
3910 4367 3955 4413 in

753 4449 978 4516 aggressi
1008 4463 1231 4498 essemus
1262 4484 1275 4504 ,
1307 4449 1540 4513 [aciliore
1574 4447 1801 4513 profecto
1842 4445 2082 4513 Philippo
2122 4457 2170 4498 et
2207 4449 2300 4497 Itu-

756 4540 959 4589 nttliot'e
990 4550 1275 4588 uteremur.
1309 4540 1367 4586 At
1396 4551 1535 4598 vero,
1597 4541 1719 4584 dum
1778 4545 2052 4601 pra'sentes
2118 4551 2293 4586 rerum

758 4629 1053 4676 occasiones
1087 4626 1376 4691 abjicimus,
1397 4624 1515 4672 dum
1537 4625 1714 4684 futura
1741 4636 1983 4688 prospere
2005 4637 2097 4672 sua
2122 4639 2165 4679 s;
2188 4631 2303 4671 ante

757 4733 1000 4769 eventura
1035 4727 1182 4786 putat
1223 4733 1299 4768 us.
1325 4717 1562 4765 auximus
1590 4705 1885 4779 Philippum
1912 4728 2001 4764 nos
2029 4713 2125 4778 ipsi
2152 4711 2306 4762 Athe-

763 4812 983 4873 nienses,
1021 4820 1325 4876 tantumque
1357 4809 1522 4874 ipsum
1553 4807 1889 4864 reddidimus,
1935 4812 2159 4870 quantus
2212 4818 2304 4851 uu-

762 4918 919 4970 quant
960 4917 1049 4953 rex
1099 4899 1433 4953 Macedonum
1493 4897 1683 4947 ραδιιιὶι
1741 4913 1910 4946 nemo.
1947 4894 2095 4947 Nunc
2129 4905 2302 4945 autem

755 5005 862 5041 sese
895 4991 1092 5040 exhibet
1144 4989 1368 5041 occasio.
1405 4985 1708 5048 Quanam?
1763 4985 1982 5050 inquies.
2046 4986 2084 5032 Α
2154 4984 2301 5032 rebus

757 5078 1067 5146 Oiyutltiacis
1098 5095 1192 5129 sua
1236 5088 1417 5143 sponte
1447 5087 1627 5126 vestra;
1662 5076 1882 5133 civitati,
1925 5089 2039 5138 qua'
2069 5073 2216 5122 nulla
2248 5074 2300 5122 in

759 5174 813 5222 i'e
837 5171 1018 5235 primis
1082 5170 1183 5220 illis
1220 5169 1434 5232 i'{erior
1467 5175 1559 5216 est.
1628 5165 1902 5230 Equidem,
1956 5165 1998 5214 si
2053 5165 2300 5228 quissres,

759 5278 870 5332 qua:
917 5262 1057 5311 nobis
1096 5260 1505 5332 diuinitusdatw
1556 5238 1694 5319 sum“,
1748 5257 1998 5323 aequitate
2047 5255 2300 5313 adhibita,

759 5363 1040 5419 supputare
1082 5350 1318 5404 voluerit,
1360 5365 1655 5414 quanquam
1718 5349 1970 5417 pleraque
2023 5363 2124 5396 non
2172 5347 2301 5396 satis

759 5439 1019 5493 commode
1071 5440 1313 5490 accidisse
1377 5440 1631 5499 videntur,
1686 5453 1856 5488 tamen
1922 5453 2035 5488 eum
2087 5452 2302 5502 magnas

759 5533 858 5584 diis
881 5533 1075 5598 gratias
1131 5532 1311 5580 merito
1341 5531 1629 5580 habiturum
1686 5537 1941 5583 existimo.
1983 5531 2133 5594 Quod
2168 5532 2300 5579 enim

763 5627 921 5678 mult.
950 5622 1102 5685 bello,
1127 5623 1252 5687 jure
1293 5625 1485 5686 optimo
1530 5623 1738 5678 desidla'
1797 5640 1986 5675 nostri:
2038 5625 2299 5690 ascripse—

2409 4470 2584 4504 rerum
2612 4454 2761 4518 copia
2790 4454 2998 4513 versati,
3025 4463 3290 4518 pcatremo
3336 4435 3468 4503 bona
3500 4454 3678 4504 omnia
3727 4454 3958 4520 funditus

2405 4545 2728 4606 amiserunt;
2768 4546 2838 4594 ita
2875 4561 2964 4595 nos
3014 4545 3230 4612 ignavia:
3260 4543 3453 4605 dediti,
3499 4552 3546 4594 et
3593 4545 3660 4593 ad
3697 4543 3956 4594 libidinem

2404 4644 2589 4684 Cuncta
2631 4635 3180 4699 qua'rentes,.tandem
3213 4633 3289 4684 vel
3326 4633 3471 4685 inviti
3501 4631 3664 4684 multa
3703 4641 3751 4683 et
3775 4634 3954 4700 grati-1

2403 4724 2570 4775 subire
2601 4730 2866 4792 cogamur,
2902 4735 2946 4776 et
2973 4725 3032 4775 de
3069 4727 3148 4779 iis.
3196 4739 3308 4792 qua:
3344 4732 3520 4774 nostro
3556 4723 3606 4773 in
3645 4738 3774 4788 agro
3810 4733 3952 4776 sunt,

2406 4817 2709 4881 periclitari.
2751 4817 2906 4882 Atqui
2954 4817 3343 4882 reprehendere,
3383 4814 3579 4881 inquies
3632 4812 3878 4878 fortasse,
3913 4824 3958 4862 et

2405 4905 2576 4974 facile,
2602 4913 2650 4956 Pl
2679 4905 2902 4972 cujusvis
2950 4913 3042 4960 est,
3077 4905 3166 4954 sed
3206 4905 3266 4954 de
3301 4904 3542 4969 prtcsenti
3575 4902 3784 4966 negotio
3809 4902 3957 4965 quid-

2406 5016 2526 5048 nam
2566 4999 2820 5065 agcndunt
2865 4996 2933 5046 sit
2975 4998 3204 5053 edocere,
3239 4993 3522 5045 senatoris.
3561 4991 3671 5058 Ego
3700 5008 3837 5050 vero,
3865 4992 3959 5042 etsi

2403 5095 2714 5152 compertum
2732 5085 2888 5134 habeo
2916 5098 3020 5143 vos,
3055 5097 3165 5132 cum
3198 5091 3383 5146 praeter
3402 5082 3719 5138 sentenxiam,
3744 5090 3790 5135 et
3817 5097 3958 5146 spem

2406 5174 2603 5242 aliquid
2646 5173 2914 5240 evenerit,_
2953 5187 3048 5219 non
3087 5171 3210 5219 mali
3256 5170 3571 5231 auctortbus,
3624 5172 3712 5221 sed
3769 5170 3829 5220 iis
3873 5172 3962 5236 qui

2403 5286 2488 5319 seu
2519 5271 2710 5319 entiam
2760 5268 2938 5315 ultimo
2968 5264 3076 5331 loco
3115 5264 3382 5325 dixerint,
3422 5264 3580 5314 irasci
3627 5263 3816 5324 solere,
3857 5279 3957 5313 non

2407 5368 2580 5408 tamen
2636 5369 2843 5422 propter
2896 5356 3111 5422 privatw
3161 5353 3458 5404 securitatis
3522 5356 3778 5404 rationem
3829 5355 3959 5402 mihi

2404 5444 2606 5495 silentio
2653 5443 3010 5509 pra'tereuuda
3061 5440 3306 5496 arbitror,
3335 5457 3449 5506 qua'
3488 5441 3626 5490 vobis
3682 5441 3960 5506 profutura

2407 5536 2663 5585 existimo.
2707 5534 2828 5582 Dico
2878 5533 3036 5598 igitur
3088 5548 3171 5582 vos
3219 5532 3464 5596 bifariam
3503 5533 3652 5582 rebus
3709 5532 3962 5596 opitulari

2406 5635 2657 5690 oportere,
2693 5624 2888 5688 partim
2941 5622 3127 5689 oppida
3162 5636 3451 5689 agrumque
3483 5619 3581 5688 Olg
3623 5622 3839 5672 thiorum
3874 5603 3960 5667 tti-
