4106 6322
153 261 253 331 673

1175 263 1603 324 ORATIONES
1644 260 1940 320 CONTRA
1986 261 2028 318 T
2042 260 2085 318 U
2099 256 2299 316 ilC.‘tS.

3257 257 3360 320 674

153 376 328 436 tando,
354 373 553 425 emissis
589 370 842 423 militibus
871 371 957 440 qui
980 371 1032 424 id
1061 383 1329 441 priest‘ent,
1359 376 1555 441 partim
1579 373 1706 440 ﬁnes
1739 378 1781 433 Α
1813 386 1940 422 sane
1964 370 2176 422 minime
2202 368 2504 421 mirandum
2540 365 2771 419 videtur:
2803 381 2925 419 nam
2967 365 3187 433 feliciter
3215 382 3369 435 agere

153 459 377 529 Philippi
403 460 518 513 cum
553 462 788 513 terrestri
820 461 1072 534 exercitu,
1093 470 1202 514 tum
1237 461 1404 514 classe
1435 464 1702 515 maritima

154 549 535 602 incursionibus
583 548 972 618 depopulando.
1008 548 1151 603 Nam
1195 555 1239 604 si
1271 550 1492 603 alterum
1529 563 1705 604 utrunt

155 639 504 706 neglexeritis,
531 655 710 691 vereor
743 655 804 691 ne
835 647 940 692 tota
1000 642 1258 710 expeditio
1293 642 1512 709 frustra;
1547 652 1707 694 tente-

154 744 311 799 reque
339 748 371 782 a
404 731 543 783 nobis
570 739 808 800 suscepta
832 731 918 782 sit.
944 729 1060 783 Sive
1088 732 1225 784 enim
1253 749 1336 784 vos
1355 732 1494 785 illius
1522 749 1707 800 agrum

153 821 385 873 vastetis.
415 821 568 884 idque
599 823 796 874 interea
823 824 1076 874 sustineat
1105 862 1117 884 ,
1149 832 1196 874 et
1223 821 1500 891 Olynthum
1531 824 1576 876 vi
1615 840 1707 875 ca-

153 908 284 978 piat,
326 910 494 961 victor
544 910 598 961 in
645 910 878 978 patriam
931 926 1199 973 reversus,
1271 913 1425 977 facile
1483 891 1708 980 injurias

136 997 432 1052 'ulciscetur
458 1015 478 1051 .'
505 1001 859 1060 sivesubsidia
888 1002 1149 1054 duntaxat
1202 1004 1423 1068 Olyntho
1461 1003 1706 1066 mittatis,

152 1089 243 1141 ille
266 1090 399 1157 fines
421 1107 538 1144 suos
571 1092 798 1159 periculo
841 1108 1020 1145 carere
1053 1093 1467 1146 animadvertens
1492 1134 1505 1157 ,
1537 1095 1709 1147 acrius

157 1195 267 1232 rem
320 1181 543 1250 urgebit,
571 1182 945 1251 "temporisque
981 1183 1328 1236 diuturnitate
1377 1185 1601 1237 obsessos
1657 1187 1711 1237 in

157 1279 464 1339 potestatem
485 1271 697 1341 rediget.
733 1272 918 1341 Itaque
949 1283 995 1323 et
1030 1273 1184 1339 firma
1211 1282 1258 1324 et
1287 1273 1537 1340 bipartita
1564 1277 1712 1327 auxi-

159 1362 231 1414 lia
260 1362 510 1416 mittenda
532 1374 674 1417 sunt.
713 1364 845 1423 Hice
867 1365 1051 1431 inope
1092 1363 1304 1432 ferenda
1331 1365 1448 1431 ﬁeri
1480 1374 1713 1431 oportere

155 1459 352 1504 statuo.

226 1542 305 1594 De
344 1543 593 1610 facultate
638 1560 758 1597 vero
805 1547 1034 1613 pecunite
1071 1546 1385 1598 inveniendis
1420 1554 1538 1598 sunt
1571 1547 1713 1598 nobis

159 1639 388 1701 pecunia:
424 1635 700 1699 militares,
728 1647 850 1689 sunt
878 1639 1021 1690 nobis
1069 1637 1320 1705 pecunim,
1358 1637 1711 1699 Athenienses,

155 1735 204 1777 et
237 1727 447 1793 quidem
476 1734 568 1790 tot,
619 1735 742 1796 quot
788 1727 1091 1780 mortalium
1134 1728 1346 1778 nemini.
1392 1725 1489 1779 Fas
1536 1735 1710 1778 autem

155 1825 353 1874 vos,-ut
387 1814 528 1877 libet,
580 1817 870 1880 accipiatis.
914 1815 1020 1868 Eas
1053 1827 1187 1867 certe
1233 1817 1278 1866 si
1315 1814 1559 1866 militibus
1599 1814 1714 1866 red-

156 1903 308 1962 detis,
337 1901 496 1955 nulla
521 1905 658 1956 vobis
681 1906 864 1956 desunt
894 1914 1186 1970 prwterea:
1227 1906 1306 1955 siu
1343 1904 1532 1965 minus,
1572 1917 1715 1971 pra!-

158 2001 297 2044 terea
353 1993 705 2057 desunt;imo
748 1989 866 2048 vero
919 2011 1090 2047 omnes
1132 1993 1336 2063 penitus
1391 1995 1714 2046 invenienda:

156 2092 300 2136 sunt.
354 2084 511 2150 Quid,
575 2087 795 2152 inquies,
851 2086 1078 2152 refersne
1121 2096 1174 2136 tu
1222 2085 1289 2135 ad
1341 2097 1578 2136 senatum
1628 2079 1731 2134 eas

158 2175 406 2232 pecunias
438 2174 686 2229 militares
722 2190 828 2226 esse
857 2175 1074 2231 debere?
1098 2175 1327 2235 Minime,
1372 2177 1665 2225 rnehercule
1690 2176 1713 2224 A.’

161 2261 277 2330 Ego
316 2279 433 2314 vero
464 2261 652 2314 milites
677 2263 1006 2313 instruendos
1031 2277 1138 2312 esse
1163 2277 1362 2320 censeo,
1389 2270 1435 2311 et
1468 2263 1713 2327 pecunias

161 2369 280 2422 quae
319 2353 382 2405 iis
434 2351 888 2403 subministrandis
939 2360 1081 2411 sunt,
1134 2352 1384 2402 militares
1429 2366 1570 2410 esse;
1606 2367 1715 2401 ntu-

163 2455 416 2511 tuumque
441 2457 547 2494 esse
569 2433 803 2505 oportere
823 2449 1073 2509 prtestare
1103 2456 1335 2506 operam,
1369 2450 1415 2492 et
1448 2442 1715 2507 pecuniam

163 2537 418 2600 accipere.
456 2531 551 2584 Vos
569 2540 762 2593 autem,
791 2537 957 2604 nescio
984 2548 1082 2601 quo
1117 2541 1286 2598 pacto,
1319 2547 1406 2584 eas
1438 2547 1528 2597 per
1557 2532 1716 2582 otium

164 2624 236 2674 ad
299 2623 404 2673 dies
437 2622 593 2688 festos
622 2623 873 2688 accipitis.
917 2619 1092 2683 Quare
1123 2620 1263 2672 video
1293 2604 1551 2688 reliquum
1608 2635 1719 2672 esse

165 2723 224 2764 ut
263 2713 435 2765 cuncti
469 2714 707 2779 pecunias
743 2714 797 2764 in
841 2711 1098 2778 publicum
1131 2712 1433 2777 conferatis,
1459 2713 1502 2762 si
1543 2711 1720 2764 multis

167 2819 301 2868 opus
334 2813 427 2866 est,
473 2804 684 2867 multas,
712 2806 793 2856 sin
826 2807 1024 2871 paucis,
1064 2819 1280 2870 paucas.
1312 2803 1590 2856 Enimvero
1637 2821 1724 2874 pe-
1754 2807 1756 2814 ’

166 2897 336 2947 cuniis
376 2911 502 2964 opus
543 2902 664 2947 est:
709 2910 870 2962 opus,
911 2896 1146 2962 inquam,
1191 2903 1261 2945 est
1320 2897 1566 2962 pecuniis,
1615 2897 1725 2948 sine

167 2987 356 3053 quibus
398 2984 526 3038 nihil
550 2998 896 3053 opportunum
940 2985 1062 3052 efﬁci
1091 2992 1274 3051 potest.
1305 2985 1721 3038 Conmemorant

167 3080 268 3132 alii
305 3083 460 3130 etiam
502 3077 634 3131 alias
671 3079 1039 3144 comparanda:
1073 3078 1304 3146 pecunia:
1344 3079 1617 3140 rationes;
1665 3094 1725 3129 ex

167 3171 360 3239 quibus
411 3187 523 3222 eum
576 3169 773 3239 diligite
832 3188 990 3237 quam
1039 3172 1175 3224 vobis
1204 3170 1484 3227 conducere
1539 3173 1726 3221 existi-

169 3263 346 3322 metis,
377 3270 532 3327 atque
560 3264 683 3315 dum
729 3262 1054 3315 commodum
1084 3271 1158 3314 est
1203 3278 1309 3313 rem
1360 3264 1723 3329 aggredimini,

169 3355 283 3404 Sed
321 3363 396 3405 est
429 3369 631 3420 a'quum
659 3352 986 3404 considerare
1011 3353 1314 3417 rationeque
1340 3350 1602 3417 colligere,
1629 3367 1726 3414 quo

167 3447 226 3497 in
262 3455 403 3498 statu
434 3463 511 3496 res
548 3444 769 3511 Philippi
804 3445 1134 3509 tioctempore
1160 3450 1445 3492 versentur.
1482 3440 1613 3491 Nam
1643 3455 1727 3491 ne-

168 3552 270 3605 quc
304 3547 357 3587 ut
393 3536 468 3587 vel
501 3536 753 3595 videntur,
791 3531 870 3584 vel
897 3531 1156 3599 quispiam
1187 3531 1488 3592 arstimaret,
1525 3531 1610 3596 qui
1639 3546 1725 3580 eas

171 3643 366 3695 parum
419 3625 685 3691 diligenter
732 3621 1054 3687 inspexisset,
1101 3619 1230 3672 satis
1258 3619 1388 3671 belle
1430 3636 1483 3670 se
1519 3621 1725 3681 habent,

175 3729 349 3776 neque
387 3728 443 3765 eo
475 3720 623 3781 pacto
648 3725 746 3777 quo
782 3724 832 3760 se
860 3708 1106 3759 haberent
1158 3710 1204 3760 si
1252 3710 1444 3776 optimo
1489 3713 1543 3760 in
1585 3719 1728 3761 statu

173 3812 363 3857 essent.
406 3801 686 3878 Nunquam
721 3814 849 3852 sane
891 3815 1042 3851 arma
1071 3801 1304 3876 movisset
1337 3801 1628 3868 Philippus,
1683 3803 1729 3852 si

176 3909 398 3946 manum
427 3893 524 3944 sibi
557 3891 920 3943 conserendam
949 3897 1205 3955 putasset.
1234 3889 1337 3943 Sed
1365 3899 1420 3942 ut
1455 3877 1728 3956 iuitio,ita

177 3983 427 4044 deinceps
460 3979 611 4046 facile
654 3995 849 4040 omnes,
893 3996 1260 4050 prosperosque
1301 3998 1476 4034 rerum
1523 3995 1732 4054 eventus

177 4075 428 4141 speravit.
485 4073 547 4120 At
586 4087 645 4122 ea
685 4072 922 4139 deceptus
975 4083 1048 4125 est
1105 4075 1366 4141 opinione.
1420 4075 1570 4138 Quod
1618 4092 1734 4127 cum

178 4176 373 4231 prazter
399 4162 828 4229 exspectationem
854 4164 1078 4228 primum
1105 4149 1373 4229 acciderit,
1403 4166 1735 4230 valdeipsunt

180 4254 480 4322 perturbat,
515 4269 614 4304 non
661 4251 1067 4324 mediocremque
1097 4256 1211 4319 eius
1259 4257 1432 4308 animo
1485 4255 1737 4308 sollicitu-

1807 467 1996 527 pra'ter
2016 458 2276 516 meritum,
2301 455 2599 509 insanieudi
2630 471 2847 508 causam
2873 456 3195 509 dementibus
3227 449 3367 524 pra:-

1806 551 1904 603 bet.
1941 548 2288 612 Quamobrem
2338 556 2520 616 partas
2553 563 2671 615 opes
2713 549 2870 610 tueri,
2917 563 3072 614 quant
3103 548 3249 601 initio
3279 565 3368 602 eas

1804 653 2036 704 qua'rere
2066 634 2369 703 plerumque
2392 635 2648 702 diﬁicitius
2664 634 2965 700 judicatur.
2988 633 3178 688 Vestra:
3208 637 3379 704 igitur,

1808 736 1981 794 partes
2012 742 2152 787 sunt,
2193 727 2561 785 Athenienses.
2601 728 2695 778 has
2734 732 3027 788 temporum
3056 724 3203 778 illius
3236 726 3370 794 difﬁ-

1804 815 2043 877 cultates,
2072 825 2297 869 vestram
2333 815 2519 868 ducere
2543 807 2861 868 occasionem
2890 856 2901 876 ,
2934 815 3215 886 statimque
3257 834 3368 887 rem

1806 910 2082 982 suscipere,
2114 921 2161 959 et
2203 906 2398 976 legatos
2436 907 2687 962 mittendo
2731 923 2832 973 quo
2877 908 3114 960 mittendi
3140 920 3282 969 sunt,
3319 919 3370 960 et

1809 1001 1862 1052 in
1897 999 2140 1052 militiam
2181 1003 2436 1061 exeundo,
2473 1011 2517 1049 et
2543 998 2875 1051 alios‘omnes
2898 1001 3174 1052 hortando.
3205 999 3370 1058 Illud.

1810 1084 2004 1159 qua'so,
2057 1091 2246 1142 animis
2297 1090 2478 1142 vestris
2533 1105 2819 1157 parumper
2847 1091 3114 1156 concipite.
3153 1089 3211 1144 Si
3246 1090 3374 1144 Phi-

1813 1176 1988 1250 lippus
2021 1184 2179 1239 talem
2210 1183 2453 1232 adversus
2499 1196 2589 1233 nos
2623 1182 2937 1232 occasionem
2974 1183 3220 1248 arripiat,
3245 1183 3374 1249 jux-

1814 1283 1971 1342 taque
2000 1272 2126 1338 ﬁnes
2159 1281 2348 1324 vestros
2382 1271 2571 1324 bellum
2622 1283 2856 1339 geratur,
2888 1289 2987 1338 qua
3019 1274 3228 1325 tandem
3255 1291 3372 1325 cum

1816 1363 2095 1415 alat-ritate
2126 1378 2242 1413 eum
2287 1364 2383 1413 huc
2434 1362 2679 1429 impetum
2709 1362 2969 1429 facturum
3013 1365 3258 1431 putatis?
3306 1369 3369 1414 At

1817 1467 1907 1502 nos
1938 1466 2038 1503 non
2063 1431 2218 1518 pudet
2243 1466 2261 1514 ;
2291 1460 2336 1501 et
2365 1465 2479 1518 qum
2507 1452 2814 1513 pateremini
2856 1451 2899 1501 si
2944 1451 3028 1501 ille
3058 1459 3225 1517 posset
3282 1468 3372 1502 ea»

1816 1541 1951 1602 dem,
1986 1556 2101 1591 cum
2147 1539 2371 1606 facultas
2405 1539 2489 1600 sit,
2515 1538 2704 1606 inferre
2734 1555 2836 1590 non
2873 1540 3125 1591 audebitis
3154 1540 3171 1590 !
3198 1539 3370 1602 Neque

1819 1646 1905 1682 vos
1930 1629 2113 1691 lateat,
2149 1629 2508 1691 Athenienses,
2543 1629 2681 1680 vobis
2713 1628 2862 1684 hodie
2888 1633 3217 1682 statuendum
3248 1647 3378 1692 esse,
3434 1631 3447 1637 ’

1819 1733 1992 1774 utrum
2046 1722 2150 1774 illic
2198 1739 2306 1782 vos,
2339 1738 2405 1774 an
2443 1721 2528 1773 ille
2570 1721 2648 1774 hic
2679 1720 2869 1772 bellum
2901 1730 3142 1789 gesturus
3192 1723 3276 1774 sil.
3316 1722 3376 1792 Si

1820 1816 1957 1867 enim
2000 1831 2077 1865 res
2104 1811 2471 1879 Olgntltiorum
2514 1816 2787 1870 resistent,
2827 1829 2912 1864 vos
2948 1813 3057 1865 illic
3096 1814 3377 1881 belligera-

1821 1906 1952 1968 bilis,
2010 1915 2057 1957 et
2091 1905 2231 1956 illius
2285 1921 2467 1973 agrum
2514 1905 2700 1954 damno
2734 1904 2998 1968 afﬁcietis,
3051 1907 3212 1956 simul
3260 1907 3377 1973 agri

1823 1999 1976 2048 vestri
2029 1997 2225 2064 fructus
2280 2011 2456 2047 secure
2511 1995 2820 2062 percipiatis.
2877 1995 2941 2044 At
3003 1975 3050 2046 si
3103 1996 3377 2064 Philippus

1824 2091 2080 2155 regionem
2113 2086 2258 2138 illaut
2291 2086 2642 2152 occupaverit,
2666 2087 2777 2150 quis
2820 2102 2936 2137 eum
2983 2088 3210 2149 tandem,
3254 2106 3381 2156 quo-

1825 2181 1988 2230 minus
2019 2182 2113 2229 huc
2140 2180 2420 2244 perveniat,
2453 2175 2687 2230 arcebit?
2712 2175 2935 2236 Thebani
2961 2178 2983 2228 2’
3017 2179 3084 2228 At
3109 2181 3244 2246 quod
3282 2197 3378 2230 no-

1825 2268 1910 2318 lim
1945 2270 2094 2319 nimis
2123 2267 2301 2318 acerbe
2324 2268 2518 2318 dictant
2546 2267 2725 2330 videri,
2755 2282 2857 2316 una
2892 2269 3051 2320 etiam
3087 2269 3184 2335 ipsi
3213 2286 3380 2336 para-

1823 2359 2015 2408 tissime
2050 2360 2354 2420 irrumpent.
2392 2355 2722 2408 Phocenses?
2768 2359 2960 2410 scilicet
3010 2360 3098 2427 qui
3148 2375 3200 2411 se
3244 2363 3385 2412 domi

1824 2450 1956 2500 tueri
1985 2458 2259 2516 nequeunt,
2309 2449 2405 2500 nisi
2439 2464 2544 2512 vos,
2587 2448 2784 2502 aliusve
2821 2448 3125 2516 opituletur.
3176 2452 3263 2516 At,
3302 2455 3384 2504 in-

1825 2544 1989 2608 quies,
2022 2541 2156 2592 nolet
2196 2543 2431 2598 fortasse.
2470 2540 2911 2595 Absurdissimum
2938 2556 3084 2611 sane
3120 2543 3308 2610 fuerit,
3339 2547 3385 2596 si

1828 2646 1962 2699 qute,
1982 2633 2214 2699 quamvis
2243 2624 2495 2684 amentia:
2534 2627 3018 2701 arguatur,‘tamen
3036 2633 3248 2701 jactare
3281 2652 3383 2685 non

1829 2725 2048 2786 desistit,
2095 2741 2155 2777 ea
2201 2718 2330 2792 ipsa
2363 2740 2481 2776 cum
2515 2725 2717 2788 demum
2749 2724 3167 2791 possit,'efﬁcerc
3227 2725 3382 2777 nolit.

1831 2803 1996 2871 Porro
2026 2824 2277 2882 quantum
2320 2816 2520 2866 intersit
2552 2815 2809 2867 bellumne
2873 2815 2953 2866 hic
2983 2831 3048 2866 an
3087 2815 3198 2866 illic
3228 2833 3389 2885 gera-

1833 2917 1937 2970 tur,
1979 2909 2209 2974 equidem
2260 2923 2350 2959 nec
2399 2907 2563 2958 verbis
2610 2921 2733 2973 opus
2765 2921 2867 2958 esse
2903 2908 3150 2960 arbitror.
3186 2907 3325 2958 Nam
3344 2910 3390 2959 si

1835 3004 2051 3068 triginta
2083 3001 2340 3051 duntaxat
2370 2999 2548 3051 diebus
2566 3015 2650 3052 vos
2687 3000 2734 3049 in
2758 3001 2940 3050 castris
2964 3001 3159 3051 morari
3183 3015 3386 3052 necesse

1835 3093 2012 3158 fuerit,
2042 3099 2089 3141 ct
2126 3105 2443 3157 quaecunque
2487 3090 2554 3141 ad
2591 3105 2740 3140 usum
2789 3091 3042 3141 exercitus
3089 3093 3387 3142 necessaria

1833 3196 1956 3231 sunt
1986 3197 2046 3230 ea;
2068 3197 2195 3248 agro
2223 3187 2391 3233 vestro
2421 3181 2701 3247 percipere,
2731 3180 2896 3243 nullo,
2923 3181 3156 3246 inquam,
3176 3197 3387 3247 prorsus

1835 3277 1974 3322 hoste
2007 3272 2057 3322 in
2105 3286 2233 3338 agro
2266 3279 2502 3322 versante
2526 3312 2538 3332 ,
2582 3268 2698 3334 plus
2733 3286 2860 3321 sane
2901 3270 3197 3322 detrimenti
3238 3286 3392 3340 agro-

1835 3376 1949 3411 rum
1979 3360 2212 3411 daminos
2253 3360 2372 3410 inde
2405 3367 2652 3424 capturos
2707 3361 2964 3419 existimo,
2999 3376 3157 3426 quant
3214 3365 3390 3414 omnia

1835 3448 1930 3501 illa
1978 3458 2164 3512 essent,
2194 3464 2306 3516 qua:
2352 3465 2405 3499 in
2443 3450 2720 3510 superioris
2755 3445 2872 3498 belli
2899 3459 3214 3514 apparatum
3263 3467 3390 3502 conn

1834 3548 2041 3605 suntpta
2096 3537 2330 3602 fuissent.
2393 3535 2540 3598 Quod
2584 3538 2628 3588 si
2658 3537 2847 3587 bellant
2882 3538 3096 3605 aliquod
3157 3542 3253 3590 huc
3307 3542 3390 3593 in-

1835 3631 2053 3698 gruerit,
2119 3638 2338 3697 quanta,
2371 3644 2455 3680 vos
2520 3630 2751 3706 obsecro,
2799 3630 3140 3699 jacturaqres
3191 3641 3389 3685 vestras

1837 3723 2073 3790 affectum
2103 3721 2169 3772 iri
2195 3720 2386 3789 putatis
2412 3719 2435 3770 ?
2457 3720 2667 3770 Accedet
2695 3721 3007 3773 contumelia
3039 3730 3086 3774 et
3117 3723 3188 3773 rei
3224 3727 3392 3791 turpi-

1840 3813 1982 3876 tudo,
2017 3829 2170 3878 quam
2200 3828 2346 3863 nemo
2371 3813 2570 3875 sapiens
2607 3812 2711 3863 ullo
2748 3812 2938 3867 damno
2970 3813 3208 3866 leviorem
3232 3820 3393 3867 duxe-

1844 3904 1930 3953 rit.
1962 3901 2164 3968 ltuque,
2189 3902 2261 3953 his
2294 3903 2527 3953 omnibus
2553 3902 2911 3968 consideratis,
2947 3907 3118 3957 cuncti
3143 3907 3393 3972 opitulari

1847 4002 1892 4043 et
1921 3998 2084 4044 totam
2114 3991 2233 4045 belli
2264 3991 2448 4043 molem
2497 3993 2624 4045 illuc
2663 3998 2955 4047 convertere
2989 3996 3212 4049 debent:
3257 3998 3395 4050 locu-

1844 4081 2080 4146 pletiores
2107 4091 2161 4132 ut
2197 4097 2289 4150 pro
2339 4081 2538 4146 multis,
2576 4099 2690 4151 qua:
2739 4093 2873 4138 recte
2902 4087 3181 4154 possident,
3216 4091 3394 4155 paucis

1847 4173 2090 4241 erogatis,
2122 4173 2331 4238 reliquis
2367 4172 2522 4225 libere
2549 4183 2596 4224 et
2626 4177 2856 4228 securius
2884 4163 3397 4246 fruantur;juvenes

1846 4278 1981 4323 vero,
2014 4271 2069 4313 ut
2124 4264 2197 4313 rei
2258 4261 2498 4315 militaris
2562 4266 2836 4334 disciplina
2892 4269 2945 4320 in
3005 4269 3228 4339 Philippi
3274 4290 3398 4340 agro

181 4345 357 4396 dinem
404 4343 574 4410 αθτρι-ι.
624 4345 885 4396 Accedunt
929 4361 1010 4397 res
1044 4344 1436 4420 Thessalorum,
1471 4361 1582 4411 qua:
1621 4362 1735 4397 cum
1774 4369 1812 4421 ῃ
1842 4354 2052 4414 eruditi,
2089 4353 2155 4403 ad
2207 4369 2310 4404 rem
2350 4369 2498 4404 suam
2534 4355 2852 4421 familiarem
2885 4360 3194 4413 incolumem
3219 4370 3399 4414 tutan-

180 4448 384 4500 semper
413 4431 587 4493 inﬁdi:
607 4435 840 4486 omnibus
869 4445 1059 4486 natura
1083 4436 1294 4501 fuerint,
1325 4437 1551 4488 maxime
1579 4435 1737 4508 veluti

185 4533 363 4586 erant,
391 4540 524 4575 nunc.
560 4536 719 4576 etiam
744 4525 828 4577 isti
849 4535 987 4577 sunt.
1012 4525 1152 4578 Nam
1193 4525 1425 4595 Pagasas
1446 4528 1532 4581 ab
1557 4543 1611 4578 eo
1659 4543 1740 4578 rc-

185 4622 361 4681 petere
396 4615 677 4666 decrevisse
719 4616 983 4675 dicuntur,
1034 4628 1078 4667 et
1120 4615 1441 4684 Magnesiam
1493 4620 1742 4670 nitenibus

184 4703 329 4770 cingi
371 4689 767 4768 prohibuerunt.
811 4702 1061 4771 Equidem
1109 4720 1170 4756 ex
1205 4704 1539 4772 quibusdam.
1567 4707 1741 4760 audivi

187 4809 277 4844 eos
314 4807 416 4843 non
441 4791 666 4857 amplius
691 4793 1032 4857 permissuros
1075 4805 1126 4842 ut
1159 4792 1236 4844 vel
1279 4793 1496 4859 portorii
1525 4793 1604 4843 vel
1642 4793 1744 4861 fori

175 4876 426 4934 redditus
454 4878 743 4947 percipiat;
795 4896 910 4932 cum
955 4883 1148 4934 scilicet
1179 4899 1240 4934 ex
1273 4883 1334 4934 iis
1375 4883 1743 4950 rempublicam

189 4969 559 5023 Thessalorum
599 4969 961 5022 administrari
1011 4980 1273 5040 oporteat,
1338 4987 1440 5022 non
1498 4967 1744 5041 Philippo

191 5057 399 5131 aliquid
438 5062 725 5130 provenire.
758 5061 948 5123 Quibus
981 5065 1212 5127 pecuniis
1232 5066 1274 5114 si
1295 5063 1530 5130 privatus
1563 5063 1745 5131 fuerit,

192 5157 249 5207 in
302 5148 589 5206 maximam
628 5139 861 5220 profecto
889 5151 1061 5203 alendi
1107 5154 1361 5205 exercitus
1396 5153 1748 5219 difﬁcultatem

194 5245 507 5298 adducetur.
557 5243 790 5312 Denique
836 5241 1052 5294 Pwones
1100 5253 1146 5294 et
1207 5244 1425 5312 Illyrici,
1476 5259 1534 5293 ac
1575 5260 1751 5298 omnes

195 5334 293 5386 alii
322 5333 677 5402 hujuscemodi
709 5333 939 5384 homines
966 5333 1072 5384 suis
1097 5333 1286 5400 legibus
1312 5333 1409 5394 uti,
1442 5334 1493 5383 in
1520 5332 1752 5387 libertate

194 5429 368 5480 vivere
392 5426 630 5478 libentius
667 5442 826 5494 quam
854 5429 1049 5478 servire
1088 5425 1216 5477 velle
1248 5426 1573 5478 eaistimandi
1611 5440 1749 5490 sunt,

196 5517 390 5584 quippe
423 5516 509 5580 qui
535 5530 802 5580 nunquam
833 5515 988 5567 alteri
1027 5531 1214 5582 parere
1253 5525 1645 5566 consueverunt.
1681 5517 1754 5569 Ac

196 5606 288 5658 ille
316 5604 548 5673 quidem,
583 5613 636 5654 ut
662 5605 828 5661 aiunt.
860 5604 1011 5655 valde
1065 5603 1463 5655 contumeliosus
1491 5612 1585 5664 est,
1619 5609 1754 5664 quod

470 5702 737 5758 PATRUL.
780 5699 868 5757 Gn
912 5684 918 5691 '
961 5699 1169 5758 CLXI.

609 5811 631 5822 ρ

1844 4443 1964 4512 dam
1995 4440 2318 4508 formidolosi
2347 4445 2577 4495 custodes
2611 4445 2934 4513 efficiantur;
2977 4449 3194 4518 denique
3225 4447 3398 4503 orato-

1843 4548 1944 4595 res,
1975 4541 2034 4582 ut
2066 4546 2239 4583 rerum
2266 4551 2297 4585 a
2324 4549 2378 4585 se
2402 4543 2666 4602 gestarum
2699 4541 2932 4592 rationes
2955 4541 3163 4607 facilius
3185 4545 3400 4595 reddere

1843 4626 2060 4690 possint.
2101 4625 2285 4687 Qualis
2320 4627 2507 4678 etenim
2563 4625 2720 4712 fuer‘it
2756 4645 2930 4682 rerum
2961 4643 3248 4684 vestrarum
3277 4650 3402 4684 con-

1845 4715 1992 4787 ditio,
2024 4715 2154 4768 tales
2201 4717 2250 4768 in
2283 4733 2366 4768 eos
2384 4717 2589 4790 judices
2617 4720 2781 4785 futuri
2809 4723 2948 4772 estis.
2987 4721 3228 4773 Omnium
3277 4739 3397 4774 vero

1843 4806 2070 4872 gratiam
2104 4804 2240 4857 vobis
2279 4813 2402 4857 bene
2423 4814 2470 4856 et
2495 4799 2932 4872 feliciter-evenire
2956 4820 3093 4876 opto.

1920 4895 2027 4948 Hoc
2059 4903 2160 4958 cst,
2191 4895 2372 4961 inclyti
2411 4894 2569 4947 Italia:
2601 4897 2908 4963 principes,»
2929 4905 3125 4957 smnrnj
3171 4908 3316 4962 illius
3335 4927 3399 4964 ac

1849 4983 2234 5050 sapientissimi
2301 4983 2400 5034 viri
2461 4984 2842 5038 Demosthenis
2897 4994 3226 5057 consilium,
3285 4989 3393 5054 non

1851 5075 2083 5126 alienum
2117 5091 2144 5122 η
2186 5082 2409 5133 imstro;
2449 5072 2562 5124 haec
2614 5075 2760 5127 illius
2811 5085 3078 5135 sententia
3111 5101 3271 5152 quam
3316 5094 3397 5143 si-

1853 5163 2072 5214 millima
2101 5171 2293 5213 nostra;
2318 5176 2328 5222 ;
2356 5161 2465 5214 hinc
2495 5161 2868 5220 Atheniensib.
2899 5180 2924 5220 ς
2944 5171 3115 5223 stilum
3138 5177 3400 5233 adversus

1854 5250 2158 5322 Philippum
2183 5248 2544 5326 Macedonem,
2565 5248 2656 5301 sed
2695 5255 2944 5306 omnibus
2970 5256 3130 5311 Italiae
3163 5265 3398 5330 populis,

1853 5337 1944 5389 sed
1994 5338 2260 5393 universis
2309 5337 2631 5390 Christianis
2683 5341 2940 5396 adversus
2971 5339 3271 5403 Tur-corum
3314 5367 3401 5425 ly-

1857 5443 2107 5488 rannum,
2169 5438 2362 5479 nostra:
2406 5428 2678 5496 religionis
2735 5435 3254 5495 truculentissimum
3301 5431 3411 5499 lto?

1857 5533 2010 5580 stam,
2048 5520 2336 5586 prsidis-cro
2380 5518 2492 5570 hzcc
2534 5533 2944 5591 proponerequc
2999 5527 3231 5583 videtur.
3265 5534 3405 5590 Con-

1859 5610 2044 5663 ditioni
2085 5599 2359 5677 praesentis
2393 5611 2683 5676 temporis,
2719 5626 2837 5680 (litae
2876 5594 3116 5684 loquitur
3141 5661 3154 5687 ,
3191 5636 3404 5676 παθη.-

2902 5706 2978 5769 22
