4106 6322
752 261 862 328 ’103

754 468 824 524 de
862 471 1065 548 anima,
1103 473 1152 524 in
1182 474 1550 540 pergamenis,
1579 470 1834 542 pulcher.

827 561 1232 630 Theophrastus
1262 563 1327 615 de
1361 564 1591 631 plantis,
1628 565 1681 616 in
1719 567 2084 634 pergamenis.

802 646 1161 721 ‘Philoponus
1212 654 1267 708 in
1302 648 1502 708 librum
1557 656 1626 709 de
1675 655 2047 712 Generatione
2104 668 2158 713 et
2191 675 2312 715 cor-

760 745 1035 812 ruptione,
1069 754 1126 798 et
1156 745 1460 801 Alexander
1492 762 1545 800 tn
1571 756 1835 810 metuera,
1866 747 1920 801 in
1952 752 2310 819 pergamenis.

830 834 1025 906 Logica
1075 837 1385 893 AristOtelis
1433 852 1556 891 cum
1591 837 2026 906 expositionibus
2071 840 2138 896 ad
2173 842 2311 912 topi-

759 942 875 980 cam
908 941 1101 995 usque,
1133 927 1188 980 in
1220 928 1460 998 papyris.

829 1017 1381 1086 Physiognomonica,
1405 1016 1699 1086 paradoxa,
1729 1016 2066 1083 mechanica,
2099 1029 2155 1074 et
2184 1035 2315 1090 pro.

762 1111 994 1163 hlemata
1024 1107 1356 1171 Aristotelis,
1392 1107 1446 1161 in
1486 1107 1722 1178 papyris.

833 1199 1118 1252 Rhetorica
1186 1197 1540 1263 Aristotelis,
1603 1206 1658 1251 et
1721 1199 1982 1253 nonnulla
2057 1201 2311 1269 parallela

761 1288 1058 1351 Plutarchi,
1089 1289 1141 1342 in
1174 1289 1410 1357 papyris.
1505 1353 1510 1356 ί
2088 1280 2092 1284 ”

831 1379 1119 1432 Alexandri
1147 1379 1490 1446 quaestiones-
1513 1379 2116 1446 naturales,-morales,
2150 1394 2203 1435 et
2244 1383 2312 1439 de

763 1471 966 1536 anima,
1003 1473 1056 1524 in
1095 1473 1459 1540 pergamenis.

836 1561 1089 1626 Quaedam
1156 1561 1544 1629 epigrammata
1604 1571 1661 1616 et
1717 1563 1946 1616 moralia
2003 1562 2315 1629 Aristotelis

767 1623 978 1717 magna,
1009 1659 1063 1701 et
1095 1649 1404 1718 Eudemica,
1434 1656 1630 1720 partim
1659 1652 1710 1704 in
1747 1653 1987 1720 papyris,
2026 1623 2229 1720 partim
2259 1653 2310 1706 in

766 1739 1125 1807 pergamenis.

835 1829 982 1883 Sexti
1021 1829 1273 1899 Empirici
1306 1831 1356 1883 ln
1401 1828 1834 1896 mathematicos,
1873 1832 1924 1884 in
1958 1831 2196 1901 papyris.

836 1923 1213 1990 lnterpretatio
1261 1923 1557 1975 multorum
1590 1925 1645 1976 in
1681 1925 1930 1992 logicam,
1967 1927 2021 1976 in
2069 1925 2312 1994 papyris.

835 2014 1188 2083 Metaphrasis
1223 2015 1275 2067 in
1306 2015 1556 2083 logicam,
1588 2016 1638 2067 in
1674 2032 1892 2085 papyro.

837 2107 1178 2171 Qttazstiones
1206 2107 1486 2175 cujusdam
1515 2106 1738 2160 Joannis
1773 2107 1941 2160 ltalici
1991 2108 2046 2161 in
2087 2107 2315 2176 logicam

765 2207 822 2251 et
850 2203 1103 2265 topicam,
1149 2201 1199 2251 in
1232 2199 1593 2265 pergamenis.

830 2287 1101 2342 Ammonii
1130 2289 1182 2341 in
1215 2287 1628 2357 praedicamenta
1662 2288 1992 2344 Aristotelis.

837 2379 1099 2445 Simplicii
1150 2379 1204 2432 in
1243 2380 1437 2433 librum
1479 2380 1544 2433 de
1579 2381 1718 2435 caelo
1756 2389 1810 2434 et
1843 2381 2076 2442 mundo,
2114 2381 2312 2450 impero

766 2469 940 2524 fectus
989 2477 1046 2524 et
1094 2469 1476 2534 inordinatus;
1536 2480 1592 2525 et
1636 2480 1932 2526 erotemala
1980 2470 2311 2540 Ptochopro-

765 2563 965 2626 dromi,
1003 2563 1053 2614 in
1084 2564 1326 2632 papyris,
1365 2572 1470 2616 etc.

835 2652 1212 2707 Chortasmeni
1263 2655 1314 2706 in
1359 2654 1583 2723 logicam
1618 2667 1672 2710 et
1723 2657 2075 2721 rhetoricam,
2124 2656 2177 2708 in
2218 2670 2311 2722 pa-

770 2759 937 2809 pyris.

773 2896 836 2947 In
862 2912 1017 2965 capsa
1040 2898 1289 2961 inscripta
1315 2898 1376 2957 Β,
1405 2915 1516 2966 qua:
1541 2909 1614 2950 es!
1650 2900 1886 2966 ponderis
1914 2897 2168 2952 librarum
2191 2899 2315 2965 230,

1129 2977 1249 3018 sunt
1279 2969 1544 3019 volumina
1582 2971 1936 3036 inp-ascripta.

1724 270 2217 330 nassamoxts
2251 261 2402 332 sin.
2449 264 2511 330 tt;
2550 229 3023 330 innuimus
3080 268 3083 269 ί

752 378 960 449 iusdam
988 379 1208 436 alterius
1243 382 1590 450 cxpos'tioiu
1621 386 1856 452 primum
1893 396 1957 438 et.
2001 388 2300 439 secundum
2334 388 2379 445 Α

3857 283 3960 344 7οῑ

2484 385 2700 439 llomeri
2731 387 2873 449 Ilias,
2905 387 2958 439 in
2988 391 3348 457 pergamenis,
3374 393 3510 446 liher
3541 396 3963 456 oulcherrimus.

2483 475 2699 530 Homeri
2729 477 2990 548 Odyssea,
3022 479 3074 532 in
3107 482 3342 551 papyris.

2485 568 2754 647 Eustathii
2789 571 2844 622 in
2876 569 3193 641 Odysseam,
3232 574 3282 626 in
3313 581 3682 651 pergamenis.

2484 659 2751 713 Eustathii
2787 660 2838 714 in
2870 662 3076 730 primos
3101 678 3303 718 novem
3327 665 3512 720 lihros'
3533 668 3737 736 llladis,
3767 671 3820 725 in
3848 687 3964 742 per-

2413 751 2676 818 gamenis.

2480 837 2730 894 Carmina
2758 840 3001 911 Gregorii
3033 842 3377 910 Nazianzeni,
3414 847 3465 900 in
3499 854 3861 918 pergamenis.

2481 929 2629 981 Arati
2675 938 2845 996 poeta
2893 931 3286 1001 Lycophronis,
3333 936 3384 990 itt
3433 943 3800 1007 pergameuis,
3837 959 3958 996 cum

2412 1019 2833 1085 expositoribus.
2982 1031 2985 1034 ‘

2487 1109 2798 1163 Erotemata
2829 1112 3079 1180 antiqua,
3117 1114 3168 1167 in
3212 1119 3571 1185 pergamenis.
3667 1135 3672 1140 '

2470 1198 2778 1268 Euripidis,
2811 1201 2863 1255 in
2885 1204 3120 1272 papyris,
3156 1207 3433 1274 tragoediae
3464 1217 3594 1262 tres.

2482 1289 2857 1359 Aristophanis
2891 1296 3172 1349 comoedia:
3223 1305 3355 1361 tres,
3407 1308 3463 1352 et
3520 1299 3814 1369 Sophoclis
3863 1314 3967 1356 tra-

2414 1381 2603 1448 goediae
2632 1390 2883 1449 quatuor,
2901 1384 2974 1456 .in
3006 1387 3243 1454 papyris.

2489 1472 2551 1525 Et
2574 1472 2828 1526 Nicandri
2865 1461 3125 1544 theriaca,
3168 1478 3219 1530 in
3254 1482 3614 1548 pergamenis.

2455 1629 2516 1683 In
2561 1648 2719 1700 capsa
2756 1632 2966 1706 signan
2999 1631 3069 1706 1),
3106 1635 3350 1706 ponderis
3378 1637 3632 1692 librarum
3664 1643 3789 1706 225',
3819 1656 3941 1697 sunt

2865 1701 3132 1753 volumina
3160 1704 3516 1772 infrascripla.

2484 1829 2675 1883 Omnia
2703 1831 2865 1895 opera
2901 1831 3141 1885 Platonis
3189 1833 3241 1886 in
3277 1835 3466 1889 eodem
3511 1848 3564 1891 et
3597 1843 3966 1908 pulcheriimo

2415 1919 2711 1984 volumine,
2749 1919 2800 1970 in
2834 1922 3195 1987 pergamenis.

2485 2007 2676 2065 Omnia
2721 2010 2937 2062 Moralia
2995 2012 3269 2076 Plutarchi
3326 2015 3378 2066 in
3431 2016 3622 2068 eodem
3667 2018 3962 2084 volumine,

2417 2105 2470 2155 in
2503 2103 2861 2170 perganienis.

2485 2193 2697 2247 Proculi
2733 2195 2784 2248 in
2821 2195 3197 2250 Parmenidem
3227 2198 3484 2260 Platonis,
3520 2199 3572 2252 in
3607 2204 3965 2272 pergamenis,

2417 2299 2589 2338 novus
2619 2287 2757 2340 liber
2787 2299 2841 2342 et
2877 2289 3126 2357 pulcher.

2486 2375 2789 2431 Proculi-in
2841 2378 3163 2448 theologiam
3212 2380 3478 2445 Platonis,
3518 2391 3573 2436 et
3608 2382 3876 2439 Hieroclis
3918 2387 3965 2440 iu

2415 2482 2579 2523 aurea
2624 2469 2867 2523 carmina
2912 2470 3244 2539 Pythagorae,
3305 2487 3479 2536 novus
3527 2467 3673 2527 liber
3738 2487 3792 2528 et
3847 2479 3965 2545 pul-

2416 2561 2566 2615 cher.

2487 2651 2701 2707 Pi'oculi
2760 2655 2812 2708 in
2862 2655 3124 2710 Timaeum
3178 2655 3438 2716 Platonis,
3491 2658 3543 2710 in
3603 2674 3964 2726 pergamenis,

2418 2754 2593 2792 novus
2626 2741 2780 2805 liber,
2820 2752 2874 2795 et
2907 2745 3157 2810 pulcher.

2490 2830 2724 2881 Platonis
2765 2832 3012 2885 nonnulli
3065 2834 3284 2903 dialogi,
3336 2846 3388 2889 et
3436 2837 3501 2891 de
3551 2854 3688 2906 rep.,
3756 2841 3807 2891 in
3854 2857 3966 2908 per.

2420 2933 2680 2987 gaments.

2492 3009 2727 3062 Platonis
2781 3009 2976 3079 dialogi
3034 3028 3266 3088 ιιιινιιι⁷
3341 3015 3394 3067 in
3453 3017 3691 3085 papyris,
3748 3027 3799 3070 et
3855 3018 3968 3072 Vita

846 3102 1194 3170 Evangelium
1235 3099 1465 3154 Matthazi
1489 3115 1611 3153 cum
1647 3083 2160 3170 expositoribus,'in
2196 3103 2317 3174 per-
2344 3077 2386 3135 ο
2423 3099 2587 3166 ipsius
2615 3101 2664 3150 in
2710 3077 2991 3169 principio.

773 3206 1037 3259 gatnenis.

844 3283 1209 3355 Olympiodori
1256 3282 1310 3336 in
1359 3282 1621 3352 quosdam
1666 3283 1913 3353 dialogos
1963 3284 2225 3349 Platonis,
2268 3285 2318 3338 in

774 3377 1132 3445 pergamenis.
2007 3364 2011 3367 ’

851 3471 1112 3522 Arrianus
1142 3469 1194 3522 in
1226 3468 1555 3538 Epictetum,
1585 3469 1638 3524 in
1661 3467 1902 3539 papyris.

846 3561 1038 3613 Plotini
1071 3561 1339 3614 nonnulla:
1365 3561 1665 3624 orationes,
1698 3561 1753 3614 in
1786 3562 2148 3630 pergamcnis.

849 3652 1061 3705 Maximi
1097 3651 1363 3706 Platonici
1400 3652 1697 3714 orationes,
1736 3653 1790 3705 in
1823 3653 2187 3721 pergamenis.

835 3741 1109 3797 lamhlichi
1147 3741 1202 3795 in
1248 3743 1530 3811 epistolam
1579 3743 1890 3812 Porphyrii,
1935 3743 1990 3796 iii
2039 3758 2319 3813 pergame-

772 3833 877 3888 nis.

842 3926 1125 3996 Porphyrii
1157 3925 1400 3996 dialogus
1450 3926 1503 3979 in
1542 3927 1955 3995 praedicantenta
1988 3924 2320 3986 Aristotelis,

769 4028 827 4074 et
860 4020 1224 4082 dialecticam,
1268 4028 1323 4070 et
1366 4016 1787 4081 arithmeticam,
1840 4015 2218 4082 theologicam,
2264 4013 2318 4064 in

777 4109 1135 4178 pergamenis.
1170 4121 1172 4123 '

2491 3191 2787 3256 lamblichi,
2852 3196 2917 3248 de
2947 3196 3055 3248 vita
3089 3197 3421 3267 Pythagora,
3452 3202 3501 3253 in
3539 3206 3899 3271 pergamenis.

2494 3283 2690 3336 Plotini
2725 3299 2884 3352 opera
2912 3291 3112 3351 omnia,
3159 3290 3210 3342 in
3247 3293 3486 3360 papyris.

2491 3373 2804 3428 Damasceui
2838 3378 2903 3431 de
2939 3378 3216 3447 principiis
3250 3381 3304 3432 in
3332 3381 3734 3449 Parmenidem,
3761 3388 3813 3438 in
3850 3403 3970 3456 pcr-

2419 3481 2680 3534 gamcnts.

2491 3559 2701 3612 Proculi
2737 3560 2842 3615 duo
2875 3562 2996 3616 libri
3032 3563 3096 3617 de
3143 3565 3410 3635 theologia
3455 3567 3717 3639 Platonis,
3790 3586 3840 3629 et
3872 3577 3970 3626 eis:

2419 3652 2666 3704 mentalis
2696 3655 2935 3722 ejusdem
2968 3657 3255 3724 theologia.

2492 3741 2723 3796 Historia
2778 3744 2843 3799 de
2898 3746 3064 3800 rebus
3111 3748 3275 3816 gestis
3327 3747 3565 3802 Maurilii
3618 3751 3971 3821 ltnperatoris

2419 3830 2541 3885 lihri
2571 3844 2714 3896 octo,
2743 3842 2799 3886 et
2829 3834 3124 3905 Aiseulapii
3157 3838 3676 3907 Tratlanierpositio
3703 3844 3762 3897 in
3794 3845 3969 3898 Arith-

2422 3924 2690 3987 melicam,
2724 3925 2776 3977 in
2808 3931 3165 3994 pergamenis.

2490 4009 2778 4078 Nicepliori
2812 4013 3081 4084 Gregorio,
3116 4017 3168 4068 in
3203 4021 3565 4085 pergamenis.

2491 4095 2864 4165 Xenophontis
2908 4112 3029 4170 post
3071 4104 3466 4173 Thucydidem,
3515 4118 3569 4160 et
3605 4109 3670 4161 de
3703 4109 3876 4164 dictis
3923 4124 3970 4162 et

845 4199 1109 4264 Simplicii
1142 4197 1192 4248 in
1226 4205 1332 4249 tres
1373 4195 1540 4249 libros
1569 4196 1635 4250 de
1681 4195 1880 4257 anima,
1915 4207 1969 4249 ct
2000 4195 2235 4269 Proculi,
2267 4203 2323 4249 et

2419 4185 2575 4240 factis
2606 4188 2864 4255 Socratis,
2910 4200 2966 4247 et
3017 4193 3138 4248 aliae
3167 4197 3412 4263 quaedam
3445 4202 3742 4262 orationes,
3787 4207 3842 4256 in
3881 4221 3968 4271 pa-

775 4288 1004 4351 llernne,
1040 4289 1092 4339 in
1125 4287 1384 4354 quosdam
1431 4286 1680 4356 Dialogos
1713 4287 1972 4350 Platonis,
2026 4288 2077 4340 in
2129 4301 2320 4357 perga-

778 4381 972 4433 lthillS.

849 4468 1139 4524 llcrodiani
1185 4468 1252 4523 de
1283 4476 1408 4522 octo
1443 4467 1764 4532 Caesaribus,
1814 4477 1870 4522 et
1915 4467 2114 4522 Zosimi
2145 4469 2315 4524 histo-

780 4563 898 4623 rici,
930 4563 980 4612 in
1017 4559 1378 4630 pergamenis.

846 4657 1114 4710 lleliotlori
1144 4652 1472 4720 Ethiopica,
1501 4651 1556 4706 in
1590 4651 1951 4720 pergamenis.

843 4746 1170 4817 Phocylidts,
1213 4742 1572 4812 Tlieognidis,
1626 4741 1899 4806 Pollucis,
1933 4750 1987 4795 et
2021 4741 2125 4794 alia
2172 4756 2318 4808 qua:-

774 4843 920 4906 dam,
953 4844 1006 4895 itt
1039 4842 1277 4911 papyris.

852 4935 1080 4984 llistoria
1111 4931 1478 5001 Pacliymeris,
1517 4930 1569 4984 iit
1604 4928 1842 4999 papyris.

846 5027 909 5077 li;
939 5024 1306 5092 Xenophontis
1332 5027 1603 5078 Ascensus
1630 5021 1776 5090 Cyri,
1809 5021 1863 5073 in
1897 5019 2136 5089 papyris.

845 5117 1083 5172 Philonis
1111 5117 1386 5168 Orationes
1421 5109 1711 5176 nonnullis,
1748 5113 1799 5163 in
1831 5111 2197 5180 pergamenis.

773 5267 833 5318 In
878 5281 1032 5334 capsa
1076 5265 1279 5334 signata
1330 5264 1388 5334 C,
1433 5263 1675 5330 ponderis
1722 5264 1980 5316 librarum
2027 5258 2155 5323 220,
2188 5268 2340 5311 sunt"

1288 5333 1405 5388 libri
1434 5334 1777 5400 ἐπίταξον-ἱρή.

844 5461 1055 5514 llomeri
1092 5462 1234 5526 Ilias,
1266 5462 1522 5532 Odyssea,
1555 5466 1618 5534 li;
1641 5464 1776 5528 .ι··ηἰ,
1833 5464 2040 5518 Bellum
2077 5464 2313 5539 murium

776 5561 831 5603 et
863 5566 1112 5606 ranarum
1141 5571 1153 5615 ;
1187 5553 1369 5619 Quinti
1405 5557 1840 5625 supplementum
1873 5555 2074 5627 Iliadis,
2108 5555 2159 5606 in
2193 5569 2313 5622 per-

773 5658 1033 5712 gaments.

2421 4279 2586 4348 pyris.

2353 4401 2393 4454 υ
2488 4369 2708 4439 Iosephi
2736 4373 2800 4426 de
2824 4358 3154 4441 captivitate,
3196 4377 3246 4428 iu
3283 4380 3639 4447 pergamenis.

2487 4461 2703 4529 Josephi
2737 4465 2802 4516 de
2830 4465 3164 4532 captivitate,
3200 4467 3253 4520 in
3292 4471 3657 4537 pergamenis,
3697 4481 3754 4523 et

2488 4550 2708 4607 Zonaraz
2729 4565 2787 4608 et
2816 4556 3095 4623 Choniatte
3131 4557 3396 4624 historiae,
3435 4560 3486 4611 in
3522 4560 3760 4629 papyris.

2477 4707 2537 4762 In
2567 4728 2724 4780 capra
2754 4714 2959 4781 signata
2994 4707 3038 4766 Ε
3066 4715 3310 4782 ponderis
3343 4714 3597 4767 libraran
3632 4715 3760 4781 250,
3794 4725 3919 4770 sunt

2896 4785 3096 4834 codices
3129 4784 3475 4852 infratcrt'pti.

2487 4912 2702 4967 Diodori
2736 4913 2979 4968 historici
3013 4929 3041 4967 a
3077 4931 3108 4966 χ
3163 4915 3216 4967 in
3254 4931 3323 4968 xx
3365 4916 3589 4978 librum,
3636 4917 3688 4968 in
3728 4918 3963 4985 papyris.

2488 5006 2706 5059 Diodori
2740 5005 2808 5058 ab
2831 5020 2886 5058 χι
2916 5006 2978 5058 ad
3014 5022 3078 5058 xv
3110 5020 3302 5074 usque,
3332 5005 3383 5058 in
3414 5022 3780 5078 pergatnems.

2487 5096 2672 5163 Apiani
2710 5096 3056 5149 historiarum
3097 5096 3484 5159 Romanarum,
3519 5106 3575 5149 et
3616 5099 3875 5160 aliarum,
3919 5099 3964 5149 in

2420 5187 2651 5253 papyris.

2490 5277 2791 5346 Theogenis
2829 5287 2881 5331 et
2905 5277 3190 5341 Chariclie,
3226 5278 3278 5330 in
3311 5279 3676 5348 pergameii‘is.

2487 5369 2702 5420 Diodori
2741 5369 2862 5421 libri
2898 5385 2929 5420 γ
2966 5370 3152 5436 primi,
3186 5369 3236 5421 in
3270 5371 3506 5440 papyris.

2489 5459 2672 5512 Dionis
2709 5459 3070 5511 Romanarum
3103 5459 3472 5541 historiarum,
3512 5461 3566 5515 in
3609 5465 3850 5534 papyris.

2489 5550 2743 5606 llerodoti
2792 5554 2844 5605 iit
2894 5554 3133 5620 papyris,
3183 5562 3236 5606 et
3279 5552 3484 5607 Juliani
3540 5557 3795 5623 quaedam
3854 5569 3964 5608 ora-

2424 5644 2610 5697 tiones.
