4106 6322
225 345 343 413 705

300 452 571 509 Chronica
601 454 906 524 cujusdam,
946 455 998 509 iu
1035 454 1272 527 papyris.

302 546 683 601 Demosthenis
709 546 985 600 orationes
1018 562 1230 612 omnes,
1267 549 1318 599 iu
1350 547 1711 617 pergamenis.

299 635 587 690 Strabonis
628 635 695 687 ab
742 652 792 689 ιι
834 652 1004 705 usque
1053 637 1118 690 ad
1172 637 1355 703 tinctu,
1394 654 1517 693 cum
1564 639 1787 695 adnota-

227 730 475 783 tionibus
504 727 758 792 Gemisti,
789 728 842 780 in
867 728 1109 797 papyris.

305 819 580 874 Plutarchi
630 820 885 890 parallela
934 821 1150 884 omnia,
1193 822 1335 877 liber
1368 820 1789 891 pulcherrimus.

303 912 564 967 Isocratis
598 902 876 968 orationes
906 929 1015 977 xxi,
1051 920 1107 968 et
1138 912 1373 983 Dionysii
1406 914 1473 969 de
1506 915 1787 968 nominum

225 1001 655 1070 compositione.

304 1089 518 1160 Syriani
557 1091 852 1161 Sophistte,
876 1102 931 1146 et
958 1091 1184 1145 aliorum
1214 1090 1269 1145 in
1290 1090 1579 1148 nonnullas
1610 1102 1789 1159 partes

227 1184 563 1247 Rhetorice,
606 1186 660 1240 in
693 1186 1059 1254 pergamenis.

171 1258 195 1285 ’“
303 1271 518 1326 Libanii
548 1272 1075 1339 declamationes,_in
1106 1274 1346 1344 papyris.

304 1361 480 1432 Lysian
528 1360 805 1417 orationes
839 1376 1009 1430 xxix;
1053 1364 1317 1435 Dionysii,
1367 1366 1440 1422 De
1478 1363 1793 1423 charactere

227 1451 437 1523 Lysiae;
462 1452 674 1525 Gorgia:
699 1452 764 1508 in‘
785 1456 1000 1509 laudem
1029 1455 1268 1511 Helenae;

303 1543 682 1599 Aladamantis
721 1546 999 1601 orationes
1033 1547 1193 1612 dum;
1230 1547 1569 1603 Antistheuis
1596 1550 1796 1603 oralio—

230 1649 334 1688 nes
359 1636 519 1703 duae;
550 1637 804 1692 Demadis
831 1640 1008 1693 oratio
1041 1654 1169 1693 una.

304 1728 551 1796 Agathite
596 1728 839 1782 historia:
880 1730 1124 1798 quinque
1157 1730 1331 1793 libris,
1376 1742 1428 1784 et
1460 1731 1528 1787 de
1563 1734 1795 1787 nomini-

227 1818 339 1873 bus
371 1828 429 1873 et
459 1818 752 1875 ordinibus
780 1822 1151 1890 antiquorum.

304 1911 643 1982 Theognidis
666 1921 840 1982 poetae
866 1931 880 1978 ;
908 1913 1221 1987 Phocyiidis
1248 1934 1262 1984 ;
1294 1919 1457 1973 Aurci
1484 1932 1674 1972 versus
1702 1916 1799 1987 Py-

231 2002 478 2072 thagorae
507 2018 521 2067 ;
545 2001 753 2057 Moschi
785 2004 975 2059 Siculi.

303 2094 491 2149 Μυεωί
540 2096 683 2150 Hero
743 2107 796 2151 et
848 2097 1113 2164 Leander,
1162 2098 1402 2170 Dionysii
1451 2099 1681 2170 Longini
1732 2098 1799 2154 de

240 2188 946 2257 rmgnitudineorationis,
978 2190 1031 2244 in
1068 2192 1430 2260 pergamenis,
1456 2203 1561 2246 etc.

300 2277 592 2331 Naucratis
621 2280 869 2332 convivia
896 2278 1021 2332 libri
1056 2291 1198 2345 octo,
1236 2280 1289 2332 in
1321 2280 1692 2348 pcrgamenis.

304 2360 644 2438 Thucydidis
679 2369 929 2433 historia,
975 2370 1028 2422 in
1064 2373 1300 2439 papyris.

289 2519 357 2579 1η
377 2541 532 2594 capsa
554 2527 763 2597 signata
849 2539 972 2600 sunt
1002 2528 1120 2581 libri
1142 2529 1283 2592 infra
1310 2530 1489 2596 scripti
1507 2530 1749 2600 ponderis

810 2598 1065 2651 librarum
1098 2599 1222 2652 240.

312 2735 497 2789 Dionis
529 2734 905 2806 Chrysostomi
938 2737 1211 2791 orationes
1240 2736 1536 2808 octoginta,
1582 2738 1632 2791 in
1672 2718 1784 2805 pcr-

230 2828 500 2897 gamenis.

316 2916 557 2987 Dionysii
612 2912 1040 2981 ilalicaruassei,
1103 2916 1367 2971 Demetrii
1428 2914 1795 2978 Phalcrensis,

230 3009 560 3075 Alexandri,
612 3010 914 3075 Menandri,
971 3008 1247 3072 Aristidis,
1306 3002 1547 3077 Apsinis,
1598 3004 1799 3061 llouita

230 3115 519 3159 oratorum
553 3102 721 3156 multa
751 3113 807 3157 et
843 3101 1102 3171 praeclara
1133 3101 1199 3154 de
1235 3104 1445 3155 ratione
1467 3098 1706 3153 dicendi.

307 3198 598 3252 Urationes
628 3194 863 3260 Libanii,
893 3195 947 3248 in
983 3193 1223 3264 papyris.
1682 3200 1685 3203 '

309 3286 568 3355 Epistolas
596 3284 875 3355 cujusdam
912 3281 1189 3336 Michaelis
1214 3280 1435 3343 Gahrae,
1469 3282 1523 3334 in
1558 3280 1797 3349 papyris.

306 3378 523 3432 Libauii
554 3377 1007 3447 Declamationes,
1028 3375 1087 3426 in
1123 3373 1491 3442 pergauteuis.

309 3470 524 3525 Libanii
559 3468 835 3537 Epistolar,
864 3469 917 3519 in
948 3465 1187 3533 papyris.

309 3562 572 3626 Quaedam
608 3574 773 3627 opera
806 3544 1105 3619 Aristidis;
1139 3554 1351 3608 Proculi
1386 3554 1651 3608 naturalis
1681 3554 1801 3608 ele-

236 3630 541 3714 me‘ntatio:
602 3648 793 3717 legalia
850 3647 1097 3714 quaedam
1159 3646 1369 3699 Alcinoi
1425 3649 1490 3699 de
1551 3647 1798 3715 dogmate

235 3744 506 3807 Platonis,
541 3744 593 3795 in
627 3740 869 3809 papyris.

311 3835 573 3891 Aristidis
605 3834 906 3895 orationes,
943 3830 994 3883 in
1030 3831 1393 3901 pergamenis.

309 3926 501 3981 Dionis
524 3924 887 3977 Romanarum
916 3923 1271 3975 historiarum
1307 3936 1336 3972 a
1372 3935 1493 3974 xciv
1528 3920 1597 3973 ad
1643 3920 1802 3997 quin-

235 4019 618 4091 quagesimum
657 4030 829 4083 usque
858 4029 1081 4077 nouum,
1115 4011 1169 4066 in
1198 4016 1567 4082 pergumenis.
1730 4006 1737 4013 ’

310 4109 578 4175 Aristidis
604 4108 905 4169 orationes,
944 4107 993 4159 in
1023 4107 1262 4177 papyris.

310 4203 613 4259 Rhetorica
660 4201 1037 4269 Hermogenis,
1071 4200 1430 4256 Arithtnetica
1461 4198 1801 4266 Nicomachi,

156 4280 157 4283 Ἴ
240 4299 572 4355 Geometria:
601 4295 722 4349 libri
760 4309 869 4356 50x,
904 4306 955 4346 et
981 4291 1259 4348 Geodaesia
1293 4296 1343 4347 in
1377 4297 1629 4365 papyris.)

308 4384 604 4438 Rhetorica
639 4383 1018 4453 Hermogenis,
1054 4385 1104 4437 iu
1144 4385 1382 4453 papyris.

1656 342 2053 405 EPISTOLE.

1821 462 1863 531 Α
1962 456 2290 522 (τιεοιηεάἰδ,
2320 456 2373 509 in
2405 455 2642 526 papyris,
2676 464 2731 510 et

3348 341 3453 402 706
3488 338 3495 343 ’

1966 547 2237 602 Ptolcmmi
2303 546 2707 618 Quadripartita
2773 562 2896 601 cum
2954 546 3326 615 expositione,
3394 556 3449 599 et

1893 638 2065 692 multa
2096 638 2197 691 alia
2229 638 2281 690 in
2315 636 2739 705 Astronomiatu,
2769 638 2820 691 in
2848 636 3215 708 pergamenis.

1892 770 1953 823 In
1997 785 2156 840 capsa
2194 768 2464 837 signataG
2486 771 2727 838 ponderis
2753 754 3011 823 librarum
3040 769 3145 824 240
3173 779 3295 823 sunt
3335 771 3454 825 libri

2480 841 2621 908 infra
2655 843 2861 908 scripti.

1962 950 2305 1009 Geometrica
2358 952 2621 1015 Euclidis,
2654 962 2709 1007 et
2746 952 2875 1008 Data
2905 954 3175 1033 ejusdem,
3226 954 3449 1022 Sphrera

1894 1044 2208 1107 Theodosii,
2242 1046 2576 1115 Apparentia
2619 1055 2676 1100 et
2705 1046 2982 1101 Catholica
3041 1047 3307 1106 Euclidis,
3339 1047 3447 1099 Lo-

1894 1139 2009 1207 gica
2041 1136 2312 1201 Barlaam,’
2355 1148 2411 1190 et
2458 1136 2754 1205 Almagesti
2790 1134 3094 1201 Ptolomaei,
3124 1138 3178 1192 in
3211 1140 3451 1209 papyris.

1963 1228 2309 1296 Almagestus
2340 1226 2611 1283 Ptolemaei
2659 1244 2783 1283 cum
2816 1227 3156 1300 expositione
3188 1230 3448 1293 Theonis,

1895 1318 2038 1373 liber
2066 1322 2361 1388 pretiosus,
2392 1321 2444 1373 in
2477 1321 2716 1391 papyris.
2934 1320 2935 1323 “
3538 1310 3539 1313 η

1966 1399 2280 1461 Geometria
2325 1404 2591 1474 Euclidis,
2640 1416 2698 1461 et
2742 1406 2976 1462 aliorum
3020 1409 3319 1463 multorum
3359 1426 3455 1464 au-

1898 1507 2115 1571 ctorum
2147 1514 2374 1553 numero
2401 1515 2532 1553 xvm
2561 1498 2899 1555 theoremata
2928 1494 3284 1573 geometrica,
3315 1504 3455 1560 liber

1898 1582 2197 1659 pretiosus,
2236 1592 2290 1645 in
2319 1592 2557 1663 papyris.
2974 1608 2987 1645 ἰ

1967 1683 2206 1741 Athacus
2234 1682 2445 1749 Graece,
2497 1682 2803 1749 Geodsesia,
2852 1684 3049 1738 tabula
3078 1674 3326 1751 Persicaz,
3375 1696 3456 1740 ta-

1902 1774 2045 1829 bulae
2096 1772 2356 1839 Theonis,
2400 1774 2622 1831 Proculi
2670 1775 2726 1830 in
2774 1776 3199 1832 Astronomiam.
3230 1778 3459 1844 Quadri-

1903 1869 2099 1935 partita
2129 1864 2428 1932 Ptolemaei,
2474 1879 2529 1923 et
2564 1868 2670 1923 alia
2716 1868 2773 1921 in
2816 1868 3244 1936 Astronomiam,
3276 1872 3329 1925 iu
3362 1888 3457 1941 pa-

1900 1962 2070 2032 pyris.

1972 2052 2145 2122 Μεριιί
2202 2050 2515 2122 Logotheta
2558 2052 2615 2107 in
2664 2051 3094 2118 Astronomiam,
3127 2052 3181 2107 in
3226 2070 3453 2124 papyro,

1901 2143 2042 2198 liber
2076 2160 2238 2198 unus.
2650 2182 2651 2185 η
2793 2152 2799 2156 ’
3020 2152 3023 2155 ’

1972 2236 2173 2292 Musica
2210 2236 2487 2290 Ptoleuuei
2519 2251 2643 2291 cum
2680 2236 3020 2306 expositione
3051 2235 3357 2305 Laurentii,
3399 2240 3455 2293 in

1902 2342 2127 2400 P3PYF0-
2257 2394 2261 2398 .
2486 2396 2489 2399 ,

1972 2416 2191 2487 Tahulze
2241 2417 2515 2472 Ptolemaei
2562 2419 2615 2471 in
2670 2419 3053 2489 compendium
3094 2419 3346 2483 redacta,
3400 2421 3455 2475 iu

1900 2519 2129 2575 papyro.
2730 2572 2733 2573 ν
3158 2506 3168 2517 ’
3202 2576 3203 2579 η

1967 2597 2223 2663 Quaedam
2259 2596 2456 2653 tabulze
2487 2598 2843 2670 Astrologirze
2868 2615 3035 2671 parvo
3064 2601 3361 2669 volumine,
3401 2602 3456 2656 in

1900 2693 2267 2759 pergamenis.

1969 2767 2322 2837 Arithmetica
2342 2784 2689 2849 Nicomachi;
2721 2786 2869 2841 Arati
2900 2784 3279 2848 Phasnomena,
3302 2784 3462 2840 Cleo-

1901 2873 2096 2937 medis,
2129 2884 2184 2928 et
2206 2889 2298 2929 sex
2324 2876 2448 2928 libri
2474 2874 2821 2939 Geometriae,
2850 2876 2899 2928 in
2932 2876 3172 2946 papyris.

1970 2966 2333 3020 Arithmetica
2383 2965 2699 3023 Nicomachi
2751 2967 3089 3037 Philosophi,
3127 2969 3178 3022 in
3222 2968 3457 3038 papyris.

1974 3058 2284 3113 Cleomedis
2313 3073 2435 3113 cum
2470 3060 2836 3127 expositione,
2860 3070 2917 3115 et
2944 3060 3301 3115 Arithmetica
3335 3076 3463 3115 cum

1824 3154 1871 3209 ε
1901 3149 2243 3217 expositione
2272 3148 2583 3217 PhilopOni,
2618 3152 2670 3202 in
2698 3151 2936 3220 papyris.
2977 3217 2980 3220 ἢ

1969 3240 2296 3308 Cleomedis,
2332 3252 2388 3296 et
2412 3241 2766 3296 Arithmetica
2800 3242 3087 3313 Diophauti
3115 3244 3236 3299 libri
3266 3260 3357 3300 sex
3400 3247 3452 3301 in

1900 3344 2125 3399 papyro.

1913 3408 2131 3476 'ﬁiber
2163 3422 2353 3491 legatis
2401 3426 2787 3493 compendium
2835 3425 3210 3495 Armenopoli,
3252 3427 3305 3480 in
3357 3442 3455 3497 pa-

1978 3527 2070 3565 ris.
3054 3532 3055 3535 “

1978 3527 2070 3565 ris.
3054 3532 3055 3535 η

1900 3527 2133 3658 pyLiber
2160 3605 2346 3675 legalis
2370 3608 2424 3659 in
2460 3606 2835 3674 alphabetum,
2868 3605 2924 3659 in
2954 3607 3315 3674 pergamenis.

1970 3694 2195 3758 Similis,
2229 3696 2281 3746 in
2318 3695 2686 3762 pergamenis,
2715 3702 2772 3747 et

1972 3784 2195 3849 Similis,
2233 3786 2285 3838 in
2322 3786 2687 3855 pergameuis.

1900 3917 1963 3972 In
1997 3935 2157 3987 capsa
2194 3920 2399 3988 signata
2425 3916 2471 3970 Η
2494 3918 2745 3987 ροηιίενὶει¹
2768 3878 3023 3970 librarum
3050 3916 3157 3972 23-0
3185 3926 3307 3973 sunt
3338 3919 3454 3975 libri

2481 3989 2625 4056 infra
2654 3989 2861 4056 scripti.

1973 4099 2239 4170 Epitoma
2268 4116 2335 4155 1.x
2395 4100 2663 4155 librorum
2716 4101 2894 4171 legum
2936 4116 3051 4175 per
3081 4102 3451 4173 alphabetum,

1904 4194 1957 4247 in
1992 4196 2351 4263 pergamcnis.

1975 4282 2348 4339 institutiones
2374 4283 2591 4351 Grazcae,
2625 4284 2677 4339 iu
2715 4286 3076 4356 pergamenis.

1973 4376 2135 4431 Liber
2164 4378 2372 4444 legalis,
2410 4375 2755 4446 Compilatio,
2782 4388 2837 4433 et
2864 4380 3257 4437 collectaueum
3291 4387 3453 4442 trium

310 4476 695 4531 Demosthenis
735 4484 1011 4528 orationes
1059 4476 1472 4544 quinquaginta,
1526 4485 1578 4527 et
1629 4475 1799 4542 θρίω.
1830 4492 1880 4549 D
1912 4470 2325 4537 imperatorum,
2361 4469 2413 4520 in
2440 4469 2678 4539 papyris.

235 4564 370 4632 phia
407 4562 600 4633 Lysiae,
640 4566 690 4617 in
731 4568 970 4640 papyris.

316 4654 701 4708 DemOstheuis
735 4658 1009 4708 orationes
1037 4671 1167 4719 nit,
1206 4657 1468 4723 procemia
1512 4656 1799 4708 concioua—

239 4759 407 4808 torta,
443 4746 525 4799 vel
558 4747 922 4813 demegorica,
978 4757 1031 4798 et
1065 4747 1320 4814 Epistulae
1352 4762 1467 4808 sex,
1513 4747 1562 4797 iu
1608 4764 1799 4814 perga-

236 4838 440 4891 menis.
493 4893 496 4896 ,

310 4928 556 4983 Euelidis
582 4926 911 4991 Geometria,
954 4927 1007 4978 in
1038 4928 1274 4994 papyris.

308 5017 620 5074 Cleomedis
661 5018 856 5069 tabula:
881 5015 1113 5069 Persica:
1148 5034 1159 5079 ;
1193 5017 1487 5071 Erisocinze
1511 5017 1797 5071 'Arithmc-

240 5117 371 5180 tica,
408 5123 461 5165 et
494 5112 760 5180 imagines
793 5109 1129 5163 Philostrati.

313 5204 477 5256 Liber
508 5204 559 5255 in
585 5218 691 5256 ouo
718 5200 1141 5269 suittjudicialia
1169 5203 1468 5270 complura,
1499 5206 1551 5256 in
1584 5208 1800 5274 papyris

238 5297 393 5350 corio
422 5294 615 5347 rubeo.
1618 5312 1623 5313 ί

313 5388 465 5441 Alter
498 5388 713 5449 similis,
747 5388 897 5441 corio
929 5388 1103 5455 nigro.

315 5475 539 5531 Tabulae
572 5477 801 5532 Persica:
829 5496 840 5543 ;
874 5490 924 5531 et
956 5479 1250 5547 descriptio
1285 5477 1572 5532 Astrolahii
1617 5479 1669 5531 in
1708 5495 1799 5547 pa.

244 5572 415 5640 pyris.
524 5632 527 5635 ι

319 5661 593 5715 Ptolemmi
625 5662 923 5729 Alntegisti,
951 5662 1002 5714 in
1032 5662 1390 5729 pergamcnis.

320 5750 593 5807 Ptolemai
623 5749 989 5821 Geographia,
1023 5753 1073 5805 in
1110 5752 1469 5822 pergamenis.

432 5882 437 5891 ι
491 5851 759 5910 ΡΑτιιοι.
793 5855 908 5913 Gn.
968 5832 1179 5908 CLle

1978 4558 2225 4611 Melctius
2255 4559 2319 4612 de
2356 4568 2548 4612 natura
2585 4561 2850 4627 hominis,
2886 4565 2941 4618 in
2978 4568 3217 4636 papyris.

1984 4650 2059 4703 De
2094 4662 2219 4702 cara
2252 4665 2514 4718 equorum
2550 4650 2847 4707 multorum
2893 4666 3199 4725 auctorum,
3231 4660 3283 4712 in
3331 4666 3451 4729 p‘er-

1905 4758 2168 4811 gameuts.

1976 4836 2051 4887 De
2098 4837 2356 4889 varietate
2422 4845 2479 4891 et
2520 4836 2722 4892 Virtute
2772 4835 3190 4907 elementorum,
3239 4843 3292 4895 in
3355 4860 3450 4913 pa-

1904 4940 2069 4993 pyris,
2574 4972 2577 4975 ,

1983 5017 2320 5069 Dioscorides
2354 5015 2405 5066 in
2440 5016 2785 5081 medicinam,
2822 5031 2875 5067 tn
2914 5022 3274 5089 pergamenis.

1973 5108 2197 5163 Oribasii
2232 5108 2283 5159 in
2320 5102 2663 5169 medicinam,
2694 5109 2744 5159 in
2779 5110 2997 5177 papyris
3028 5112 3154 5165 libri
3188 5126 3442 5183 quatuor,

1902 5213 1955 5254 et
2017 5196 2081 5252 de
2138 5198 2465 5265 agricultura
2520 5197 2859 5252 diversorum
2901 5210 3207 5271 auctorum,
3263 5208 3315 5259 in
3362 5223 3451 5275 pa-

1903 5294 2066 5363 pyris.
2915 5297 2921 5303 ’

1973 5381 2211 5436 Actuarii
2242 5380 2306 5433 dc
2342 5378 2531 5442 urinis,
2572 5380 2625 5433 iu
2655 5382 2891 5452 papyris.

1974 5476 2117 5526 Pauli
2146 5474 2380 5540 {Eginetaa
2409 5472 2625 5537 medici,
2666 5475 2717 5525 in
2753 5476 3111 5542 pergamcuis.

1978 5566 2193 5617 Eusebii
2230 5564 2293 5615 de
2324 5562 2845 5633 (ὶοηεὶειηιὶιιῇνὶιθ,
2873 5566 2937 5618 in
2976 5568 3213 5635 papyris,

1977 5658 2171 5730 Legum
2226 5656 2496 5722 epitonia,
2560 5666 2608 5708 et
2667 5655 2921 5710 Cauoncs‘
2959 5659 3341 5728 conciliorum,
3394 5662 3449 5714 in

1904 5762 2260 5821 ρθτεῖὶιξιθτιιε.

2944 5840 3022 5899 23
