4116 6336
106 371 200 431 765
876 399 878 402 μ
1492 346 1731 421 Nom

1668 358 1845 419 ITIA.
2287 401 2291 405 .
2763 386 2767 387 ν
2888 342 2891 343 ν
3194 353 3293 414 766

107 482 169 531 mi
189 460 384 548 ingenii
413 476 584 531 uirum
615 474 708 528 hoc
735 474 941 527 nomine
959 471 1283 541 reprehendit
1314 469 1639 524 Parrhasius
1660 468 1716 520 in
1744 462 1997 535 epistolis.
2018 461 2196 534 Neque
2226 468 2407 534 ignaro
2434 463 2837 534 Trapezuntium
2866 482 3068 521 errores
3094 452 3293 537 aliquot

102 574 394 625 observasse
425 570 477 623 in
509 566 947 621 translationibus
976 564 1151 629 Gaza,
1189 580 1317 633 quos
1341 564 1423 618 hic
1454 560 1681 617 monitus
1698 558 2000 624 correxerit,
2020 566 2080 611 ut
2122 567 2171 609 et
2200 558 2465 610 memoriae
2486 557 2712 624 prodidit
2747 557 3004 611 Erasmus
3037 556 3296 625 Catalogo

104 664 564 750 Lucubrationum
593 675 843 715 suarum.
883 659 1069 712 Verum
1096 666 1143 710 et
1169 658 1299 711 illud
1327 658 1432 711 scio
1468 655 1617 722 longe
1640 651 1795 722 plura
1824 666 1932 723 esse
1958 651 2013 703 in
2044 642 2407 718 Trapezuntio,
2457 665 2573 720 qua
2592 650 2740 705 Gaza
2766 652 2992 718 potuerit
3053 651 3294 719 culpare.

112 756 244 808 Nam
274 742 325 808 el
352 755 406 808 in
428 754 817 808 eosdesiderare
850 750 1012 820 potuit
1041 748 1164 815 ﬁdei
1190 747 1305 817 plus
1336 747 1389 799 in
1422 743 1808 813 transferendis
1840 758 1866 794 e
1888 742 2067 798 Crteco
2091 743 2412 806 auctoribus,
2453 753 2503 795 et
2541 758 2798 811 majorem
2843 742 3035 811 lingua
3088 742 3295 796 Latina:

102 848 363 916 peritiam.
390 846 455 901 Et
481 845 579 899 lib.
602 860 638 897 ιι
672 843 745 896 De
763 840 969 894 Hister.
1005 839 1128 892 Lat.
1158 854 1276 906 cap.
1304 838 1370 891 8:
1403 835 1605 890 Filium
1640 831 1848 903 reliquit
1878 834 2138 887 Andream
2162 832 2588 901 Trapezuntium,
2613 832 2704 902 qui
2742 836 2911 903 patris
2938 833 3289 889 defensionem

97 941 301 1007 scripsit
332 939 577 991 adversus
608 934 934 1005 Theodorum
970 927 1203 991 Gazam;
1238 945 1298 980 ac
1324 927 1687 997 prtefationem
1716 922 1787 975 ad
1829 921 2037 975 Sixtum
2067 922 2369 991 pontiﬁcem
2398 923 2650 990 praemisit
2680 921 3020 976 translationi
3046 928 3290 993 paterna

103 1019 406 1081 Ptolemaici
436 1027 614 1095 aperis
632 1023 707 1076 De
730 1037 919 1090 magna
937 1014 1331 1072 constructione.
1365 1014 1588 1068 Δηὼ-βω
1608 1012 1723 1080 ﬁlia
1749 1012 1938 1081 nupsit
1959 1008 2162 1063 Fausto
2191 1010 2519 1080 Hagdelenat
2541 1010 2777 1065 Romano
2804 1020 2992 1080 poetae,
3017 1014 3104 1080 qui
3128 1010 3295 1065 Leoni

101 1100 371 1189 pergratus
405 1124 539 1182 erat,
566 1124 720 1185 atque
744 1126 883 1186 anno
927 1107 1058 1162 l527
1092 1106 1263 1160 Roma
1301 1106 1365 1158 ab
1394 1105 1625 1157 exercitu
1650 1099 1832 1156 Caroli
1872 1099 1933 1165 V,
1963 1110 2140 1170 capta,
2180 1118 2243 1155 ac
2275 1103 2471 1163 diruta,
2495 1100 2643 1156 Ionio
2669 1112 2794 1178 teste
2812 1102 2988 1172 periit.
3020 1103 3137 1157 Non
3166 1118 3287 1157 sum

104 1174 284 1267 tainen
310 1228 343 1265 a
372 1210 549 1265 Vossii
572 1174 873 1267 sententia,
887 1202 977 1271 qui
1005 1199 1209 1255 ibidem
1233 1196 1588 1251 secretarium
1614 1192 1973 1262 pontiﬁcium,
1997 1192 2243 1247 maximae
2290 1174 2713 1271 existimationis
2746 1208 2810 1246 ac
2837 1192 3116 1260 dignitatis
3149 1194 3291 1248 inter

100 1304 499 1358 ecclesiasticos
525 1300 727 1365 virum,
754 1314 878 1354 cum
901 1293 1079 1351 scriba
1128 1305 1224 1344 seu
1254 1286 1599 1350 amanuensi,
1622 1283 1807 1339 servili
1835 1284 2124 1352 mancipio,
2159 1293 2219 1337 ut
2246 1284 2318 1338 ita
2345 1283 2542 1347 dicam,
2566 1258 2871 1349 cont/undit.
2892 1282 3024 1349 Quis
3051 1282 3288 1348 tandem,

104 1404 171 1449 ut‘
190 1396 243 1449 id
269 1410 488 1463 quoque
516 1393 695 1451 obiter
719 1390 1057 1446 admoneam,
1092 1382 1219 1437 sine
1279 1376 1561 1433 stomacho
1594 1375 1735 1445 leget
1758 1373 2019 1428 Thomam
2048 1373 2267 1429 Rivium
2306 1374 2359 1427 in
2393 1374 2681 1428 Justiniani
2756 1372 3071 1429 defensione
3100 1384 3290 1429 contra

102 1490 480 1557 Alemannum‘,
512 1491 603 1558 qui
634 1489 904 1543 Vaticana:
932 1479 1278 1536 bibliotheca
1303 1471 1613 1534 custodem,
1638 1484 1837 1525 munus
1871 1478 1928 1524 et
1956 1468 2220 1549 dignitate
2261 1482 2381 1529 sua,
2413 1478 2470 1522 et
2524 1467 2815 1521 custodum
2865 1467 3089 1530 virtute,
3128 1475 3292 1534 atque

104 1587 351 1639 doctrina
384 1583 776 1652 amplissimum
811 1573 1344 1648 pulcherrimumque
1401 1562 1635 1633 maligne
1686 1562 2005 1627 admodum,
2032 1562 2099 1616 'de
2124 1559 2514 1630 puloerizandis
2552 1560 2883 1615 Bibliotheca:
2926 1558 3191 1614 Vaticana;
3224 1558 3289 1611 lic

109 1680 208 1732 bris
236 1693 449 1746 operam
482 1689 673 1729 navare
701 1668 933 1727 scribit?

112 1884 1719 1913 Μ

1177 2120 1679 2213 NOTITIA
1750 2114 2240 2201 ALTERA.

314 2351 513 2415 (Christ.
546 2349 673 2398 Frid.
704 2347 999 2404 Boernerus,
1026 2344 1092 2393 De
1113 2337 1268 2391 doctis
1293 2334 1559 2391 hominibus
1587 2332 1767 2384 Graecis
1802 2330 2072 2381 litterarum
2093 2332 2372 2381 Grtecarum
2396 2331 2443 2376 tn
2469 2328 2495 2375 Ι
2501 2324 2619 2375 talia
2642 2322 3083 2385 insluttt'aloribus.)

171 2736 458 2807 Georgius,
482 2749 509 2785 a
533 2731 871 2803 Trapezunte
894 2721 1177 2782 oriundus,
1206 2728 1364 2772 natus
1410 2728 1491 2771 est
1530 2715 1583 2767 in
1635 2714 1794 2767 Creta
1833 2700 1976 2763 anno
2004 2710 2183 2763 saeculi
2216 2708 2395 2777 quarti
2427 2704 2634 2759 decimo
2663 2714 2814 2759 sexto
2841 2714 2894 2759 et
2924 2707 3292 2777 nonagesimo.

108 2799 541 2897 Kelictavpatria,
568 2799 621 2877 in
650 2821 859 2875 italiam
892 2817 1038 2871 venit
1072 2830 1135 2869 eo
1168 2813 1387 2865 circiter
1422 2821 1684 2875 tempore,
1717 2820 1824 2873 quo
1855 2804 2123 2873 Eugenius
2158 2802 2226 2857 lV
2264 2802 2454 2855 inierat
2488 2799 2879 2869 pontiﬁcatum.
2924 2800 3056 2854 Nam
3089 2800 3298 2869 aliquot

107 2928 176 2979 ibi
204 2940 326 2979 cum
350 2895 465 2992 jam
496 2927 735 2973 moratus
762 2922 903 2968 esset
936 2924 1126 2971 annos,
1156 2908 1220 2959 ad
1252 2906 1510 2979 Joannem
1542 2900 1922 2968 Palmologum,
1967 2898 2347 2965 imperatorem
2376 2895 3024 2964 Constantinopolitanum
3067 2897 3132 2949 de
3172 2912 3299 2965 pro-

109 2989 441 3075 lectione‘ad
475 3012 763 3067 concilium
797 3006 1160 3064 Ferraricnse,
1191 3009 1371 3068 spreto
1395 2995 1706 3058 llasileensi,
1739 2990 2096 3060 suscipienda,
2130 2989 2338 3043 litteras
2369 2989 2536 3043 dedit.

172 3114 397 3181 Linguae
450 3107 652 3161 Latinae
712 3102 965 3173 magistro
1025 3110 1155 3150 usus
1209 3092 1487 3148 Victorino
1537 3084 1825 3149 Feltrensi,
1895 3082 2109 3137 scholas
2157 3082 2529 3150 compluribus
2586 3080 2723 3135 locis
2774 3082 2986 3149 aperuit
3041 3082 3300 3151 quidem,

109 3166 370 3266 nusquam
406 3194 646 3261 gentium
679 3166 856 3242 autem
886 3184 1092 3237 ﬁrmam
1124 3176 1465 3233 acvstabilem
1499 3174 1828 3227 fortunarum
1873 3178 2063 3224 nactus
2093 3178 2175 3223 est
2214 3169 2419 3222 sedem.
2449 3166 2689 3222 Venetiis
2713 3169 2943 3236 primum
2967 3209 2981 3233 ,
3016 3170 3298 3224 conatibus

110 3256 275 3351 ipsius
330 3256 547 3334 [av—cute
604 3273 800 3331 illustri
847 3278 1095 3325 senatore
1149 3262 1434 3319 Francisco
1499 3260 1754 3331 Ba‘rbarq,
1822 3273 1958 3327 quas
2013 3256 2332 3311 Franciscus
2380 3256 2692 3325 Pbilelpiius
2751 3271 2809 3310 ea
2872 3257 2923 3309 in
2966 3258 3101 3310 urbe
3140 3258 3298 3326 paulo

108 3390 226 3433 ante
262 3380 552 3437 docuerat,
576 3374 787 3425 litteras
823 3366 1099 3437 professus
1126 3368 1209 3414 est
1236 3358 1467 3411 Grmcas.

174 3466 289 3529 Quo
342 3431 695 3517 cilicio-cum
745 3431 947 3521 aliquot
984 3449 1200 3501 functus
1240 3450 1386 3496 esset
1451 3451 1643 3513 anpos,
1701 3434 1935 3488 Venetiis
1991 3432 2214 3488 Romam
2274 3431 2616 3501 demigravit,
2676 3431 2881 3500 ibique,
2954 3432 3182 3501 Eugqnﬁ
3230 3432 3293 3486 ιν

285 3553 568 3620 auspiciis,
606 3548 868 3617 doctrinae
899 3556 1007 3595 sua:
1029 3538 1236 3606 copiam
1265 3534 1389 3585 fecit
1420 3532 1558 3593 aliis,
1584 3528 1843 3615 tradendo
1872 3537 2041 3579 artem
2077 3526 2288 3579 dicendi
2318 3534 2373 3577 et
2392 3525 2801 3593 philosophandi
2828 3525 3103 3591 scientiam
3134 3526 3297 3594 idque

110 3665 210 3703 tam
234 3617 406 3703 felici:
430 3645 626 3697 laboris
653 3652 906 3694 successu
951 3643 1009 3687 ut
1036 3626 1331 3700 perniultos
1359 3625 1584 3679 haberet
1613 3622 1926 3685 auditores,
1970 3632 2022 3672 et
2052 3636 2117 3672 ex
2145 3621 2262 3688 ejus
2307 3618 2591 3683 disciplina
2633 3617 2732 3670 viri
2773 3618 3069 3671 doctissimi
3117 3622 3299 3687 prodi-

109 3753 242 3795 rcul.
301 3740 416 3794 llos
469 3734 684 3799 Georgii
744 3739 970 3785 conatus
1008 3698 1099 3793 qui
1161 3722 1225 3775 ad
1279 3719 1491 3789 ingenia
1541 3716 1804 3771 doctrinis
1861 3698 2157 3768 excolenda
2212 3712 2610 3779 referebantur,
2645 3711 2866 3783 Eugenii
2913 3727 3035 3785 post
3088 3716 3293 3771 obitum

106 3835 351 3888 Nicataus
381 3831 426 3884 V
468 3828 702 3898 pontifex
730 3823 983 3877 suﬂ‘ectus
1006 3856 1020 3882 ,
1056 3815 1323 3884 stipendio
1355 3812 1654 3867 liberaliter
1680 3808 1974 3871 constituto
1997 3847 2013 3873 ,
2051 3806 2217 3876 juvit,
2246 3814 2297 3859 et
2344 3806 2805 3875 ipsumdiguitate
2834 3820 3049 3865 auctum
3081 3813 3145 3865 ab
3178 3818 3296 3880 epi-

104 3922 251 3973 stolis
280 3933 405 3973 esse
458 3892 666 3975 voluit;
704 3920 815 3961 tum
883 3920 1009 3958 vero
1046 3904 1095 3955 id
1135 3895 1407 3970 negotium
1452 3898 1503 3951 ei
1561 3896 1709 3949 dedit
1766 3903 1825 3971 ut
1881 3892 2349 3963 praestantissimos
2393 3892 2560 3946 libros
2596 3892 2809 3949 Graecos
2850 3894 3039 3951 Latina
3076 3898 3302 3952 civitate

106 4008 346 4058 donaret.
381 4002 514 4066 Quae
539 4011 715 4052 tamen
737 3991 948 4064 Georgii
976 3990 1191 4042 fortuna
1230 3999 1422 4054 parum
1461 3984 1561 4038 sibi
1594 3982 1854 4044 constitit,
1882 3990 1936 4033 ct
1962 3980 2137 4033 subita
2168 3994 2349 4033 rerum
2388 3981 2744 4051 conversione
2761 3983 2977 4047 deiecit,
3010 3976 3214 4038 offensa
3241 3987 3300 4039 in

104 4106 219 4142 ειη,
249 4104 360 4142 ηοη
395 4090 467 4141 ηε
494 4084 659 4138 multo
694 4076 1099 4149 postponlilicis
1134 4072 1433 4128 voluntate.
1464 4068 1617 4136 Quod
1655 4069 1699 4121 si
1728 4069 1897 4136 ipsius
1955 4067 2263 4120 testimonio
2321 4067 2570 4120 standum
2634 4066 2795 4141 foret,
2833 4071 3097 4137 pontiﬁcis
3156 4072 3290 4125 iram

103 4178 152 4227 in
187 4191 241 4229 se
276 4172 599 4241 concitavit;
626 4178 679 4223 et
737 4164 958 4235 gratiam
986 4150 1145 4229 quam
1183 4159 1325 4228 apud
1370 4171 1492 4210 eum
1534 4156 1729 4208 inierat
1771 4152 1962 4207 eﬂudit
2012 4152 2227 4207 omnem
2282 4166 2348 4207 eo
2393 4154 2537 4222 quod
2578 4139 2850 4208 coniectas
2902 4170 2932 4209 a
2980 4171 3037 4210 se
3076 4156 3301 4211 Patrum

102 4269 459 4336 quorumdam
512 4275 567 4319 et
618 4268 1061 4335 philosophorum
1122 4264 1431 4319 Graecorum
1484 4258 1963 4325 interpretationes
2006 4257 2223 4310 Latinas
2255 4257 2321 4309 ad
2372 4256 2507 4310 alios
2540 4256 2803 4325 quosdam
2838 4257 3027 4311 referri
3061 4259 3302 4311 nomen;

99 4376 367 4441 auctores.
402 4363 775 4435 Ageninivero
830 4362 978 4415 nullo
1010 4358 1269 4414 credibile
1300 4366 1383 4411 est
1422 4356 1605 4415 modo,
1642 4354 1745 4408 tale
1774 4353 1904 4422 quid
1942 4351 2245 4418 postulasse
2278 4350 2623 4420 pontiﬁcem;
2663 4352 2792 4419 quin
2826 4353 3003 4420 potius
3033 4353 3301 4420 pontifex,

102 4457 185 4511 ubi
218 4455 649 4527 Trapezuntium
699 4455 879 4508 minus
913 4453 1099 4505 deure
1136 4450 1304 4504 libros
1339 4448 1461 4501 illos
1492 4445 1710 4500 Graecos
1757 4442 1944 4497 Latine
1982 4442 2341 4511 convertisse,
2373 4456 2437 4493 ex
2475 4441 2691 4495 idoneis
2711 4442 2974 4509 comperit
3018 4443 3295 4497 existima-

102 4552 360 4616 tionibus,
420 4551 853 4618 arrogantizeque
918 4554 973 4597 et
1046 4545 1233 4598 livoris
1286 4542 1502 4611 plenum
1560 4538 1732 4608 ipsius
1790 4536 2066 4607 ingenium
2120 4520 2394 4605 cognovit,
2447 4534 2627 4587 odium
2676 4535 2731 4588 in
2794 4549 2918 4589 eum
2979 4535 3307 4602 concepisse.

97 4646 325 4699 videtur.
1688 4662 1689 4665 η
1730 4634 1733 4641 ’

158 4726 413 4790 Ειηωοι
436 4732 884 4800 adversariosque
914 4732 1220 4798 complures
1247 4725 1513 4793 Georgius
1542 4722 1729 4777 habuit
1764 4723 1967 4784 Romae,
2002 4734 2101 4774 nec
2124 4735 2247 4773 cum
2272 4719 2559 4773 Theodoro
2578 4719 2719 4773 Gaza
2743 4720 2938 4789 solum,
2977 4720 3067 4787 qui
3104 4720 3301 4773 buma~

97 4834 258 4885 nitate
287 4828 651 4894 doctrinaque
681 4826 853 4893 ipsum
883 4822 1192 4892 priestabat,
1230 4822 1283 4873 in
1312 4818 1586 4871 simultate
1627 4817 1749 4883 iuit,
1780 4815 1875 4869 sed
1911 4830 2055 4868 cum
2085 4812 2380 4865 Laurentio
2436 4811 2583 4865 Valla
2629 4813 2814 4874 etiam,
2846 4823 3197 4880 posteaquam
3250 4816 3301 4867 is

94 4920 415 4987 Quintiliani
444 4925 757 4985 susceperat
777 4914 1170 4977 defensionem,
1201 4900 1267 4965 eo
1294 4909 1513 4963 nomine
1541 4907 1841 4961 contendit.
1872 4906 2163 4974 Aliquanto
2194 4912 2319 4956 ante
2361 4916 2520 4969 quam
2552 4901 2695 4955 Urbe
2729 4902 2963 4966 cederet,
2998 4904 3051 4954 in
3083 4904 3299 4956 theatro

96 5015 356 5084 Pompeii,
395 5025 522 5064 cum
548 5009 738 5061 tabulae
772 5004 1056 5074 pontiﬁcia:
1091 5012 1509 5057 recenserentur
1529 5008 1586 5054 et
1612 5001 1804 5055 scriba:
1837 4998 1973 5069 adeo
2013 4994 2287 5065 pontificis
2313 5008 2503 5047 omnes
2539 4994 2815 5059 adessent,
2846 4995 3037 5067 ipse‘et
3066 4998 3301 5067 Poggius

98 5109 443 5162 Florentinus
469 5100 721 5155 illiberali
750 5095 996 5163 exemplo
1036 5096 1177 5146 inter
1217 5109 1275 5146 se
1323 5094 1697 5147 decertarunt.
1733 5090 1869 5143 Cum
1905 5085 2136 5157 Paggius
2166 5085 2344 5139 verbis
2382 5086 2537 5140 valde
2574 5089 2980 5142 contumeliosis
3010 5089 3300 5144 lacesseret

97 5197 543 5269 Trapezuntium,
575 5194 664 5246 hic
689 5188 1009 5244 verberibus
1031 5185 1454 5239 conviciatorem
1490 5185 1851 5241 coercendum
1882 5183 2109 5252 putavit,
2147 5180 2411 5249 illumque
2435 5181 2665 5248 colapho
2689 5184 2859 5237 semel
2900 5174 3064 5253 atque
3097 5185 3297 5239 iterum

98 5295 387 5362 percussit.
441 5278 629 5343 Mirum
686 5286 976 5339 verborum
1018 5294 1139 5334 cum
1203 5279 1526 5335 verberibus
1585 5280 2063 5335 commutationem
2119 5283 2382 5331 memorat
2428 5275 2652 5339 .iovius,
2694 5276 3048 5347 eamdemque
3096 5279 3299 5347 Poggio

94 5387 383 5456 exprobrat
406 5383 570 5435 Laur.
593 5379 761 5432 Valla.
794 5378 859 5428 At
887 5375 1031 5429 enim
1062 5372 1293 5439 Poggius
1330 5370 1807 5437 eXprobrationem
1836 5371 1974 5423 hanc
2006 5370 2061 5422 in
2115 5368 2351 5421 ludibria
2379 5368 2565 5430 vertit,
2614 5366 2789 5435 neqise
2819 5369 2991 5421 solum
3024 5365 3295 5436 colaphis,

98 5479 187 5531 sed
214 5476 485 5537 calcibus,
522 5470 777 5530 fustibus,
813 5467 977 5529 ferro,
1012 5478 1122 5516 rem
1164 5462 1561 5538 actamd‘uisse,
1593 5469 1798 5525 narrat,
1839 5469 1894 5515 et
1924 5458 2149 5525 Veliam,
2180 5456 2432 5526 tanquam
2466 5456 3004 5527 manipuluml‘urum
3036 5472 3145 5525 quo
3171 5470 3289 5512 vut-

98 5581 218 5620 nera
240 5565 609 5630 abstergeret,
639 5561 705 5613 ad
744 5569 1013 5611 certamen
1049 5564 1154 5607 tam
1188 5562 1341 5605 atrox
1366 5568 1471 5606 non
1504 5552 1804 5605 accurrisse
1838 5550 2084 5603 miratur.
3158 5600 3162 5607 ,

156 5658 310 5723 Saepe
338 5653 681 5716 multumque
721 5644 1111 5714 Trapezuntius
1148 5643 1331 5695 Romae
1360 5642 1411 5694 in
1447 5642 1657 5697 aedibus
1680 5640 2015 5696 Bessarionis
2048 5636 2387 5700 versabatur,
2429 5638 2559 5690 etin
2608 5636 2812 5692 circulo
2844 5637 3293 5694 doctissimorum
