4116 6336
693 252 795 314 767
1091 206 1095 216 λ
1849 216 2177 309 GEORGII
2221 246 2741 307 'IRAPEZUNTII
2884 300 2887 304 .
2982 224 2985 227 ’
3802 244 3907 306 768

694 366 1000 422 hominum,
1032 368 1139 413 tam
1173 358 1481 414 Grrecorum
1516 374 1676 429 quam
1697 358 2036 425 Latinorum,
2071 361 2161 427 qui
2202 357 2269 411 ad
2307 358 2447 411 hanc
2482 352 2757 410 musaruin
2789 354 2971 409 sedem
3006 356 3199 424 quovis
3233 355 3323 413 die
3355 369 3571 425 semper
3605 355 3909 423 conspicie-

694 455 878 508 batur.
910 452 1291 506 Verumtamen
1346 453 1544 505 summi
1578 450 1703 516 viri,
1740 463 1795 504 et
1836 450 2149 504 communis
2176 447 2485 503 Graecorum
2535 447 2785 521 exsulum
2828 447 3063 515 patroni,
3105 445 3344 498 animum
3372 446 3528 513 plane
3589 444 3756 500 rebus
3795 448 3911 501 suis

699 545 1043 609 abalienavit;
1072 544 1434 605 cum'librum
1472 542 1734 597 edidisset
1769 542 1993 610 plenum
2040 539 2364 609 probrorum
2422 532 2585 606 atque
2638 538 3120 609 contumeliarum,
3176 537 3374 604 quibus
3420 537 3663 591 Platonis
3712 538 3915 605 fatuam

696 640 990 701 lacerabat,
1026 651 1101 703 ut,
1132 640 1387 707 depressa
1421 639 1556 692 tanti
1596 636 1857 706 sapientis
1882 635 2234 699 auctoritate,
2266 631 2570 695 Aristoteli,
2594 634 2750 703 cujus
2774 647 2894 686 sese
2925 632 3186 686 asseclam
3215 629 3590 700 proﬁtebatur,
3639 639 3915 686 assereret

705 730 1089 801 principatum.
1116 730 1251 784 Cum
1279 740 1459 784 autem
1489 729 1775 782 Bessarion
1816 727 2204 795 philosophum
2232 740 2395 793 quem
2426 727 2482 778 in
2515 724 2691 779 oculis
2722 725 2954 786 ferebat,
2984 723 3247 778 conviciis
3274 723 3418 777 illius
3440 722 3715 791 proscindi
3746 722 3916 776 intel-

700 820 914 890 ligeret,
966 824 1045 875 rei
1089 832 1265 879 motus
1309 822 1650 889 indignitate,
1678 819 1861 881 Jibros
1898 819 2107 886 aliquot
2142 833 2239 885 pro
2292 817 2621 875 vindicanda
2666 816 2908 869 Platonis
2934 815 3105 893 gloria
3134 815 3398 869 adversus
3452 814 3907 867 calumniatorem

709 916 826 982 ejus
855 929 1012 981 quem
1072 913 1287 966 vocavit
1342 911 1791 980 Trapezuntium,
1820 909 2060 978 scripsit.
2091 907 2245 973 Quos
2275 907 2494 976 quidem
2535 907 2697 975 plane
2736 908 2981 974 egregios
3021 913 3077 961 et
3110 916 3168 958 ut
3199 907 3249 958 in
3275 912 3460 959 nostra
3489 904 3556 957 de
3597 904 3918 957 Bessarione

709 1008 948 1059 diximus
999 1002 1481 1067 commentatione,
1534 1020 1747 1059 onmem
1798 1005 2040 1059 Platonis
2078 1000 2640 1064 doctrinam,~limato
2690 999 3095 1055 commentandi
3142 1012 3361 1067 genere,
3422 996 3738 1065 complexos
3792 1010 3917 1049 cum

712 1118 923 1164 omnes,
964 1103 1164 1170 quibus
1213 1101 1575 1155 haec-ﬂorebat
1599 1112 1754 1164 aetas,
1785 1099 1989 1173 eruditi
2014 1098 2392 1151 collaudarent
2418 1096 2635 1159 eximie,
2659 1105 2715 1149 et
2747 1093 3221 1149 vehementissime
3252 1093 3697 1161 comprobarent,
3729 1104 3926 1159 graves

705 1189 1101 1267 Trapezuntius
1136 1190 1454 1244 temeritatis
1482 1204 1593 1243 sua:
1624 1205 1813 1257 pmnas
1841 1189 2011 1253 dedit,
2042 1199 2098 1242 et
2133 1188 2363 1256 publica:
2391 1188 2610 1243 invidiae
2634 1188 2893 1243 incendio
2918 1190 3312 1259 conﬂagravit,

772 1285 1052 1353 Georgius,
1088 1295 1370 1353 postquam
1418 1284 1471 1335 in
1506 1284 1713 1356 odium,
1758 1283 2121 1337 offensionem
2159 1283 2431 1351 pontiﬁcis
2485 1283 2773 1347 inciderat,
2824 1284 3102 1353 Neapolim
3144 1298 3267 1351 sese,
3306 1283 3562 1341 contulit.
3606 1278 3917 1349 perfugilln

702 1376 977 1445 praebente
1007 1376 1305 1443 Alphonso,
1338 1378 1670 1444 Arragonum
1702 1376 2119 1444 Siculorumque
2150 1390 2293 1443 rege,
2319 1363 2875 1447 qui‘doctrinaequi‘m
2905 1380 3142 1437 amabat,
3165 1375 3345 1430 studio
3369 1372 3694 1427 conciliatus
3721 1371 3925 1427 exsuli.

703 1468 847 1535 ejus,
883 1468 935 1519 in
971 1466 1129 1519 ﬁdem
1154 1465 1569 1533 clientelamque
1609 1467 1836 1536 recepti,
1874 1466 2111 1535 inopiam
2148 1468 2479 1535 perbenigne
2528 1466 2856 1530 sublevavit,
2914 1477 2971 1521 et
3017 1470 3245 1522 honesto
3290 1463 3592 1520 constituto
3642 1462 3919 1531 stipendio

704 1556 878 1625 ipsum
908 1567 964 1609 et
1018 1556 1278 1610 familiam
1335 1572 1550 1610 omnem
1597 1558 1732 1610 aluit
1782 1572 1847 1610 ac
1898 1557 2246 1611 sustentavit.
2300 1556 2593 1612 Francisco
2632 1558 2915 1626 Philelpho
2958 1559 3099 1627 apud
3134 1557 3414 1613 Nicolaum
3443 1554 3757 1623 pontificem
3820 1565 3928 1619 pro

706 1653 827 1719 ipso
864 1650 1235 1705 intercedente
1258 1690 1273 1714 ,
1305 1649 1532 1703 Romam
1563 1651 1689 1704 inde
1725 1648 1989 1704 redeundi
2021 1649 2072 1702 ei
2098 1649 2246 1725 tacta
2273 1659 2355 1703 est
2391 1660 2648 1719 potestas.

777 1742 936 1795 Anno
986 1743 1167 1797 saeculi
1200 1743 1371 1811 quinti
1403 1742 1597 1797 decimi
1644 1742 1837 1811 quinto
1866 1751 1922 1796 et
1969 1742 2331 1810 sexagesimo,
2365 1741 2766 1810 Trapezuntius
2797 1743 2852 1796 in
2897 1743 3109 1797 Cretam
3160 1741 3391 1809 indeque
3428 1737 3743 1809 Byzantium
3795 1733 3927 1794 navi

707 1832 983 1895 proiectus
1022 1843 1107 1888 est
1138 1844 1194 1888 et
1224 1837 1447 1905 trajecta
1486 1833 1619 1887 mari
1650 1832 1882 1886 Romam
1918 1840 2219 1897 revertens,
2250 1832 2368 1905 ejus
2398 1831 2607 1886 itineris
2633 1833 2843 1901 insigne
2883 1835 3065 1902 posuit
3093 1824 3524 1885 monumentum.
3566 1828 3759 1882 Paucis
3778 1827 3930 1879 enim

706 1929 985 1981 mensibus
1020 1938 1145 1983 ante
1181 1945 1352 1998 quam
1392 1929 1601 1982 Novam
1633 1925 1781 1979 illam
1825 1926 2048 1979 Romam
2090 1924 2273 1986 iniret,
2310 1940 2362 1976 tv
2390 1923 2657 1977 Kalendas
2681 1925 2871 1978 iunias
2903 1926 2958 1977 in
2988 1924 3078 1977 illa
3118 1923 3252 1976 urbe
3279 1922 3497 1991 juvenis
3546 1919 3789 1988 quidam,
3838 1919 3931 1972 cui

707 2031 903 2071 nomen
941 2021 1171 2074 Andreas
1199 2030 1336 2085 erat,
1368 2020 1541 2089 patria
1576 2017 1776 2079 Chius,
1815 2017 2164 2070 acerbissimo
2193 2017 2467 2069 cruciatus
2498 2031 2694 2085 genere
2724 2015 2974 2079 aﬂ'ectus,
3008 2014 3327 2073 necabatur,
3360 2015 3501 2078 quod
3540 2027 3568 2063 a
3618 2010 3932 2065 Christiana

710 2113 973 2180 religione
1002 2111 1069 2164 ad
1095 2110 1639 2165 Muhammedismum
1667 2109 1967 2163 desciscere
1995 2108 2181 2161 nollet.
2205 2105 2358 2171 Quod
2387 2108 2483 2184 ubi
2512 2106 2909 2175 Trapezuntius
2931 2122 2960 2161 a
2984 2108 3164 2161 nautis
3187 2105 3501 2175 Byzantinis
3528 2104 3754 2158 relatum
3782 2119 3936 2159 acce—

716 2207 910 2273 pi:set,
938 2204 1222 2271 ipsumque
1254 2210 1437 2268 postea
1469 2199 1709 2253 hominis
1746 2197 2029 2252 interfecti
2045 2211 2244 2264 corpus
2279 2196 2549 2265 integrum
2576 2198 2755 2251 adhuc
2787 2207 2839 2251 et
2872 2198 3247 2267 incorruptum
3291 2195 3492 2251 Galatas
3524 2198 3928 2266 conspexisset,

708 2300 1003 2359 cruciatus.
1047 2312 1184 2366 quos
1236 2298 1348 2357 ille.
1397 2295 1534 2349 nihil
1568 2303 1769 2349 mutata
1816 2309 1940 2364 erga
1988 2292 2332 2348 Servatorem
2371 2294 2636 2362 optimum
2690 2294 2813 2356 fide,
2861 2308 3179 2363 summaque
3230 2293 3559 2358 constantia,
3612 2292 3933 2361 pertulerat,

708 2395 873 2447 redux
908 2393 1098 2450 factus.
1140 2390 1191 2442 in
1220 2398 1531 2457 perpetuam
1577 2388 1650 2441 rei
1686 2397 1848 2455 gestae
1887 2387 2230 2450 memoriam,
2256 2385 2454 2440 litteris
2489 2388 2847 2456 consignavit.
3532 2454 3539 2460 ν

777 2489 1184 2557 ingravescente
1235 2495 1409 2549 aetate,
1455 2484 1654 2537 accidit
1690 2482 2075 2550 Trapezuntio,
2137 2481 2283 2550 quod
2323 2482 2509 2536 multis
2552 2484 2867 2538 clarissimis
2904 2483 3053 2544 viris.
3088 2498 3151 2538 ex
3204 2484 3401 2553 priscis
3437 2483 3671 2538 maxime
3704 2482 3936 2545 Orbilio,

707 2581 907 2637 celebri
944 2582 1293 2648 grammatico
1324 2578 1583 2639 Messalae.
1615 2594 1830 2631 summo
1860 2578 2060 2631 oratori
2093 2586 2150 2628 ct
2186 2578 2634 2644 praestantissimo
2660 2580 2733 2631 illi
2758 2580 3035 2647 sophistae,
3066 2580 3416 2651 liermogeni,
3453 2587 3532 2641 ut,
3570 2579 3707 2632 facta
3734 2592 3938 2631 memoo.

714 2676 806 2726 rizc
837 2676 1070 2742 jactura,
1116 2674 1441 2731 litterarum,
1514 2671 1793 2739 ipsiusque
1856 2670 2092 2723 nominis
2147 2670 2227 2722 sui
2268 2670 2484 2736 penitus
2540 2670 2972 2724 oblivisceretur.
3010 2671 3123 2725 Etsi
3168 2674 3220 2725 in
3262 2683 3495 2727 mentem
3537 2671 3706 2733 venit,
3741 2671 3941 2725 subve-

713 2764 844 2826 reri,
884 2780 948 2815 ne
977 2763 1119 2829 quod
1149 2763 1302 2815 Gazae
1330 2761 1550 2815 evenire
1578 2760 1969 2825 comperimus,
1998 2759 2133 2809 vitio
2166 2757 2466 2816 memoriae.
2487 2756 2718 2825 Georgio
2749 2758 3052 2824 tribuatur;
3078 2770 3204 2813 sunt
3234 2762 3434 2821 tamen,
3461 2762 3553 2829 qui
3578 2762 3938 2825 contendunt,

712 2867 896 2907 senem
930 2862 1195 2915 nostrum,
1229 2867 1351 2903 cum
1406 2866 1503 2917 pro
1543 2850 1743 2913 ingenii
1780 2863 1879 2899 suo
1920 2846 2287 2908 monimentis,
2331 2860 2426 2913 spe
2471 2832 2729 2913 ingentis
2765 2850 2993 2915 praemii,
3036 2866 3248 2904 summo
3288 2852 3527 2919 pontifici
3582 2857 3938 2923 nuncupatis,

715 2947 782 2999 ab
819 2945 918 2996 hoc
949 2942 1093 2997 solos
1122 2952 1341 2996 centum
1394 2954 1644 2994 nummos
1678 2954 1877 2991 aureos
1921 2940 2243 3017 accepisset,
2270 2936 2482 3005 ingrato
2512 2938 2668 2991 istius
2711 2941 2891 2993 animo
2919 2941 3208 3006 otIensum,
3260 2943 3406 2998 illico
3438 2958 3630 3019 aurum
3672 2959 3736 2997 cx
3768 2956 3937 3013 ponte

715 3038 856 3095 Ᾱηὶιίο
890 3043 942 3095 in
973 3040 1215 3094 Tiberim
1247 3037 1532 3108 abjecisse,
1568 3045 1625 3090 et
1648 3033 1810 3089 simul
1843 3033 2311 3102 indignabundum
2349 3032 2547 3088 dixisse
2584 3050 2596 3086 :
2630 3032 2847 3089 Periere
2879 3034 3111 3099 labores,
3158 3047 3346 3107 pereat
3388 3046 3444 3093 et
3489 3054 3684 3094 eorum
3735 3040 3941 3110 ingrata

718 3150 956 3200 merces;
995 3134 1299 3203 aﬂ‘ectoque
1335 3148 1451 3187 eam
1476 3118 1545 3187 ob
1572 3145 1683 3184 rem
1726 3130 1907 3184 animo
1942 3132 1993 3183 in
2027 3130 2300 3184 miseriam
2333 3130 2487 3184 istam
2523 3131 2802 3185 incidisse.
3392 3203 3396 3207 ι

787 3233 861 3285 lta
884 3246 1009 3284 vero
1039 3230 1451 3299 Trapezuntius,
1480 3230 1654 3281 tracto
1680 3227 1843 3279 animi
1882 3228 2076 3281 rubore
2102 3226 2515 3294 elanguescens,
2543 3240 2605 3279 eo
2629 3228 2949 3281 calamitatis
2982 3226 3351 3297 redigebatur.
3381 3240 3439 3282 ut
3461 3231 3716 3285 omnibus
3748 3245 3944 3298 repue-

745 3339 927 3377 asccre
956 3324 1251 3374 videretur.
1282 3319 1433 3389 Saepe
1459 3320 1816 3388 multumque,
1851 3335 1973 3373 cum
2009 3317 2191 3373 Romze
2229 3318 2294 3371 ad
2327 3319 2496 3372 aedem
2534 3318 2788 3374 Minerva:
2846 3320 3133 3385 habitaret,
3187 3314 3333 3376 selus
3361 3336 3457 3390 per
3487 3324 3681 3376 urbem
3723 3322 3941 3377 δοτιὶὶἀο

713 3427 769 3468 et
799 3416 984 3469 attrito
1019 3417 1233 3485 palliolo
1277 3415 1505 3469 amictus
1545 3414 1961 3484 geniCuiatoque
2016 3413 2261 3482 scipione
2309 3415 2400 3487 qui
2448 3413 2751 3467 vacillantis
2804 3414 3004 3482 gradus
3036 3406 3941 3483 sustineret,innixusinambula-

716 3507 810 3560 vit.
838 3506 1075 3561 Tandem
1138 3524 1286 3572 vero,
1338 3507 1527 3561 multis
1590 3508 1887 3575 arduisque
1936 3507 2256 3575 perfunctus
2321 3506 2582 3562 molestiis
2639 3519 2693 3561 et
2750 3510 3167 3573 certaminibus,
3198 3527 3370 3566 annos
3416 3516 3710 3581 nonaginta
3760 3522 3941 3574 natus,

716 3614 867 3656 sexto
890 3612 944 3657 ct
978 3604 1307 3671 octogesimo
1324 3603 1500 3671 quinti
1544 3601 1741 3656 decimi
1769 3604 1949 3657 smculi
1977 3617 2139 3664 anno,
2168 3603 2464 3669 acquievit.

785 3696 969 3767 Neque
1007 3699 1304 3765 ingenium,
1336 3712 1434 3750 nec
1459 3698 1785 3763 doctrinam,
1828 3712 1925 3750 nec
1964 3697 2229 3760 studium,
2259 3698 2691 3765 industriamque
2722 3697 2775 3751 in
2811 3699 3173 3767 Trapezuntio
3205 3699 3481 3765 desidero;
3511 3714 3745 3767 agnosco
3770 3709 3943 3753 tamen

718 3790 919 3859 aliquid
945 3792 1085 3856 quod
1118 3792 1171 3840 in
1205 3787 1450 3841 Cretensi
1489 3804 1680 3857 parum
1716 3806 1905 3842 miror.
1936 3790 2107 3844 Vetus
2144 3799 2228 3843 est
2257 3791 2477 3843 verbum
2501 3790 2641 3858 quod
2672 3790 3187 3860 dixitTEpitneuides
3211 3804 3265 3844 et
3312 3792 3382 3845 ab
3425 3796 3530 3846 hoc
3560 3796 3779 3861 repetiit
3826 3794 3935 3859 ipse

718 3878 936 3931 divinus
979 3879 1217 3945 gentium
1278 3878 1490 3943 doctor,
1547 3882 1762 3947 Κρῆτες
1797 3881 1884 3931 ἀεὶ
1932 3880 2161 3946 ψεῦσται
2198 3897 2254 3933 κ.
2281 3898 2333 3932 τ.

2318 3919 2333 3932 .
2362 3881 2413 3934 λ.
2448 3879 2560 3933 Etsi
2594 3880 2989 3949 Trapezuutius
3024 3895 3143 3937 ortu
3202 3884 3474 3937 Cretensis
3506 3884 3616 3938 dici
3665 3885 3941 3939 Cretensis

722 3975 920 4035 noluit,
964 3973 1182 4035 malam,
1220 3972 1365 4039 quod
1419 3972 1521 4026 Lil.
1576 3973 1843 4041 Gyraldus
1886 3972 2147 4040 Opinatur
2197 3980 2254 4024 et
2294 3974 2647 4025 inveteratam
2706 3976 2895 4039 patriae
2950 3977 3143 4029 famam
3175 3991 3281 4030 non
3317 3990 3505 4045 parum
3537 3980 3784 4044 veritus;
3831 3994 3942 4033 eam

724 4071 942 4123 nomine
993 4079 1194 4131 tamen,
1226 4081 1411 4135 neque
1448 4069 1743 4134 ingenium,
1795 4081 1897 4119 nec
1951 4082 2129 4119 mores
2164 4065 2416 4132 deposuit
2454 4067 2618 4121 {ancile
2651 4083 2665 4130 ;
2704 4070 2873 4131 vafer,
2904 4071 2947 4121 si
2981 4072 3110 4137 quid
3145 4074 3354 4141 judico,
3402 4074 3690 4139 subdolus,
3721 4087 3777 4128 et
3811 4092 3931 4127 cum

728 4161 959 4213 alterius
984 4160 1250 4213 dedecore
1280 4162 1494 4213 decoris
1515 4172 1795 4229 appetens,
1815 4160 2149 4241 lacessendis
2172 4160 2315 4225 aliis,
2345 4161 2518 4229 iisque
2550 4162 2803 4225 summis,
2831 4159 3133 4231 promptus,
3154 4168 3355 4220 nimius
3387 4168 3493 4231 sui,
3514 4186 3706 4237 parcus
3722 4172 3944 4225 aliorum

728 4254 1043 4315 admirator,
1081 4263 1273 4306 cuncta
1307 4254 1467 4305 modo
1498 4268 1707 4306 summa
1739 4265 1996 4322 expertus
2028 4256 2169 4306 ultra
2204 4256 2367 4307 vires.

801 4340 995 4393 Filium
1027 4343 1245 4409 reliquit
1277 4341 1545 4393 Andream
1575 4340 2020 4410 Trapezuutium,
2051 4345 2148 4396 sed
2178 4342 2424 4397 doctrina
2469 4353 2621 4413 patre
2655 4343 2810 4413 longe
2842 4343 3173 4397 inferiorem.
3219 4346 3273 4399 ld
3293 4346 3439 4414 quod
3480 4347 3639 4403 facile
3688 4354 3942 4405 omnibus

728 4437 980 4503 apparuit
1027 4447 1149 4485 cum
1182 4434 1354 4501 patris
1401 4434 1486 4487 sui
1534 4434 1993 4488 existimationem
2039 4436 2157 4503 ipso
2202 4436 2379 4490 adhuc
2420 4437 2719 4505 superstite
2766 4436 3030 4488 adversus
3063 4436 3409 4491 Theodorum
3457 4440 3655 4493 Gazam
3695 4443 3947 4497 tuendam

728 4525 1071 4594 suscepisset.
1098 4525 1283 4592 Neque
1309 4527 1453 4579 enim
1493 4525 1657 4589 Gaza,
1702 4524 2195 4580 transmarinorum
2226 4526 2531 4591 hominum,
2563 4514 2656 4594 qui
2700 4543 2729 4579 e
2762 4525 2966 4593 Gracia
3011 4528 3386 4596 profugerant.
3433 4527 3811 4595 doctissimus,
3860 4534 3948 4585 mi-

730 4624 836 4675 seri
870 4623 1097 4688 hujusce
1119 4621 1417 4674 adversarii
1452 4620 1671 4687 scriptis
1707 4621 1913 4674 moveri
1942 4635 1999 4673 se
2026 4635 2219 4687 passus
2249 4630 2353 4684 est,
2390 4620 2483 4673 sed
2520 4621 2666 4673 illius
2688 4612 2967 4691 libidinem
3002 4621 3328 4673 criminandi
3354 4623 3571 4689 penitus
3600 4625 3945 4693 contempsit.

747 4717 969 4767 Andreae
998 4714 1129 4774 tilia.
1168 4723 1302 4766 teste
1330 4713 1508 4775 Jovio,
1540 4694 1801 4766 collocata
1829 4723 1915 4766 est
1943 4712 2145 4785 Fausto
2172 4710 2515 4780 Magdalenen,
2549 4712 2815 4775 Romano,
2854 4722 3024 4779 poetae
3069 4713 3270 4779 lepido,
3306 4714 3400 4782 qui
3428 4714 3698 4782 elegantia
3731 4718 3926 4786 ingenii

734 4808 897 4859 Leoni
939 4810 1006 4870 Χ,
1035 4810 1101 4860 R.
1132 4808 1189 4861 P.
1232 4808 1559 4874 pereharus,
1607 4810 1671 4860 de
1693 4806 1911 4877 Georgii
1954 4808 2230 4874 prosoceri
2263 4808 2507 4865 doctrina
2534 4818 2586 4859 et
2622 4808 2798 4859 litium
2832 4807 3127 4859 aterbitate
3161 4808 3329 4862 multa
3358 4823 3585 4861 narrare
3624 4812 3819 4867 solitus
3857 4781 3948 4868 est:

737 4899 988 4950 miserum
1021 4910 1198 4951 autem
1227 4899 1347 4951 vita:
1373 4900 1577 4953 exitum
1604 4900 1813 4964 habuit,
1841 4901 1893 4954 in
1924 4903 2331 4970 expugnatione
2367 4901 2539 4962 urbis,
2577 4914 2720 4952 anno
2741 4901 2923 4953 saaculi
2944 4904 3076 4967 sexti
3111 4902 3309 4956 decimi
3342 4904 3577 4971 septimo
3607 4917 3663 4958 et
3700 4906 3946 4962 vicesimo

734 4992 1171 5045 contrucidatus.

804 5110 1023 5177 Ignoms
1055 5114 1273 5183 quidam
1297 5125 1487 5168 auctor
1520 5118 1845 5182 ἐπιταφίους
1901 5117 1999 5168 hos
2064 5117 2116 5168 in
2165 5116 2594 5182 ’l'rapezuntium
2656 5124 2847 5178 versus
2887 5125 3122 5193 scripsit,
3161 5138 3297 5191 quos
3337 5122 3535 5176 Bovius
3586 5122 3767 5194 elogio
3798 5122 3950 5193 ipsius

738 5210 1016 5279 subjunxit
1047 5227 1060 5263 :

1777 5283 1889 5335 Hac
1912 5300 2045 5335 urna
2078 5280 2418 5351 Trapezuntii
2441 5286 2712 5350 quiescunt

1770 5352 1976 5421 Georgii
2001 5352 2143 5411 ossa,
2180 5368 2367 5421 parum
2396 5354 2497 5403 diis
2533 5357 2711 5414 amici,

1768 5422 1914 5492 Quod
1942 5422 2050 5473 arri
2087 5432 2132 5471 et
2166 5425 2385 5471 nimium
2429 5425 2637 5485 procaci
2667 5424 2845 5492 lingua

1771 5491 2081 5553 Platonem,
2096 5493 2291 5557 superis
2318 5507 2379 5558 pa
2391 5506 2517 5547 rem.
2548 5493 2747 5555 petivit.
