4116 6336
133 454 235 519 869

891 455 972 517 IN
1021 407 1281 529 tLiUD,
1329 452 1499 514 «Sic
1539 451 1735 515 vom
1774 451 1944 515 sum
1982 420 2329 527 niueas,
2372 464 2390 498 ι
2436 406 2593 514 me.

3206 431 3357 521 7870

137 587 239 627 non
277 571 521 626 recedat.
554 570 672 625 Non
711 568 974 643 enim‘vel
1003 578 1185 637 morte
1219 569 1302 622 vel
1335 569 1444 622 vita
1468 568 1696 622 Joannis
1716 587 1767 643 ιΑ
1798 566 2028 647 poribus
2062 566 2417 621 miseratione
2442 566 2626 620 divina
2657 573 2825 641 tenet,
2852 574 3038 637 posset
3067 568 3360 627 ostendere

134 662 262 716 salvi
290 660 417 715 facti
453 674 664 725 sumus,
694 674 797 738 nee
818 659 1055 713 alterum
1092 666 1280 725 aperte
1312 658 1392 712 sic
1419 658 1473 711 in
1514 657 1692 711 Evan-

133 753 270 822 gelio
315 753 518 806 dicitur
553 761 613 806 ut
646 752 883 809 alterum
915 747 1142 804 credere
1164 748 1342 811 ,nefas
1375 748 1467 802 sit.
1518 746 1693 801 Habet

131 850 309 895 tamen
362 841 713 910 investigatio
758 840 839 893 rei
889 839 1057 915 hujus
1092 853 1201 891 non
1239 852 1430 906 parum
1478 835 1693 890 fructus

125 934 174 991 si
224 942 331 986 non
370 931 725 987 contentione
770 930 1051 996 vincendi,
1101 928 1476 999 sedveritatis
1504 941 1692 981 amere

134 1020 452 1089 inquiritur.
481 1020 618 1074 Cum
647 1013 810 1073 enim
831 1016 1148 1087 investigari
1180 1026 1329 1071 recte
1374 1030 1483 1069 non
1523 1014 1693 1083 possit

131 1111 240 1165 nisi
289 1127 385 1181 per
433 1109 807 1180 Evangelium.
862 1118 1156 1177 opus'est,
1193 1107 1327 1160 dum
1372 1106 1691 1177 quaerimus,

133 1204 411 1273 Evangelii
442 1202 608 1257 verba
630 1201 830 1270 saepius
859 1210 1129 1269 repetere.
1154 1199 1209 1251 ld
1243 1214 1350 1253 non
1376 1198 1693 1251 solumani-

132 1302 281 1343 mum
299 1291 367 1343 ab
388 1291 512 1343 aliis
532 1289 953 1358 cogitationibus
977 1286 1267 1349 abstrahit,
1288 1287 1381 1341 sed
1407 1297 1464 1340 et
1482 1287 1552 1339 ad
1574 1287 1693 1353 api-

119 1397 252 1439 .cem
290 1382 463 1449 ipsum
490 1390 802 1448 sanctarum
830 1379 1142 1434 litterarum
1169 1377 1416 1445 impellit.
1446 1377 1690 1438 Accedit,

130 1472 315 1540 utqui
353 1472 466 1524 hac
515 1470 756 1524 faciliora
790 1478 846 1524 et
897 1471 953 1523 in
998 1470 1199 1539 quibus
1244 1482 1354 1522 non
1405 1482 1695 1537 possumus

133 1578 263 1617 cum
312 1569 514 1617 eterna
556 1562 801 1632 pernicie
851 1561 1017 1614 animi
1061 1575 1270 1623 errare,
1306 1568 1606 1620 scrutatur,
1650 1560 1695 1614 is

128 1654 529 1725 exert-itatiOne
581 1654 691 1721 jam
758 1654 958 1723 ingenii
1013 1653 1185 1721 gradu
1242 1653 1365 1707 hinc
1421 1652 1569 1708 facto
1630 1653 1707 1705 ad-

128 1745 329 1798 altiora
358 1746 604 1800 securior
645 1747 815 1814 possit
844 1746 1231 1800 conscendere.
1263 1800 1277 1807 ξ,

204 1833 322 1889 Hoc
360 1844 540 1889 autem
564 1844 621 1890 et
651 1836 754 1905 ipsi
790 1837 1020 1890 salutem
1055 1835 1345 1889 allaturum
1378 1842 1538 1889 estet
1562 1834 1698 1889 alios

1796 656 1851 722 id
1884 673 1952 712 ex
1998 673 2146 712 nunc
2190 666 2387 727 sponte
2421 658 2644 726 totoque
2671 659 2876 723 animo,
2911 673 3130 725 revoco,
3178 660 3361 731 ejieio,

1774 759 2113 817 ,respuo,ct
2165 750 2309 802 sicut
2342 763 2447 803 non
2505 748 2708 802 dictum
2758 747 2948 803 haberi
2995 751 3262 819 supplico.
3305 750 3362 805 id
3425 773 3431 778 ·

1793 840 1958 892 modo
1990 838 2082 892 hic
2130 838 2362 904 dictum,
2407 840 2561 908 quasi
2602 838 2808 893 dictum
2855 840 2911 893 in
2932 841 3197 907 omnibus
3239 855 3364 895 esse

1794 929 1958 991 velim
1993 945 2115 998 qua:
2142 939 2236 983 aut
2266 930 2453 984 Graece
2474 938 2568 983 aut
2596 928 2787 983 Latine
2812 929 2963 1000 attigi
2989 937 3048 983 ut
3074 930 3363 1000 attingam.

1793 1018 1852 1073 In
1866 1018 2051 1073 animo
2067 1020 2215 1073 enim
2230 1028 2314 1074 est
2327 1060 2340 1082 ,
2367 1018 2468 1077 nisi
2486 1019 2569 1073 vel
2595 1029 2849 1074 senectus
2875 1020 3253 1085 retardaverit,
3273 1020 3361 1075 vel

1792 1109 2074 1177 aegrotatio
2099 1109 2429 1178 impedierit,
2461 1107 2544 1163 vel
2572 1110 2816 1163 tenuium
2858 1109 3197 1165 fortunarum
3220 1124 3359 1165 con-

1795 1197 1932 1253 ditio
1965 1198 2326 1261 revocaverit,
2356 1199 2651 1253 nonnullos
2683 1199 2977 1266 Scriptum
3008 1199 3154 1254 locos
3196 1210 3361 1267 prout

1795 1287 1938 1343 Deus
1976 1289 2236 1359 aspirabit
2286 1299 2539 1359 tractare.
2593 1289 2696 1344 Sed
2747 1289 2884 1342 alios
2935 1290 3155 1357 quidem
3203 1289 3357 1353 alias,

1758 1392 1944 1432 .nunc
1972 1390 2151 1433 autem
2186 1378 2357 1449 ipsius
2396 1370 2623 1436 Joannis
2656 1379 2723 1433 de
2764 1393 2871 1447 quo
2911 1378 3110 1433 dicturi
3144 1394 3359 1444 sumus,

1798 1468 2195 1545 intercessione
2240 1470 2390 1532 freti,
2443 1470 2922 1538 qumstiunculam,
2963 1485 3078 1537 qua.-
3109 1485 3138 1523 a
3178 1470 3361 1525 verbis

1798 1559 2085 1629 Evangelii
2101 1561 2366 1629 originem
2402 1560 2616 1614 trahere
2642 1558 2877 1624 videtur,
2905 1560 3162 1624 dilucide,
3187 1575 3361 1630 quan-

1802 1658 1915 1703 tum
1953 1648 2099 1703 Deus
2126 1650 2436 1718 donaverit,
2469 1660 2700 1705 tractare
2740 1651 3079 1704 conabimur.

1869 1740 2078 1811 Sarpius
2123 1751 2245 1810 post
2298 1744 2757 1796 resurrectionem
2809 1741 3045 1797 diversis
3096 1742 3360 1796 Dominus

1798 1832 1975 1887 modis
2005 1834 2259 1903 apparuit
2296 1833 2604 1903 discipulis,
2648 1843 2705 1888 et
2753 1834 2952 1903 saepius
2982 1848 3105 1890 cum
3134 1832 3266 1904 ipsis
3302 1844 3361 1889 et

130 1925 199 1979 ad
239 1941 518 1980 sacrarum
544 1926 1063 1981 litterarum‘studia
1094 1928 1292 1995 poterit
1324 1940 1691 1980 commovere.
1728 1928 1772 1985 Β
1799 1923 2033 1979 comedit
2080 1932 2135 1979 et
2168 1924 2323 1989 bibit,
2351 1924 2491 1980 latus
2519 1940 2737 1995 quoque
2784 1934 2838 1979 et
2876 1940 3067 1981 manus
3090 1937 3144 1980 et
3168 1918 3355 1996 pedes,

134 2016 408 2076 Primum.
438 2017 692 2085 quoniam
742 2018 789 2073 si
836 2018 962 2087 quis
993 2017 1460 2075 divinas'litteras
1502 2016 1703 2071 crebro

124 2114 182 2159 et
214 2121 344 2160 eum
392 2105 503 2181 lide
525 2107 752 2171 lectitat,
784 2108 911 2163 huic
957 2109 1044 2162 via
1076 2108 1269 2163 salutis
1294 2108 1347 2161 in
1386 2107 1503 2161 dies
1533 2107 1703 2177 magis

139 2196 434 2267 magisque
488 2198 777 2268 aperitur;
832 2200 1089 2262 alterum,
1149 2198 1278 2267 quia
1344 2198 1474 2251 licet
1523 2197 1702 2250 omnia

127 2286 427 2341 doctorum
483 2288 740 2342 Ecclesia
793 2288 1097 2358 diligentia,
1154 2288 1258 2341 hoc
1310 2296 1418 2351 est,
1468 2278 1703 2354 Spiritus

126 2377 309 2432 sancti
349 2378 523 2447 gratia
555 2377 699 2432 unde
730 2378 912 2450 omnia
936 2378 1082 2431 dona
1118 2376 1400 2446 proﬂuunt
1440 2377 1572 2430 satis
1593 2392 1702 2443 pa-

127 2477 313 2530 teant,
342 2475 521 2520 tamen
556 2475 612 2519 et
640 2481 782 2519 nova
813 2480 1041 2534 quaeque
1072 2465 1348 2517 delectant
1370 2473 1429 2542 et
1456 2464 1700 2531 legentes

126 2558 197 2612 ad
229 2557 670 2626 frequentiorem
698 2556 815 2625 ipsa
838 2557 1081 2609 novitate
1113 2555 1358 2609 alliciunt
1385 2554 1696 2606 lectionem.

123 2645 339 2700 Crebra
370 2655 552 2697 autem
613 2643 806 2695 harum
839 2657 1025 2697 rerum
1067 2641 1231 2695 lectio
1267 2638 1571 2693 animorum
1618 2632 1728 2691 cst-

124 2737 295 2790 cibus
337 2747 444 2803 quo
486 2733 750 2787 adversus
783 2731 1094 2801 voluptates
1129 2730 1548 2803 cdrroboramur
1574 2742 1697 2782 car-

123 2826 246 2879 nis.
282 2822 434 2877 Adde
466 2820 613 2891 quod
660 2820 890 2890 abyssus
928 2835 1029 2874 nec
1058 2818 1288 2888 simplex
1330 2819 1427 2873 sed
1476 2817 1697 2887 duplex,

124 2919 321 2973 divina
346 2916 630 2985 Scriptura
656 2925 763 2979 est,
790 2912 834 2968 si
864 2912 969 2972 cui
999 2910 1174 2981 placet
1217 2909 1352 2964 illud
1402 2903 1699 2964 Psalmiis

124 3013 201 3068 ad
276 3020 433 3066 vetus
484 3012 875 3076 nonnunquam
948 3003 1198 3058 conferre
1263 2988 1694 3068 Testamentum,

124 3104 285 3176 quod
315 3102 628 3157 Creatorem
665 3096 1062 3167 magnitudine,
1110 3093 1463 3148 multitudine
1501 3091 1698 3147 altitu-

126 3198 380 3265 dineque
407 3207 587 3247 rerum
614 3188 1030 3247 admirationem
1056 3186 1392 3255 compulsus,
1416 3183 1693 3239 exclama-

1804 2030 1913 2069 non
1942 2015 2116 2071 oculis
2145 2017 2356 2084 solum,
2382 2033 2573 2072 verum
2616 2019 2782 2074 etiam
2819 2018 2986 2072 tactui
3040 2013 3278 2084 obtulit,
3299 2029 3360 2089 ut

1805 2105 2045 2177 undique
2100 2108 2353 2164 eumdem
2387 2109 2621 2178 seipsum
2660 2124 2780 2164 esse
2824 2110 3231 2175 demonstraret
3261 2108 3359 2178 qui

1801 2208 2138 2265 surrexerat,
2166 2200 2260 2270 qui
2289 2200 2585 2256 crucifixus
2615 2201 2815 2266 fuerat,
2855 2203 3055 2271 quique
3081 2212 3203 2256 ante
3233 2217 3358 2273 pas-

1800 2289 2006 2345 sionem
2036 2306 2159 2345 eum
2184 2292 2292 2346 illis
2318 2291 2765 2348 conversabatur.
2797 2282 3021 2347 Demum
3053 2294 3354 2349 secundum

1798 2381 2027 2437 Joannis
2061 2380 2409 2451 Evangelium
2439 2383 2691 2451 apparuit
2724 2381 2886 2436 Jesus
2920 2384 2973 2436 in
3021 2385 3205 2440 littore
3244 2386 3356 2453 illis

1800 2470 2160 2539 piscantibus,
2192 2471 2666 2540 interrogavitque
2685 2474 2729 2529 si
2766 2472 3065 2544 quidquam
3098 2476 3353 2543 pulmen-

1802 2559 1926 2611 tarii
1951 2561 2230 2615 traherent.
2259 2561 2467 2626 Quibus
2491 2563 2817 2632 negantibus
2836 2564 3017 2634 jussit
3035 2565 3088 2618 in
3110 2552 3355 2625 dextram

1800 2648 2000 2717 navigii
2038 2660 2247 2719 partem
2290 2661 2404 2708 rete
2448 2658 2781 2720 immittere;
2813 2670 2921 2725 quo
2961 2658 3103 2712 facto
3134 2670 3353 2715 centum

1798 2750 1852 2794 et
1885 2742 2282 2813 quinquaginta
2326 2753 2437 2798 tres
2478 2760 2703 2815 magnos
2757 2747 2967 2817 piscati
2995 2749 3170 2818 pisces
3200 2761 3355 2805 sunt.

1799 2831 1953 2897 Quod
1970 2832 2190 2902 quidem
2216 2834 2283 2888 ad
2309 2834 2543 2889 futuram
2568 2842 2883 2890 sanctorum
2909 2840 3145 2908 quietem
3173 2855 3355 2895 sacra—

1799 2921 2109 2975 tnentaliter
2161 2923 2489 2990 pertinere,
2532 2924 2883 2994 perspicuum
2940 2938 3045 2981 est.
3101 2928 3234 2983 Nam
3299 2940 3358 2984 et

1800 3010 2115 3081 magnitudo
2149 3022 2205 3067 ct
2245 3013 2538 3069 multitudo
2581 3027 2636 3070 et
2669 3031 2934 3073 numerus
2974 3021 3197 3087 piscium
3236 3037 3357 3076 cer-

1802 3111 1889 3156 tus
1922 3111 1977 3156 et
2009 3103 2202 3158 traelio
2236 3117 2425 3177 eorum
2455 3120 2552 3175 per
2586 3105 2784 3163 ﬂuctus
2814 3110 2997 3176 maris,
3042 3096 3256 3167 tandem
3286 3114 3359 3168 ad

1803 3192 2007 3255 littora,
2037 3195 2229 3261 tutior,
2276 3204 2333 3251 et
2375 3195 2737 3252 ducentorum
2780 3214 2811 3253 a
2841 3200 3021 3255 littore
3047 3203 3353 3259 cubitorum

126 3292 253 3345 vit:
286 3252 567 3358 iAbyssus
581 3284 840 3354 abyssum
864 3280 1082 3335 invocat
1099 3278 1167 3333 ad
1195 3291 1382 3333 vocem
1407 3283 1702 3330 eataracta—
1729 3252 1772 3310 C
1805 3284 2061 3338 distantia
2092 3294 2147 3339 et
2189 3284 2246 3346 in
2278 3284 2530 3341 dextrum
2562 3290 2696 3342 retis
2721 3289 2981 3345 demissio
3014 3302 3071 3348 et
3101 3304 3359 3362 septena-
3444 3280 3445 3283 ¹

126 3399 261 3437 runt
284 3389 521 3455 tuarum.
548 3394 566 3429 ι
590 3375 803 3431 Veteris
817 3373 964 3427 enim
989 3368 1320 3425 Testamenti
1348 3383 1446 3461 per
1469 3366 1701 3437 gratiam

128 3472 449 3531 Salvatoris
505 3469 703 3538 abysso
741 3464 1031 3534 patefacta,
1079 3470 1137 3515 et
1177 3460 1298 3523 velo
1346 3457 1532 3526 templi
1570 3457 1702 3527 (quo

122 3564 572 3640 prohibebamur
602 3557 865 3614 interiora
895 3552 1231 3623 prospicere)
1271 3541 1549 3640 per—suam
1579 3561 1703 3640 pas:

125 3636 359 3717 modem
387 3654 579 3714 scisso,
618 3647 869 3700 invocata
896 3641 1095 3703 effudit
1121 3652 1182 3693 se
1206 3637 1342 3691 novi
1365 3636 1697 3691 Testamenti

124 3753 395 3822 abyssiis,
424 3752 482 3797 et
522 3736 995 3822 excitavitvoeem
1045 3735 1439 3822 cataractarum
1482 3723 1601 3810 Dei,
1644 3716 1699 3777 id

125 3814 226 3891 est
246 3826 731 3899 evangelistarum,
765 3816 1139 3889 apostolorum
1169 3814 1562 3882 doctorumque
1584 3827 1703 3866 om-

118 3928 295 3981 nium
328 3914 605 3975 Eeclesiai.
642 3911 700 3966 Si
725 3923 857 3979 ergo
881 3903 1178 3980 Scriptores
1205 3904 1441 3958 altitudo
1469 3903 1699 3974 abyssus

116 4027 211 4072 est
247 4023 472 4081 magna,
517 4016 794 4081 nunquam
828 3998 1063 4053 deerunt
1094 4010 1221 4049 cum
1265 3994 1385 4049 zelo
1414 3993 1574 4049 nobis
1605 4008 1699 4048 ve-

509 4078 535 4095 ο

117 4114 357 4167 ritatem
415 4089 743 4158 rimantibus
795 4111 914 4168 qua:
961 4109 1086 4149 cum
1132 4094 1368 4148 utilitate
1418 4089 1697 4147 communi

127 4197 582 4258 eonseribamus.
627 4174 794 4260 Cujus
834 4188 917 4242 rei
951 4199 1236 4241 excessum
1274 4199 1338 4238 ac
1372 4182 1701 4252 magnitudi-

120 4308 264 4348 nem
315 4284 666 4355 Evangelium
703 4278 1037 4350 signiﬁcasse
1067 4276 1314 4337 videtur,
1348 4274 1443 4328 ubi
1477 4273 1700 4353 dicitur,

118 4385 247 4440 Nee
281 4378 549 4434 mundum
582 4372 804 4443 quidem
840 4371 1038 4442 ipsum,
1071 4368 1115 4422 si
1140 4367 1360 4438 singula
1385 4380 1507 4435 qua:
1537 4365 1702 4420 Jesus

117 4476 265 4529 fecit
292 4467 805 4533 conscriberentur,
830 4461 1004 4516 videri
1034 4470 1347 4529 capturum.
1378 4457 1459 4511 Ad
1494 4456 1700 4511 sancti-

1804 3370 1920 3429 rius
1942 3375 2341 3445 discipulorum
2367 3390 2650 3445 numerus,
2674 3378 2789 3433 haec
2814 3381 2996 3435 omnia
3025 3397 3133 3439 non
3154 3386 3359 3454 absque

1802 3481 1999 3535 magno
2030 3467 2288 3537 mysterio
2337 3467 2629 3539 diligenter
2676 3482 2968 3525 narrantur
3012 3484 3069 3528 et
3121 3475 3357 3530 futuram

1804 3556 2195 3632 triumphantis
2243 3557 2499 3613 Ecclesia:
2528 3573 2653 3614 cum
2694 3560 2925 3615 Domino
2971 3564 3136 3618 vitam
3168 3580 3356 3633 aperte

1802 3644 2111 3713 significare
2141 3642 2415 3701 videntur.
2447 3648 2580 3703 Erat
2614 3647 2671 3702 id
2715 3658 2863 3704 certe
2897 3666 3055 3705 suum
3083 3654 3233 3708 illius
3257 3658 3351 3725 qui

1800 3734 1923 3804 plus
1972 3734 2093 3789 aliis
2122 3735 2488 3810 amabaturga
2529 3735 2752 3793 Christo
2788 3738 2883 3807 qui
2916 3740 2969 3792 in
3009 3740 3354 3799 Dominicum

1800 3833 1992 3895 pectus
2035 3826 2283 3879 incubuit
2322 3836 2379 3880 et
2422 3826 2551 3882 inde
2582 3828 2761 3881 hausit
2811 3829 3233 3897 profundissima
3264 3850 3385 3905 sa-.

1800 3920 2093 3970 crementa
2118 3916 2207 3970 cui
2239 3916 2460 3971 Matrem
2494 3918 2643 3973 orbis
2674 3918 2947 3973 dominam
2994 3921 3113 3991 ipse
3148 3922 3358 3980 ‘Domi-

1801 4024 1908 4064 nus
1944 4009 2185 4063 moriens
2212 4006 2637 4076 commendavit,
2660 3994 2730 4062 ut
2760 4011 3215 4078 quemadmodum
3248 4017 3359 4069 ini-

1804 4099 1937 4154 tium
1970 4098 2357 4174 Evangeliigsui
2388 4101 2442 4154 in
2476 4109 2679 4155 aeterna
2708 4101 3058 4169 generatione
3104 4104 3227 4159 Filii
3260 4107 3369 4162 Dei

1802 4191 2049 4246 fundavit
2078 4192 2251 4245 instar
2276 4191 2503 4277 tonitrui
2546 4192 2785 4245 clamans
2816 4208 2831 4246 :
2866 4191 2931 4245 In
2960 4195 3214 4267 principio
3244 4213 3363 4251 erat

1813 4279 2058 4347 Verbum,
2084 4289 2133 4336 et
2168 4280 2392 4335 Verbum
2435 4288 2550 4335 erat
2579 4282 2718 4351 apud
2767 4281 2953 4349 Deum,
2985 4295 3034 4337 et
3074 4287 3208 4339 Deus
3235 4298 3357 4340 erat

1806 4373 2027 4428 Verbum
2058 4388 2076 4425 :
2097 4373 2177 4429 sic
2214 4373 2455 4428 culmina
2491 4388 2587 4442 per
2616 4374 2857 4427 futuram
2892 4359 3201 4433 sanctorum
3233 4382 3358 4435 vitae

1806 4462 2089 4532 mysticam
2130 4462 2434 4524 orationem
2462 4464 2790 4530 imponeret,
2821 4464 2888 4517 ad
2916 4480 3079 4533 quam
3106 4476 3165 4520 ut
3188 4464 3360 4521 tutius

115 4552 301 4621 tatem
334 4569 539 4621 autem
580 4565 727 4609 tuam
763 4562 832 4607 et.
865 4568 985 4620 qua:
1032 4565 1179 4605 nunc
1220 4551 1273 4603 in
1306 4551 1407 4604 hac
1458 4546 1701 4617 perfacili
1737 4566 1776 4619 ι)
1806 4552 1942 4605 mari
1974 4553 2161 4622 jactati
2218 4560 2297 4625 et_
2329 4554 2512 4615 undis,
2570 4554 2742 4606 sancti
2783 4556 3067 4621 pervenire
3114 4567 3356 4624 possent.

113 4653 467 4727 quaestione,
509 4646 712 4701 auxilio
750 4645 871 4714 ejus
903 4644 1061 4714 cujus
1095 4651 1149 4695 tu
1188 4643 1241 4693 in
1275 4640 1435 4725 terris
1464 4636 1697 4692 vicarius

116 4726 209 4814 es,
234 4754 302 4801 et
326 4748 518 4813 postea
544 4751 664 4805 quae
706 4732 1054 4809 dictabimus,
1092 4729 1284 4784 merito
1308 4726 1571 4783 mittenda
1601 4740 1701 4794 pu-

107 4842 380 4898 tavimus
413 4851 428 4887 :
468 4847 537 4886 ne
567 4830 697 4883 dum
737 4826 987 4881 volumus
1030 4834 1084 4877 et
1125 4822 1284 4877 nobis
1308 4828 1364 4873 et
1414 4820 1534 4894 aliis
1569 4826 1699 4886 pro-

110 4937 320 4995 desse,
377 4926 436 4978 in
484 4924 738 4989 laqueum
766 4916 1100 4971 dilabamur.
1140 4912 1198 4964 ld
1240 4910 1388 4964 enim
1428 4915 1485 4962 et
1516 4906 1701 4967 fuitet

110 5034 203 5081 est
257 5030 337 5075 et"
370 5014 556 5069 divina
596 5014 865 5079 praesente
920 5003 1089 5074 gratia
1130 5000 1243 5054 erit
1292 5012 1509 5067 semper
1563 4997 1699 5051 mihi

117 5116 375 5171 insitum
421 5112 479 5158 et
519 5098 876 5171 propositum,
918 5100 1152 5147 mortem
1200 5098 1388 5157 optare
1431 5088 1612 5167 potius
1644 5097 1704 5143 et

106 5207 355 5262 exitum
397 5193 561 5262 hujus
606 5188 753 5253 vita,
795 5195 959 5254 quam
994 5178 1225 5249 aliquid,
1258 5194 1370 5232 non
1411 5179 1537 5233 dico
1566 5176 1703 5233 scri-

118 5300 265 5355 bere
280 5294 395 5344 aut
418 5286 626 5345 dicere,
656 5278 750 5335 sed
777 5292 847 5329 ne
873 5274 1112 5342 cogitare
1140 5269 1384 5339 quidem,
1405 5269 1549 5338 quod
1572 5284 1703 5338 apo-

112 5385 345 5444 stolicaa
375 5373 644 5432 doctrinae
672 5384 736 5425 ac
764 5365 1021 5423 Ecclesiae
1044 5361 1161 5427 Dei,
1179 5360 1341 5429 cujus
1363 5368 1421 5413 tu
1446 5361 1702 5431 princeps

113 5494 201 5541 es,
240 5476 573 5540 repugnare
618 5461 891 5516 videatur.
928 5453 1108 5519 Quare
1143 5452 1189 5504 si
1215 5453 1357 5505 forte
1382 5467 1572 5519 parum
1606 5453 1703 5505 ad-

112 5557 438 5627 veniendo,
488 5550 691 5621 aliquid
736 5544 1070 5617 huiusmodi,
1104 5549 1198 5595 aut
1239 5542 1401 5594 etiam
1434 5556 1502 5625 ex
1544 5543 1702 5619 igno.

110 5622 331 5716 rantis,
396 5642 740 5713 scripserim,
778 5638 1031 5699 dixerim,
1064 5632 1440 5703 cogitaverim,
1484 5622 1597 5686 aut
1646 5632 1702 5685 in
1745 5678 1765 5694 ,

107 5752 385 5804 futurum
408 5736 721 5805 scripsero,
755 5733 966 5796 dixero,
999 5729 1331 5798 cogitavere,
1362 5725 1521 5793 quod
1543 5738 1705 5779 aures

107 5829 451 5897 sanctitatis
480 5838 589 5882 tuae
617 5840 739 5896 qua:
770 5825 927 5894 regni,
952 5820 1213 5877 cmlorum
1234 5817 1414 5873 claves
1447 5817 1533 5872 bis
1560 5827 1700 5872 tem-

1799 4640 1993 4694 Petrus
2042 4649 2224 4695 autem
2269 4642 2487 4709 quando
2531 4642 2632 4712 ipsi
2678 4643 2857 4697 claves
2892 4645 3061 4717 regni
3095 4647 3356 4700 scelerum

1800 4729 2196 4787 commendata
2243 4729 2532 4795 fuerunt,»
2566 4730 2824 4785 Ecclesia:
2876 4718 3043 4798 totius
3106 4733 3360 4801 princeps

1798 4821 2151 4885 constitutus,
2197 4822 2438 4891 apertius
2478 4830 2607 4875 tunc
2654 4821 2739 4875 vel
2772 4823 3076 4875 restituitur
3105 4824 3186 4876 vel
3229 4838 3360 4875 con-

1800 4910 2067 4965 ﬁrmatur.
2102 4911 2241 4968 Nam
2291 4920 2367 4967 ne‘
2394 4910 2533 4966 forte
2574 4910 2793 4979 aliquis,
2850 4912 3103 4979 quoniam
3139 4921 3220 4965 ter
3253 4912 3358 4965 Do-

1802 5002 2009 5062 minum
2038 5010 2347 5071 negaverat,
2395 4999 2644 5055 amisisse
2683 5000 2860 5069 ipsum
2903 4996 3155 5054 Ecclesia
3204 5002 3359 5069 prin-

1803 5094 2038 5161 cipatum
2094 5079 2333 5159 putaret,
2396 5097 2479 5143 ter
2518 5092 2894 5158 interrogatur
2948 5102 3019 5144 an
3066 5091 3354 5145 Dominum

1804 5192 2046 5242 amaret,
2075 5180 2169 5249 qui
2200 5178 2372 5233 multo
2400 5178 2719 5248 prudentior
2741 5180 2853 5248 jam
2879 5186 3043 5251 atque
3072 5182 3359 5235 sublimior

1803 5270 1974 5341 gratia
2020 5268 2335 5333 Salvetdris,
2370 5282 2480 5321 non
2519 5266 2744 5322 elfertur
2791 5272 3234 5339 praesumptione,
3286 5286 3356 5324 ne

1806 5376 2026 5416 rursum
2073 5359 2363 5430 negatione
2406 5356 2868 5430 prosterneretur,
2898 5375 2966 5413 ne
3012 5361 3269 5429 lacrymis
3302 5371 3361 5413 et

1803 5448 1989 5531 amaro
2012 5452 2140 5506 ﬂetu
2173 5452 2373 5505 iterum
2402 5450 2506 5506 sibi
2527 5449 2601 5505 ad
2632 5450 3045 5531 propellendum
3081 5450 3357 5519 piaculum

1803 5526 1942 5614 opus
1973 5552 2138 5608 esset,
2174 5542 2269 5597 sed
2302 5541 2399 5615 .pia
2435 5544 2781 5597 confessione
2828 5526 3011 5595 amare
3049 5541 3270 5611 quidem
3294 5558 3358 5596 se

1805 5638 1967 5689 tertio
1994 5633 2408 5703 respondit,-sed
2442 5619 2575 5701 quid
2608 5641 2835 5695 amaret,
2870 5633 3049 5701 ipsum
3084 5633 3357 5693 seire-ait,

1804 5726 1891 5780 cui
1919 5723 2051 5777 nihil
2092 5733 2270 5801 p‘Otest
2296 5739 2415 5779 esse
2440 5726 2744 5778 occultum.
2776 5721 2868 5779 Sic
2910 5722 3174 5777 Dominus
3205 5733 3359 5777 terna

1806 5816 2253 5887 interrogatione,
2287 5816 2547 5898 tyrnaq’ue
2573 5814 2719 5870 Petri
2748 5808 3089 5869 confessione
3117 5814 3358 5877 amandi,
