  <div class='ocr_page' id='page_1' title='image "/cluster/home/n/w/nwhite01/storage/ocr_20150623/161/pst.000005714834/541.png"; bbox 0 0 4116 6336; ppageno 0'>
   <div class='ocr_carea' id='block_1_1' title="bbox 727 320 825 386">
    <p class='ocr_par' dir='ltr' id='par_1_1' title="bbox 727 320 825 386">
     <span class='ocr_line' id='line_1_1' title="bbox 727 320 825 386; baseline -0.02 0"><span class='ocrx_word' id='word_1_1' title='bbox 727 320 825 386; x_wconf 76' lang='grc'><strong>871</strong></span> 
     </span>
    </p>
   </div>
   <div class='ocr_carea' id='block_1_2' title="bbox 1916 290 3505 401">
    <p class='ocr_par' dir='ltr' id='par_1_2' title="bbox 1916 290 3505 401">
     <span class='ocr_line' id='line_1_2' title="bbox 1916 290 3505 401; baseline -0.006 -18"><span class='ocrx_word' id='word_1_2' title='bbox 1916 322 2233 383; x_wconf 80' lang='lat' dir='ltr'><strong>GEORGII</strong></span> <span class='ocrx_word' id='word_1_3' title='bbox 2274 290 2783 401; x_wconf 61' lang='lat' dir='ltr'><strong>Tnirszuum</strong></span> <span class='ocrx_word' id='word_1_4' title='bbox 3202 360 3229 371; x_wconf 53' lang='grc' dir='ltr'><em>ρ</em></span> <span class='ocrx_word' id='word_1_5' title='bbox 3385 343 3393 347; x_wconf 78' lang='lat'><strong><em>~</em></strong></span> <span class='ocrx_word' id='word_1_6' title='bbox 3458 346 3505 373; x_wconf 61' lang='grc' dir='ltr'><em>κ</em></span> 
     </span>
    </p>
   </div>
   <div class='ocr_carea' id='block_1_3' title="bbox 3849 326 3942 389">
    <p class='ocr_par' dir='ltr' id='par_1_3' title="bbox 3849 326 3942 389">
     <span class='ocr_line' id='line_1_3' title="bbox 3849 326 3942 389; baseline 0.011 -1"><span class='ocrx_word' id='word_1_7' title='bbox 3849 326 3942 389; x_wconf 78' lang='lat'><strong>872</strong></span> 
     </span>
    </p>
   </div>
   <div class='ocr_carea' id='block_1_4' title="bbox 733 421 3942 509">
    <p class='ocr_par' dir='ltr' id='par_1_4' title="bbox 733 421 3942 509">
     <span class='ocr_line' id='line_1_4' title="bbox 733 421 3942 509; baseline 0 -20"><span class='ocrx_word' id='word_1_8' title='bbox 733 446 887 491; x_wconf 89' lang='lat' dir='ltr'><strong>terne</strong></span> <span class='ocrx_word' id='word_1_9' title='bbox 916 436 1128 489; x_wconf 82' lang='lat' dir='ltr'><strong>curavit</strong></span> <span class='ocrx_word' id='word_1_10' title='bbox 1184 436 1492 505; x_wconf 71' lang='lat' dir='ltr'><strong>negationis</strong></span> <span class='ocrx_word' id='word_1_11' title='bbox 1518 436 1714 493; x_wconf 78' lang='lat' dir='ltr'><strong>vulnus</strong></span> <span class='ocrx_word' id='word_1_12' title='bbox 1759 436 1927 508; x_wconf 90' lang='lat' dir='ltr'><strong>quod,</strong></span> <span class='ocrx_word' id='word_1_13' title='bbox 1952 488 1959 493; x_wconf 75' lang='grc'><strong>,</strong></span> <span class='ocrx_word' id='word_1_14' title='bbox 1984 436 2111 491; x_wconf 75' lang='lat' dir='ltr'><strong>ﬁetu</strong></span> <span class='ocrx_word' id='word_1_15' title='bbox 2148 436 2293 490; x_wconf 83' lang='lat' dir='ltr'><strong>Petri</strong></span> <span class='ocrx_word' id='word_1_16' title='bbox 2323 442 2373 499; x_wconf 73' lang='grc' dir='ltr'>Α</span> <span class='ocrx_word' id='word_1_17' title='bbox 2401 429 2683 491; x_wconf 82' lang='lat' dir='ltr'><strong>ﬁrmando.</strong></span> <span class='ocrx_word' id='word_1_18' title='bbox 2714 421 2970 506; x_wconf 80' lang='lat' dir='ltr'><strong>expresse</strong></span> <span class='ocrx_word' id='word_1_19' title='bbox 3021 437 3279 491; x_wconf 74' lang='lat' dir='ltr'><strong>dixerunt</strong></span> <span class='ocrx_word' id='word_1_20' title='bbox 3332 446 3392 491; x_wconf 89' lang='lat' dir='ltr'><strong>ut</strong></span> <span class='ocrx_word' id='word_1_21' title='bbox 3435 453 3596 493; x_wconf 90' lang='lat' dir='ltr'><strong>nemo</strong></span> <span class='ocrx_word' id='word_1_22' title='bbox 3650 438 3942 509; x_wconf 73' lang='lat' dir='ltr'><strong>ambigeret</strong></span> 
     </span>
    </p>
   </div>
   <div class='ocr_carea' id='block_1_5' title="bbox 737 523 2285 596">
    <p class='ocr_par' dir='ltr' id='par_1_5' title="bbox 737 523 2285 596">
     <span class='ocr_line' id='line_1_5' title="bbox 737 523 2285 596; baseline -0.001 -15"><span class='ocrx_word' id='word_1_23' title='bbox 737 532 985 581; x_wconf 81' lang='lat' dir='ltr'><strong>sanatum</strong></span> <span class='ocrx_word' id='word_1_24' title='bbox 1019 523 1083 577; x_wconf 80' lang='lat' dir='ltr'><strong>ad</strong></span> <span class='ocrx_word' id='word_1_25' title='bbox 1114 524 1424 579; x_wconf 88' lang='lat' dir='ltr'><strong>cicatricem</strong></span> <span class='ocrx_word' id='word_1_26' title='bbox 1466 542 1647 595; x_wconf 78' lang='lat' dir='ltr'><strong>usque</strong></span> <span class='ocrx_word' id='word_1_27' title='bbox 1685 526 2030 596; x_wconf 81' lang='lat' dir='ltr'><strong>productum,</strong></span> <span class='ocrx_word' id='word_1_28' title='bbox 2060 524 2285 579; x_wconf 89' lang='lat' dir='ltr'><strong>creden-</strong></span> 
     </span>
    </p>
   </div>
   <div class='ocr_carea' id='block_1_6' title="bbox 735 614 2288 687">
    <p class='ocr_par' dir='ltr' id='par_1_6' title="bbox 735 614 2288 687">
     <span class='ocr_line' id='line_1_6' title="bbox 735 614 2288 687; baseline -0.002 -17"><span class='ocrx_word' id='word_1_29' title='bbox 735 618 861 670; x_wconf 90' lang='lat' dir='ltr'><strong>dum</strong></span> <span class='ocrx_word' id='word_1_30' title='bbox 907 623 1010 669; x_wconf 83' lang='lat' dir='ltr'><strong>est.</strong></span> <span class='ocrx_word' id='word_1_31' title='bbox 1061 614 1215 671; x_wconf 85' lang='lat' dir='ltr'><strong>Tunc</strong></span> <span class='ocrx_word' id='word_1_32' title='bbox 1260 616 1907 687; x_wconf 77' lang='lat' dir='ltr'><strong>eniminterrogationis</strong></span> <span class='ocrx_word' id='word_1_33' title='bbox 1947 616 2096 670; x_wconf 87' lang='lat' dir='ltr'><strong>illius</strong></span> <span class='ocrx_word' id='word_1_34' title='bbox 2128 618 2178 668; x_wconf 93' lang='lat' dir='ltr'><strong>vi</strong></span> <span class='ocrx_word' id='word_1_35' title='bbox 2229 625 2288 669; x_wconf 90' lang='lat' dir='ltr'><strong>et</strong></span> 
     </span>
    </p>
   </div>
   <div class='ocr_carea' id='block_1_7' title="bbox 734 692 2289 774">
    <p class='ocr_par' dir='ltr' id='par_1_7' title="bbox 734 692 2289 774">
     <span class='ocr_line' id='line_1_7' title="bbox 734 692 2289 774; baseline -0.001 -14"><span class='ocrx_word' id='word_1_36' title='bbox 734 704 1089 761; x_wconf 73' lang='lat' dir='ltr'><strong>confessionis</strong></span> <span class='ocrx_word' id='word_1_37' title='bbox 1110 692 1316 760; x_wconf 79' lang='lat' dir='ltr'><strong>virtute</strong></span> <span class='ocrx_word' id='word_1_38' title='bbox 1353 707 1688 770; x_wconf 64' lang='lat' dir='ltr'><strong>humillima,</strong></span> <span class='ocrx_word' id='word_1_39' title='bbox 1727 707 2035 761; x_wconf 76' lang='lat' dir='ltr'><strong>cicatricem</strong></span> <span class='ocrx_word' id='word_1_40' title='bbox 2069 719 2289 774; x_wconf 89' lang='lat' dir='ltr'><strong>quoque</strong></span> 
     </span>
    </p>
   </div>
   <div class='ocr_carea' id='block_1_8' title="bbox 738 794 2290 866">
    <p class='ocr_par' dir='ltr' id='par_1_8' title="bbox 738 794 2290 866">
     <span class='ocr_line' id='line_1_8' title="bbox 738 794 2290 866; baseline 0.001 -18"><span class='ocrx_word' id='word_1_41' title='bbox 738 797 904 866; x_wconf 81' lang='lat' dir='ltr'><strong>ipsam</strong></span> <span class='ocrx_word' id='word_1_42' title='bbox 951 794 1209 849; x_wconf 73' lang='lat' dir='ltr'><strong>abolitam</strong></span> <span class='ocrx_word' id='word_1_43' title='bbox 1260 810 1421 849; x_wconf 86' lang='lat' dir='ltr'><strong>nemo</strong></span> <span class='ocrx_word' id='word_1_44' title='bbox 1466 796 1758 861; x_wconf 80' lang='lat' dir='ltr'><strong>dubitarit,</strong></span> <span class='ocrx_word' id='word_1_45' title='bbox 1792 810 1857 850; x_wconf 84' lang='lat' dir='ltr'><strong>ac</strong></span> <span class='ocrx_word' id='word_1_46' title='bbox 1910 795 2032 849; x_wconf 89' lang='lat' dir='ltr'><strong>ideo</strong></span> <span class='ocrx_word' id='word_1_47' title='bbox 2072 806 2155 849; x_wconf 89' lang='lat' dir='ltr'><strong>ter</strong></span> <span class='ocrx_word' id='word_1_48' title='bbox 2186 797 2290 850; x_wconf 90' lang='lat' dir='ltr'><strong>sibi</strong></span> 
     </span>
    </p>
   </div>
   <div class='ocr_carea' id='block_1_9' title="bbox 740 882 2290 955">
    <p class='ocr_par' dir='ltr' id='par_1_9' title="bbox 740 882 2290 955">
     <span class='ocr_line' id='line_1_9' title="bbox 740 882 2290 955; baseline 0.001 -18"><span class='ocrx_word' id='word_1_49' title='bbox 740 894 798 937; x_wconf 90' lang='lat' dir='ltr'><strong>ut</strong></span> <span class='ocrx_word' id='word_1_50' title='bbox 824 900 956 939; x_wconf 88' lang='lat' dir='ltr'><strong>sano</strong></span> <span class='ocrx_word' id='word_1_51' title='bbox 989 885 1096 954; x_wconf 88' lang='lat' dir='ltr'><strong>iam</strong></span> <span class='ocrx_word' id='word_1_52' title='bbox 1127 892 1183 937; x_wconf 89' lang='lat' dir='ltr'><strong>et</strong></span> <span class='ocrx_word' id='word_1_53' title='bbox 1219 883 1501 940; x_wconf 83' lang='lat' dir='ltr'><strong>humiliter</strong></span> <span class='ocrx_word' id='word_1_54' title='bbox 1531 888 1717 955; x_wconf 87' lang='lat' dir='ltr'><strong>aperte</strong></span> <span class='ocrx_word' id='word_1_55' title='bbox 1742 886 2159 940; x_wconf 77' lang='lat' dir='ltr'><strong>commendatur</strong></span> <span class='ocrx_word' id='word_1_56' title='bbox 2191 882 2290 938; x_wconf 76' lang='lat' dir='ltr'><strong>Ec-</strong></span> 
     </span>
    </p>
   </div>
   <div class='ocr_carea' id='block_1_10' title="bbox 734 960 2291 1047">
    <p class='ocr_par' dir='ltr' id='par_1_10' title="bbox 734 960 2291 1047">
     <span class='ocr_line' id='line_1_10' title="bbox 734 960 2291 1047; baseline -0.004 -15"><span class='ocrx_word' id='word_1_57' title='bbox 734 960 921 1041; x_wconf 69' lang='lat' dir='ltr'><strong>clesia,</strong></span> <span class='ocrx_word' id='word_1_58' title='bbox 962 988 1018 1031; x_wconf 89' lang='lat' dir='ltr'><strong>ut</strong></span> <span class='ocrx_word' id='word_1_59' title='bbox 1047 985 1229 1045; x_wconf 84' lang='lat' dir='ltr'><strong>pascat</strong></span> <span class='ocrx_word' id='word_1_60' title='bbox 1260 992 1391 1029; x_wconf 83' lang='lat' dir='ltr'><strong>oves</strong></span> <span class='ocrx_word' id='word_1_61' title='bbox 1429 991 1706 1047; x_wconf 76' lang='lat' dir='ltr'><strong>agnosque</strong></span> <span class='ocrx_word' id='word_1_62' title='bbox 1734 976 1972 1040; x_wconf 86' lang='lat' dir='ltr'><strong>Domini,</strong></span> <span class='ocrx_word' id='word_1_63' title='bbox 1998 990 2116 1045; x_wconf 69' lang='lat' dir='ltr'><strong>quae</strong></span> <span class='ocrx_word' id='word_1_64' title='bbox 2144 989 2291 1029; x_wconf 85' lang='lat' dir='ltr'><strong>com-</strong></span> 
     </span>
    </p>
   </div>
   <div class='ocr_carea' id='block_1_11' title="bbox 740 1066 2290 1131">
    <p class='ocr_par' dir='ltr' id='par_1_11' title="bbox 740 1066 2290 1131">
     <span class='ocr_line' id='line_1_11' title="bbox 740 1066 2290 1131; baseline 0 -12"><span class='ocrx_word' id='word_1_65' title='bbox 740 1086 768 1119; x_wconf 93' lang='grc' dir='ltr'><strong>ιι</strong></span> <span class='ocrx_word' id='word_1_66' title='bbox 792 1068 1010 1121; x_wconf 88' lang='lat' dir='ltr'><strong>endatio</strong></span> <span class='ocrx_word' id='word_1_67' title='bbox 1042 1067 1330 1121; x_wconf 83' lang='lat' dir='ltr'><strong>tnilitantis</strong></span> <span class='ocrx_word' id='word_1_68' title='bbox 1350 1066 1796 1131; x_wconf 63' lang='lat' dir='ltr'><strong>Ecclesirei’etro</strong></span> <span class='ocrx_word' id='word_1_69' title='bbox 1822 1073 1954 1120; x_wconf 89' lang='lat' dir='ltr'><strong>tunc</strong></span> <span class='ocrx_word' id='word_1_70' title='bbox 1980 1066 2141 1129; x_wconf 77' lang='lat' dir='ltr'><strong>facta,</strong></span> <span class='ocrx_word' id='word_1_71' title='bbox 2166 1079 2290 1119; x_wconf 89' lang='lat' dir='ltr'><strong>suc-</strong></span> 
     </span>
    </p>
   </div>
   <div class='ocr_carea' id='block_1_12' title="bbox 736 1153 2335 1225">
    <p class='ocr_par' dir='ltr' id='par_1_12' title="bbox 736 1153 2335 1225">
     <span class='ocr_line' id='line_1_12' title="bbox 736 1153 2335 1225; baseline -0.001 -14"><span class='ocrx_word' id='word_1_72' title='bbox 736 1158 1050 1212; x_wconf 86' lang='lat' dir='ltr'><strong>cessoribus</strong></span> <span class='ocrx_word' id='word_1_73' title='bbox 1081 1153 1253 1211; x_wconf 87' lang='lat' dir='ltr'><strong>etiam</strong></span> <span class='ocrx_word' id='word_1_74' title='bbox 1303 1158 1422 1210; x_wconf 83' lang='lat' dir='ltr'><strong>suis</strong></span> <span class='ocrx_word' id='word_1_75' title='bbox 1470 1155 1612 1211; x_wconf 74' lang='lat' dir='ltr'><strong>facta</strong></span> <span class='ocrx_word' id='word_1_76' title='bbox 1658 1157 2026 1225; x_wconf 72' lang='lat' dir='ltr'><strong>cognoscitur.</strong></span> <span class='ocrx_word' id='word_1_77' title='bbox 2061 1155 2289 1223; x_wconf 91' lang='lat' dir='ltr'><strong>Oportet</strong></span> <span class='ocrx_word' id='word_1_78' title='bbox 2332 1208 2335 1209; x_wconf 30' lang='grc' dir='ltr'><em>ν</em></span> 
     </span>
    </p>
   </div>
   <div class='ocr_carea' id='block_1_13' title="bbox 736 1244 2285 1323">
    <p class='ocr_par' dir='ltr' id='par_1_13' title="bbox 736 1244 2285 1323">
     <span class='ocr_line' id='line_1_13' title="bbox 736 1244 2285 1323; baseline -0.003 -22"><span class='ocrx_word' id='word_1_79' title='bbox 736 1249 903 1323; x_wconf 75' lang='lat' dir='ltr'><strong>enim,</strong></span> <span class='ocrx_word' id='word_1_80' title='bbox 934 1248 1073 1302; x_wconf 84' lang='lat' dir='ltr'><strong>sicut</strong></span> <span class='ocrx_word' id='word_1_81' title='bbox 1107 1261 1234 1321; x_wconf 87' lang='lat' dir='ltr'><strong>oves</strong></span> <span class='ocrx_word' id='word_1_82' title='bbox 1260 1247 1491 1315; x_wconf 75' lang='lat' dir='ltr'><strong>agnique</strong></span> <span class='ocrx_word' id='word_1_83' title='bbox 1522 1255 1754 1310; x_wconf 88' lang='lat' dir='ltr'><strong>veteres,</strong></span> <span class='ocrx_word' id='word_1_84' title='bbox 1794 1245 2045 1309; x_wconf 69' lang='lat' dir='ltr'><strong>videlicet</strong></span> <span class='ocrx_word' id='word_1_85' title='bbox 2077 1244 2285 1309; x_wconf 82' lang='lat' dir='ltr'><strong>in&#39;fide,</strong></span> 
     </span>
    </p>
   </div>
   <div class='ocr_carea' id='block_1_14' title="bbox 735 1334 2287 1406">
    <p class='ocr_par' dir='ltr' id='par_1_14' title="bbox 735 1334 2287 1406">
     <span class='ocr_line' id='line_1_14' title="bbox 735 1334 2287 1406; baseline -0.001 -17"><span class='ocrx_word' id='word_1_86' title='bbox 735 1346 894 1406; x_wconf 79' lang='lat' dir='ltr'><strong>atque</strong></span> <span class='ocrx_word' id='word_1_87' title='bbox 927 1336 1144 1400; x_wconf 79' lang='lat' dir='ltr'><strong>novelli,</strong></span> <span class='ocrx_word' id='word_1_88' title='bbox 1199 1336 1268 1388; x_wconf 92' lang='lat' dir='ltr'><strong>ad</strong></span> <span class='ocrx_word' id='word_1_89' title='bbox 1310 1336 1453 1387; x_wconf 82' lang='lat' dir='ltr'><strong>diem</strong></span> <span class='ocrx_word' id='word_1_90' title='bbox 1505 1349 1678 1404; x_wconf 86' lang='lat' dir='ltr'><strong>usque</strong></span> <span class='ocrx_word' id='word_1_91' title='bbox 1708 1335 1975 1389; x_wconf 73' lang='lat' dir='ltr'><strong>adventus</strong></span> <span class='ocrx_word' id='word_1_92' title='bbox 2024 1336 2077 1389; x_wconf 87' lang='lat' dir='ltr'><strong>in</strong></span> <span class='ocrx_word' id='word_1_93' title='bbox 2117 1334 2287 1404; x_wconf 80' lang='lat' dir='ltr'><strong>gloria</strong></span> 
     </span>
    </p>
   </div>
   <div class='ocr_carea' id='block_1_15' title="bbox 740 1413 2283 1501">
    <p class='ocr_par' dir='ltr' id='par_1_15' title="bbox 740 1413 2283 1501">
     <span class='ocr_line' id='line_1_15' title="bbox 740 1413 2283 1501; baseline -0.003 -20"><span class='ocrx_word' id='word_1_94' title='bbox 740 1413 948 1482; x_wconf 83' lang='lat' dir='ltr'><strong>Domini</strong></span> <span class='ocrx_word' id='word_1_95' title='bbox 1000 1442 1095 1496; x_wconf 90' lang='lat' dir='ltr'><strong>per</strong></span> <span class='ocrx_word' id='word_1_96' title='bbox 1145 1426 1549 1501; x_wconf 78' lang='lat' dir='ltr'><strong>successionem</strong></span> <span class='ocrx_word' id='word_1_97' title='bbox 1600 1426 1845 1479; x_wconf 84' lang='lat' dir='ltr'><strong>duraturi</strong></span> <span class='ocrx_word' id='word_1_98' title='bbox 1891 1435 2041 1488; x_wconf 89' lang='lat' dir='ltr'><strong>sunt,</strong></span> <span class='ocrx_word' id='word_1_99' title='bbox 2093 1427 2283 1479; x_wconf 85' lang='lat' dir='ltr'><strong>eodem</strong></span> 
     </span>
    </p>
   </div>
   <div class='ocr_carea' id='block_1_16' title="bbox 738 1501 2286 1588">
    <p class='ocr_par' dir='ltr' id='par_1_16' title="bbox 738 1501 2286 1588">
     <span class='ocr_line' id='line_1_16' title="bbox 738 1501 2286 1588; baseline -0.003 -16"><span class='ocrx_word' id='word_1_100' title='bbox 738 1520 921 1588; x_wconf 81' lang='lat' dir='ltr'><strong>utique</strong></span> <span class='ocrx_word' id='word_1_101' title='bbox 972 1519 1131 1571; x_wconf 83' lang='lat' dir='ltr'><strong>modo</strong></span> <span class='ocrx_word' id='word_1_102' title='bbox 1186 1517 1339 1571; x_wconf 91' lang='lat' dir='ltr'><strong>illum</strong></span> <span class='ocrx_word' id='word_1_103' title='bbox 1383 1530 1704 1584; x_wconf 87' lang='lat' dir='ltr'><strong>permanere</strong></span> <span class='ocrx_word' id='word_1_104' title='bbox 1749 1516 1835 1570; x_wconf 88' lang='lat' dir='ltr'><strong>cui</strong></span> <span class='ocrx_word' id='word_1_105' title='bbox 1886 1501 2286 1569; x_wconf 69' lang='lat' dir='ltr'><strong>couitttendatio</strong></span> 
     </span>
    </p>
   </div>
   <div class='ocr_carea' id='block_1_17' title="bbox 737 1605 2287 1674">
    <p class='ocr_par' dir='ltr' id='par_1_17' title="bbox 737 1605 2287 1674">
     <span class='ocr_line' id='line_1_17' title="bbox 737 1605 2287 1674; baseline -0.004 -11"><span class='ocrx_word' id='word_1_106' title='bbox 737 1611 869 1663; x_wconf 82' lang='lat' dir='ltr'><strong>facta</strong></span> <span class='ocrx_word' id='word_1_107' title='bbox 902 1617 1004 1663; x_wconf 90' lang='lat' dir='ltr'><strong>est.</strong></span> <span class='ocrx_word' id='word_1_108' title='bbox 1042 1607 1341 1663; x_wconf 86' lang='lat' dir='ltr'><strong>Universali</strong></span> <span class='ocrx_word' id='word_1_109' title='bbox 1375 1622 1504 1673; x_wconf 79' lang='lat' dir='ltr'><strong>ergo</strong></span> <span class='ocrx_word' id='word_1_110' title='bbox 1537 1605 1791 1661; x_wconf 77' lang='lat' dir='ltr'><strong>Ecclesia:</strong></span> <span class='ocrx_word' id='word_1_111' title='bbox 1820 1606 1981 1659; x_wconf 84' lang='lat' dir='ltr'><strong>Petro</strong></span> <span class='ocrx_word' id='word_1_112' title='bbox 2009 1607 2287 1674; x_wconf 86' lang='lat' dir='ltr'><strong>proposito</strong></span> 
     </span>
    </p>
   </div>
   <div class='ocr_carea' id='block_1_18' title="bbox 736 1679 2290 1767">
    <p class='ocr_par' dir='ltr' id='par_1_18' title="bbox 736 1679 2290 1767">
     <span class='ocr_line' id='line_1_18' title="bbox 736 1679 2290 1767; baseline -0.005 -10"><span class='ocrx_word' id='word_1_113' title='bbox 736 1703 996 1756; x_wconf 89' lang='lat' dir='ltr'><strong>decenter</strong></span> <span class='ocrx_word' id='word_1_114' title='bbox 1050 1713 1197 1753; x_wconf 90' lang='lat' dir='ltr'><strong>mors</strong></span> <span class='ocrx_word' id='word_1_115' title='bbox 1230 1713 1448 1767; x_wconf 89' lang='lat' dir='ltr'><strong>quoque</strong></span> <span class='ocrx_word' id='word_1_116' title='bbox 1505 1697 1608 1752; x_wconf 91' lang='lat' dir='ltr'><strong>sibi</strong></span> <span class='ocrx_word' id='word_1_117' title='bbox 1664 1682 2001 1766; x_wconf 67' lang='lat' dir='ltr'><strong>praedicitur,</strong></span> <span class='ocrx_word' id='word_1_118' title='bbox 2049 1679 2108 1749; x_wconf 59' lang='lat' dir='ltr'><strong>ui</strong></span> <span class='ocrx_word' id='word_1_119' title='bbox 2162 1697 2290 1749; x_wconf 88' lang='lat' dir='ltr'><strong>hinc</strong></span> 
     </span>
    </p>
   </div>
   <div class='ocr_carea' id='block_1_19' title="bbox 2394 527 3938 599">
    <p class='ocr_par' dir='ltr' id='par_1_19' title="bbox 2394 527 3938 599">
     <span class='ocr_line' id='line_1_19' title="bbox 2394 527 3938 599; baseline 0.002 -20"><span class='ocrx_word' id='word_1_120' title='bbox 2394 542 2510 580; x_wconf 89' lang='lat' dir='ltr'><strong>eam</strong></span> <span class='ocrx_word' id='word_1_121' title='bbox 2546 542 2766 597; x_wconf 87' lang='lat' dir='ltr'><strong>quoque</strong></span> <span class='ocrx_word' id='word_1_122' title='bbox 2800 527 3050 582; x_wconf 44' lang='lat' dir='ltr'><strong>“Gratcam</strong></span> <span class='ocrx_word' id='word_1_123' title='bbox 3098 527 3426 595; x_wconf 76' lang='lat' dir='ltr'><strong>particulam</strong></span> <span class='ocrx_word' id='word_1_124' title='bbox 3459 544 3564 583; x_wconf 88' lang='lat' dir='ltr'><strong>non</strong></span> <span class='ocrx_word' id='word_1_125' title='bbox 3592 529 3755 584; x_wconf 87' lang='lat' dir='ltr'><strong>aliter</strong></span> <span class='ocrx_word' id='word_1_126' title='bbox 3788 546 3938 599; x_wconf 75' lang='lat' dir='ltr'><strong>quam</strong></span> 
     </span>
    </p>
   </div>
   <div class='ocr_carea' id='block_1_20' title="bbox 2393 613 3943 687">
    <p class='ocr_par' dir='ltr' id='par_1_20' title="bbox 2393 613 3943 687">
     <span class='ocr_line' id='line_1_20' title="bbox 2393 613 3943 687; baseline 0.003 -19"><span class='ocrx_word' id='word_1_127' title='bbox 2393 615 2713 670; x_wconf 79' lang='lat' dir='ltr'><strong>aiiirmative</strong></span> <span class='ocrx_word' id='word_1_128' title='bbox 2744 615 2818 671; x_wconf 89' lang='lat' dir='ltr'><strong>ibi</strong></span> <span class='ocrx_word' id='word_1_129' title='bbox 2863 616 3093 685; x_wconf 83' lang='lat' dir='ltr'><strong>positam</strong></span> <span class='ocrx_word' id='word_1_130' title='bbox 3120 630 3261 677; x_wconf 86' lang='lat' dir='ltr'><strong>esse.</strong></span> <span class='ocrx_word' id='word_1_131' title='bbox 3305 613 3413 684; x_wconf 74' lang='lat' dir='ltr'><strong>Sed</strong></span> <span class='ocrx_word' id='word_1_132' title='bbox 3448 616 3514 671; x_wconf 89' lang='lat' dir='ltr'><strong>de</strong></span> <span class='ocrx_word' id='word_1_133' title='bbox 3544 618 3751 685; x_wconf 87' lang='lat' dir='ltr'><strong>duplici</strong></span> <span class='ocrx_word' id='word_1_134' title='bbox 3802 628 3943 687; x_wconf 89' lang='lat' dir='ltr'><strong>pote-</strong></span> 
     </span>
    </p>
   </div>
   <div class='ocr_carea' id='block_1_21' title="bbox 2393 706 3944 775">
    <p class='ocr_par' dir='ltr' id='par_1_21' title="bbox 2393 706 3944 775">
     <span class='ocr_line' id='line_1_21' title="bbox 2393 706 3944 775; baseline 0.003 -17"><span class='ocrx_word' id='word_1_135' title='bbox 2393 714 2531 760; x_wconf 81' lang='lat' dir='ltr'><strong>state</strong></span> <span class='ocrx_word' id='word_1_136' title='bbox 2560 708 2605 760; x_wconf 84' lang='lat' dir='ltr'><strong>si</strong></span> <span class='ocrx_word' id='word_1_137' title='bbox 2637 707 2946 775; x_wconf 69' lang='lat' dir='ltr'><strong>particulae,</strong></span> <span class='ocrx_word' id='word_1_138' title='bbox 2977 706 3139 775; x_wconf 89' lang='lat' dir='ltr'><strong>latius</strong></span> <span class='ocrx_word' id='word_1_139' title='bbox 3168 706 3329 761; x_wconf 84' lang='lat' dir='ltr'><strong>nobis</strong></span> <span class='ocrx_word' id='word_1_140' title='bbox 3356 706 3411 759; x_wconf 88' lang='lat' dir='ltr'><strong>in</strong></span> <span class='ocrx_word' id='word_1_141' title='bbox 3438 708 3560 763; x_wconf 85' lang='lat' dir='ltr'><strong>ali&#39;s</strong></span> <span class='ocrx_word' id='word_1_142' title='bbox 3601 708 3810 763; x_wconf 86' lang='lat' dir='ltr'><strong>dictum</strong></span> <span class='ocrx_word' id='word_1_143' title='bbox 3866 720 3944 762; x_wconf 87' lang='lat' dir='ltr'><strong>est</strong></span> 
     </span>
    </p>
   </div>
   <div class='ocr_carea' id='block_1_22' title="bbox 2392 794 3973 868">
    <p class='ocr_par' dir='ltr' id='par_1_22' title="bbox 2392 794 3973 868">
     <span class='ocr_line' id='line_1_22' title="bbox 2392 794 3973 868; baseline 0.003 -20"><span class='ocrx_word' id='word_1_144' title='bbox 2392 806 2448 849; x_wconf 86' lang='lat' dir='ltr'><strong>et</strong></span> <span class='ocrx_word' id='word_1_145' title='bbox 2477 797 2638 867; x_wconf 80' lang='lat' dir='ltr'><strong>vulgo</strong></span> <span class='ocrx_word' id='word_1_146' title='bbox 2668 798 2834 863; x_wconf 78' lang='lat' dir='ltr'><strong>patet.</strong></span> <span class='ocrx_word' id='word_1_147' title='bbox 2867 796 3000 862; x_wconf 82' lang='lat' dir='ltr'><strong>Quis</strong></span> <span class='ocrx_word' id='word_1_148' title='bbox 3029 797 3304 851; x_wconf 85' lang='lat' dir='ltr'><strong>enimnon</strong></span> <span class='ocrx_word' id='word_1_149' title='bbox 3335 794 3558 860; x_wconf 89' lang='lat' dir='ltr'><strong>viderit,</strong></span> <span class='ocrx_word' id='word_1_150' title='bbox 3589 798 3741 852; x_wconf 82' lang='lat' dir='ltr'><strong>aliud</strong></span> <span class='ocrx_word' id='word_1_151' title='bbox 3780 800 3943 868; x_wconf 63' lang='grc' dir='ltr'>εἱειει-</span> <span class='ocrx_word' id='word_1_152' title='bbox 3970 830 3973 831; x_wconf 53' lang='grc' dir='ltr'><em>ν</em></span> 
     </span>
    </p>
   </div>
   <div class='ocr_carea' id='block_1_23' title="bbox 2395 887 3943 951">
    <p class='ocr_par' dir='ltr' id='par_1_23' title="bbox 2395 887 3943 951">
     <span class='ocr_line' id='line_1_23' title="bbox 2395 887 3943 951; baseline 0.001 -12"><span class='ocrx_word' id='word_1_153' title='bbox 2395 889 2546 940; x_wconf 82' lang='lat' dir='ltr'><strong>ﬁcari</strong></span> <span class='ocrx_word' id='word_1_154' title='bbox 2598 904 2722 943; x_wconf 84' lang='lat' dir='ltr'><strong>cum</strong></span> <span class='ocrx_word' id='word_1_155' title='bbox 2762 889 2995 951; x_wconf 89' lang='lat' dir='ltr'><strong>dicitur,</strong></span> <span class='ocrx_word' id='word_1_156' title='bbox 3055 887 3112 941; x_wconf 73' lang='lat' dir='ltr'><strong>Si</strong></span> <span class='ocrx_word' id='word_1_157' title='bbox 3150 903 3272 941; x_wconf 86' lang='lat' dir='ltr'><strong>amo</strong></span> <span class='ocrx_word' id='word_1_158' title='bbox 3325 896 3415 949; x_wconf 81' lang='lat' dir='ltr'><strong>te,</strong></span> <span class='ocrx_word' id='word_1_159' title='bbox 3441 903 3542 940; x_wconf 83' lang='lat' dir='ltr'><strong>non</strong></span> <span class='ocrx_word' id='word_1_160' title='bbox 3569 887 3793 940; x_wconf 80' lang='lat' dir='ltr'><strong>detraho</strong></span> <span class='ocrx_word' id='word_1_161' title='bbox 3823 890 3943 949; x_wconf 78' lang='lat' dir='ltr'><strong>tibi;</strong></span> 
     </span>
    </p>
   </div>
   <div class='ocr_carea' id='block_1_24' title="bbox 2391 976 3941 1038">
    <p class='ocr_par' dir='ltr' id='par_1_24' title="bbox 2391 976 3941 1038">
     <span class='ocr_line' id='line_1_24' title="bbox 2391 976 3941 1038; baseline 0 -8"><span class='ocrx_word' id='word_1_162' title='bbox 2391 978 2537 1031; x_wconf 84' lang='lat' dir='ltr'><strong>aliud</strong></span> <span class='ocrx_word' id='word_1_163' title='bbox 2572 996 2585 1031; x_wconf 90' lang='lat'><strong>:</strong></span> <span class='ocrx_word' id='word_1_164' title='bbox 2612 976 2669 1031; x_wconf 82' lang='lat' dir='ltr'><strong>Si</strong></span> <span class='ocrx_word' id='word_1_165' title='bbox 2700 994 2936 1031; x_wconf 86' lang='lat' dir='ltr'><strong>amarem</strong></span> <span class='ocrx_word' id='word_1_166' title='bbox 2963 987 3029 1038; x_wconf 86' lang='lat' dir='ltr'><strong>te.</strong></span> <span class='ocrx_word' id='word_1_167' title='bbox 3059 994 3162 1030; x_wconf 85' lang='lat' dir='ltr'><strong>non</strong></span> <span class='ocrx_word' id='word_1_168' title='bbox 3185 979 3513 1029; x_wconf 78' lang='lat' dir='ltr'><strong>detraherent</strong></span> <span class='ocrx_word' id='word_1_169' title='bbox 3539 978 3941 1031; x_wconf 71' lang='lat' dir='ltr'><strong>tibi?-Alterum</strong></span> 
     </span>
    </p>
   </div>
   <div class='ocr_carea' id='block_1_25' title="bbox 2390 1068 3946 1135">
    <p class='ocr_par' dir='ltr' id='par_1_25' title="bbox 2390 1068 3946 1135">
     <span class='ocr_line' id='line_1_25' title="bbox 2390 1068 3946 1135; baseline -0.001 -11"><span class='ocrx_word' id='word_1_170' title='bbox 2390 1072 2537 1124; x_wconf 87' lang='lat' dir='ltr'><strong>enim</strong></span> <span class='ocrx_word' id='word_1_171' title='bbox 2567 1079 2621 1123; x_wconf 90' lang='lat' dir='ltr'><strong>et</strong></span> <span class='ocrx_word' id='word_1_172' title='bbox 2652 1083 2892 1124; x_wconf 79' lang='lat' dir='ltr'><strong>amorem</strong></span> <span class='ocrx_word' id='word_1_173' title='bbox 2915 1069 3148 1121; x_wconf 82' lang='lat' dir='ltr'><strong>aﬂirtnat</strong></span> <span class='ocrx_word' id='word_1_174' title='bbox 3176 1082 3231 1122; x_wconf 89' lang='lat' dir='ltr'><strong>et</strong></span> <span class='ocrx_word' id='word_1_175' title='bbox 3258 1084 3365 1135; x_wconf 83' lang='lat' dir='ltr'><strong>non</strong></span> <span class='ocrx_word' id='word_1_176' title='bbox 3398 1068 3946 1135; x_wconf 62' lang='lat' dir='ltr'><strong>detrahendivolun-</strong></span> 
     </span>
    </p>
   </div>
   <div class='ocr_carea' id='block_1_26' title="bbox 2392 1154 3942 1229">
    <p class='ocr_par' dir='ltr' id='par_1_26' title="bbox 2392 1154 3942 1229">
     <span class='ocr_line' id='line_1_26' title="bbox 2392 1154 3942 1229; baseline -0.001 -17"><span class='ocrx_word' id='word_1_177' title='bbox 2392 1167 2555 1212; x_wconf 88' lang='lat' dir='ltr'><strong>tatem</strong></span> <span class='ocrx_word' id='word_1_178' title='bbox 2577 1154 2884 1220; x_wconf 81' lang='lat' dir='ltr'><strong>contirniat,</strong></span> <span class='ocrx_word' id='word_1_179' title='bbox 2906 1158 3138 1217; x_wconf 86' lang='lat' dir='ltr'><strong>alterum</strong></span> <span class='ocrx_word' id='word_1_180' title='bbox 3161 1173 3191 1213; x_wconf 89' lang='lat' dir='ltr'><strong>e</strong></span> <span class='ocrx_word' id='word_1_181' title='bbox 3214 1157 3436 1229; x_wconf 79' lang='lat' dir='ltr'><strong>regione</strong></span> <span class='ocrx_word' id='word_1_182' title='bbox 3456 1172 3704 1212; x_wconf 87' lang='lat' dir='ltr'><strong>amorem</strong></span> <span class='ocrx_word' id='word_1_183' title='bbox 3728 1159 3942 1228; x_wconf 81' lang='lat' dir='ltr'><strong>quidem</strong></span> 
     </span>
    </p>
   </div>
   <div class='ocr_carea' id='block_1_27' title="bbox 2389 1247 3943 1319">
    <p class='ocr_par' dir='ltr' id='par_1_27' title="bbox 2389 1247 3943 1319">
     <span class='ocr_line' id='line_1_27' title="bbox 2389 1247 3943 1319; baseline 0.002 -20"><span class='ocrx_word' id='word_1_184' title='bbox 2389 1250 2473 1301; x_wconf 86' lang='lat' dir='ltr'><strong>vel</strong></span> <span class='ocrx_word' id='word_1_185' title='bbox 2505 1248 2812 1319; x_wconf 80' lang='lat' dir='ltr'><strong>suspendit,</strong></span> <span class='ocrx_word' id='word_1_186' title='bbox 2847 1247 3187 1317; x_wconf 86' lang='lat' dir='ltr'><strong>dubiumque</strong></span> <span class='ocrx_word' id='word_1_187' title='bbox 3218 1248 3473 1310; x_wconf 52' lang='lat' dir='ltr'><strong>iaciture!</strong></span> <span class='ocrx_word' id='word_1_188' title='bbox 3507 1248 3731 1317; x_wconf 84' lang='lat' dir='ltr'><strong>penitus</strong></span> <span class='ocrx_word' id='word_1_189' title='bbox 3765 1258 3943 1318; x_wconf 73' lang='lat' dir='ltr'><strong>negat.</strong></span> 
     </span>
    </p>
   </div>
   <div class='ocr_carea' id='block_1_28' title="bbox 2344 1336 3943 1408">
    <p class='ocr_par' dir='ltr' id='par_1_28' title="bbox 2344 1336 3943 1408">
     <span class='ocr_line' id='line_1_28' title="bbox 2344 1336 3943 1408; baseline 0.001 -19"><span class='ocrx_word' id='word_1_190' title='bbox 2344 1394 2359 1404; x_wconf 40' lang='lat'><strong>,</strong></span> <span class='ocrx_word' id='word_1_191' title='bbox 2388 1347 2705 1407; x_wconf 87' lang='lat' dir='ltr'><strong>quantoque</strong></span> <span class='ocrx_word' id='word_1_192' title='bbox 2731 1336 2927 1408; x_wconf 88' lang='lat' dir='ltr'><strong>(amor)</strong></span> <span class='ocrx_word' id='word_1_193' title='bbox 2965 1339 3422 1407; x_wconf 78' lang='lat' dir='ltr'><strong>maior.negatur,</strong></span> <span class='ocrx_word' id='word_1_194' title='bbox 3449 1345 3601 1391; x_wconf 88' lang='lat' dir='ltr'><strong>tanto</strong></span> <span class='ocrx_word' id='word_1_195' title='bbox 3624 1336 3943 1390; x_wconf 78' lang='lat' dir='ltr'><strong>detrahendi</strong></span> 
     </span>
    </p>
   </div>
   <div class='ocr_carea' id='block_1_29' title="bbox 2390 1424 3949 1507">
    <p class='ocr_par' dir='ltr' id='par_1_29' title="bbox 2390 1424 3949 1507">
     <span class='ocr_line' id='line_1_29' title="bbox 2390 1424 3949 1507; baseline -0.001 -28"><span class='ocrx_word' id='word_1_196' title='bbox 2390 1428 2637 1481; x_wconf 86' lang='lat' dir='ltr'><strong>voluntas</strong></span> <span class='ocrx_word' id='word_1_197' title='bbox 2691 1427 2976 1507; x_wconf 62' lang='lat' dir='ltr'><strong>asset-itur.</strong></span> <span class='ocrx_word' id='word_1_198' title='bbox 3011 1425 3181 1480; x_wconf 85' lang='lat' dir='ltr'><strong>Item:</strong></span> <span class='ocrx_word' id='word_1_199' title='bbox 3219 1424 3275 1480; x_wconf 90' lang='lat' dir='ltr'><strong>Si</strong></span> <span class='ocrx_word' id='word_1_200' title='bbox 3322 1440 3400 1478; x_wconf 82' lang='lat' dir='ltr'><strong>me</strong></span> <span class='ocrx_word' id='word_1_201' title='bbox 3444 1428 3701 1489; x_wconf 73' lang='lat' dir='ltr'><strong>audisset.</strong></span> <span class='ocrx_word' id='word_1_202' title='bbox 3751 1426 3949 1477; x_wconf 80' lang='lat' dir='ltr'><strong>doctior</strong></span> 
     </span>
    </p>
   </div>
   <div class='ocr_carea' id='block_1_30' title="bbox 2388 1515 3945 1583">
    <p class='ocr_par' dir='ltr' id='par_1_30' title="bbox 2388 1515 3945 1583">
     <span class='ocr_line' id='line_1_30' title="bbox 2388 1515 3945 1583; baseline -0.001 -12"><span class='ocrx_word' id='word_1_203' title='bbox 2388 1528 2516 1571; x_wconf 81' lang='lat' dir='ltr'><strong>esset</strong></span> <span class='ocrx_word' id='word_1_204' title='bbox 2545 1536 2561 1571; x_wconf 90' lang='lat'><strong><em>:</em></strong></span> <span class='ocrx_word' id='word_1_205' title='bbox 2594 1517 2905 1583; x_wconf 69' lang='lat' dir='ltr'><strong>signiﬁcant</strong></span> <span class='ocrx_word' id='word_1_206' title='bbox 2936 1517 3083 1572; x_wconf 84' lang='lat' dir='ltr'><strong>enim</strong></span> <span class='ocrx_word' id='word_1_207' title='bbox 3111 1531 3217 1569; x_wconf 87' lang='lat' dir='ltr'><strong>non</strong></span> <span class='ocrx_word' id='word_1_208' title='bbox 3259 1530 3380 1570; x_wconf 87' lang='lat' dir='ltr'><strong>esse</strong></span> <span class='ocrx_word' id='word_1_209' title='bbox 3406 1515 3648 1581; x_wconf 87' lang='lat' dir='ltr'><strong>doctum,</strong></span> <span class='ocrx_word' id='word_1_210' title='bbox 3680 1532 3806 1569; x_wconf 89' lang='lat' dir='ltr'><strong>cum</strong></span> <span class='ocrx_word' id='word_1_211' title='bbox 3839 1532 3945 1569; x_wconf 88' lang='lat' dir='ltr'><strong>non</strong></span> 
     </span>
    </p>
   </div>
   <div class='ocr_carea' id='block_1_31' title="bbox 2388 1605 3948 1676">
    <p class='ocr_par' dir='ltr' id='par_1_31' title="bbox 2388 1605 3948 1676">
     <span class='ocr_line' id='line_1_31' title="bbox 2388 1605 3948 1676; baseline -0.003 -12"><span class='ocrx_word' id='word_1_212' title='bbox 2388 1609 2645 1675; x_wconf 77' lang='lat' dir='ltr'><strong>audierit.</strong></span> <span class='ocrx_word' id='word_1_213' title='bbox 2674 1608 2877 1663; x_wconf 82' lang='lat' dir='ltr'><strong>Contra</strong></span> <span class='ocrx_word' id='word_1_214' title='bbox 2905 1626 2919 1662; x_wconf 92' lang='lat'><strong>:</strong></span> <span class='ocrx_word' id='word_1_215' title='bbox 2950 1605 3008 1661; x_wconf 91' lang='lat' dir='ltr'><strong>Si</strong></span> <span class='ocrx_word' id='word_1_216' title='bbox 3039 1606 3229 1660; x_wconf 75' lang='lat' dir='ltr'><strong>multos</strong></span> <span class='ocrx_word' id='word_1_217' title='bbox 3267 1608 3443 1661; x_wconf 78' lang='lat' dir='ltr'><strong>audiri</strong></span> <span class='ocrx_word' id='word_1_218' title='bbox 3473 1608 3752 1676; x_wconf 45' lang='grc' dir='ltr'>άοιιοειεί</span> <span class='ocrx_word' id='word_1_219' title='bbox 3785 1606 3948 1659; x_wconf 70' lang='lat' dir='ltr'><strong>multa</strong></span> 
     </span>
    </p>
   </div>
   <div class='ocr_carea' id='block_1_32' title="bbox 2393 1695 3947 1777">
    <p class='ocr_par' dir='ltr' id='par_1_32' title="bbox 2393 1695 3947 1777">
     <span class='ocr_line' id='line_1_32' title="bbox 2393 1695 3947 1777; baseline -0.002 -24"><span class='ocrx_word' id='word_1_220' title='bbox 2393 1701 2510 1768; x_wconf 86' lang='lat' dir='ltr'><strong>legi,</strong></span> <span class='ocrx_word' id='word_1_221' title='bbox 2533 1702 2577 1752; x_wconf 81' lang='lat' dir='ltr'><strong>si</strong></span> <span class='ocrx_word' id='word_1_222' title='bbox 2602 1700 2771 1752; x_wconf 83' lang='lat' dir='ltr'><strong>multa</strong></span> <span class='ocrx_word' id='word_1_223' title='bbox 2795 1699 3007 1768; x_wconf 73' lang='lat' dir='ltr'><strong>scripsi,</strong></span> <span class='ocrx_word' id='word_1_224' title='bbox 3032 1713 3131 1752; x_wconf 85' lang='lat' dir='ltr'><strong>cur</strong></span> <span class='ocrx_word' id='word_1_225' title='bbox 3156 1697 3563 1777; x_wconf 46' lang='lat' dir='ltr'><strong>me‘imperitum</strong></span> <span class='ocrx_word' id='word_1_226' title='bbox 3598 1698 3802 1759; x_wconf 69' lang='lat' dir='ltr'><strong>partes?</strong></span> <span class='ocrx_word' id='word_1_227' title='bbox 3829 1695 3947 1750; x_wconf 82' lang='lat' dir='ltr'><strong>Non</strong></span> 
     </span>
    </p>
   </div>
   <div class='ocr_carea' id='block_1_33' title="bbox 740 1772 3944 1867">
    <p class='ocr_par' dir='ltr' id='par_1_33' title="bbox 740 1772 3944 1867">
     <span class='ocr_line' id='line_1_33' title="bbox 740 1772 3944 1867; baseline -0.002 -22"><span class='ocrx_word' id='word_1_228' title='bbox 740 1795 907 1847; x_wconf 88' lang='lat' dir='ltr'><strong>vitam</strong></span> <span class='ocrx_word' id='word_1_229' title='bbox 959 1792 1120 1847; x_wconf 81' lang='lat' dir='ltr'><strong>etiam</strong></span> <span class='ocrx_word' id='word_1_230' title='bbox 1173 1789 1384 1844; x_wconf 86' lang='lat' dir='ltr'><strong>Domini</strong></span> <span class='ocrx_word' id='word_1_231' title='bbox 1438 1789 1849 1857; x_wconf 73' lang='lat' dir='ltr'><strong>exprimendam</strong></span> <span class='ocrx_word' id='word_1_232' title='bbox 1909 1802 2007 1857; x_wconf 92' lang='lat' dir='ltr'><strong>pro</strong></span> <span class='ocrx_word' id='word_1_233' title='bbox 2060 1786 2288 1851; x_wconf 86' lang='lat' dir='ltr'><strong>viribus,</strong></span> <span class='ocrx_word' id='word_1_234' title='bbox 2325 1772 2363 1827; x_wconf 72' lang='grc' dir='ltr'><strong>θ</strong></span> <span class='ocrx_word' id='word_1_235' title='bbox 2391 1797 2475 1842; x_wconf 87' lang='lat' dir='ltr'><strong>est</strong></span> <span class='ocrx_word' id='word_1_236' title='bbox 2508 1802 2643 1856; x_wconf 86' lang='lat' dir='ltr'><strong>opus</strong></span> <span class='ocrx_word' id='word_1_237' title='bbox 2693 1788 2847 1858; x_wconf 90' lang='lat' dir='ltr'><strong>plura</strong></span> <span class='ocrx_word' id='word_1_238' title='bbox 2879 1788 3065 1842; x_wconf 86' lang='lat' dir='ltr'><strong>dicere</strong></span> <span class='ocrx_word' id='word_1_239' title='bbox 3097 1786 3166 1841; x_wconf 89' lang='lat' dir='ltr'><strong>de</strong></span> <span class='ocrx_word' id='word_1_240' title='bbox 3206 1772 3265 1839; x_wconf 81' lang='lat' dir='ltr'><strong>re</strong></span> <span class='ocrx_word' id='word_1_241' title='bbox 3298 1783 3606 1851; x_wconf 78' lang='lat' dir='ltr'><strong>manifesta,</strong></span> <span class='ocrx_word' id='word_1_242' title='bbox 3644 1803 3753 1855; x_wconf 88' lang='lat' dir='ltr'><strong>qua</strong></span> <span class='ocrx_word' id='word_1_243' title='bbox 3798 1787 3944 1867; x_wconf 78' lang='lat' dir='ltr'><strong>pieni</strong></span> 
     </span>
    </p>
   </div>
   <div class='ocr_carea' id='block_1_34' title="bbox 737 1880 2290 1949">
    <p class='ocr_par' dir='ltr' id='par_1_34' title="bbox 737 1880 2290 1949">
     <span class='ocr_line' id='line_1_34' title="bbox 737 1880 2290 1949; baseline -0.003 -10"><span class='ocrx_word' id='word_1_244' title='bbox 737 1886 945 1939; x_wconf 85' lang='lat' dir='ltr'><strong>duabus</strong></span> <span class='ocrx_word' id='word_1_245' title='bbox 992 1885 1227 1938; x_wconf 84' lang='lat' dir='ltr'><strong>disceret</strong></span> <span class='ocrx_word' id='word_1_246' title='bbox 1276 1882 1603 1947; x_wconf 80' lang='lat' dir='ltr'><strong>rationibus,</strong></span> <span class='ocrx_word' id='word_1_247' title='bbox 1655 1880 1929 1949; x_wconf 78' lang='lat' dir='ltr'><strong>quoniam‘</strong></span> <span class='ocrx_word' id='word_1_248' title='bbox 1964 1880 2290 1935; x_wconf 86' lang='lat' dir='ltr'><strong>universalis</strong></span> 
     </span>
    </p>
   </div>
   <div class='ocr_carea' id='block_1_35' title="bbox 736 1970 2290 2045">
    <p class='ocr_par' dir='ltr' id='par_1_35' title="bbox 736 1970 2290 2045">
     <span class='ocr_line' id='line_1_35' title="bbox 736 1970 2290 2045; baseline -0.003 -15"><span class='ocrx_word' id='word_1_249' title='bbox 736 1985 918 2045; x_wconf 88' lang='lat' dir='ltr'><strong>pastor</strong></span> <span class='ocrx_word' id='word_1_250' title='bbox 950 1984 1004 2029; x_wconf 91' lang='lat' dir='ltr'><strong>et</strong></span> <span class='ocrx_word' id='word_1_251' title='bbox 1036 1973 1271 2028; x_wconf 87' lang='lat' dir='ltr'><strong>vicarius</strong></span> <span class='ocrx_word' id='word_1_252' title='bbox 1299 1971 1503 2026; x_wconf 85' lang='lat' dir='ltr'><strong>Christi</strong></span> <span class='ocrx_word' id='word_1_253' title='bbox 1546 1970 1856 2043; x_wconf 60' lang='lat' dir='ltr'><strong>prxeipuus</strong></span> <span class='ocrx_word' id='word_1_254' title='bbox 1886 1970 1988 2023; x_wconf 78' lang='lat' dir='ltr'><strong>fuit</strong></span> <span class='ocrx_word' id='word_1_255' title='bbox 2020 1972 2290 2025; x_wconf 84' lang='lat' dir='ltr'><strong>constitu-</strong></span> 
     </span>
    </p>
   </div>
   <div class='ocr_carea' id='block_1_36' title="bbox 738 2058 2292 2136">
    <p class='ocr_par' dir='ltr' id='par_1_36' title="bbox 738 2058 2292 2136">
     <span class='ocr_line' id='line_1_36' title="bbox 738 2058 2292 2136; baseline -0.005 -16"><span class='ocrx_word' id='word_1_256' title='bbox 738 2076 827 2121; x_wconf 90' lang='lat' dir='ltr'><strong>tus</strong></span> <span class='ocrx_word' id='word_1_257' title='bbox 855 2074 910 2119; x_wconf 88' lang='lat' dir='ltr'><strong>et</strong></span> <span class='ocrx_word' id='word_1_258' title='bbox 938 2064 1194 2133; x_wconf 81' lang='lat' dir='ltr'><strong>quoniam</strong></span> <span class='ocrx_word' id='word_1_259' title='bbox 1225 2063 1407 2115; x_wconf 89' lang='lat' dir='ltr'><strong>crucis</strong></span> <span class='ocrx_word' id='word_1_260' title='bbox 1442 2060 1689 2129; x_wconf 88' lang='lat' dir='ltr'><strong>patibulo</strong></span> <span class='ocrx_word' id='word_1_261' title='bbox 1720 2058 1898 2136; x_wconf 84' lang='lat' dir='ltr'><strong>Deum</strong></span> <span class='ocrx_word' id='word_1_262' title='bbox 1938 2068 2060 2112; x_wconf 91' lang='lat' dir='ltr'><strong>erat</strong></span> <span class='ocrx_word' id='word_1_263' title='bbox 2089 2058 2292 2126; x_wconf 74' lang='lat' dir='ltr'><strong>glori-ii-</strong></span> 
     </span>
    </p>
   </div>
   <div class='ocr_carea' id='block_1_37' title="bbox 702 2134 2289 2223">
    <p class='ocr_par' dir='ltr' id='par_1_37' title="bbox 702 2134 2289 2223">
     <span class='ocr_line' id='line_1_37' title="bbox 702 2134 2289 2223; baseline -0.005 -11"><span class='ocrx_word' id='word_1_264' title='bbox 702 2138 980 2219; x_wconf 27' lang='lat' dir='ltr'><strong>‘caturus,</strong></span> <span class='ocrx_word' id='word_1_265' title='bbox 1008 2170 1243 2223; x_wconf 88' lang='lat' dir='ltr'><strong>quorum</strong></span> <span class='ocrx_word' id='word_1_266' title='bbox 1295 2153 1525 2206; x_wconf 87' lang='lat' dir='ltr'><strong>alterum</strong></span> <span class='ocrx_word' id='word_1_267' title='bbox 1568 2134 1803 2204; x_wconf 86' lang='lat' dir='ltr'><strong>trahitur</strong></span> <span class='ocrx_word' id='word_1_268' title='bbox 1829 2164 1893 2203; x_wconf 80' lang='lat' dir='ltr'><strong>ex</strong></span> <span class='ocrx_word' id='word_1_269' title='bbox 1910 2134 1915 2187; x_wconf 71' lang='grc' dir='ltr'><strong>Ϊ</strong></span> <span class='ocrx_word' id='word_1_270' title='bbox 1932 2151 2123 2203; x_wconf 85' lang='lat' dir='ltr'><strong>altero.</strong></span> <span class='ocrx_word' id='word_1_271' title='bbox 2158 2149 2289 2204; x_wconf 88' lang='lat' dir='ltr'><strong>Nam</strong></span> 
     </span>
    </p>
   </div>
   <div class='ocr_carea' id='block_1_38' title="bbox 739 2241 2290 2309">
    <p class='ocr_par' dir='ltr' id='par_1_38' title="bbox 739 2241 2290 2309">
     <span class='ocr_line' id='line_1_38' title="bbox 739 2241 2290 2309; baseline -0.006 -7"><span class='ocrx_word' id='word_1_272' title='bbox 739 2251 781 2302; x_wconf 91' lang='lat' dir='ltr'><strong>si</strong></span> <span class='ocrx_word' id='word_1_273' title='bbox 807 2262 912 2299; x_wconf 90' lang='lat' dir='ltr'><strong>non</strong></span> <span class='ocrx_word' id='word_1_274' title='bbox 936 2256 1018 2299; x_wconf 92' lang='lat' dir='ltr'><strong>est</strong></span> <span class='ocrx_word' id='word_1_275' title='bbox 1047 2243 1237 2297; x_wconf 84' lang='lat' dir='ltr'><strong>servus</strong></span> <span class='ocrx_word' id='word_1_276' title='bbox 1257 2242 1477 2295; x_wconf 86' lang='lat' dir='ltr'><strong>domino</strong></span> <span class='ocrx_word' id='word_1_277' title='bbox 1508 2241 1697 2309; x_wconf 82' lang='lat' dir='ltr'><strong>maior,</strong></span> <span class='ocrx_word' id='word_1_278' title='bbox 1742 2250 1956 2309; x_wconf 81' lang='lat' dir='ltr'><strong>oportet</strong></span> <span class='ocrx_word' id='word_1_279' title='bbox 1986 2241 2191 2309; x_wconf 88' lang='lat' dir='ltr'><strong>patroni</strong></span> <span class='ocrx_word' id='word_1_280' title='bbox 2217 2242 2290 2294; x_wconf 88' lang='lat' dir='ltr'><strong>la-</strong></span> 
     </span>
    </p>
   </div>
   <div class='ocr_carea' id='block_1_39' title="bbox 740 2329 2290 2400">
    <p class='ocr_par' dir='ltr' id='par_1_39' title="bbox 740 2329 2290 2400">
     <span class='ocr_line' id='line_1_39' title="bbox 740 2329 2290 2400; baseline -0.006 -8"><span class='ocrx_word' id='word_1_281' title='bbox 740 2340 899 2392; x_wconf 87' lang='lat' dir='ltr'><strong>bores</strong></span> <span class='ocrx_word' id='word_1_282' title='bbox 927 2339 1179 2391; x_wconf 83' lang='lat' dir='ltr'><strong>clientem</strong></span> <span class='ocrx_word' id='word_1_283' title='bbox 1210 2330 1413 2385; x_wconf 83' lang='lat' dir='ltr'><strong>subire.</strong></span> <span class='ocrx_word' id='word_1_284' title='bbox 1454 2332 1519 2385; x_wconf 83' lang='lat' dir='ltr'><strong>Et</strong></span> <span class='ocrx_word' id='word_1_285' title='bbox 1566 2330 1660 2400; x_wconf 89' lang='lat' dir='ltr'><strong>qui</strong></span> <span class='ocrx_word' id='word_1_286' title='bbox 1700 2329 1917 2385; x_wconf 82' lang='lat' dir='ltr'><strong>labores</strong></span> <span class='ocrx_word' id='word_1_287' title='bbox 1951 2330 2154 2384; x_wconf 92' lang='lat' dir='ltr'><strong>domini</strong></span> <span class='ocrx_word' id='word_1_288' title='bbox 2196 2346 2290 2383; x_wconf 85' lang='lat' dir='ltr'><strong>su-</strong></span> 
     </span>
    </p>
   </div>
   <div class='ocr_carea' id='block_1_40' title="bbox 741 2420 2288 2486">
    <p class='ocr_par' dir='ltr' id='par_1_40' title="bbox 741 2420 2288 2486">
     <span class='ocr_line' id='line_1_40' title="bbox 741 2420 2288 2486; baseline -0.005 -5"><span class='ocrx_word' id='word_1_289' title='bbox 741 2428 835 2481; x_wconf 89' lang='lat' dir='ltr'><strong>mit</strong></span> <span class='ocrx_word' id='word_1_290' title='bbox 875 2428 977 2486; x_wconf 87' lang='lat' dir='ltr'><strong>sui.</strong></span> <span class='ocrx_word' id='word_1_291' title='bbox 1016 2426 1059 2479; x_wconf 88' lang='lat' dir='ltr'><strong>is</strong></span> <span class='ocrx_word' id='word_1_292' title='bbox 1107 2426 1336 2477; x_wconf 84' lang='lat' dir='ltr'><strong>mortem</strong></span> <span class='ocrx_word' id='word_1_293' title='bbox 1386 2438 1492 2476; x_wconf 88' lang='lat' dir='ltr'><strong>non</strong></span> <span class='ocrx_word' id='word_1_294' title='bbox 1532 2420 1695 2474; x_wconf 78' lang='lat' dir='ltr'><strong>debet</strong></span> <span class='ocrx_word' id='word_1_295' title='bbox 1738 2420 1972 2481; x_wconf 80' lang='lat' dir='ltr'><strong>similem</strong></span> <span class='ocrx_word' id='word_1_296' title='bbox 1990 2436 2288 2484; x_wconf 69' lang='lat' dir='ltr'><strong>recusare;</strong></span> 
     </span>
    </p>
   </div>
   <div class='ocr_carea' id='block_1_41' title="bbox 746 2512 2291 2587">
    <p class='ocr_par' dir='ltr' id='par_1_41' title="bbox 746 2512 2291 2587">
     <span class='ocr_line' id='line_1_41' title="bbox 746 2512 2291 2587; baseline -0.005 -15"><span class='ocrx_word' id='word_1_297' title='bbox 746 2533 916 2587; x_wconf 85' lang='lat' dir='ltr'><strong>quare</strong></span> <span class='ocrx_word' id='word_1_298' title='bbox 947 2518 1077 2573; x_wconf 76' lang='lat' dir='ltr'><strong>vittc</strong></span> <span class='ocrx_word' id='word_1_299' title='bbox 1104 2528 1319 2585; x_wconf 88' lang='lat' dir='ltr'><strong>quoque</strong></span> <span class='ocrx_word' id='word_1_300' title='bbox 1353 2514 1518 2567; x_wconf 86' lang='lat' dir='ltr'><strong>totius</strong></span> <span class='ocrx_word' id='word_1_301' title='bbox 1551 2514 1777 2566; x_wconf 85' lang='lat' dir='ltr'><strong>imitatio</strong></span> <span class='ocrx_word' id='word_1_302' title='bbox 1818 2527 1916 2581; x_wconf 84' lang='lat' dir='ltr'><strong>pro</strong></span> <span class='ocrx_word' id='word_1_303' title='bbox 1953 2512 2155 2565; x_wconf 89' lang='lat' dir='ltr'><strong>viribus</strong></span> <span class='ocrx_word' id='word_1_304' title='bbox 2195 2528 2291 2565; x_wconf 85' lang='lat' dir='ltr'><strong>ne-</strong></span> 
     </span>
    </p>
   </div>
   <div class='ocr_carea' id='block_1_42' title="bbox 740 2604 2290 2677">
    <p class='ocr_par' dir='ltr' id='par_1_42' title="bbox 740 2604 2290 2677">
     <span class='ocr_line' id='line_1_42' title="bbox 740 2604 2290 2677; baseline -0.004 -14"><span class='ocrx_word' id='word_1_305' title='bbox 740 2610 974 2665; x_wconf 86' lang='lat' dir='ltr'><strong>cessaria</strong></span> <span class='ocrx_word' id='word_1_306' title='bbox 1022 2620 1102 2663; x_wconf 77' lang='lat' dir='ltr'><strong>est</strong></span> <span class='ocrx_word' id='word_1_307' title='bbox 1136 2624 1278 2677; x_wconf 18' lang='lat' dir='ltr'><strong>equae</strong></span> <span class='ocrx_word' id='word_1_308' title='bbox 1334 2605 1543 2675; x_wconf 85' lang='lat' dir='ltr'><strong>liquido</strong></span> <span class='ocrx_word' id='word_1_309' title='bbox 1578 2604 1855 2673; x_wconf 79' lang='lat' dir='ltr'><strong>Evangelii</strong></span> <span class='ocrx_word' id='word_1_310' title='bbox 1892 2604 2075 2657; x_wconf 82' lang='lat' dir='ltr'><strong>verbis</strong></span> <span class='ocrx_word' id='word_1_311' title='bbox 2109 2604 2290 2674; x_wconf 84' lang='lat' dir='ltr'><strong>expri-</strong></span> 
     </span>
    </p>
   </div>
   <div class='ocr_carea' id='block_1_43' title="bbox 741 2695 2288 2755">
    <p class='ocr_par' dir='ltr' id='par_1_43' title="bbox 741 2695 2288 2755">
     <span class='ocr_line' id='line_1_43' title="bbox 741 2695 2288 2755; baseline -0.006 0"><span class='ocrx_word' id='word_1_312' title='bbox 741 2704 925 2755; x_wconf 84' lang='lat' dir='ltr'><strong>mitur.</strong></span> <span class='ocrx_word' id='word_1_313' title='bbox 966 2699 1119 2753; x_wconf 27' lang='lat' dir='ltr'><strong>tNatu</strong></span> <span class='ocrx_word' id='word_1_314' title='bbox 1177 2708 1349 2751; x_wconf 89' lang='lat' dir='ltr'><strong>morte</strong></span> <span class='ocrx_word' id='word_1_315' title='bbox 1413 2698 1594 2750; x_wconf 85' lang='lat' dir='ltr'><strong>crucis</strong></span> <span class='ocrx_word' id='word_1_316' title='bbox 1651 2695 1969 2749; x_wconf 77' lang='lat' dir='ltr'><strong>extensione</strong></span> <span class='ocrx_word' id='word_1_317' title='bbox 2031 2708 2288 2747; x_wconf 84' lang='lat' dir='ltr'><strong>manuum</strong></span> 
     </span>
    </p>
   </div>
   <div class='ocr_carea' id='block_1_44' title="bbox 741 2784 2291 2855">
    <p class='ocr_par' dir='ltr' id='par_1_44' title="bbox 741 2784 2291 2855">
     <span class='ocr_line' id='line_1_44' title="bbox 741 2784 2291 2855; baseline -0.004 -12"><span class='ocrx_word' id='word_1_318' title='bbox 741 2790 842 2843; x_wconf 93' lang='lat' dir='ltr'><strong>sub</strong></span> <span class='ocrx_word' id='word_1_319' title='bbox 871 2789 1045 2843; x_wconf 90' lang='lat' dir='ltr'><strong>oculis</strong></span> <span class='ocrx_word' id='word_1_320' title='bbox 1074 2789 1216 2842; x_wconf 87' lang='lat' dir='ltr'><strong>Petri</strong></span> <span class='ocrx_word' id='word_1_321' title='bbox 1256 2789 1453 2855; x_wconf 76' lang='lat' dir='ltr'><strong>pesita,</strong></span> <span class='ocrx_word' id='word_1_322' title='bbox 1491 2786 1673 2839; x_wconf 82' lang='lat' dir='ltr'><strong>statim</strong></span> <span class='ocrx_word' id='word_1_323' title='bbox 1708 2785 1757 2838; x_wconf 88' lang='lat' dir='ltr'><strong>ei</strong></span> <span class='ocrx_word' id='word_1_324' title='bbox 1791 2784 2015 2849; x_wconf 87' lang='lat' dir='ltr'><strong>dicitur,</strong></span> <span class='ocrx_word' id='word_1_325' title='bbox 2050 2784 2291 2851; x_wconf 82' lang='lat' dir='ltr'><strong>Sequere</strong></span> 
     </span>
    </p>
   </div>
   <div class='ocr_carea' id='block_1_45' title="bbox 743 2873 2290 2942">
    <p class='ocr_par' dir='ltr' id='par_1_45' title="bbox 743 2873 2290 2942">
     <span class='ocr_line' id='line_1_45' title="bbox 743 2873 2290 2942; baseline -0.005 -10"><span class='ocrx_word' id='word_1_326' title='bbox 743 2894 851 2942; x_wconf 87' lang='lat' dir='ltr'><strong>me,</strong></span> <span class='ocrx_word' id='word_1_327' title='bbox 881 2878 933 2930; x_wconf 88' lang='lat' dir='ltr'><strong>id</strong></span> <span class='ocrx_word' id='word_1_328' title='bbox 964 2886 1067 2938; x_wconf 88' lang='lat' dir='ltr'><strong>est,</strong></span> <span class='ocrx_word' id='word_1_329' title='bbox 1123 2877 1227 2940; x_wconf 92' lang='lat' dir='ltr'><strong>Qui</strong></span> <span class='ocrx_word' id='word_1_330' title='bbox 1278 2888 1449 2928; x_wconf 88' lang='lat' dir='ltr'><strong>morte</strong></span> <span class='ocrx_word' id='word_1_331' title='bbox 1492 2890 1575 2928; x_wconf 89' lang='lat' dir='ltr'><strong>me</strong></span> <span class='ocrx_word' id='word_1_332' title='bbox 1615 2885 1904 2927; x_wconf 84' lang='lat' dir='ltr'><strong>secuturus</strong></span> <span class='ocrx_word' id='word_1_333' title='bbox 1944 2889 2026 2937; x_wconf 88' lang='lat' dir='ltr'><strong>es,</strong></span> <span class='ocrx_word' id='word_1_334' title='bbox 2069 2873 2290 2941; x_wconf 79' lang='lat' dir='ltr'><strong>vestigia</strong></span> 
     </span>
    </p>
   </div>
   <div class='ocr_carea' id='block_1_46' title="bbox 672 2965 1703 3036">
    <p class='ocr_par' dir='ltr' id='par_1_46' title="bbox 672 2965 1703 3036">
     <span class='ocr_line' id='line_1_46' title="bbox 672 2965 1703 3036; baseline -0.004 -16"><span class='ocrx_word' id='word_1_335' title='bbox 672 2965 679 2968; x_wconf 63' lang='grc'><em>’</em></span> <span class='ocrx_word' id='word_1_336' title='bbox 743 2981 959 3036; x_wconf 84' lang='lat' dir='ltr'><strong>quoque</strong></span> <span class='ocrx_word' id='word_1_337' title='bbox 994 2967 1214 3019; x_wconf 84' lang='lat' dir='ltr'><strong>vivendi</strong></span> <span class='ocrx_word' id='word_1_338' title='bbox 1249 2966 1299 3018; x_wconf 93' lang='lat' dir='ltr'><strong>in</strong></span> <span class='ocrx_word' id='word_1_339' title='bbox 1331 2980 1392 3016; x_wconf 83' lang='lat' dir='ltr'><strong>ea</strong></span> <span class='ocrx_word' id='word_1_340' title='bbox 1434 2965 1703 3030; x_wconf 80' lang='lat' dir='ltr'><strong>sequeris.</strong></span> 
     </span>
    </p>
   </div>
   <div class='ocr_carea' id='block_1_47' title="bbox 812 3050 2357 3144">
    <p class='ocr_par' dir='ltr' id='par_1_47' title="bbox 812 3050 2357 3144">
     <span class='ocr_line' id='line_1_47' title="bbox 812 3050 2357 3144; baseline -0.005 -34"><span class='ocrx_word' id='word_1_341' title='bbox 812 3056 1002 3110; x_wconf 82' lang='lat' dir='ltr'><strong>Petrus</strong></span> <span class='ocrx_word' id='word_1_342' title='bbox 1034 3055 1198 3123; x_wconf 77' lang='lat' dir='ltr'><strong>igitur</strong></span> <span class='ocrx_word' id='word_1_343' title='bbox 1236 3054 1524 3105; x_wconf 84' lang='lat' dir='ltr'><strong>Dominum</strong></span> <span class='ocrx_word' id='word_1_344' title='bbox 1552 3050 1906 3118; x_wconf 84' lang='lat' dir='ltr'><strong>sequebatur,</strong></span> <span class='ocrx_word' id='word_1_345' title='bbox 1934 3050 2173 3118; x_wconf 89' lang='lat' dir='ltr'><strong>dumque</strong></span> <span class='ocrx_word' id='word_1_346' title='bbox 2204 3065 2290 3133; x_wconf 82' lang='lat' dir='ltr'><strong>se-</strong></span> <span class='ocrx_word' id='word_1_347' title='bbox 2318 3090 2357 3144; x_wconf 78' lang='lat' dir='ltr'><strong><em>C</em></strong></span> 
     </span>
    </p>
   </div>
   <div class='ocr_carea' id='block_1_48' title="bbox 742 3130 2288 3212">
    <p class='ocr_par' dir='ltr' id='par_1_48' title="bbox 742 3130 2288 3212">
     <span class='ocr_line' id='line_1_48' title="bbox 742 3130 2288 3212; baseline -0.004 -18"><span class='ocrx_word' id='word_1_348' title='bbox 742 3152 1028 3212; x_wconf 87' lang='lat' dir='ltr'><strong>queretur,</strong></span> <span class='ocrx_word' id='word_1_349' title='bbox 1058 3140 1194 3194; x_wconf 84' lang='lat' dir='ltr'><strong>vidit</strong></span> <span class='ocrx_word' id='word_1_350' title='bbox 1224 3139 1485 3193; x_wconf 86' lang='lat' dir='ltr'><strong>Joannem</strong></span> <span class='ocrx_word' id='word_1_351' title='bbox 1523 3140 1592 3205; x_wconf 89' lang='lat' dir='ltr'><strong>(is</strong></span> <span class='ocrx_word' id='word_1_352' title='bbox 1620 3139 1776 3193; x_wconf 83' lang='lat' dir='ltr'><strong>enim</strong></span> <span class='ocrx_word' id='word_1_353' title='bbox 1803 3138 2101 3205; x_wconf 86' lang='lat' dir='ltr'><strong>discipulus</strong></span> <span class='ocrx_word' id='word_1_354' title='bbox 2125 3130 2288 3205; x_wconf 76' lang='lat' dir='ltr'><strong>quem</strong></span> 
     </span>
    </p>
   </div>
   <div class='ocr_carea' id='block_1_49' title="bbox 742 3227 2293 3303">
    <p class='ocr_par' dir='ltr' id='par_1_49' title="bbox 742 3227 2293 3303">
     <span class='ocr_line' id='line_1_49' title="bbox 742 3227 2293 3303; baseline -0.005 -14"><span class='ocrx_word' id='word_1_355' title='bbox 742 3234 1002 3303; x_wconf 74' lang='lat' dir='ltr'><strong>diligebat</strong></span> <span class='ocrx_word' id='word_1_356' title='bbox 1038 3229 1217 3298; x_wconf 87' lang='lat' dir='ltr'><strong>Jesus)</strong></span> <span class='ocrx_word' id='word_1_357' title='bbox 1272 3238 1609 3298; x_wconf 84' lang='lat' dir='ltr'><strong>sequentem.</strong></span> <span class='ocrx_word' id='word_1_358' title='bbox 1644 3227 1708 3281; x_wconf 87' lang='lat' dir='ltr'><strong>Et</strong></span> <span class='ocrx_word' id='word_1_359' title='bbox 1742 3228 2061 3295; x_wconf 77' lang='lat' dir='ltr'><strong>curiositate.</strong></span> <span class='ocrx_word' id='word_1_360' title='bbox 2093 3227 2293 3281; x_wconf 70' lang='lat' dir='ltr'><strong>mentis</strong></span> 
     </span>
    </p>
   </div>
   <div class='ocr_carea' id='block_1_50' title="bbox 745 3318 2290 3390">
    <p class='ocr_par' dir='ltr' id='par_1_50' title="bbox 745 3318 2290 3390">
     <span class='ocr_line' id='line_1_50' title="bbox 745 3318 2290 3390; baseline -0.003 -14"><span class='ocrx_word' id='word_1_361' title='bbox 745 3325 1011 3389; x_wconf 70' lang='lat' dir='ltr'><strong>humanm,</strong></span> <span class='ocrx_word' id='word_1_362' title='bbox 1033 3336 1137 3390; x_wconf 89' lang='lat' dir='ltr'><strong>qua</strong></span> <span class='ocrx_word' id='word_1_363' title='bbox 1172 3323 1341 3388; x_wconf 81' lang='lat' dir='ltr'><strong>magis</strong></span> <span class='ocrx_word' id='word_1_364' title='bbox 1374 3320 1547 3386; x_wconf 76' lang='lat' dir='ltr'><strong>aliena</strong></span> <span class='ocrx_word' id='word_1_365' title='bbox 1576 3334 1737 3387; x_wconf 87' lang='lat' dir='ltr'><strong>quam</strong></span> <span class='ocrx_word' id='word_1_366' title='bbox 1764 3328 1951 3373; x_wconf 84' lang='lat' dir='ltr'><strong>nostra</strong></span> <span class='ocrx_word' id='word_1_367' title='bbox 1974 3318 2290 3387; x_wconf 73' lang='lat' dir='ltr'><strong>qumrimus,</strong></span> 
     </span>
    </p>
   </div>
   <div class='ocr_carea' id='block_1_51' title="bbox 744 3407 2291 3481">
    <p class='ocr_par' dir='ltr' id='par_1_51' title="bbox 744 3407 2291 3481">
     <span class='ocr_line' id='line_1_51' title="bbox 744 3407 2291 3481; baseline -0.003 -15"><span class='ocrx_word' id='word_1_368' title='bbox 744 3407 969 3466; x_wconf 84' lang='lat' dir='ltr'><strong>nimium</strong></span> <span class='ocrx_word' id='word_1_369' title='bbox 1002 3422 1304 3467; x_wconf 86' lang='lat' dir='ltr'><strong>commotus</strong></span> <span class='ocrx_word' id='word_1_370' title='bbox 1330 3415 1458 3481; x_wconf 84' lang='lat' dir='ltr'><strong>(non</strong></span> <span class='ocrx_word' id='word_1_371' title='bbox 1502 3415 1649 3465; x_wconf 89' lang='lat' dir='ltr'><strong>enim</strong></span> <span class='ocrx_word' id='word_1_372' title='bbox 1692 3420 1809 3466; x_wconf 83' lang='lat' dir='ltr'><strong>erat</strong></span> <span class='ocrx_word' id='word_1_373' title='bbox 1855 3410 2037 3464; x_wconf 84' lang='lat' dir='ltr'><strong>adhuc</strong></span> <span class='ocrx_word' id='word_1_374' title='bbox 2069 3411 2291 3463; x_wconf 82' lang='lat' dir='ltr'><strong>omnino</strong></span> 
     </span>
    </p>
   </div>
   <div class='ocr_carea' id='block_1_52' title="bbox 743 3501 2289 3577">
    <p class='ocr_par' dir='ltr' id='par_1_52' title="bbox 743 3501 2289 3577">
     <span class='ocr_line' id='line_1_52' title="bbox 743 3501 2289 3577; baseline -0.006 -16"><span class='ocrx_word' id='word_1_375' title='bbox 743 3506 1057 3577; x_wconf 84' lang='lat' dir='ltr'><strong>perlectus),</strong></span> <span class='ocrx_word' id='word_1_376' title='bbox 1088 3503 1295 3557; x_wconf 85' lang='lat' dir='ltr'><strong>audeta</strong></span> <span class='ocrx_word' id='word_1_377' title='bbox 1327 3502 1553 3556; x_wconf 87' lang='lat' dir='ltr'><strong>Domino</strong></span> <span class='ocrx_word' id='word_1_378' title='bbox 1575 3511 1781 3571; x_wconf 86' lang='lat' dir='ltr'><strong>petere,</strong></span> <span class='ocrx_word' id='word_1_379' title='bbox 1808 3516 1913 3571; x_wconf 77' lang='lat' dir='ltr'><strong>qua</strong></span> <span class='ocrx_word' id='word_1_380' title='bbox 1938 3511 2112 3555; x_wconf 86' lang='lat' dir='ltr'><strong>morte</strong></span> <span class='ocrx_word' id='word_1_381' title='bbox 2128 3501 2289 3555; x_wconf 90' lang='lat' dir='ltr'><strong>Joan-</strong></span> 
     </span>
    </p>
   </div>
   <div class='ocr_carea' id='block_1_53' title="bbox 742 3591 2336 3667">
    <p class='ocr_par' dir='ltr' id='par_1_53' title="bbox 742 3591 2336 3667">
     <span class='ocr_line' id='line_1_53' title="bbox 742 3591 2336 3667; baseline -0.006 -14"><span class='ocrx_word' id='word_1_382' title='bbox 742 3616 837 3653; x_wconf 86' lang='lat' dir='ltr'><strong>nes</strong></span> <span class='ocrx_word' id='word_1_383' title='bbox 872 3604 1208 3657; x_wconf 89' lang='lat' dir='ltr'><strong>moreretur,</strong></span> <span class='ocrx_word' id='word_1_384' title='bbox 1258 3595 1448 3649; x_wconf 89' lang='lat' dir='ltr'><strong>dicens</strong></span> <span class='ocrx_word' id='word_1_385' title='bbox 1478 3610 1490 3644; x_wconf 94' lang='lat'>:</span> <span class='ocrx_word' id='word_1_386' title='bbox 1524 3592 1744 3667; x_wconf 65' lang='lat' dir='ltr'><strong>Domine</strong></span> <span class='ocrx_word' id='word_1_387' title='bbox 1764 3632 1779 3657; x_wconf 87' lang='lat'><strong>,</strong></span> <span class='ocrx_word' id='word_1_388' title='bbox 1811 3594 1891 3646; x_wconf 81' lang='lat' dir='ltr'><strong>hic</strong></span> <span class='ocrx_word' id='word_1_389' title='bbox 1922 3602 2098 3645; x_wconf 82' lang='lat' dir='ltr'><strong>autem</strong></span> <span class='ocrx_word' id='word_1_390' title='bbox 2126 3591 2292 3660; x_wconf 77' lang='lat' dir='ltr'><strong>quid?</strong></span> <span class='ocrx_word' id='word_1_391' title='bbox 2328 3594 2336 3602; x_wconf 89' lang='lat'>&#39;</span> 
     </span>
    </p>
   </div>
   <div class='ocr_carea' id='block_1_54' title="bbox 742 3682 2292 3765">
    <p class='ocr_par' dir='ltr' id='par_1_54' title="bbox 742 3682 2292 3765">
     <span class='ocr_line' id='line_1_54' title="bbox 742 3682 2292 3765; baseline -0.006 -23"><span class='ocrx_word' id='word_1_392' title='bbox 742 3688 997 3757; x_wconf 84' lang='lat' dir='ltr'><strong>Dominus</strong></span> <span class='ocrx_word' id='word_1_393' title='bbox 1025 3696 1205 3739; x_wconf 85' lang='lat' dir='ltr'><strong>autem</strong></span> <span class='ocrx_word' id='word_1_394' title='bbox 1249 3695 1303 3738; x_wconf 88' lang='lat' dir='ltr'><strong>et</strong></span> <span class='ocrx_word' id='word_1_395' title='bbox 1352 3684 1489 3736; x_wconf 87' lang='lat' dir='ltr'><strong>hanc</strong></span> <span class='ocrx_word' id='word_1_396' title='bbox 1517 3682 1892 3765; x_wconf 63' lang='lat' dir='ltr'><strong>ebriositatem</strong></span> <span class='ocrx_word' id='word_1_397' title='bbox 1943 3683 2292 3750; x_wconf 81' lang='lat' dir='ltr'><strong>reprehendit</strong></span> 
     </span>
    </p>
   </div>
   <div class='ocr_carea' id='block_1_55' title="bbox 740 3774 2290 3844">
    <p class='ocr_par' dir='ltr' id='par_1_55' title="bbox 740 3774 2290 3844">
     <span class='ocr_line' id='line_1_55' title="bbox 740 3774 2290 3844; baseline -0.005 -10"><span class='ocrx_word' id='word_1_398' title='bbox 740 3796 839 3834; x_wconf 89' lang='lat' dir='ltr'><strong>nec</strong></span> <span class='ocrx_word' id='word_1_399' title='bbox 876 3778 1202 3834; x_wconf 85' lang='lat' dir='ltr'><strong>moriturum</strong></span> <span class='ocrx_word' id='word_1_400' title='bbox 1242 3776 1503 3831; x_wconf 78' lang='lat' dir='ltr'><strong>Joannem</strong></span> <span class='ocrx_word' id='word_1_401' title='bbox 1540 3790 1713 3844; x_wconf 87' lang='lat' dir='ltr'><strong>usque</strong></span> <span class='ocrx_word' id='word_1_402' title='bbox 1757 3774 1825 3827; x_wconf 84' lang='lat' dir='ltr'><strong>ad</strong></span> <span class='ocrx_word' id='word_1_403' title='bbox 1870 3776 2077 3828; x_wconf 75' lang='lat' dir='ltr'><strong>exitum</strong></span> <span class='ocrx_word' id='word_1_404' title='bbox 2127 3774 2290 3843; x_wconf 85' lang='lat' dir='ltr'><strong>huius</strong></span> 
     </span>
    </p>
   </div>
   <div class='ocr_carea' id='block_1_56' title="bbox 740 3863 2290 3939">
    <p class='ocr_par' dir='ltr' id='par_1_56' title="bbox 740 3863 2290 3939">
     <span class='ocr_line' id='line_1_56' title="bbox 740 3863 2290 3939; baseline -0.007 -14"><span class='ocrx_word' id='word_1_405' title='bbox 740 3872 917 3925; x_wconf 62' lang='lat' dir='ltr'><strong>seculi</strong></span> <span class='ocrx_word' id='word_1_406' title='bbox 949 3870 1031 3939; x_wconf 92' lang='lat' dir='ltr'><strong>(ut</strong></span> <span class='ocrx_word' id='word_1_407' title='bbox 1063 3874 1164 3939; x_wconf 79' lang='lat' dir='ltr'><strong>ego</strong></span> <span class='ocrx_word' id='word_1_408' title='bbox 1199 3867 1459 3937; x_wconf 87' lang='lat' dir='ltr'><strong>arbitror)</strong></span> <span class='ocrx_word' id='word_1_409' title='bbox 1493 3866 1757 3930; x_wconf 86' lang='lat' dir='ltr'><strong>ostendit,</strong></span> <span class='ocrx_word' id='word_1_410' title='bbox 1806 3865 1998 3919; x_wconf 86' lang='lat' dir='ltr'><strong>dicens</strong></span> <span class='ocrx_word' id='word_1_411' title='bbox 2024 3881 2039 3933; x_wconf 15' lang='grc' dir='ltr'><strong>ιγ</strong></span> <span class='ocrx_word' id='word_1_412' title='bbox 2073 3863 2131 3917; x_wconf 87' lang='lat' dir='ltr'><strong>Si</strong></span> <span class='ocrx_word' id='word_1_413' title='bbox 2173 3880 2290 3916; x_wconf 82' lang='lat' dir='ltr'><strong>eum</strong></span> 
     </span>
    </p>
   </div>
   <div class='ocr_carea' id='block_1_57' title="bbox 741 3952 2291 4026">
    <p class='ocr_par' dir='ltr' id='par_1_57' title="bbox 741 3952 2291 4026">
     <span class='ocr_line' id='line_1_57' title="bbox 741 3952 2291 4026; baseline -0.003 -16"><span class='ocrx_word' id='word_1_414' title='bbox 741 3958 851 4010; x_wconf 72' lang='lat' dir='ltr'><strong>velo</strong></span> <span class='ocrx_word' id='word_1_415' title='bbox 878 3971 1088 4010; x_wconf 78' lang='lat' dir='ltr'><strong>manere</strong></span> <span class='ocrx_word' id='word_1_416' title='bbox 1115 3957 1275 4023; x_wconf 70' lang='lat' dir='ltr'><strong>donec</strong></span> <span class='ocrx_word' id='word_1_417' title='bbox 1308 3956 1512 4009; x_wconf 70' lang='lat' dir='ltr'><strong>veniam</strong></span> <span class='ocrx_word' id='word_1_418' title='bbox 1536 3992 1549 4019; x_wconf 95' lang='lat'><strong>,</strong></span> <span class='ocrx_word' id='word_1_419' title='bbox 1580 3954 1703 4024; x_wconf 83' lang='lat' dir='ltr'><strong>quid</strong></span> <span class='ocrx_word' id='word_1_420' title='bbox 1744 3954 1815 4021; x_wconf 3' lang='lat' dir='ltr'><strong>ad,</strong></span> <span class='ocrx_word' id='word_1_421' title='bbox 1843 3962 1890 4005; x_wconf 80' lang='lat' dir='ltr'><strong>te</strong></span> <span class='ocrx_word' id='word_1_422' title='bbox 1913 3954 1936 4003; x_wconf 68' lang='grc' dir='ltr'><strong>ἱ)</strong></span> <span class='ocrx_word' id='word_1_423' title='bbox 1983 3952 2119 4026; x_wconf 73' lang='grc' dir='ltr'>ῌὶιιρ</span> <span class='ocrx_word' id='word_1_424' title='bbox 2144 3968 2291 4020; x_wconf 68' lang='lat' dir='ltr'><strong>quae-</strong></span> 
     </span>
    </p>
   </div>
   <div class='ocr_carea' id='block_1_58' title="bbox 748 4044 2289 4109">
    <p class='ocr_par' dir='ltr' id='par_1_58' title="bbox 748 4044 2289 4109">
     <span class='ocr_line' id='line_1_58' title="bbox 748 4044 2289 4109; baseline -0.003 -11"><span class='ocrx_word' id='word_1_425' title='bbox 748 4048 1017 4101; x_wconf 62' lang='lat' dir='ltr'><strong>stiuncula</strong></span> <span class='ocrx_word' id='word_1_426' title='bbox 1056 4047 1301 4100; x_wconf 84' lang='lat' dir='ltr'><strong>nascitur</strong></span> <span class='ocrx_word' id='word_1_427' title='bbox 1350 4061 1405 4099; x_wconf 88' lang='lat' dir='ltr'><strong>re</strong></span> <span class='ocrx_word' id='word_1_428' title='bbox 1445 4046 1640 4107; x_wconf 77' lang='lat' dir='ltr'><strong>facilis,</strong></span> <span class='ocrx_word' id='word_1_429' title='bbox 1674 4045 1934 4095; x_wconf 84' lang='lat' dir='ltr'><strong>varietate</strong></span> <span class='ocrx_word' id='word_1_430' title='bbox 1971 4044 2289 4109; x_wconf 81' lang='lat' dir='ltr'><strong>Opinionum</strong></span> 
     </span>
    </p>
   </div>
   <div class='ocr_carea' id='block_1_59' title="bbox 740 4130 2289 4201">
    <p class='ocr_par' dir='ltr' id='par_1_59' title="bbox 740 4130 2289 4201">
     <span class='ocr_line' id='line_1_59' title="bbox 740 4130 2289 4201; baseline -0.005 -13"><span class='ocrx_word' id='word_1_431' title='bbox 740 4137 988 4190; x_wconf 85' lang='lat' dir='ltr'><strong>diliicilts.</strong></span> <span class='ocrx_word' id='word_1_432' title='bbox 1018 4134 1149 4187; x_wconf 75' lang='lat' dir='ltr'><strong>Nam</strong></span> <span class='ocrx_word' id='word_1_433' title='bbox 1181 4136 1334 4186; x_wconf 83' lang='lat' dir='ltr'><strong>multi</strong></span> <span class='ocrx_word' id='word_1_434' title='bbox 1379 4135 1489 4201; x_wconf 83' lang='lat' dir='ltr'><strong>iam</strong></span> <span class='ocrx_word' id='word_1_435' title='bbox 1545 4141 1822 4183; x_wconf 87' lang='lat' dir='ltr'><strong>mortuum</strong></span> <span class='ocrx_word' id='word_1_436' title='bbox 1868 4145 1989 4184; x_wconf 85' lang='lat' dir='ltr'><strong>esse</strong></span> <span class='ocrx_word' id='word_1_437' title='bbox 2030 4130 2289 4182; x_wconf 77' lang='lat' dir='ltr'><strong>Joannem</strong></span> 
     </span>
    </p>
   </div>
   <div class='ocr_carea' id='block_1_60' title="bbox 742 4222 2292 4289">
    <p class='ocr_par' dir='ltr' id='par_1_60' title="bbox 742 4222 2292 4289">
     <span class='ocr_line' id='line_1_60' title="bbox 742 4222 2292 4289; baseline -0.006 -10"><span class='ocrx_word' id='word_1_438' title='bbox 742 4224 1113 4285; x_wconf 87' lang='lat' dir='ltr'><strong>contendunt,</strong></span> <span class='ocrx_word' id='word_1_439' title='bbox 1165 4224 1411 4276; x_wconf 88' lang='lat' dir='ltr'><strong>nonnulli</strong></span> <span class='ocrx_word' id='word_1_440' title='bbox 1460 4223 1718 4274; x_wconf 74' lang='lat' dir='ltr'><strong>extremis</strong></span> <span class='ocrx_word' id='word_1_441' title='bbox 1771 4222 2106 4289; x_wconf 86' lang='lat' dir='ltr'><strong>temporibus</strong></span> <span class='ocrx_word' id='word_1_442' title='bbox 2170 4235 2292 4273; x_wconf 86' lang='lat' dir='ltr'><strong>cum</strong></span> 
     </span>
    </p>
   </div>
   <div class='ocr_carea' id='block_1_61' title="bbox 748 4310 2294 4380">
    <p class='ocr_par' dir='ltr' id='par_1_61' title="bbox 748 4310 2294 4380">
     <span class='ocr_line' id='line_1_61' title="bbox 748 4310 2294 4380; baseline -0.003 -13"><span class='ocrx_word' id='word_1_443' title='bbox 748 4314 932 4368; x_wconf 69' lang='lat' dir='ltr'><strong>linoch</strong></span> <span class='ocrx_word' id='word_1_444' title='bbox 967 4322 1022 4367; x_wconf 88' lang='lat' dir='ltr'><strong>ct</strong></span> <span class='ocrx_word' id='word_1_445' title='bbox 1050 4312 1165 4368; x_wconf 87' lang='lat' dir='ltr'><strong>Elia</strong></span> <span class='ocrx_word' id='word_1_446' title='bbox 1194 4314 1518 4365; x_wconf 88' lang='lat' dir='ltr'><strong>moriturum</strong></span> <span class='ocrx_word' id='word_1_447' title='bbox 1549 4311 1863 4380; x_wconf 85' lang='lat' dir='ltr'><strong>epinantur.</strong></span> <span class='ocrx_word' id='word_1_448' title='bbox 1898 4310 2054 4374; x_wconf 86' lang='lat' dir='ltr'><strong>Quod</strong></span> <span class='ocrx_word' id='word_1_449' title='bbox 2084 4326 2182 4364; x_wconf 93' lang='lat' dir='ltr'><strong>nos</strong></span> <span class='ocrx_word' id='word_1_450' title='bbox 2209 4326 2294 4365; x_wconf 85' lang='lat' dir='ltr'><strong>se-</strong></span> 
     </span>
    </p>
   </div>
   <div class='ocr_carea' id='block_1_62' title="bbox 2397 1876 3950 1962">
    <p class='ocr_par' dir='ltr' id='par_1_62' title="bbox 2397 1876 3950 1962">
     <span class='ocr_line' id='line_1_62' title="bbox 2397 1876 3950 1962; baseline -0.002 -29"><span class='ocrx_word' id='word_1_451' title='bbox 2397 1886 2523 1933; x_wconf 89' lang='lat' dir='ltr'><strong>sunt</strong></span> <span class='ocrx_word' id='word_1_452' title='bbox 2552 1876 2720 1941; x_wconf 90' lang='lat' dir='ltr'><strong>libri,</strong></span> <span class='ocrx_word' id='word_1_453' title='bbox 2756 1877 2919 1947; x_wconf 90' lang='lat' dir='ltr'><strong>plena</strong></span> <span class='ocrx_word' id='word_1_454' title='bbox 2949 1877 3257 1946; x_wconf 87' lang='lat' dir='ltr'><strong>priscorum</strong></span> <span class='ocrx_word' id='word_1_455' title='bbox 3310 1878 3605 1931; x_wconf 82' lang='lat' dir='ltr'><strong>volumina.</strong></span> <span class='ocrx_word' id='word_1_456' title='bbox 3656 1877 3784 1928; x_wconf 65' lang='grc' dir='ltr'><strong>Ἐάν</strong></span> <span class='ocrx_word' id='word_1_457' title='bbox 3816 1891 3950 1962; x_wconf 76' lang='lat' dir='ltr'><strong>qpo—</strong></span> 
     </span>
    </p>
   </div>
   <div class='ocr_carea' id='block_1_63' title="bbox 2394 1966 3945 2039">
    <p class='ocr_par' dir='ltr' id='par_1_63' title="bbox 2394 1966 3945 2039">
     <span class='ocr_line' id='line_1_63' title="bbox 2394 1966 3945 2039; baseline -0.004 -16"><span class='ocrx_word' id='word_1_458' title='bbox 2394 1986 2499 2039; x_wconf 86' lang='lat' dir='ltr'><strong>que</strong></span> <span class='ocrx_word' id='word_1_459' title='bbox 2528 1968 2714 2023; x_wconf 64' lang='lat' dir='ltr'><strong>Graeca</strong></span> <span class='ocrx_word' id='word_1_460' title='bbox 2740 1968 3091 2036; x_wconf 87' lang='lat' dir='ltr'><strong>coniunctio,</strong></span> <span class='ocrx_word' id='word_1_461' title='bbox 3139 1967 3358 2021; x_wconf 88' lang='lat' dir='ltr'><strong>easdem</strong></span> <span class='ocrx_word' id='word_1_462' title='bbox 3409 1966 3578 2021; x_wconf 83' lang='lat' dir='ltr'><strong>habet</strong></span> <span class='ocrx_word' id='word_1_463' title='bbox 3628 1976 3945 2035; x_wconf 83' lang='lat' dir='ltr'><strong>potestates.</strong></span> 
     </span>
    </p>
   </div>
   <div class='ocr_carea' id='block_1_64' title="bbox 2393 2045 3947 2126">
    <p class='ocr_par' dir='ltr' id='par_1_64' title="bbox 2393 2045 3947 2126">
     <span class='ocr_line' id='line_1_64' title="bbox 2393 2045 3947 2126; baseline -0.002 -13"><span class='ocrx_word' id='word_1_464' title='bbox 2393 2060 2572 2113; x_wconf 81' lang='lat' dir='ltr'><strong>Testis</strong></span> <span class='ocrx_word' id='word_1_465' title='bbox 2628 2068 2709 2112; x_wconf 86' lang='lat' dir='ltr'><strong>est</strong></span> <span class='ocrx_word' id='word_1_466' title='bbox 2760 2059 3114 2123; x_wconf 86' lang='lat' dir='ltr'><strong>Priscianus,</strong></span> <span class='ocrx_word' id='word_1_467' title='bbox 3167 2045 3647 2126; x_wconf 75' lang='lat' dir='ltr'><strong>grammaticorum</strong></span> <span class='ocrx_word' id='word_1_468' title='bbox 3701 2057 3947 2123; x_wconf 81' lang='lat' dir='ltr'><strong>omnium</strong></span> 
     </span>
    </p>
   </div>
   <div class='ocr_carea' id='block_1_65' title="bbox 2393 2142 3949 2215">
    <p class='ocr_par' dir='ltr' id='par_1_65' title="bbox 2393 2142 3949 2215">
     <span class='ocr_line' id='line_1_65' title="bbox 2393 2142 3949 2215; baseline -0.004 -13"><span class='ocrx_word' id='word_1_469' title='bbox 2393 2147 2907 2212; x_wconf 82' lang='lat' dir='ltr'><strong>excellentissimus,</strong></span> <span class='ocrx_word' id='word_1_470' title='bbox 2932 2162 3029 2201; x_wconf 86' lang='lat' dir='ltr'><strong>nec</strong></span> <span class='ocrx_word' id='word_1_471' title='bbox 3060 2150 3238 2201; x_wconf 83' lang='lat' dir='ltr'><strong>minus</strong></span> <span class='ocrx_word' id='word_1_472' title='bbox 3268 2148 3319 2200; x_wconf 91' lang='lat' dir='ltr'><strong>in</strong></span> <span class='ocrx_word' id='word_1_473' title='bbox 3343 2145 3544 2200; x_wconf 73' lang='lat' dir='ltr'><strong>Graecis</strong></span> <span class='ocrx_word' id='word_1_474' title='bbox 3565 2160 3730 2215; x_wconf 88' lang='lat' dir='ltr'><strong>quam</strong></span> <span class='ocrx_word' id='word_1_475' title='bbox 3764 2144 3819 2197; x_wconf 92' lang='lat' dir='ltr'><strong>in</strong></span> <span class='ocrx_word' id='word_1_476' title='bbox 3851 2142 3949 2196; x_wconf 85' lang='lat' dir='ltr'><strong>La-</strong></span> 
     </span>
    </p>
   </div>
   <div class='ocr_carea' id='block_1_66' title="bbox 2396 2236 3947 2307">
    <p class='ocr_par' dir='ltr' id='par_1_66' title="bbox 2396 2236 3947 2307">
     <span class='ocr_line' id='line_1_66' title="bbox 2396 2236 3947 2307; baseline -0.003 -14"><span class='ocrx_word' id='word_1_477' title='bbox 2396 2240 2523 2303; x_wconf 83' lang='lat' dir='ltr'><strong>tinis</strong></span> <span class='ocrx_word' id='word_1_478' title='bbox 2555 2239 2753 2292; x_wconf 90' lang='lat' dir='ltr'><strong>litteris</strong></span> <span class='ocrx_word' id='word_1_479' title='bbox 2785 2240 3013 2307; x_wconf 83' lang='lat' dir='ltr'><strong>peritus,</strong></span> <span class='ocrx_word' id='word_1_480' title='bbox 3067 2238 3268 2307; x_wconf 81' lang='lat' dir='ltr'><strong>quippe</strong></span> <span class='ocrx_word' id='word_1_481' title='bbox 3311 2238 3404 2301; x_wconf 81' lang='lat' dir='ltr'><strong>qui</strong></span> <span class='ocrx_word' id='word_1_482' title='bbox 3450 2236 3673 2291; x_wconf 55' lang='lat' dir='ltr'><strong>Graecas</strong></span> <span class='ocrx_word' id='word_1_483' title='bbox 3727 2237 3947 2297; x_wconf 81' lang='lat' dir='ltr'><strong>natione</strong></span> 
     </span>
    </p>
   </div>
   <div class='ocr_carea' id='block_1_67' title="bbox 2393 2327 3945 2398">
    <p class='ocr_par' dir='ltr' id='par_1_67' title="bbox 2393 2327 3945 2398">
     <span class='ocr_line' id='line_1_67' title="bbox 2393 2327 3945 2398; baseline -0.004 -14"><span class='ocrx_word' id='word_1_484' title='bbox 2393 2332 2512 2384; x_wconf 80' lang='lat' dir='ltr'><strong>fuit.</strong></span> <span class='ocrx_word' id='word_1_485' title='bbox 2549 2331 2671 2385; x_wconf 87' lang='lat' dir='ltr'><strong>Fuit</strong></span> <span class='ocrx_word' id='word_1_486' title='bbox 2700 2331 2844 2384; x_wconf 89' lang='lat' dir='ltr'><strong>enim</strong></span> <span class='ocrx_word' id='word_1_487' title='bbox 2868 2345 2932 2384; x_wconf 78' lang='lat' dir='ltr'><strong>ex</strong></span> <span class='ocrx_word' id='word_1_488' title='bbox 2964 2329 3231 2392; x_wconf 63' lang='lat' dir='ltr'><strong>Caesarea,</strong></span> <span class='ocrx_word' id='word_1_489' title='bbox 3268 2327 3730 2398; x_wconf 87' lang='lat' dir='ltr'><strong>Cappadoeensis,</strong></span> <span class='ocrx_word' id='word_1_490' title='bbox 3759 2342 3862 2382; x_wconf 82' lang='lat' dir='ltr'><strong>nec</strong></span> <span class='ocrx_word' id='word_1_491' title='bbox 3892 2328 3945 2379; x_wconf 90' lang='lat' dir='ltr'><strong>in</strong></span> 
     </span>
    </p>
   </div>
   <div class='ocr_carea' id='block_1_68' title="bbox 2392 2417 3947 2486">
    <p class='ocr_par' dir='ltr' id='par_1_68' title="bbox 2392 2417 3947 2486">
     <span class='ocr_line' id='line_1_68' title="bbox 2392 2417 3947 2486; baseline -0.001 -11"><span class='ocrx_word' id='word_1_492' title='bbox 2392 2423 2540 2476; x_wconf 84' lang='lat' dir='ltr'><strong>italia</strong></span> <span class='ocrx_word' id='word_1_493' title='bbox 2565 2462 2579 2486; x_wconf 94' lang='lat'><strong>,</strong></span> <span class='ocrx_word' id='word_1_494' title='bbox 2612 2420 2705 2474; x_wconf 81' lang='lat' dir='ltr'><strong>sed</strong></span> <span class='ocrx_word' id='word_1_495' title='bbox 2746 2420 2975 2476; x_wconf 81' lang='lat' dir='ltr'><strong>Athenis</strong></span> <span class='ocrx_word' id='word_1_496' title='bbox 3001 2427 3056 2473; x_wconf 87' lang='lat' dir='ltr'><strong>et</strong></span> <span class='ocrx_word' id='word_1_497' title='bbox 3090 2417 3276 2474; x_wconf 67' lang='lat' dir='ltr'><strong>Graece</strong></span> <span class='ocrx_word' id='word_1_498' title='bbox 3305 2419 3500 2474; x_wconf 85' lang='lat' dir='ltr'><strong>didicit</strong></span> <span class='ocrx_word' id='word_1_499' title='bbox 3547 2430 3601 2475; x_wconf 90' lang='lat' dir='ltr'><strong>et</strong></span> <span class='ocrx_word' id='word_1_500' title='bbox 3633 2417 3849 2473; x_wconf 88' lang='lat' dir='ltr'><strong>Latine.</strong></span> <span class='ocrx_word' id='word_1_501' title='bbox 3900 2418 3947 2473; x_wconf 87' lang='lat' dir='ltr'><strong>ls</strong></span> 
     </span>
    </p>
   </div>
   <div class='ocr_carea' id='block_1_69' title="bbox 2392 2510 3948 2587">
    <p class='ocr_par' dir='ltr' id='par_1_69' title="bbox 2392 2510 3948 2587">
     <span class='ocr_line' id='line_1_69' title="bbox 2392 2510 3948 2587; baseline 0.001 -23"><span class='ocrx_word' id='word_1_502' title='bbox 2392 2512 2444 2567; x_wconf 91' lang='lat' dir='ltr'><strong>in</strong></span> <span class='ocrx_word' id='word_1_503' title='bbox 2477 2512 2635 2565; x_wconf 84' lang='lat' dir='ltr'><strong>libris</strong></span> <span class='ocrx_word' id='word_1_504' title='bbox 2668 2511 2742 2563; x_wconf 87' lang='lat' dir='ltr'><strong>De</strong></span> <span class='ocrx_word' id='word_1_505' title='bbox 2775 2513 3175 2577; x_wconf 80' lang='lat' dir='ltr'><strong>constructione,</strong></span> <span class='ocrx_word' id='word_1_506' title='bbox 3206 2511 3297 2564; x_wconf 89' lang='lat' dir='ltr'><strong>ubi</strong></span> <span class='ocrx_word' id='word_1_507' title='bbox 3327 2511 3393 2565; x_wconf 90' lang='lat' dir='ltr'><strong>de</strong></span> <span class='ocrx_word' id='word_1_508' title='bbox 3420 2510 3788 2581; x_wconf 75' lang='lat' dir='ltr'><strong>subiungendi</strong></span> <span class='ocrx_word' id='word_1_509' title='bbox 3829 2526 3948 2587; x_wconf 74' lang='lat' dir='ltr'><strong>tuo-</strong></span> 
     </span>
    </p>
   </div>
   <div class='ocr_carea' id='block_1_70' title="bbox 2389 2596 3948 2674">
    <p class='ocr_par' dir='ltr' id='par_1_70' title="bbox 2389 2596 3948 2674">
     <span class='ocr_line' id='line_1_70' title="bbox 2389 2596 3948 2674; baseline 0 -17"><span class='ocrx_word' id='word_1_510' title='bbox 2389 2605 2481 2666; x_wconf 90' lang='lat' dir='ltr'><strong>do,</strong></span> <span class='ocrx_word' id='word_1_511' title='bbox 2513 2613 2568 2657; x_wconf 82' lang='lat' dir='ltr'><strong>et</strong></span> <span class='ocrx_word' id='word_1_512' title='bbox 2606 2606 2672 2657; x_wconf 88' lang='lat' dir='ltr'><strong>de</strong></span> <span class='ocrx_word' id='word_1_513' title='bbox 2708 2603 2975 2671; x_wconf 89' lang='lat' dir='ltr'><strong>particula</strong></span> <span class='ocrx_word' id='word_1_514' title='bbox 3006 2603 3072 2667; x_wconf 85' lang='lat' dir='ltr'><strong>si,</strong></span> <span class='ocrx_word' id='word_1_515' title='bbox 3110 2602 3327 2656; x_wconf 88' lang='lat' dir='ltr'><strong>easdem</strong></span> <span class='ocrx_word' id='word_1_516' title='bbox 3372 2596 3602 2674; x_wconf 79' lang='lat' dir='ltr'><strong>omnino</strong></span> <span class='ocrx_word' id='word_1_517' title='bbox 3632 2602 3710 2656; x_wconf 90' lang='lat' dir='ltr'><strong>ait</strong></span> <span class='ocrx_word' id='word_1_518' title='bbox 3742 2602 3948 2657; x_wconf 87' lang='lat' dir='ltr'><strong>habere</strong></span> 
     </span>
    </p>
   </div>
   <div class='ocr_carea' id='block_1_71' title="bbox 2393 2690 3951 2761">
    <p class='ocr_par' dir='ltr' id='par_1_71' title="bbox 2393 2690 3951 2761">
     <span class='ocr_line' id='line_1_71' title="bbox 2393 2690 3951 2761; baseline 0.001 -16"><span class='ocrx_word' id='word_1_519' title='bbox 2393 2694 2561 2761; x_wconf 81' lang='lat' dir='ltr'><strong>ipsam</strong></span> <span class='ocrx_word' id='word_1_520' title='bbox 2616 2694 2760 2746; x_wconf 85' lang='lat' dir='ltr'><strong>vires</strong></span> <span class='ocrx_word' id='word_1_521' title='bbox 2807 2708 2941 2760; x_wconf 90' lang='lat' dir='ltr'><strong>quas</strong></span> <span class='ocrx_word' id='word_1_522' title='bbox 2984 2690 3315 2757; x_wconf 72' lang='lat' dir='ltr'><strong>EavGraaca,</strong></span> <span class='ocrx_word' id='word_1_523' title='bbox 3368 2692 3532 2759; x_wconf 87' lang='lat' dir='ltr'><strong>idque</strong></span> <span class='ocrx_word' id='word_1_524' title='bbox 3580 2702 3689 2747; x_wconf 88' lang='lat' dir='ltr'><strong>tam</strong></span> <span class='ocrx_word' id='word_1_525' title='bbox 3738 2691 3951 2747; x_wconf 84' lang='lat' dir='ltr'><strong>Latinis</strong></span> 
     </span>
    </p>
   </div>
   <div class='ocr_carea' id='block_1_72' title="bbox 2393 2771 3945 2859">
    <p class='ocr_par' dir='ltr' id='par_1_72' title="bbox 2393 2771 3945 2859">
     <span class='ocr_line' id='line_1_72' title="bbox 2393 2771 3945 2859; baseline 0.002 -25"><span class='ocrx_word' id='word_1_526' title='bbox 2393 2800 2551 2851; x_wconf 87' lang='lat' dir='ltr'><strong>quam</strong></span> <span class='ocrx_word' id='word_1_527' title='bbox 2590 2782 2792 2837; x_wconf 63' lang='lat' dir='ltr'><strong>Graecis</strong></span> <span class='ocrx_word' id='word_1_528' title='bbox 2821 2784 3060 2838; x_wconf 85' lang='lat' dir='ltr'><strong>ostendit</strong></span> <span class='ocrx_word' id='word_1_529' title='bbox 3096 2784 3379 2853; x_wconf 80' lang='lat' dir='ltr'><strong>exemplis.</strong></span> <span class='ocrx_word' id='word_1_530' title='bbox 3422 2784 3530 2859; x_wconf 76' lang='lat' dir='ltr'><strong>sed</strong></span> <span class='ocrx_word' id='word_1_531' title='bbox 3554 2771 3736 2842; x_wconf 85' lang='lat' dir='ltr'><strong>sermo</strong></span> <span class='ocrx_word' id='word_1_532' title='bbox 3773 2785 3945 2838; x_wconf 90' lang='lat' dir='ltr'><strong>etiam</strong></span> 
     </span>
    </p>
   </div>
   <div class='ocr_carea' id='block_1_73' title="bbox 2394 2874 3949 2943">
    <p class='ocr_par' dir='ltr' id='par_1_73' title="bbox 2394 2874 3949 2943">
     <span class='ocr_line' id='line_1_73' title="bbox 2394 2874 3949 2943; baseline 0.001 -18"><span class='ocrx_word' id='word_1_533' title='bbox 2394 2875 2508 2941; x_wconf 84' lang='lat' dir='ltr'><strong>ipse</strong></span> <span class='ocrx_word' id='word_1_534' title='bbox 2533 2874 2753 2927; x_wconf 60' lang='lat' dir='ltr'><strong>Graecus</strong></span> <span class='ocrx_word' id='word_1_535' title='bbox 2780 2874 3222 2941; x_wconf 79' lang='lat' dir='ltr'><strong>perspicuumid</strong></span> <span class='ocrx_word' id='word_1_536' title='bbox 3254 2875 3401 2940; x_wconf 85' lang='lat' dir='ltr'><strong>iacit,</strong></span> <span class='ocrx_word' id='word_1_537' title='bbox 3427 2876 3564 2929; x_wconf 89' lang='lat' dir='ltr'><strong>adeo</strong></span> <span class='ocrx_word' id='word_1_538' title='bbox 3595 2884 3656 2930; x_wconf 92' lang='lat' dir='ltr'><strong>ut</strong></span> <span class='ocrx_word' id='word_1_539' title='bbox 3679 2875 3949 2943; x_wconf 79' lang='lat' dir='ltr'><strong>exemplis</strong></span> 
     </span>
    </p>
   </div>
   <div class='ocr_carea' id='block_1_74' title="bbox 2394 2962 3947 3030">
    <p class='ocr_par' dir='ltr' id='par_1_74' title="bbox 2394 2962 3947 3030">
     <span class='ocr_line' id='line_1_74' title="bbox 2394 2962 3947 3030; baseline 0.002 -17"><span class='ocrx_word' id='word_1_540' title='bbox 2394 2974 2531 3030; x_wconf 89' lang='lat' dir='ltr'><strong>opus</strong></span> <span class='ocrx_word' id='word_1_541' title='bbox 2570 2977 2672 3015; x_wconf 88' lang='lat' dir='ltr'><strong>non</strong></span> <span class='ocrx_word' id='word_1_542' title='bbox 2727 2963 2816 3016; x_wconf 88' lang='lat' dir='ltr'><strong>sit.</strong></span> <span class='ocrx_word' id='word_1_543' title='bbox 2884 2962 3103 3018; x_wconf 85' lang='lat' dir='ltr'><strong>Dicatur</strong></span> <span class='ocrx_word' id='word_1_544' title='bbox 3155 2965 3317 3017; x_wconf 84' lang='lat' dir='ltr'><strong>alicui</strong></span> <span class='ocrx_word' id='word_1_545' title='bbox 3359 2979 3550 3018; x_wconf 86' lang='lat' dir='ltr'><strong>carnes</strong></span> <span class='ocrx_word' id='word_1_546' title='bbox 3590 2965 3679 3018; x_wconf 91' lang='lat' dir='ltr'><strong>die</strong></span> <span class='ocrx_word' id='word_1_547' title='bbox 3723 2965 3947 3018; x_wconf 83' lang='lat' dir='ltr'><strong>Sabbati</strong></span> 
     </span>
    </p>
   </div>
   <div class='ocr_carea' id='block_1_75' title="bbox 2395 3051 3949 3119">
    <p class='ocr_par' dir='ltr' id='par_1_75' title="bbox 2395 3051 3949 3119">
     <span class='ocr_line' id='line_1_75' title="bbox 2395 3051 3949 3119; baseline 0.001 -13"><span class='ocrx_word' id='word_1_548' title='bbox 2395 3052 2698 3106; x_wconf 86' lang='lat' dir='ltr'><strong>comedenti</strong></span> <span class='ocrx_word' id='word_1_549' title='bbox 2726 3051 3042 3111; x_wconf 67' lang='lat' dir='ltr'><strong>:Carues;tu</strong></span> <span class='ocrx_word' id='word_1_550' title='bbox 3071 3055 3295 3107; x_wconf 80' lang='lat' dir='ltr'><strong>comedis</strong></span> <span class='ocrx_word' id='word_1_551' title='bbox 3320 3056 3376 3106; x_wconf 83' lang='lat' dir='ltr'><strong>in</strong></span> <span class='ocrx_word' id='word_1_552' title='bbox 3400 3053 3631 3107; x_wconf 83' lang='lat' dir='ltr'><strong>Sabbato</strong></span> <span class='ocrx_word' id='word_1_553' title='bbox 3659 3054 3683 3105; x_wconf 82' lang='lat'><strong><em>?</em></strong></span> <span class='ocrx_word' id='word_1_554' title='bbox 3723 3068 3949 3119; x_wconf 86' lang='lat' dir='ltr'><strong>respon-</strong></span> 
     </span>
    </p>
   </div>
   <div class='ocr_carea' id='block_1_76' title="bbox 2396 3142 3945 3211">
    <p class='ocr_par' dir='ltr' id='par_1_76' title="bbox 2396 3142 3945 3211">
     <span class='ocr_line' id='line_1_76' title="bbox 2396 3142 3945 3211; baseline 0 -14"><span class='ocrx_word' id='word_1_555' title='bbox 2396 3146 2538 3208; x_wconf 83' lang='lat' dir='ltr'><strong>deat,</strong></span> <span class='ocrx_word' id='word_1_556' title='bbox 2586 3144 2709 3194; x_wconf 79' lang='grc' dir='ltr'><strong>Ἐὰν</strong></span> <span class='ocrx_word' id='word_1_557' title='bbox 2770 3142 2949 3210; x_wconf 80' lang='grc' dir='ltr'><strong>φάγω,</strong></span> <span class='ocrx_word' id='word_1_558' title='bbox 2981 3144 3033 3194; x_wconf 82' lang='grc' dir='ltr'><strong>τί</strong></span> <span class='ocrx_word' id='word_1_559' title='bbox 3065 3144 3198 3211; x_wconf 63' lang='grc' dir='ltr'>πρὸς</span> <span class='ocrx_word' id='word_1_560' title='bbox 3229 3146 3324 3208; x_wconf 69' lang='lat' dir='ltr'><strong>oe;</strong></span> <span class='ocrx_word' id='word_1_561' title='bbox 3377 3145 3426 3197; x_wconf 88' lang='lat' dir='ltr'><strong>id</strong></span> <span class='ocrx_word' id='word_1_562' title='bbox 3459 3154 3562 3208; x_wconf 88' lang='lat' dir='ltr'><strong>est,</strong></span> <span class='ocrx_word' id='word_1_563' title='bbox 3605 3143 3663 3198; x_wconf 89' lang='lat' dir='ltr'><strong>Si</strong></span> <span class='ocrx_word' id='word_1_564' title='bbox 3690 3149 3945 3210; x_wconf 62' lang='lat' dir='ltr'><strong>comedo,</strong></span> 
     </span>
    </p>
   </div>
   <div class='ocr_carea' id='block_1_77' title="bbox 2394 3234 3953 3309">
    <p class='ocr_par' dir='ltr' id='par_1_77' title="bbox 2394 3234 3953 3309">
     <span class='ocr_line' id='line_1_77' title="bbox 2394 3234 3953 3309; baseline 0.003 -23"><span class='ocrx_word' id='word_1_565' title='bbox 2394 3239 2517 3306; x_wconf 80' lang='lat' dir='ltr'><strong>quid</strong></span> <span class='ocrx_word' id='word_1_566' title='bbox 2549 3236 2616 3288; x_wconf 84' lang='lat' dir='ltr'><strong>ad</strong></span> <span class='ocrx_word' id='word_1_567' title='bbox 2651 3235 2739 3287; x_wconf 82' lang='lat' dir='ltr'><strong>te?</strong></span> <span class='ocrx_word' id='word_1_568' title='bbox 2772 3238 2923 3291; x_wconf 82' lang='lat' dir='ltr'><strong>Patet</strong></span> <span class='ocrx_word' id='word_1_569' title='bbox 2953 3236 3081 3309; x_wconf 76' lang='lat' dir='ltr'><strong>quia</strong></span> <span class='ocrx_word' id='word_1_570' title='bbox 3130 3234 3416 3289; x_wconf 87' lang='lat' dir='ltr'><strong>comedere</strong></span> <span class='ocrx_word' id='word_1_571' title='bbox 3447 3237 3667 3290; x_wconf 82' lang='lat' dir='ltr'><strong>asserit.</strong></span> <span class='ocrx_word' id='word_1_572' title='bbox 3693 3238 3851 3302; x_wconf 88' lang='lat' dir='ltr'><strong>Quod</strong></span> <span class='ocrx_word' id='word_1_573' title='bbox 3900 3240 3953 3292; x_wconf 81' lang='lat' dir='ltr'><strong>si</strong></span> 
     </span>
    </p>
   </div>
   <div class='ocr_carea' id='block_1_78' title="bbox 2394 3326 3951 3396">
    <p class='ocr_par' dir='ltr' id='par_1_78' title="bbox 2394 3326 3951 3396">
     <span class='ocr_line' id='line_1_78' title="bbox 2394 3326 3951 3396; baseline 0.003 -17"><span class='ocrx_word' id='word_1_574' title='bbox 2394 3331 2619 3386; x_wconf 85' lang='lat' dir='ltr'><strong>diceret,</strong></span> <span class='ocrx_word' id='word_1_575' title='bbox 2682 3326 2738 3381; x_wconf 86' lang='lat' dir='ltr'><strong>Si</strong></span> <span class='ocrx_word' id='word_1_576' title='bbox 2774 3328 3115 3389; x_wconf 82' lang='lat' dir='ltr'><strong>contederem,</strong></span> <span class='ocrx_word' id='word_1_577' title='bbox 3156 3326 3375 3396; x_wconf 72' lang='lat' dir='ltr'><strong>quidad</strong></span> <span class='ocrx_word' id='word_1_578' title='bbox 3420 3326 3516 3379; x_wconf 83' lang='lat' dir='ltr'><strong>te?</strong></span> <span class='ocrx_word' id='word_1_579' title='bbox 3570 3343 3678 3382; x_wconf 89' lang='lat' dir='ltr'><strong>non</strong></span> <span class='ocrx_word' id='word_1_580' title='bbox 3725 3330 3951 3393; x_wconf 66' lang='lat' dir='ltr'><strong>cumino</strong></span> 
     </span>
    </p>
   </div>
   <div class='ocr_carea' id='block_1_79' title="bbox 2392 3419 3951 3495">
    <p class='ocr_par' dir='ltr' id='par_1_79' title="bbox 2392 3419 3951 3495">
     <span class='ocr_line' id='line_1_79' title="bbox 2392 3419 3951 3495; baseline 0.001 -23"><span class='ocrx_word' id='word_1_581' title='bbox 2392 3421 2680 3495; x_wconf 78' lang='lat' dir='ltr'><strong>comedere</strong></span> <span class='ocrx_word' id='word_1_582' title='bbox 2706 3420 3050 3483; x_wconf 87' lang='lat' dir='ltr'><strong>concederet,</strong></span> <span class='ocrx_word' id='word_1_583' title='bbox 3076 3419 3168 3473; x_wconf 87' lang='lat' dir='ltr'><strong>sed</strong></span> <span class='ocrx_word' id='word_1_584' title='bbox 3203 3419 3360 3487; x_wconf 81' lang='lat' dir='ltr'><strong>quasi</strong></span> <span class='ocrx_word' id='word_1_585' title='bbox 3403 3421 3653 3489; x_wconf 74' lang='lat' dir='ltr'><strong>negando</strong></span> <span class='ocrx_word' id='word_1_586' title='bbox 3686 3422 3784 3474; x_wconf 80' lang='lat' dir='ltr'><strong>sub</strong></span> <span class='ocrx_word' id='word_1_587' title='bbox 3815 3436 3951 3473; x_wconf 86' lang='lat' dir='ltr'><strong>con-</strong></span> 
     </span>
    </p>
   </div>
   <div class='ocr_carea' id='block_1_80' title="bbox 2393 3508 3949 3579">
    <p class='ocr_par' dir='ltr' id='par_1_80' title="bbox 2393 3508 3949 3579">
     <span class='ocr_line' id='line_1_80' title="bbox 2393 3508 3949 3579; baseline 0.002 -19"><span class='ocrx_word' id='word_1_588' title='bbox 2393 3509 2598 3562; x_wconf 83' lang='lat' dir='ltr'><strong>ditione</strong></span> <span class='ocrx_word' id='word_1_589' title='bbox 2635 3519 2883 3576; x_wconf 87' lang='lat' dir='ltr'><strong>poneret.</strong></span> <span class='ocrx_word' id='word_1_590' title='bbox 2919 3510 3033 3562; x_wconf 85' lang='lat' dir='ltr'><strong>Hoc</strong></span> <span class='ocrx_word' id='word_1_591' title='bbox 3065 3508 3116 3562; x_wconf 92' lang='lat' dir='ltr'><strong>in</strong></span> <span class='ocrx_word' id='word_1_592' title='bbox 3148 3508 3335 3563; x_wconf 77' lang='lat' dir='ltr'><strong>Graeco</strong></span> <span class='ocrx_word' id='word_1_593' title='bbox 3366 3523 3618 3577; x_wconf 83' lang='lat' dir='ltr'><strong>sermone</strong></span> <span class='ocrx_word' id='word_1_594' title='bbox 3641 3526 3748 3564; x_wconf 91' lang='lat' dir='ltr'><strong>non</strong></span> <span class='ocrx_word' id='word_1_595' title='bbox 3767 3521 3949 3579; x_wconf 82' lang='lat' dir='ltr'><strong>potest</strong></span> 
     </span>
    </p>
   </div>
   <div class='ocr_carea' id='block_1_81' title="bbox 2393 3600 3949 3671">
    <p class='ocr_par' dir='ltr' id='par_1_81' title="bbox 2393 3600 3949 3671">
     <span class='ocr_line' id='line_1_81' title="bbox 2393 3600 3949 3671; baseline 0.001 -17"><span class='ocrx_word' id='word_1_596' title='bbox 2393 3600 2604 3669; x_wconf 86' lang='lat' dir='ltr'><strong>liquido</strong></span> <span class='ocrx_word' id='word_1_597' title='bbox 2637 3601 2861 3669; x_wconf 78' lang='lat' dir='ltr'><strong>peicipi.</strong></span> <span class='ocrx_word' id='word_1_598' title='bbox 2891 3600 2997 3661; x_wconf 87' lang='lat' dir='ltr'><strong>Sed</strong></span> <span class='ocrx_word' id='word_1_599' title='bbox 3021 3602 3153 3654; x_wconf 86' lang='lat' dir='ltr'><strong>latet</strong></span> <span class='ocrx_word' id='word_1_600' title='bbox 3179 3601 3337 3663; x_wconf 90' lang='lat' dir='ltr'><strong>adeo,</strong></span> <span class='ocrx_word' id='word_1_601' title='bbox 3373 3613 3431 3657; x_wconf 92' lang='lat' dir='ltr'><strong>ut</strong></span> <span class='ocrx_word' id='word_1_602' title='bbox 3464 3603 3753 3671; x_wconf 84' lang='lat' dir='ltr'><strong>peritiores</strong></span> <span class='ocrx_word' id='word_1_603' title='bbox 3776 3605 3949 3656; x_wconf 78' lang='lat' dir='ltr'><strong>etiam</strong></span> 
     </span>
    </p>
   </div>
   <div class='ocr_carea' id='block_1_82' title="bbox 2395 3692 3949 3765">
    <p class='ocr_par' dir='ltr' id='par_1_82' title="bbox 2395 3692 3949 3765">
     <span class='ocr_line' id='line_1_82' title="bbox 2395 3692 3949 3765; baseline 0.003 -22"><span class='ocrx_word' id='word_1_604' title='bbox 2395 3692 2556 3760; x_wconf 84' lang='lat' dir='ltr'><strong>hujus</strong></span> <span class='ocrx_word' id='word_1_605' title='bbox 2593 3692 2984 3761; x_wconf 30' lang='lat' dir='ltr'><strong>mtatis‘fugiat,</strong></span> <span class='ocrx_word' id='word_1_606' title='bbox 3011 3694 3113 3745; x_wconf 86' lang='lat' dir='ltr'><strong>nisi</strong></span> <span class='ocrx_word' id='word_1_607' title='bbox 3142 3693 3359 3747; x_wconf 81' lang='lat' dir='ltr'><strong>.Latinze</strong></span> <span class='ocrx_word' id='word_1_608' title='bbox 3403 3694 3605 3764; x_wconf 71' lang='lat' dir='ltr'><strong>lingua:</strong></span> <span class='ocrx_word' id='word_1_609' title='bbox 3636 3696 3949 3765; x_wconf 85' lang='lat' dir='ltr'><strong>proprieta-</strong></span> 
     </span>
    </p>
   </div>
   <div class='ocr_carea' id='block_1_83' title="bbox 2395 3777 3955 3853">
    <p class='ocr_par' dir='ltr' id='par_1_83' title="bbox 2395 3777 3955 3853">
     <span class='ocr_line' id='line_1_83' title="bbox 2395 3777 3955 3853; baseline 0.004 -18"><span class='ocrx_word' id='word_1_610' title='bbox 2395 3792 2474 3835; x_wconf 86' lang='lat' dir='ltr'><strong>tes</strong></span> <span class='ocrx_word' id='word_1_611' title='bbox 2506 3784 2862 3849; x_wconf 78' lang='lat' dir='ltr'><strong>inspexerint.</strong></span> <span class='ocrx_word' id='word_1_612' title='bbox 2893 3782 3060 3852; x_wconf 84' lang='lat' dir='ltr'><strong>Cujus</strong></span> <span class='ocrx_word' id='word_1_613' title='bbox 3098 3777 3370 3846; x_wconf 74' lang='lat' dir='ltr'><strong>rei‘causa</strong></span> <span class='ocrx_word' id='word_1_614' title='bbox 3398 3794 3501 3847; x_wconf 87' lang='lat' dir='ltr'><strong>est,</strong></span> <span class='ocrx_word' id='word_1_615' title='bbox 3527 3787 3784 3853; x_wconf 87' lang='lat' dir='ltr'><strong>quoniam</strong></span> <span class='ocrx_word' id='word_1_616' title='bbox 3814 3787 3955 3841; x_wconf 81' lang='lat' dir='ltr'><strong>sub-</strong></span> 
     </span>
    </p>
   </div>
   <div class='ocr_carea' id='block_1_84' title="bbox 2388 3870 3951 3940">
    <p class='ocr_par' dir='ltr' id='par_1_84' title="bbox 2388 3870 3951 3940">
     <span class='ocr_line' id='line_1_84' title="bbox 2388 3870 3951 3940; baseline 0.003 -19"><span class='ocrx_word' id='word_1_617' title='bbox 2388 3870 2635 3936; x_wconf 86' lang='lat' dir='ltr'><strong>iicientia</strong></span> <span class='ocrx_word' id='word_1_618' title='bbox 2674 3872 2838 3923; x_wconf 85' lang='lat' dir='ltr'><strong>verba</strong></span> <span class='ocrx_word' id='word_1_619' title='bbox 2874 3872 3079 3925; x_wconf 78' lang='lat' dir='ltr'><strong>minuta</strong></span> <span class='ocrx_word' id='word_1_620' title='bbox 3116 3874 3355 3940; x_wconf 80' lang='lat' dir='ltr'><strong>quadam</strong></span> <span class='ocrx_word' id='word_1_621' title='bbox 3394 3873 3667 3927; x_wconf 85' lang='lat' dir='ltr'><strong>scribendi</strong></span> <span class='ocrx_word' id='word_1_622' title='bbox 3697 3874 3764 3926; x_wconf 88' lang='lat' dir='ltr'><strong>ab</strong></span> <span class='ocrx_word' id='word_1_623' title='bbox 3800 3874 3951 3926; x_wconf 86' lang='lat' dir='ltr'><strong>indi-</strong></span> 
     </span>
    </p>
   </div>
   <div class='ocr_carea' id='block_1_85' title="bbox 2394 3962 3952 4031">
    <p class='ocr_par' dir='ltr' id='par_1_85' title="bbox 2394 3962 3952 4031">
     <span class='ocr_line' id='line_1_85' title="bbox 2394 3962 3952 4031; baseline 0.004 -19"><span class='ocrx_word' id='word_1_624' title='bbox 2394 3962 2647 4013; x_wconf 81' lang='lat' dir='ltr'><strong>cantibus</strong></span> <span class='ocrx_word' id='word_1_625' title='bbox 2705 3962 3009 4015; x_wconf 67' lang='lat' dir='ltr'><strong>diﬁerentia</strong></span> <span class='ocrx_word' id='word_1_626' title='bbox 3071 3964 3508 4031; x_wconf 71' lang='lat' dir='ltr'><strong>distinguuntur.</strong></span> <span class='ocrx_word' id='word_1_627' title='bbox 3569 3963 3749 4018; x_wconf 84' lang='lat' dir='ltr'><strong>Prima</strong></span> <span class='ocrx_word' id='word_1_628' title='bbox 3792 3966 3952 4019; x_wconf 80' lang='lat' dir='ltr'><strong>enim</strong></span> 
     </span>
    </p>
   </div>
   <div class='ocr_carea' id='block_1_86' title="bbox 2394 4053 3955 4129">
    <p class='ocr_par' dir='ltr' id='par_1_86' title="bbox 2394 4053 3955 4129">
     <span class='ocr_line' id='line_1_86' title="bbox 2394 4053 3955 4129; baseline 0.004 -27"><span class='ocrx_word' id='word_1_629' title='bbox 2394 4053 2677 4121; x_wconf 72' lang='lat' dir='ltr'><strong>praesentis</strong></span> <span class='ocrx_word' id='word_1_630' title='bbox 2714 4053 2958 4106; x_wconf 87' lang='lat' dir='ltr'><strong>indicans</strong></span> <span class='ocrx_word' id='word_1_631' title='bbox 3013 4069 3246 4120; x_wconf 75' lang='lat' dir='ltr'><strong>persona</strong></span> <span class='ocrx_word' id='word_1_632' title='bbox 3280 4066 3518 4129; x_wconf 22' lang='grc' dir='ltr'><strong>ρι’-νοσεῖ</strong></span> <span class='ocrx_word' id='word_1_633' title='bbox 3569 4066 3625 4111; x_wconf 89' lang='lat' dir='ltr'><strong>et</strong></span> <span class='ocrx_word' id='word_1_634' title='bbox 3668 4059 3955 4126; x_wconf 80' lang='lat' dir='ltr'><strong>scriptura</strong></span> 
     </span>
    </p>
   </div>
   <div class='ocr_carea' id='block_1_87' title="bbox 2393 4138 3953 4216">
    <p class='ocr_par' dir='ltr' id='par_1_87' title="bbox 2393 4138 3953 4216">
     <span class='ocr_line' id='line_1_87' title="bbox 2393 4138 3953 4216; baseline 0.005 -25"><span class='ocrx_word' id='word_1_635' title='bbox 2393 4144 2579 4214; x_wconf 86' lang='lat' dir='ltr'><strong>eadem</strong></span> <span class='ocrx_word' id='word_1_636' title='bbox 2612 4148 2857 4207; x_wconf 88' lang='lat' dir='ltr'><strong>est_cum</strong></span> <span class='ocrx_word' id='word_1_637' title='bbox 2909 4143 3291 4211; x_wconf 77' lang='lat' dir='ltr'><strong>subiungendi.</strong></span> <span class='ocrx_word' id='word_1_638' title='bbox 3330 4138 3481 4201; x_wconf 87' lang='lat' dir='ltr'><strong>Sicut</strong></span> <span class='ocrx_word' id='word_1_639' title='bbox 3533 4148 3586 4199; x_wconf 88' lang='lat' dir='ltr'><strong>in</strong></span> <span class='ocrx_word' id='word_1_640' title='bbox 3643 4151 3953 4216; x_wconf 83' lang='lat' dir='ltr'><strong>proposito,</strong></span> 
     </span>
    </p>
   </div>
   <div class='ocr_carea' id='block_1_88' title="bbox 2407 4226 3956 4299">
    <p class='ocr_par' dir='ltr' id='par_1_88' title="bbox 2407 4226 3956 4299">
     <span class='ocr_line' id='line_1_88' title="bbox 2407 4226 3956 4299; baseline 0.005 -23"><span class='ocrx_word' id='word_1_641' title='bbox 2407 4226 2530 4277; x_wconf 81' lang='lat' dir='ltr'><strong>Volo</strong></span> <span class='ocrx_word' id='word_1_642' title='bbox 2565 4243 2677 4289; x_wconf 69' lang='lat' dir='ltr'><strong>eum</strong></span> <span class='ocrx_word' id='word_1_643' title='bbox 2733 4243 2959 4290; x_wconf 81' lang='lat' dir='ltr'><strong>manere,</strong></span> <span class='ocrx_word' id='word_1_644' title='bbox 2998 4230 3135 4279; x_wconf 73' lang='grc' dir='ltr'><strong>Θέλω</strong></span> <span class='ocrx_word' id='word_1_645' title='bbox 3166 4233 3325 4281; x_wconf 68' lang='grc' dir='ltr'>αὐτὸν</span> <span class='ocrx_word' id='word_1_646' title='bbox 3380 4236 3601 4299; x_wconf 80' lang='grc' dir='ltr'><strong>μένειν,</strong></span> <span class='ocrx_word' id='word_1_647' title='bbox 3643 4236 3774 4287; x_wconf 85' lang='lat' dir='ltr'><strong>illud</strong></span> <span class='ocrx_word' id='word_1_648' title='bbox 3806 4238 3956 4286; x_wconf 47' lang='lat' dir='ltr'><strong>om.)</strong></span> 
     </span>
    </p>
   </div>
   <div class='ocr_carea' id='block_1_89' title="bbox 2397 4319 3957 4385">
    <p class='ocr_par' dir='ltr' id='par_1_89' title="bbox 2397 4319 3957 4385">
     <span class='ocr_line' id='line_1_89' title="bbox 2397 4319 3957 4385; baseline 0.004 -16"><span class='ocrx_word' id='word_1_649' title='bbox 2397 4324 2575 4385; x_wconf 83' lang='lat' dir='ltr'><strong>potest</strong></span> <span class='ocrx_word' id='word_1_650' title='bbox 2615 4326 2670 4369; x_wconf 88' lang='lat' dir='ltr'><strong>et</strong></span> <span class='ocrx_word' id='word_1_651' title='bbox 2704 4319 2829 4368; x_wconf 52' lang='lat' dir='ltr'><strong>‘volo</strong></span> <span class='ocrx_word' id='word_1_652' title='bbox 2888 4328 2943 4370; x_wconf 89' lang='lat' dir='ltr'><strong>et</strong></span> <span class='ocrx_word' id='word_1_653' title='bbox 2993 4319 3175 4369; x_wconf 72' lang='lat' dir='ltr'><strong>vellem</strong></span> <span class='ocrx_word' id='word_1_654' title='bbox 3213 4320 3317 4373; x_wconf 89' lang='lat' dir='ltr'><strong>dici</strong></span> <span class='ocrx_word' id='word_1_655' title='bbox 3355 4322 3567 4376; x_wconf 82' lang='lat' dir='ltr'><strong>Latine.</strong></span> <span class='ocrx_word' id='word_1_656' title='bbox 3619 4325 3724 4375; x_wconf 70' lang='lat' dir='ltr'><strong>Sed</strong></span> <span class='ocrx_word' id='word_1_657' title='bbox 3765 4326 3957 4376; x_wconf 70' lang='lat' dir='ltr'><strong>aettem</strong></span> 
     </span>
    </p>
   </div>
   <div class='ocr_carea' id='block_1_90' title="bbox 746 4400 3957 4473">
    <p class='ocr_par' dir='ltr' id='par_1_90' title="bbox 746 4400 3957 4473">
     <span class='ocr_line' id='line_1_90' title="bbox 746 4400 3957 4473; baseline 0.003 -18"><span class='ocrx_word' id='word_1_658' title='bbox 746 4413 995 4470; x_wconf 80' lang='lat' dir='ltr'><strong>quentes.</strong></span> <span class='ocrx_word' id='word_1_659' title='bbox 1030 4413 1217 4471; x_wconf 87' lang='lat' dir='ltr'><strong>aperte</strong></span> <span class='ocrx_word' id='word_1_660' title='bbox 1246 4402 1620 4463; x_wconf 74' lang='lat' dir='ltr'><strong>oetcndetnus,</strong></span> <span class='ocrx_word' id='word_1_661' title='bbox 1653 4400 1708 4452; x_wconf 90' lang='lat' dir='ltr'><strong>id</strong></span> <span class='ocrx_word' id='word_1_662' title='bbox 1739 4400 1913 4466; x_wconf 87' lang='lat' dir='ltr'><strong>ipsum</strong></span> <span class='ocrx_word' id='word_1_663' title='bbox 1946 4409 2001 4453; x_wconf 91' lang='lat' dir='ltr'><strong>et</strong></span> <span class='ocrx_word' id='word_1_664' title='bbox 2026 4415 2124 4468; x_wconf 88' lang='lat' dir='ltr'><strong>per</strong></span> <span class='ocrx_word' id='word_1_665' title='bbox 2150 4400 2294 4454; x_wconf 89' lang='lat' dir='ltr'><strong>hunc</strong></span> <span class='ocrx_word' id='word_1_666' title='bbox 2327 4403 2367 4455; x_wconf 83' lang='grc' dir='ltr'>ι)</span> <span class='ocrx_word' id='word_1_667' title='bbox 2400 4407 2548 4458; x_wconf 85' lang='lat' dir='ltr'><strong>nullo</strong></span> <span class='ocrx_word' id='word_1_668' title='bbox 2594 4414 2750 4473; x_wconf 79' lang='lat' dir='ltr'><strong>pacto</strong></span> <span class='ocrx_word' id='word_1_669' title='bbox 2790 4408 3063 4467; x_wconf 79' lang='lat' dir='ltr'><strong>convenit,</strong></span> <span class='ocrx_word' id='word_1_670' title='bbox 3111 4409 3335 4460; x_wconf 73' lang='lat' dir='ltr'><strong>omnin)</strong></span> <span class='ocrx_word' id='word_1_671' title='bbox 3370 4412 3517 4467; x_wconf 80' lang='lat' dir='ltr'><strong>enim</strong></span> <span class='ocrx_word' id='word_1_672' title='bbox 3549 4426 3575 4462; x_wconf 91' lang='lat' dir='ltr'><strong>a</strong></span> <span class='ocrx_word' id='word_1_673' title='bbox 3611 4418 3775 4465; x_wconf 75' lang='lat' dir='ltr'><strong>rebus</strong></span> <span class='ocrx_word' id='word_1_674' title='bbox 3817 4415 3957 4465; x_wconf 77' lang='lat' dir='ltr'><strong>alie-</strong></span> 
     </span>
    </p>
   </div>
   <div class='ocr_carea' id='block_1_91' title="bbox 746 4489 2295 4563">
    <p class='ocr_par' dir='ltr' id='par_1_91' title="bbox 746 4489 2295 4563">
     <span class='ocr_line' id='line_1_91' title="bbox 746 4489 2295 4563; baseline -0.003 -16"><span class='ocrx_word' id='word_1_675' title='bbox 746 4493 1021 4563; x_wconf 70' lang='lat' dir='ltr'><strong>Evangelii</strong></span> <span class='ocrx_word' id='word_1_676' title='bbox 1046 4494 1226 4547; x_wconf 84' lang='lat' dir='ltr'><strong>locum</strong></span> <span class='ocrx_word' id='word_1_677' title='bbox 1263 4490 1581 4560; x_wconf 77' lang='lat' dir='ltr'><strong>signiﬁcari,</strong></span> <span class='ocrx_word' id='word_1_678' title='bbox 1605 4498 1660 4543; x_wconf 90' lang='lat' dir='ltr'><strong>ct</strong></span> <span class='ocrx_word' id='word_1_679' title='bbox 1689 4490 1807 4543; x_wconf 85' lang='lat' dir='ltr'><strong>aliis</strong></span> <span class='ocrx_word' id='word_1_680' title='bbox 1837 4489 2138 4543; x_wconf 86' lang='lat' dir='ltr'><strong>rationibus</strong></span> <span class='ocrx_word' id='word_1_681' title='bbox 2168 4505 2295 4561; x_wconf 85' lang='lat' dir='ltr'><strong>eon-</strong></span> 
     </span>
    </p>
   </div>
   <div class='ocr_carea' id='block_1_92' title="bbox 749 4582 2294 4652">
    <p class='ocr_par' dir='ltr' id='par_1_92' title="bbox 749 4582 2294 4652">
     <span class='ocr_line' id='line_1_92' title="bbox 749 4582 2294 4652; baseline -0.001 -15"><span class='ocrx_word' id='word_1_682' title='bbox 749 4587 949 4641; x_wconf 82' lang='lat' dir='ltr'><strong>tlrmari</strong></span> <span class='ocrx_word' id='word_1_683' title='bbox 985 4596 1207 4640; x_wconf 61' lang='lat' dir='ltr'><strong>crtum</strong></span> <span class='ocrx_word' id='word_1_684' title='bbox 1250 4586 1421 4651; x_wconf 85' lang='lat' dir='ltr'><strong>ipsius</strong></span> <span class='ocrx_word' id='word_1_685' title='bbox 1451 4582 1677 4637; x_wconf 83' lang='lat' dir='ltr'><strong>Joannis</strong></span> <span class='ocrx_word' id='word_1_686' title='bbox 1708 4582 1760 4633; x_wconf 90' lang='lat' dir='ltr'><strong>in</strong></span> <span class='ocrx_word' id='word_1_687' title='bbox 1809 4582 2128 4652; x_wconf 81' lang='lat' dir='ltr'><strong>Apocalypsi</strong></span> <span class='ocrx_word' id='word_1_688' title='bbox 2182 4591 2294 4635; x_wconf 88' lang='lat' dir='ltr'><strong>tum</strong></span> 
     </span>
    </p>
   </div>
   <div class='ocr_carea' id='block_1_93' title="bbox 747 4662 2293 4749">
    <p class='ocr_par' dir='ltr' id='par_1_93' title="bbox 747 4662 2293 4749">
     <span class='ocr_line' id='line_1_93' title="bbox 747 4662 2293 4749; baseline -0.003 -17"><span class='ocrx_word' id='word_1_689' title='bbox 747 4662 1382 4749; x_wconf 69' lang='lat' dir='ltr'><strong>Evangeliiauctoritate</strong></span> <span class='ocrx_word' id='word_1_690' title='bbox 1419 4690 1482 4728; x_wconf 81' lang='lat' dir='ltr'><strong>ac</strong></span> <span class='ocrx_word' id='word_1_691' title='bbox 1534 4672 1843 4727; x_wconf 83' lang='lat' dir='ltr'><strong>testimonio</strong></span> <span class='ocrx_word' id='word_1_692' title='bbox 1900 4673 2293 4741; x_wconf 77' lang='lat' dir='ltr'><strong>signiﬁcantius</strong></span> 
     </span>
    </p>
   </div>
   <div class='ocr_carea' id='block_1_94' title="bbox 745 4761 2292 4837">
    <p class='ocr_par' dir='ltr' id='par_1_94' title="bbox 745 4761 2292 4837">
     <span class='ocr_line' id='line_1_94' title="bbox 745 4761 2292 4837; baseline -0.005 -14"><span class='ocrx_word' id='word_1_693' title='bbox 745 4767 1089 4837; x_wconf 78' lang='lat' dir='ltr'><strong>comprobari</strong></span> <span class='ocrx_word' id='word_1_694' title='bbox 1114 4808 1129 4833; x_wconf 91' lang='lat'><strong>,</strong></span> <span class='ocrx_word' id='word_1_695' title='bbox 1174 4778 1335 4834; x_wconf 85' lang='lat' dir='ltr'><strong>atque</strong></span> <span class='ocrx_word' id='word_1_696' title='bbox 1366 4768 1501 4820; x_wconf 89' lang='lat' dir='ltr'><strong>adeo</strong></span> <span class='ocrx_word' id='word_1_697' title='bbox 1536 4764 1897 4819; x_wconf 84' lang='lat' dir='ltr'><strong>demonstrari</strong></span> <span class='ocrx_word' id='word_1_698' title='bbox 1932 4780 1947 4815; x_wconf 89' lang='lat'><strong>:</strong></span> <span class='ocrx_word' id='word_1_699' title='bbox 1983 4761 2043 4814; x_wconf 86' lang='lat' dir='ltr'><strong>Si</strong></span> <span class='ocrx_word' id='word_1_700' title='bbox 2076 4764 2292 4831; x_wconf 84' lang='lat' dir='ltr'><strong>(inquit)</strong></span> 
     </span>
    </p>
   </div>
   <div class='ocr_carea' id='block_1_95' title="bbox 744 4851 2292 4923">
    <p class='ocr_par' dir='ltr' id='par_1_95' title="bbox 744 4851 2292 4923">
     <span class='ocr_line' id='line_1_95' title="bbox 744 4851 2292 4923; baseline -0.003 -14"><span class='ocrx_word' id='word_1_701' title='bbox 744 4876 857 4912; x_wconf 77' lang='lat' dir='ltr'><strong>eum</strong></span> <span class='ocrx_word' id='word_1_702' title='bbox 892 4859 1002 4911; x_wconf 74' lang='lat' dir='ltr'><strong>nolo</strong></span> <span class='ocrx_word' id='word_1_703' title='bbox 1025 4874 1230 4911; x_wconf 63' lang='lat' dir='ltr'><strong>manare</strong></span> <span class='ocrx_word' id='word_1_704' title='bbox 1254 4858 1412 4909; x_wconf 79' lang='lat' dir='ltr'><strong>donec</strong></span> <span class='ocrx_word' id='word_1_705' title='bbox 1439 4856 1639 4909; x_wconf 67' lang='lat' dir='ltr'><strong>vatiam</strong></span> <span class='ocrx_word' id='word_1_706' title='bbox 1663 4892 1677 4917; x_wconf 89' lang='lat'><strong>,</strong></span> <span class='ocrx_word' id='word_1_707' title='bbox 1703 4858 1828 4923; x_wconf 82' lang='lat' dir='ltr'><strong>quid</strong></span> <span class='ocrx_word' id='word_1_708' title='bbox 1860 4854 1928 4907; x_wconf 82' lang='lat' dir='ltr'><strong>ad</strong></span> <span class='ocrx_word' id='word_1_709' title='bbox 1951 4852 2041 4904; x_wconf 82' lang='lat' dir='ltr'><strong>te?</strong></span> <span class='ocrx_word' id='word_1_710' title='bbox 2085 4851 2292 4915; x_wconf 67' lang='lat' dir='ltr'><strong>Graece,</strong></span> 
     </span>
    </p>
   </div>
   <div class='ocr_carea' id='block_1_96' title="bbox 745 4940 2345 5020">
    <p class='ocr_par' dir='ltr' id='par_1_96' title="bbox 745 4940 2345 5020">
     <span class='ocr_line' id='line_1_96' title="bbox 745 4940 2345 5020; baseline -0.002 -22"><span class='ocrx_word' id='word_1_711' title='bbox 745 4952 788 4999; x_wconf 87' lang='lat' dir='ltr'><strong>si</strong></span> <span class='ocrx_word' id='word_1_712' title='bbox 826 4950 1047 5001; x_wconf 80' lang='lat' dir='ltr'><strong>verbum</strong></span> <span class='ocrx_word' id='word_1_713' title='bbox 1076 4948 1141 5002; x_wconf 86' lang='lat' dir='ltr'><strong>de</strong></span> <span class='ocrx_word' id='word_1_714' title='bbox 1174 4947 1337 5011; x_wconf 78' lang='lat' dir='ltr'><strong>verbo</strong></span> <span class='ocrx_word' id='word_1_715' title='bbox 1381 4945 1706 5015; x_wconf 77' lang='lat' dir='ltr'><strong>exprimitur</strong></span> <span class='ocrx_word' id='word_1_716' title='bbox 1732 4985 1744 5008; x_wconf 89' lang='lat'><strong>,</strong></span> <span class='ocrx_word' id='word_1_717' title='bbox 1782 4958 1890 4997; x_wconf 90' lang='lat' dir='ltr'><strong>non</strong></span> <span class='ocrx_word' id='word_1_718' title='bbox 1920 4940 2006 4997; x_wconf 84' lang='lat' dir='ltr'><strong>Sic</strong></span> <span class='ocrx_word' id='word_1_719' title='bbox 2035 4960 2158 5020; x_wconf 71' lang='lat' dir='ltr'><strong>eunt</strong></span> <span class='ocrx_word' id='word_1_720' title='bbox 2182 4944 2293 4995; x_wconf 77' lang='lat' dir='ltr'><strong>toto</strong></span> <span class='ocrx_word' id='word_1_721' title='bbox 2344 4968 2345 4971; x_wconf 54' lang='grc' dir='ltr'><strong>η</strong></span> 
     </span>
    </p>
   </div>
   <div class='ocr_carea' id='block_1_97' title="bbox 747 5034 2292 5101">
    <p class='ocr_par' dir='ltr' id='par_1_97' title="bbox 747 5034 2292 5101">
     <span class='ocr_line' id='line_1_97' title="bbox 747 5034 2292 5101; baseline -0.001 -13"><span class='ocrx_word' id='word_1_722' title='bbox 747 5053 955 5089; x_wconf 81' lang='lat' dir='ltr'><strong>munere</strong></span> <span class='ocrx_word' id='word_1_723' title='bbox 979 5078 993 5101; x_wconf 95' lang='lat'><strong>,</strong></span> <span class='ocrx_word' id='word_1_724' title='bbox 1047 5038 1159 5101; x_wconf 86' lang='lat' dir='ltr'><strong>sed,</strong></span> <span class='ocrx_word' id='word_1_725' title='bbox 1202 5036 1256 5088; x_wconf 83' lang='lat' dir='ltr'><strong>Si</strong></span> <span class='ocrx_word' id='word_1_726' title='bbox 1313 5054 1427 5087; x_wconf 76' lang='grc' dir='ltr'>ειιηι</span> <span class='ocrx_word' id='word_1_727' title='bbox 1465 5038 1578 5089; x_wconf 78' lang='lat' dir='ltr'><strong>volo</strong></span> <span class='ocrx_word' id='word_1_728' title='bbox 1630 5050 1860 5097; x_wconf 82' lang='lat' dir='ltr'><strong>manere,</strong></span> <span class='ocrx_word' id='word_1_729' title='bbox 1898 5034 2157 5101; x_wconf 86' lang='lat' dir='ltr'><strong>scriptum</strong></span> <span class='ocrx_word' id='word_1_730' title='bbox 2191 5044 2292 5086; x_wconf 87' lang='lat' dir='ltr'><strong>est.</strong></span> 
     </span>
    </p>
   </div>
   <div class='ocr_carea' id='block_1_98' title="bbox 751 5126 2295 5195">
    <p class='ocr_par' dir='ltr' id='par_1_98' title="bbox 751 5126 2295 5195">
     <span class='ocr_line' id='line_1_98' title="bbox 751 5126 2295 5195; baseline -0.003 -15"><span class='ocrx_word' id='word_1_731' title='bbox 751 5126 948 5180; x_wconf 84' lang='lat' dir='ltr'><strong>Verum</strong></span> <span class='ocrx_word' id='word_1_732' title='bbox 993 5129 1273 5194; x_wconf 78' lang='lat' dir='ltr'><strong>quoniam,</strong></span> <span class='ocrx_word' id='word_1_733' title='bbox 1324 5130 1468 5179; x_wconf 83' lang='lat' dir='ltr'><strong>sicut</strong></span> <span class='ocrx_word' id='word_1_734' title='bbox 1498 5126 1785 5195; x_wconf 45' lang='lat' dir='ltr'><strong>,particula</strong></span> <span class='ocrx_word' id='word_1_735' title='bbox 1816 5126 1859 5176; x_wconf 86' lang='lat' dir='ltr'><strong>si</strong></span> <span class='ocrx_word' id='word_1_736' title='bbox 1886 5126 2027 5191; x_wconf 88' lang='lat' dir='ltr'><strong>apud</strong></span> <span class='ocrx_word' id='word_1_737' title='bbox 2066 5138 2182 5187; x_wconf 86' lang='lat' dir='ltr'><strong>nos,</strong></span> <span class='ocrx_word' id='word_1_738' title='bbox 2218 5126 2295 5175; x_wconf 87' lang='lat' dir='ltr'><strong>sic</strong></span> 
     </span>
    </p>
   </div>
   <div class='ocr_carea' id='block_1_99' title="bbox 748 5207 2291 5283">
    <p class='ocr_par' dir='ltr' id='par_1_99' title="bbox 748 5207 2291 5283">
     <span class='ocr_line' id='line_1_99' title="bbox 748 5207 2291 5283; baseline -0.003 -16"><span class='ocrx_word' id='word_1_739' title='bbox 748 5217 881 5283; x_wconf 82' lang='lat' dir='ltr'><strong>apud</strong></span> <span class='ocrx_word' id='word_1_740' title='bbox 920 5216 1129 5270; x_wconf 67' lang='grc' dir='ltr'><strong>ϐτίυεοε</strong></span> <span class='ocrx_word' id='word_1_741' title='bbox 1170 5207 1727 5283; x_wconf 69' lang='grc' dir='ltr'>ἱιιιιὶοίιιὶι·υἰιυίί1εηι</span> <span class='ocrx_word' id='word_1_742' title='bbox 1775 5213 1957 5277; x_wconf 39' lang='lat' dir='ltr'><strong>verbo,</strong></span> <span class='ocrx_word' id='word_1_743' title='bbox 1984 5212 2291 5279; x_wconf 86' lang='lat' dir='ltr'><strong>conjuncta,</strong></span> 
     </span>
    </p>
   </div>
   <div class='ocr_carea' id='block_1_100' title="bbox 756 5287 2320 5374">
    <p class='ocr_par' dir='ltr' id='par_1_100' title="bbox 756 5287 2320 5374">
     <span class='ocr_line' id='line_1_100' title="bbox 756 5287 2320 5374; baseline -0.003 -17"><span class='ocrx_word' id='word_1_744' title='bbox 756 5305 1072 5360; x_wconf 84' lang='lat' dir='ltr'><strong>aiiirmativc</strong></span> <span class='ocrx_word' id='word_1_745' title='bbox 1105 5308 1334 5372; x_wconf 77' lang='lat' dir='ltr'><strong>capitur,</strong></span> <span class='ocrx_word' id='word_1_746' title='bbox 1370 5287 1930 5374; x_wconf 54' lang='lat' dir='ltr'><strong>subiunctivdautem</strong></span> <span class='ocrx_word' id='word_1_747' title='bbox 1979 5298 2320 5367; x_wconf 48' lang='lat' dir='ltr'><strong>suspensive&#39;</strong></span> 
     </span>
    </p>
   </div>
   <div class='ocr_carea' id='block_1_101' title="bbox 751 5388 2293 5468">
    <p class='ocr_par' dir='ltr' id='par_1_101' title="bbox 751 5388 2293 5468">
     <span class='ocr_line' id='line_1_101' title="bbox 751 5388 2293 5468; baseline -0.002 -22"><span class='ocrx_word' id='word_1_748' title='bbox 751 5396 1190 5462; x_wconf 83' lang='lat' dir='ltr'><strong>dubitativequc,</strong></span> <span class='ocrx_word' id='word_1_749' title='bbox 1238 5397 1477 5462; x_wconf 66' lang='lat' dir='ltr'><strong>iungitur</strong></span> <span class='ocrx_word' id='word_1_750' title='bbox 1504 5405 1681 5447; x_wconf 83' lang='lat' dir='ltr'><strong>autem</strong></span> <span class='ocrx_word' id='word_1_751' title='bbox 1733 5394 1821 5468; x_wconf 81' lang='lat' dir='ltr'><strong>hic</strong></span> <span class='ocrx_word' id='word_1_752' title='bbox 1870 5390 2181 5465; x_wconf 77' lang='lat' dir='ltr'><strong>indicativo,</strong></span> <span class='ocrx_word' id='word_1_753' title='bbox 2217 5388 2293 5440; x_wconf 84' lang='lat' dir='ltr'><strong>id-</strong></span> 
     </span>
    </p>
   </div>
   <div class='ocr_carea' id='block_1_102' title="bbox 748 5482 2294 5553">
    <p class='ocr_par' dir='ltr' id='par_1_102' title="bbox 748 5482 2294 5553">
     <span class='ocr_line' id='line_1_102' title="bbox 748 5482 2294 5553; baseline -0.005 -16"><span class='ocrx_word' id='word_1_754' title='bbox 748 5486 890 5537; x_wconf 89' lang='lat' dir='ltr'><strong>circo</strong></span> <span class='ocrx_word' id='word_1_755' title='bbox 925 5502 1028 5537; x_wconf 88' lang='lat' dir='ltr'><strong>non</strong></span> <span class='ocrx_word' id='word_1_756' title='bbox 1051 5489 1092 5537; x_wconf 76' lang='lat' dir='ltr'><strong>si</strong></span> <span class='ocrx_word' id='word_1_757' title='bbox 1124 5488 1215 5539; x_wconf 87' lang='lat' dir='ltr'><strong>scd</strong></span> <span class='ocrx_word' id='word_1_758' title='bbox 1242 5490 1312 5537; x_wconf 85' lang='lat' dir='ltr'><strong>sic</strong></span> <span class='ocrx_word' id='word_1_759' title='bbox 1342 5487 1528 5539; x_wconf 79' lang='lat' dir='ltr'><strong>Patres</strong></span> <span class='ocrx_word' id='word_1_760' title='bbox 1559 5485 1898 5553; x_wconf 87' lang='lat' dir='ltr'><strong>interpretati</strong></span> <span class='ocrx_word' id='word_1_761' title='bbox 1924 5489 2069 5543; x_wconf 86' lang='lat' dir='ltr'><strong>sunt,</strong></span> <span class='ocrx_word' id='word_1_762' title='bbox 2095 5495 2159 5531; x_wconf 89' lang='lat' dir='ltr'><strong>ne</strong></span> <span class='ocrx_word' id='word_1_763' title='bbox 2192 5482 2294 5531; x_wconf 84' lang='lat' dir='ltr'><strong>sci-</strong></span> 
     </span>
    </p>
   </div>
   <div class='ocr_carea' id='block_1_103' title="bbox 748 5570 2294 5642">
    <p class='ocr_par' dir='ltr' id='par_1_103' title="bbox 748 5570 2294 5642">
     <span class='ocr_line' id='line_1_103' title="bbox 748 5570 2294 5642; baseline -0.001 -17"><span class='ocrx_word' id='word_1_764' title='bbox 748 5574 871 5627; x_wconf 80' lang='lat' dir='ltr'><strong>liCct</strong></span> <span class='ocrx_word' id='word_1_765' title='bbox 900 5577 940 5623; x_wconf 81' lang='lat' dir='ltr'><strong>si</strong></span> <span class='ocrx_word' id='word_1_766' title='bbox 992 5576 1252 5640; x_wconf 86' lang='lat' dir='ltr'><strong>particula</strong></span> <span class='ocrx_word' id='word_1_767' title='bbox 1287 5570 1491 5629; x_wconf 75' lang='lat' dir='ltr'><strong>Latina:</strong></span> <span class='ocrx_word' id='word_1_768' title='bbox 1522 5576 1826 5642; x_wconf 60' lang='lat' dir='ltr'><strong>Griecchue</strong></span> <span class='ocrx_word' id='word_1_769' title='bbox 1872 5576 2067 5640; x_wconf 74' lang='lat' dir='ltr'><strong>lingua:</strong></span> <span class='ocrx_word' id='word_1_770' title='bbox 2096 5570 2294 5623; x_wconf 83' lang='lat' dir='ltr'><strong>scioios</strong></span> 
     </span>
    </p>
   </div>
   <div class='ocr_carea' id='block_1_104' title="bbox 750 5651 2338 5734">
    <p class='ocr_par' dir='ltr' id='par_1_104' title="bbox 750 5651 2338 5734">
     <span class='ocr_line' id='line_1_104' title="bbox 750 5651 2338 5734; baseline -0.001 -20"><span class='ocrx_word' id='word_1_771' title='bbox 750 5675 970 5733; x_wconf 83' lang='lat' dir='ltr'><strong>propter</strong></span> <span class='ocrx_word' id='word_1_772' title='bbox 998 5664 1260 5732; x_wconf 78' lang='lat' dir='ltr'><strong>duplicem</strong></span> <span class='ocrx_word' id='word_1_773' title='bbox 1302 5676 1623 5734; x_wconf 78' lang='lat' dir='ltr'><strong>potestatem</strong></span> <span class='ocrx_word' id='word_1_774' title='bbox 1655 5668 1914 5718; x_wconf 82' lang='lat' dir='ltr'><strong>turbaret.</strong></span> <span class='ocrx_word' id='word_1_775' title='bbox 1946 5661 2030 5713; x_wconf 75' lang='lat' dir='ltr'><strong>Sic</strong></span> <span class='ocrx_word' id='word_1_776' title='bbox 2056 5675 2179 5712; x_wconf 85' lang='lat' dir='ltr'><strong>vero</strong></span> <span class='ocrx_word' id='word_1_777' title='bbox 2212 5661 2293 5712; x_wconf 78' lang='lat' dir='ltr'><strong>ai-</strong></span> <span class='ocrx_word' id='word_1_778' title='bbox 2333 5651 2338 5657; x_wconf 79' lang='grc'><strong>’</strong></span> 
     </span>
    </p>
   </div>
   <div class='ocr_carea' id='block_1_105' title="bbox 2403 4495 3959 4564">
    <p class='ocr_par' dir='ltr' id='par_1_105' title="bbox 2403 4495 3959 4564">
     <span class='ocr_line' id='line_1_105' title="bbox 2403 4495 3959 4564; baseline 0.003 -19"><span class='ocrx_word' id='word_1_779' title='bbox 2403 4510 2552 4546; x_wconf 89' lang='lat' dir='ltr'><strong>num.</strong></span> <span class='ocrx_word' id='word_1_780' title='bbox 2585 4496 2762 4557; x_wconf 84' lang='lat' dir='ltr'><strong>Quare</strong></span> <span class='ocrx_word' id='word_1_781' title='bbox 2807 4508 2907 4545; x_wconf 87' lang='lat' dir='ltr'><strong>nec</strong></span> <span class='ocrx_word' id='word_1_782' title='bbox 2941 4496 3081 4545; x_wconf 87' lang='lat' dir='ltr'><strong>nilus</strong></span> <span class='ocrx_word' id='word_1_783' title='bbox 3118 4509 3355 4562; x_wconf 85' lang='lat' dir='ltr'><strong>unquam</strong></span> <span class='ocrx_word' id='word_1_784' title='bbox 3399 4495 3451 4547; x_wconf 90' lang='lat' dir='ltr'><strong>id</strong></span> <span class='ocrx_word' id='word_1_785' title='bbox 3485 4497 3768 4564; x_wconf 83' lang='lat' dir='ltr'><strong>cogitavit.</strong></span> <span class='ocrx_word' id='word_1_786' title='bbox 3798 4496 3959 4562; x_wconf 81' lang='lat' dir='ltr'><strong>Quas</strong></span> 
     </span>
    </p>
   </div>
   <div class='ocr_carea' id='block_1_106' title="bbox 2396 4570 3957 4653">
    <p class='ocr_par' dir='ltr' id='par_1_106' title="bbox 2396 4570 3957 4653">
     <span class='ocr_line' id='line_1_106' title="bbox 2396 4570 3957 4653; baseline 0.001 -18"><span class='ocrx_word' id='word_1_787' title='bbox 2396 4583 2467 4636; x_wconf 88' lang='lat' dir='ltr'><strong>ob</strong></span> <span class='ocrx_word' id='word_1_788' title='bbox 2517 4600 2602 4636; x_wconf 86' lang='lat' dir='ltr'><strong>res</strong></span> <span class='ocrx_word' id='word_1_789' title='bbox 2651 4593 2705 4635; x_wconf 88' lang='lat' dir='ltr'><strong>et</strong></span> <span class='ocrx_word' id='word_1_790' title='bbox 2740 4582 3063 4635; x_wconf 83' lang='lat' dir='ltr'><strong>auctoritate</strong></span> <span class='ocrx_word' id='word_1_791' title='bbox 3113 4582 3332 4636; x_wconf 87' lang='lat' dir='ltr'><strong>illorum</strong></span> <span class='ocrx_word' id='word_1_792' title='bbox 3366 4586 3459 4653; x_wconf 92' lang='lat' dir='ltr'><strong>qui</strong></span> <span class='ocrx_word' id='word_1_793' title='bbox 3504 4570 3873 4640; x_wconf 76' lang='lat' dir='ltr'><strong>traduxerunt</strong></span> <span class='ocrx_word' id='word_1_794' title='bbox 3903 4602 3957 4639; x_wconf 76' lang='lat' dir='ltr'><strong>et</strong></span> 
     </span>
    </p>
   </div>
   <div class='ocr_carea' id='block_1_107' title="bbox 2397 4670 3961 4746">
    <p class='ocr_par' dir='ltr' id='par_1_107' title="bbox 2397 4670 3961 4746">
     <span class='ocr_line' id='line_1_107' title="bbox 2397 4670 3961 4746; baseline 0.005 -21"><span class='ocrx_word' id='word_1_795' title='bbox 2397 4676 2793 4743; x_wconf 75' lang='lat' dir='ltr'><strong>consuetudine</strong></span> <span class='ocrx_word' id='word_1_796' title='bbox 2823 4670 3117 4726; x_wconf 77' lang='lat' dir='ltr'><strong>m&#39;u‘ltorum</strong></span> <span class='ocrx_word' id='word_1_797' title='bbox 3152 4677 3496 4742; x_wconf 60' lang='lat' dir='ltr'><strong>surculorum,</strong></span> <span class='ocrx_word' id='word_1_798' title='bbox 3521 4689 3573 4731; x_wconf 91' lang='lat' dir='ltr'><strong>et</strong></span> <span class='ocrx_word' id='word_1_799' title='bbox 3602 4679 3769 4746; x_wconf 85' lang='lat' dir='ltr'><strong>ipsius</strong></span> <span class='ocrx_word' id='word_1_800' title='bbox 3799 4680 3961 4733; x_wconf 49' lang='lat' dir='ltr'><strong>Graec</strong></span> 
     </span>
    </p>
   </div>
   <div class='ocr_carea' id='block_1_108' title="bbox 2397 4753 3962 4835">
    <p class='ocr_par' dir='ltr' id='par_1_108' title="bbox 2397 4753 3962 4835">
     <span class='ocr_line' id='line_1_108' title="bbox 2397 4753 3962 4835; baseline 0.003 -19"><span class='ocrx_word' id='word_1_801' title='bbox 2397 4765 2443 4816; x_wconf 89' lang='lat' dir='ltr'><strong>ci</strong></span> <span class='ocrx_word' id='word_1_802' title='bbox 2472 4765 2742 4817; x_wconf 83' lang='lat' dir='ltr'><strong>sermonis</strong></span> <span class='ocrx_word' id='word_1_803' title='bbox 2781 4753 3130 4832; x_wconf 74' lang='lat' dir='ltr'><strong>proprietate,</strong></span> <span class='ocrx_word' id='word_1_804' title='bbox 3164 4778 3219 4820; x_wconf 91' lang='lat' dir='ltr'><strong>et</strong></span> <span class='ocrx_word' id='word_1_805' title='bbox 3260 4768 3520 4833; x_wconf 84' lang='lat' dir='ltr'><strong>quoniam</strong></span> <span class='ocrx_word' id='word_1_806' title='bbox 3553 4784 3642 4821; x_wconf 90' lang='lat' dir='ltr'><strong>res</strong></span> <span class='ocrx_word' id='word_1_807' title='bbox 3676 4772 3789 4835; x_wconf 86' lang='lat' dir='ltr'><strong>ipsa</strong></span> <span class='ocrx_word' id='word_1_808' title='bbox 3847 4771 3962 4821; x_wconf 65' lang='lat' dir='ltr'><strong>dis-</strong></span> 
     </span>
    </p>
   </div>
   <div class='ocr_carea' id='block_1_109' title="bbox 2394 4850 3965 4927">
    <p class='ocr_par' dir='ltr' id='par_1_109' title="bbox 2394 4850 3965 4927">
     <span class='ocr_line' id='line_1_109' title="bbox 2394 4850 3965 4927; baseline 0.005 -22"><span class='ocrx_word' id='word_1_809' title='bbox 2394 4854 2639 4923; x_wconf 76' lang='lat' dir='ltr'><strong>iunctiva</strong></span> <span class='ocrx_word' id='word_1_810' title='bbox 2673 4856 2954 4907; x_wconf 77' lang='lat' dir='ltr'><strong>dubitandi</strong></span> <span class='ocrx_word' id='word_1_811' title='bbox 2993 4870 3176 4909; x_wconf 87' lang='lat' dir='ltr'><strong>vocem</strong></span> <span class='ocrx_word' id='word_1_812' title='bbox 3217 4873 3324 4925; x_wconf 84' lang='lat' dir='ltr'><strong>non</strong></span> <span class='ocrx_word' id='word_1_813' title='bbox 3377 4859 3589 4927; x_wconf 87' lang='lat' dir='ltr'><strong>patitur</strong></span> <span class='ocrx_word' id='word_1_814' title='bbox 3618 4897 3631 4919; x_wconf 95' lang='lat'><strong>,</strong></span> <span class='ocrx_word' id='word_1_815' title='bbox 3671 4850 3965 4914; x_wconf 75' lang='lat' dir='ltr'><strong>aﬁirinans</strong></span> 
     </span>
    </p>
   </div>
   <div class='ocr_carea' id='block_1_110' title="bbox 2400 4930 3964 5011">
    <p class='ocr_par' dir='ltr' id='par_1_110' title="bbox 2400 4930 3964 5011">
     <span class='ocr_line' id='line_1_110' title="bbox 2400 4930 3964 5011; baseline 0.006 -19"><span class='ocrx_word' id='word_1_816' title='bbox 2400 4941 2654 4994; x_wconf 82' lang='lat' dir='ltr'><strong>Dominus</strong></span> <span class='ocrx_word' id='word_1_817' title='bbox 2681 4942 2813 4994; x_wconf 82' lang='lat' dir='ltr'><strong>dixit</strong></span> <span class='ocrx_word' id='word_1_818' title='bbox 2841 4959 2851 4994; x_wconf 91' lang='lat'><strong>:</strong></span> <span class='ocrx_word' id='word_1_819' title='bbox 2878 4944 2961 4995; x_wconf 83' lang='lat' dir='ltr'><strong>Ita</strong></span> <span class='ocrx_word' id='word_1_820' title='bbox 2997 4945 3107 4996; x_wconf 82' lang='lat' dir='ltr'><strong>volo</strong></span> <span class='ocrx_word' id='word_1_821' title='bbox 3131 4962 3245 5009; x_wconf 73' lang='lat' dir='ltr'><strong>eum</strong></span> <span class='ocrx_word' id='word_1_822' title='bbox 3275 4962 3505 5010; x_wconf 82' lang='lat' dir='ltr'><strong>manere,</strong></span> <span class='ocrx_word' id='word_1_823' title='bbox 3532 4949 3689 4999; x_wconf 82' lang='lat' dir='ltr'><strong>donec</strong></span> <span class='ocrx_word' id='word_1_824' title='bbox 3714 4930 3964 5011; x_wconf 60' lang='lat' dir='ltr'><strong>vestiam,</strong></span> 
     </span>
    </p>
   </div>
   <div class='ocr_carea' id='block_1_111' title="bbox 2369 5032 3966 5106">
    <p class='ocr_par' dir='ltr' id='par_1_111' title="bbox 2369 5032 3966 5106">
     <span class='ocr_line' id='line_1_111' title="bbox 2369 5032 3966 5106; baseline 0.007 -26"><span class='ocrx_word' id='word_1_825' title='bbox 2369 5032 2519 5099; x_wconf 56' lang='lat' dir='ltr'><strong>quid</strong></span> <span class='ocrx_word' id='word_1_826' title='bbox 2551 5033 2616 5083; x_wconf 83' lang='lat' dir='ltr'><strong>ad</strong></span> <span class='ocrx_word' id='word_1_827' title='bbox 2653 5034 2747 5084; x_wconf 83' lang='lat' dir='ltr'><strong>te?</strong></span> <span class='ocrx_word' id='word_1_828' title='bbox 2784 5033 2887 5087; x_wconf 86' lang='lat' dir='ltr'><strong>Sed</strong></span> <span class='ocrx_word' id='word_1_829' title='bbox 2919 5034 3064 5088; x_wconf 87' lang='lat' dir='ltr'><strong>dicet</strong></span> <span class='ocrx_word' id='word_1_830' title='bbox 3098 5037 3331 5090; x_wconf 81' lang='lat' dir='ltr'><strong>fortasse</strong></span> <span class='ocrx_word' id='word_1_831' title='bbox 3366 5038 3642 5106; x_wconf 82' lang='lat' dir='ltr'><strong>quispiam</strong></span> <span class='ocrx_word' id='word_1_832' title='bbox 3670 5042 3966 5092; x_wconf 81' lang='lat' dir='ltr'><strong>neminem</strong></span> 
     </span>
    </p>
   </div>
   <div class='ocr_carea' id='block_1_112' title="bbox 2401 5114 3968 5195">
    <p class='ocr_par' dir='ltr' id='par_1_112' title="bbox 2401 5114 3968 5195">
     <span class='ocr_line' id='line_1_112' title="bbox 2401 5114 3968 5195; baseline 0.007 -24"><span class='ocrx_word' id='word_1_833' title='bbox 2401 5136 2635 5188; x_wconf 89' lang='lat' dir='ltr'><strong>unquam</strong></span> <span class='ocrx_word' id='word_1_834' title='bbox 2671 5138 2861 5176; x_wconf 89' lang='lat' dir='ltr'><strong>ausum</strong></span> <span class='ocrx_word' id='word_1_835' title='bbox 2902 5125 3069 5179; x_wconf 87' lang='lat' dir='ltr'><strong>luisse</strong></span> <span class='ocrx_word' id='word_1_836' title='bbox 3114 5129 3269 5179; x_wconf 87' lang='lat' dir='ltr'><strong>aliter</strong></span> <span class='ocrx_word' id='word_1_837' title='bbox 3293 5114 3456 5195; x_wconf 67' lang='lat' dir='ltr'><strong>quam</strong></span> <span class='ocrx_word' id='word_1_838' title='bbox 3491 5127 3825 5181; x_wconf 75' lang='lat' dir='ltr'><strong>afﬁrtnative</strong></span> <span class='ocrx_word' id='word_1_839' title='bbox 3864 5131 3968 5181; x_wconf 73' lang='lat' dir='ltr'><strong>Dt-</strong></span> 
     </span>
    </p>
   </div>
   <div class='ocr_carea' id='block_1_113' title="bbox 2337 5210 3965 5283">
    <p class='ocr_par' dir='ltr' id='par_1_113' title="bbox 2337 5210 3965 5283">
     <span class='ocr_line' id='line_1_113' title="bbox 2337 5210 3965 5283; baseline 0.006 -23"><span class='ocrx_word' id='word_1_840' title='bbox 2337 5263 2343 5270; x_wconf 65' lang='grc'><strong><em>,</em></strong></span> <span class='ocrx_word' id='word_1_841' title='bbox 2398 5210 2589 5263; x_wconf 77' lang='lat' dir='ltr'><strong>minica</strong></span> <span class='ocrx_word' id='word_1_842' title='bbox 2622 5214 2731 5265; x_wconf 69' lang='lat' dir='ltr'><strong>haec</strong></span> <span class='ocrx_word' id='word_1_843' title='bbox 2766 5215 2927 5267; x_wconf 88' lang='lat' dir='ltr'><strong>verba</strong></span> <span class='ocrx_word' id='word_1_844' title='bbox 2972 5216 3355 5283; x_wconf 85' lang='lat' dir='ltr'><strong>interpretari;</strong></span> <span class='ocrx_word' id='word_1_845' title='bbox 3391 5216 3486 5270; x_wconf 89' lang='lat' dir='ltr'><strong>sed</strong></span> <span class='ocrx_word' id='word_1_846' title='bbox 3523 5216 3695 5268; x_wconf 83' lang='lat' dir='ltr'><strong>Donec</strong></span> <span class='ocrx_word' id='word_1_847' title='bbox 3740 5221 3965 5271; x_wconf 72' lang='lat' dir='ltr'><strong>veniam</strong></span> 
     </span>
    </p>
   </div>
   <div class='ocr_carea' id='block_1_114' title="bbox 2396 5304 3963 5375">
    <p class='ocr_par' dir='ltr' id='par_1_114' title="bbox 2396 5304 3963 5375">
     <span class='ocr_line' id='line_1_114' title="bbox 2396 5304 3963 5375; baseline 0.01 -25"><span class='ocrx_word' id='word_1_848' title='bbox 2396 5314 2501 5351; x_wconf 91' lang='lat' dir='ltr'><strong>non</strong></span> <span class='ocrx_word' id='word_1_849' title='bbox 2528 5312 2831 5355; x_wconf 82' lang='lat' dir='ltr'><strong>extremum</strong></span> <span class='ocrx_word' id='word_1_850' title='bbox 2858 5304 3006 5357; x_wconf 85' lang='lat' dir='ltr'><strong>illum</strong></span> <span class='ocrx_word' id='word_1_851' title='bbox 3031 5304 3337 5373; x_wconf 75' lang='lat' dir='ltr'><strong>signiﬁcare</strong></span> <span class='ocrx_word' id='word_1_852' title='bbox 3363 5305 3658 5375; x_wconf 57' lang='lat' dir='ltr'><strong>adventum</strong></span> <span class='ocrx_word' id='word_1_853' title='bbox 3688 5304 3923 5365; x_wconf 77' lang='lat' dir='ltr'><strong>Domini</strong></span> <span class='ocrx_word' id='word_1_854' title='bbox 3948 5328 3963 5364; x_wconf 90' lang='lat'>:</span> 
     </span>
    </p>
   </div>
   <div class='ocr_carea' id='block_1_115' title="bbox 2398 5389 3965 5464">
    <p class='ocr_par' dir='ltr' id='par_1_115' title="bbox 2398 5389 3965 5464">
     <span class='ocr_line' id='line_1_115' title="bbox 2398 5389 3965 5464; baseline 0.011 -26"><span class='ocrx_word' id='word_1_855' title='bbox 2398 5406 2549 5455; x_wconf 76' lang='lat' dir='ltr'><strong>posse</strong></span> <span class='ocrx_word' id='word_1_856' title='bbox 2594 5410 2825 5461; x_wconf 86' lang='lat' dir='ltr'><strong>namque</strong></span> <span class='ocrx_word' id='word_1_857' title='bbox 2876 5395 3167 5449; x_wconf 86' lang='lat' dir='ltr'><strong>adventum</strong></span> <span class='ocrx_word' id='word_1_858' title='bbox 3213 5394 3428 5447; x_wconf 83' lang='lat' dir='ltr'><strong>Domini</strong></span> <span class='ocrx_word' id='word_1_859' title='bbox 3485 5389 3757 5464; x_wconf 65' lang='lat' dir='ltr'><strong>appellari</strong></span> <span class='ocrx_word' id='word_1_860' title='bbox 3784 5404 3965 5455; x_wconf 78' lang='lat' dir='ltr'><strong>etiam</strong></span> 
     </span>
    </p>
   </div>
   <div class='ocr_carea' id='block_1_116' title="bbox 2395 5482 3967 5557">
    <p class='ocr_par' dir='ltr' id='par_1_116' title="bbox 2395 5482 3967 5557">
     <span class='ocr_line' id='line_1_116' title="bbox 2395 5482 3967 5557; baseline 0.01 -24"><span class='ocrx_word' id='word_1_861' title='bbox 2395 5498 2516 5533; x_wconf 78' lang='lat' dir='ltr'><strong>cum</strong></span> <span class='ocrx_word' id='word_1_862' title='bbox 2548 5499 2653 5549; x_wconf 88' lang='lat' dir='ltr'><strong>quo</strong></span> <span class='ocrx_word' id='word_1_863' title='bbox 2692 5487 3064 5551; x_wconf 82' lang='lat' dir='ltr'><strong>unusquisque</strong></span> <span class='ocrx_word' id='word_1_864' title='bbox 3106 5494 3327 5537; x_wconf 86' lang='lat' dir='ltr'><strong>vocatus</strong></span> <span class='ocrx_word' id='word_1_865' title='bbox 3352 5526 3367 5550; x_wconf 92' lang='lat'><strong>,</strong></span> <span class='ocrx_word' id='word_1_866' title='bbox 3410 5482 3618 5541; x_wconf 76' lang='lat' dir='ltr'><strong>natdra:</strong></span> <span class='ocrx_word' id='word_1_867' title='bbox 3654 5498 3967 5557; x_wconf 77' lang='lat' dir='ltr'><strong>concedit;</strong></span> 
     </span>
    </p>
   </div>
   <div class='ocr_carea' id='block_1_117' title="bbox 2398 5572 3965 5649">
    <p class='ocr_par' dir='ltr' id='par_1_117' title="bbox 2398 5572 3965 5649">
     <span class='ocr_line' id='line_1_117' title="bbox 2398 5572 3965 5649; baseline 0.01 -27"><span class='ocrx_word' id='word_1_868' title='bbox 2398 5582 2453 5623; x_wconf 88' lang='lat' dir='ltr'><strong>ut</strong></span> <span class='ocrx_word' id='word_1_869' title='bbox 2478 5574 2612 5625; x_wconf 78' lang='lat' dir='ltr'><strong>velle</strong></span> <span class='ocrx_word' id='word_1_870' title='bbox 2638 5572 2901 5627; x_wconf 81' lang='lat' dir='ltr'><strong>Joannem</strong></span> <span class='ocrx_word' id='word_1_871' title='bbox 2940 5574 3018 5626; x_wconf 86' lang='lat' dir='ltr'><strong>sie</strong></span> <span class='ocrx_word' id='word_1_872' title='bbox 3044 5576 3223 5649; x_wconf 83' lang='lat' dir='ltr'><strong>vivere</strong></span> <span class='ocrx_word' id='word_1_873' title='bbox 3246 5580 3463 5629; x_wconf 86' lang='lat' dir='ltr'><strong>&#39;asserat</strong></span> <span class='ocrx_word' id='word_1_874' title='bbox 3492 5616 3507 5642; x_wconf 84' lang='lat'><strong>,</strong></span> <span class='ocrx_word' id='word_1_875' title='bbox 3539 5579 3709 5632; x_wconf 89' lang='lat' dir='ltr'><strong>donec</strong></span> <span class='ocrx_word' id='word_1_876' title='bbox 3742 5578 3965 5645; x_wconf 67' lang='lat' dir='ltr'><strong>veniat.</strong></span> 
     </span>
    </p>
   </div>
   <div class='ocr_carea' id='block_1_118' title="bbox 2396 5654 3860 5733">
    <p class='ocr_par' dir='ltr' id='par_1_118' title="bbox 2396 5654 3860 5733">
     <span class='ocr_line' id='line_1_118' title="bbox 2396 5654 3860 5733; baseline 0.011 -21"><span class='ocrx_word' id='word_1_877' title='bbox 2396 5661 2447 5713; x_wconf 84' lang='lat' dir='ltr'><strong>id</strong></span> <span class='ocrx_word' id='word_1_878' title='bbox 2467 5654 2561 5714; x_wconf 67' lang='grc' dir='ltr'>’ρει</span> <span class='ocrx_word' id='word_1_879' title='bbox 2595 5662 2768 5717; x_wconf 82' lang='lat' dir='ltr'><strong>donec</strong></span> <span class='ocrx_word' id='word_1_880' title='bbox 2816 5666 2987 5733; x_wconf 85' lang='lat' dir='ltr'><strong>ipsum</strong></span> <span class='ocrx_word' id='word_1_881' title='bbox 3022 5678 3117 5732; x_wconf 88' lang='lat' dir='ltr'><strong>per</strong></span> <span class='ocrx_word' id='word_1_882' title='bbox 3162 5672 3389 5719; x_wconf 86' lang='lat' dir='ltr'><strong>mortem</strong></span> <span class='ocrx_word' id='word_1_883' title='bbox 3422 5667 3491 5721; x_wconf 88' lang='lat' dir='ltr'><strong>ad</strong></span> <span class='ocrx_word' id='word_1_884' title='bbox 3521 5683 3579 5722; x_wconf 88' lang='lat' dir='ltr'><strong>se</strong></span> <span class='ocrx_word' id='word_1_885' title='bbox 3614 5674 3860 5729; x_wconf 83' lang='lat' dir='ltr'><strong>vocarit.</strong></span> 
     </span>
    </p>
   </div>
  </div>
