4116 6336
195 327 306 389 873

972 331 1049 391 1N
1092 330 1351 404 ILLUD,
1402 347 1418 379 ι
1458 335 1572 395 SIC
1610 334 1805 397 VOLO
1844 334 2007 394 EUM
2047 331 2387 402 MANERE,
2430 348 2447 380 ι
2494 334 2655 394 E'l'C.

3317 330 3421 392 8Ἰᾶ

199 428 203 431 ’
271 431 697 497 Hacsententia
727 433 923 499 divisa,
955 437 1190 504 primum
1239 449 1458 494 constat
1490 438 1755 495 Joannem
1790 445 1833 501 Α
1870 441 2218 495 Pentecostes
2258 440 2499 503 adventu
2536 440 2800 508 l’aracleti
2840 441 2905 495 ad
2938 441 3327 510 perfectionem
3366 445 3420 495 in

100 545 107 549 -
194 525 383 580 vivere
409 525 585 581 donec
621 528 849 593 veniat,
901 529 1187 585 Dominum
1238 532 1461 585 dixisse.
1511 533 1754 587 Alterum

191 630 334 686 ergo
366 628 681 686 quaeratur,
714 634 782 674 an
816 620 972 693 illud,
1006 621 1179 675 Donec
1208 623 1436 695 veniam,
1469 621 1627 676 linem
1660 637 1759 675 sa:-

190 711 303 764 culi
333 710 496 783 hujus
531 709 822 776 significet,
864 711 950 765 vel
988 712 1279 766 terminum
1318 714 1532 767 vivendi
1568 713 1621 768 in
1653 714 1755 767 hoc

189 802 395 855 saeculo
422 810 707 855 monstret.
732 800 885 865 Quod
914 811 1088 863 certe,
1115 803 1158 856 si
1190 803 1312 871 quis
1337 804 1600 868 attendat,
1629 820 1755 871 pro-
1808 858 1811 861 γ

190 894 359 945 cula'
398 907 529 946 vero
559 907 680 946 esse
726 883 1021 968 videbitur.
1064 893 1208 947 Nihil
1255 891 1414 945 enim
1433 893 1577 947 aliud
1622 894 1755 947 dicit

187 984 287 1048 qui
322 985 396 1039 ita
432 984 585 1049 dicit,
614 984 721 1038 nisi
754 993 812 1038 ut
838 985 1049 1052 planius
1073 996 1126 1059 et
1153 985 1255 1037 sub
1285 985 1458 1039 oculis
1489 996 1751 1053 ponatur,

192 1072 341 1125 Volo
370 1088 494 1127 emn
532 1073 718 1125 vivere
748 1072 925 1126 donec
970 1072 1264 1138 moriatur;
1304 1072 1399 1126 sed
1453 1074 1749 1127 absurdum

190 1177 293 1229 per
329 1163 566 1230 seipsum
597 1171 766 1215 totum
797 1162 959 1215 fuerit
984 1164 1026 1214 si
1057 1178 1300 1215 connexa
1330 1161 1449 1216 talis
1480 1165 1751 1232 expositio

190 1253 380 1309 fuerit.
411 1257 779 1314 Connectatur
811 1261 975 1329 igitur
1000 1270 1057 1314 et
1086 1260 1300 1313 dicatur
1334 1278 1347 1314 :
1379 1262 1466 1315 Sic
1489 1278 1603 1315 eum
1638 1245 1750 1315 colo

189 1352 615 1403 maneredonec
646 1352 853 1404 ueniam
881 1391 899 1416 ,
938 1352 1065 1429 quid
1120 1352 1188 1404 ad
1232 1362 1278 1404 te
1303 1353 1329 1406 7
1369 1354 1418 1405 id
1468 1362 1572 1415 est,
1618 1353 1788 1430 Volo-

188 1454 318 1493 eum
352 1442 534 1495 vivere
591 1445 763 1497 donec
801 1445 1103 1506 moriatur,
1135 1443 1264 1512 quid
1296 1444 1361 1496 ad
1422 1445 1511 1497 te?
1565 1445 1748 1499 Dicam

186 1540 382 1596 aperte
413 1532 559 1598 quod
592 1536 750 1587 modo
777 1534 832 1589 in
861 1545 1098 1590 mentem
1133 1536 1343 1599 incidit.
1372 1537 1541 1590 Homo
1576 1547 1747 1601 certe,

187 1633 303 1671 non
329 1620 453 1673 dico
477 1622 671 1677 doctus
693 1635 748 1679 et
775 1627 978 1695 gravis,
998 1626 1091 1679 sed
1122 1625 1472 1680 mediocriter
1497 1626 1748 1681 eruditus

186 1722 258 1762 ac
295 1708 468 1763 levior
492 1751 507 1775 ,
560 1714 605 1765 si
647 1714 773 1768 data
802 1717 909 1772 sibi
955 1727 1220 1785 potes'ate
1255 1718 1491 1792 hominis
1524 1718 1754 1787 alicujus

1870 532 1971 585 hac
2003 531 2109 585 vita
2142 531 2389 586 ultimam
2440 531 2671 599 apostoli
2720 541 3110 599 pervenerunt,
3147 541 3323 588 tamen
3359 548 3424 587 eo

1868 621 1976 686 die,
2006 636 2117 690 quo
2150 621 2265 676 haec
2293 632 2409 675 acta
2460 620 2684 674 fuerunt
2717 621 2888 675 multo
2918 622 3271 677 suldimiores
3308 640 3428 675 om-

1868 713 2033 766 nibus
2074 712 2489 767 sueccssoribus
2543 711 2660 765 suis
2710 711 2899 769 fuisse.
2964 713 3125 767 Fides
3174 715 3319 768 enim
3369 715 3420 768 in

1866 802 2141 857 Christum
2179 798 2503 856 cruciﬁxum
2537 811 2592 856 et
2622 818 2651 857 e
2683 804 2916 857 mortuis
2943 804 3288 865 suscitatum,
3323 820 3421 858 sua

1864 894 2035 960 gratia
2066 886 2121 947 et
2154 894 2406 948 doctrina
2440 893 2739 950 Salvatoris
2771 894 3090 947 conﬁrmata
3118 895 3415 963 plurimum

1864 999 1959 1039 eos
1987 984 2237 1038 elevabat
2271 984 2324 1045 in
2357 984 2497 1037 dies.
2533 982 2657 1037 Fuit
2689 992 2868 1037 autem
2897 984 3017 1037 dies
3044 985 3154 1045 ille.
3183 1000 3292 1053 quo
3319 987 3422 1038 Do-

1867 1073 2047 1128 minus
2087 1074 2199 1127 haec
2228 1074 2458 1141 peregit,
2502 1073 2698 1127 tertius
2724 1074 3083 1143 apparitionis
3126 1090 3232 1127 sua:
3287 1076 3417 1127 Nam

1862 1164 1963 1217 etsi
1990 1165 2185 1233 saepius
2219 1166 2416 1233 se'tam
2454 1164 2781 1221 mulieribus
2821 1180 2981 1233 quam
3014 1164 3147 1218 viris
3191 1166 3420 1218 inaniin-

1863 1253 2047 1319 stavit,
2082 1264 2137 1308 et
2163 1254 2324 1308 aliter
2352 1254 2473 1308 aliis
2519 1255 2681 1309 modo
2710 1256 2979 1324 pluribus,
3012 1257 3169 1309 modo
3204 1258 3419 1323 paucio-

1863 1346 2037 1409 ribus,
2078 1356 2259 1400 tamen
2295 1336 2465 1400 tertio
2495 1345 2731 1400 dicimus
2765 1345 2853 1400 die
2886 1362 3032 1399 nunc
3080 1348 3416 1420 apparuisse,

1861 1437 2121 1508 quoniam
2156 1437 2334 1492 tribus
2387 1440 2627 1492 maxime
2661 1437 2856 1493 diebus
2886 1439 3165 1507 apertius.
3200 1452 3421 1508 expres

1862 1531 2004 1594 sius,
2036 1530 2425 1585 miraculosius
2453 1530 2711 1599 apparuit
2745 1532 2977 1600 primum
3009 1532 3061 1584 in
3098 1532 3217 1601 ipso
3243 1548 3423 1585 resur-

1861 1620 2122 1675 rectionis
2149 1622 2256 1686 die,
2308 1622 2507 1677 deinde
2564 1622 2617 1676 in
2671 1633 2865 1677 octavo
2902 1638 2932 1677 a
2978 1624 3417 1684 resurrectione;

1862 1712 2115 1775 tertium,
2143 1712 2364 1780 quando
2412 1714 2636 1768 Petrum
2674 1714 2916 1781 praefecit
2948 1714 3232 1778 Ecclesiae,
3265 1732 3326 1769 ac
3356 1716 3421 1767 de

187 1799 342 1860 vita,
396 1811 560 1869 atque
594 1805 964 1873 interrogatus
1007 1808 1089 1861 sic
1124 1808 1443 1876 respondeat
1468 1789 1491 1869 ’,
1568 1823 1754 1875 parum
1792 1784 1829 1835 Β
1861 1804 2088 1857 Joannis
2111 1814 2288 1857 morte
2319 1806 2717 1873 pronuntiavit,
2747 1805 2857 1859 duo
2890 1817 3229 1860 sacramenta
3261 1806 3419 1859 disci-

151 1880 155 1883 λ
188 1891 652 1948 animadvertisse
700 1896 980 1962 potabitur
1010 1916 1022 1948 :
1058 1901 1335 1965 quomodo
1371 1898 1536 1969 igitur
1586 1904 1752 1955 Deum

187 1993 291 2033 ore
331 1996 439 2067 suo
476 1985 556 2038 sic
585 1985 843 2067 locutum
866 1988 1133 2058 quispiam
1162 1990 1500 2046 crediderit?
1528 1993 1629 2053 Sed
1658 2011 1755 2047 eu-

189 2066 481 2147 riositatis.
512 2066 761 2143 inquiet,
794 2094 1023 2149 arguere
1063 2082 1389 2151 discipulum
1434 2086 1626 2139 voluit.
1666 2086 1757 2139 Sic

189 2161 459 2228 arbitror,
517 2176 574 2235 et
614 2166 843 2236 Cyrillo.
876 2171 995 2224 viro
1021 2170 1267 2236 doctrina
1298 2174 1595 2242 prmeipuo,
1630 2190 1755 2227 san-

188 2251 387 2342 ctitate
423 2268 636 2322 magno,
683 2258 973 2322 prudentia
1005 2272 1059 2314 et
1090 2264 1404 2330 eloquentia
1433 2248 1604 2333 gravi,
1640 2266 1752 2342 hoc

190 2338 376 2406 ipsum
423 2343 692 2411 placuisse
742 2348 993 2418 legimus,
1021 2362 1077 2406 et
1116 2354 1270 2415 illud,
1298 2357 1422 2421 quid
1468 2357 1537 2409 ad
1576 2338 1667 2411 te?
1699 2360 1749 2413 id

186 2441 387 2498 aperte
423 2435 680 2489 ostendit.
718 2436 821 2491 Sed
858 2441 910 2492 in
944 2444 1397 2509 reprehendendo
1450 2447 1609 2502 Petro
1662 2465 1741 2504 sa-

188 2532 535 2576 cramentum
564 2518 726 2578 etiam
754 2527 888 2581 iilud
927 2533 1137 2594 aperire
1163 2535 1359 2596 voluit,
1382 2552 1488 2590 non
1520 2539 1751 2594 moritu-

191 2625 320 2697 rum
378 2610 644 2693 Joannem
696 2632 870 2686 usque
918 2621 988 2674 ad
1038 2632 1279 2677 extrema
1330 2626 1511 2681 saeculi
1566 2629 1749 2701 hujus.

146 2741 153 2746 .
188 2698 407 2755 Nam—si
442 2705 775 2761 curiositatis
810 2710 983 2776 ipsum
1018 2727 1246 2781 arguere
1278 2717 1621 2773 solummodo
1642 2698 1751 2773 vvo-

188 2789 421 2857 luisset,
460 2795 589 2849 illud
640 2798 913 2866 ultimum,
945 2805 1069 2871 quid
1096 2807 1162 2857 ad
1194 2815 1261 2872 te,
1295 2810 1400 2873 vel,
1432 2810 1542 2863 Cur
1575 2814 1749 2865 aliena

193 2885 422 2947 quaris,
453 2883 679 2947 dixisse.
709 2890 841 2943 satis
867 2908 1142 2963 superque
1172 2896 1311 2959 erat,
1339 2901 1477 2953 sicut
1499 2903 1752 2956 omnibus

188 2969 360 3022 simul
414 2977 823 3043 quaerentibus,
874 2980 919 3033 si
959 2997 1025 3036 eo
1073 3000 1218 3037 anno
1273 2988 1562 3041 restiturus
1608 3003 1751 3045 esset

121 3078 131 3081 ·
191 3068 431 3128 regnum
471 3060 679 3127 lsraeli,
722 3069 1003 3137 respondit
1030 3071 1308 3127 lenissime
1335 3091 1607 3145 arguenst
1636 3078 1751 3131 Non

188 3160 271 3203 est
295 3162 525 3206 uestrum
552 3170 857 3225 cognoscere
910 3169 1141 3226 tenipora
1173 3164 1254 3217 vel
1284 3177 1567 3218 momenta.
1602 3167 1753 3221 Nunc

188 3250 381 3295 autem
410 3258 519 3296 non
570 3247 745 3313 argnit
779 3248 952 3301 solum
985 3266 1107 3302 cum
1143 3251 1516 3306 vehementius
1558 3255 1753 3308 intuli--

189 3332 288 3393 rit,
324 3335 451 3401 quid
491 3336 560 3388 ad
591 3336 684 3389 te?
717 3340 1095 3415 verumetiam
1129 3341 1195 3396 ad
1230 3342 1390 3395 linem
1424 3360 1592 3413 usque
1631 3346 1753 3399 vita:

188 3423 361 3493 hujus
405 3427 681 3483 victurum
731 3431 997 3486 Joannem
1040 3436 1273 3489 asseruit
1320 3436 1510 3490 dicens
1557 3455 1571 3490 :
1616 3436 1755 3509 Vela

184 3530 321 3567 cum
368 3508 585 3572 manere
610 3520 796 3583 donec
853 3525 1087 3578 veniam.
1140 3525 1217 3579 lta
1266 3536 1319 3580 et
1383 3508 1751 3584 conditionem

190 3606 334 3659 vitae
362 3606 587 3663 Joannis
620 3612 845 3678 aperuit
866 3625 921 3667 et
964 3615 1342 3670 curiositatem
1392 3618 1534 3671 Petri
1569 3620 1751 3673 redar-

186 3686 554 3762 gu'thxiuit
585 3710 758 3754 mttem
810 3702 982 3757 sermo
1018 3708 1117 3757 iste
1160 3708 1218 3758 in
1276 3709 1554 3776 discipulos
1615 3711 1753 3777 quod

187 3789 492 3867 discipulus
522 3791 612 3842 ille
646 3808 750 3843 non
783 3796 1025 3849 moritur.
1062 3796 1248 3850 Exivit
1280 3813 1458 3851 sermo
1488 3798 1555 3851 ad
1588 3799 1754 3852 disci-

188 3867 376 3943 puios.
416 3879 454 3929 Α
502 3893 612 3945 quo
660 3882 865 3933 exivit?
908 3898 1004 3949 per
1059 3899 1219 3950 quem
1255 3886 1553 3952 dissipatus
1608 3887 1751 3939 fuit?

102 3960 105 3963 “
187 3968 318 4034 qujs
347 3966 629 4033 discipulis
658 3970 917 4024 omnibus
957 3973 1306 4038 praedicavit?
1331 3975 1445 4027 Duo
1487 3985 1633 4033 certe
1660 3993 1748 4031 so-

187 4056 307 4108 lum
344 4070 649 4110 sermonem
682 4059 825 4113 hunc
852 4059 1067 4114 Domini
1098 4062 1430 4126 audierunt,
1478 4064 1672 4119 Petrus
1696 4075 1749 4117 et

184 4146 452 4210 Joannes,
480 4148 695 4202 caeteris
728 4148 1017 4203 Dominum
1049 4166 1112 4205 ea
1151 4151 1461 4222 replicasse.
1494 4170 1614 4222 quae
1652 4155 1747 4208 Pe-

187 4249 312 4295 trus
341 4250 397 4294 et
435 4239 671 4313 Joannes
701 4245 966 4297 secretius
1005 4256 1347 4315 acceperant,
1386 4248 1606 4301 minime
1632 4265 1750 4303 cre-

186 4331 433 4385 dendum
478 4319 873 4389 est.-Joannes
905 4344 1083 4389 autem
1114 4376 1129 4401 ,
1182 4347 1238 4390 et
1290 4338 1599 4407 virginitate
1637 4349 1747 4392 tum

1764 3126 1823 3185 ιϐ

1864 1898 2004 1967 pulis
2037 1898 2406 1965 patefaciens;
2448 1898 2542 1951 sed
2586 1899 2728 1965 quod
2763 1898 3030 1964 sequitur,
3079 1898 3258 1949 forsan
3310 1900 3416 1950 alio

1864 1974 2147 2043 trahitur“.i
2171 1988 2545 2058 Nequaquam.
2569 1987 2709 2053 Quid
2733 1988 2879 2041 enim
2912 1988 3192 2056 sequitur?
3224 1987 3285 2038 Et
3317 2003 3416 2037 non

1862 2080 1992 2133 dixit
2026 2081 2072 2131 ei
2099 2078 2277 2141 Iesus,
2311 2079 2460 2151 Quod
2494 2096 2596 2133 non
2634 2081 2878 2145 moritur,
2914 2080 3025 2143 sed,
3058 2077 3278 2156 Sjc’eum
3304 2078 3415 2129 volo

1862 2186 2093 2236 monere,
2130 2173 2291 2222 donec
2320 2172 2548 2234 ueniam,
2583 2173 2707 2237 quid
2735 2172 2803 2223 ad
2835 2173 2927 2225 te?
2975 2169 3192 2224 Putabit
3225 2169 3419 2237 aliquis

1861 2261 2023 2323 forte,
2049 2263 2341 2328 perspicuo
2374 2260 2463 2313 hic
2492 2260 2881 2329 evangelistam
2914 2260 3021 2314 illis
3048 2259 3415 2313 contradicere

1860 2350 1953 2419 qui
2001 2350 2343 2404 arbitrentur
2376 2365 2483 2404 non
2540 2351 2866 2404 moriturum
2914 2350 3092 2415 ipsum
3152 2363 3320 2416 usque
3350 2350 3413 2401 ad

1863 2439 2023 2494 linem
2051 2443 2233 2496 saeculi
2266 2441 2450 2512 hujus,
2483 2457 2610 2496 cum
2646 2443 2848 2496 scribat
2883 2458 2896 2493 ι
2926 2441 3043 2494 Non
3077 2442 3205 2493 dixit
3246 2441 3290 2490 ei
3327 2439 3411 2489 Je-

1859 2548 1946 2586 ιω
1974 2533 2113 2601 quod
2161 2550 2264 2586 non
2295 2519 2540 2597 moritur,
2586 2548 2757 2601 usque
2796 2534 2862 2587 ad
2905 2542 3142 2586 extrema
3177 2539 3414 2592 tempora

1859 2624 2071 2679 scilicet
2096 2626 2198 2693 (sic
2229 2625 2375 2677 enim
2417 2622 2780 2692 supplendum
2818 2637 3036 2690 semper
3072 2622 3197 2688 est).
3238 2620 3412 2672 excla-

1861 2714 2139 2782 mabitque
2180 2714 2248 2767 ab
2287 2729 2367 2769 eo.
2396 2714 2517 2781 ipso
2557 2714 2907 2782 explanatum
2940 2727 3062 2767 esse
3092 2710 3251 2765 vobis
3269 2712 3411 2778 quod

1860 2806 2156 2873 quaeritur,
2180 2814 2343 2874 atque
2369 2813 2578 2860 mutare
2619 2820 2728 2858 non
2771 2814 3057 2874 oportere.
3086 2805 3196 2875 Ego
3232 2815 3412 2857 autem

1861 2912 1961 2966 pro
2002 2897 2264 2952 modestia
2297 2911 2517 2953 summa
2557 2907 2612 2951 et
2674 2898 2923 2967 virginali
2965 2898 3271 2952 humilitate
3306 2904 3412 2965 qua

1859 2988 2087 3057 gloriam
2128 2989 2422 3043 humanam
2482 2987 2726 3045 Joannes
2761 2991 2987 3059 omnino
3024 2972 3253 3044 calcavit
3281 3027 3295 3050 .
3338 2988 3409 3043 ita

1858 3092 1983 3129 eum
2032 3078 2324 3146 scripsisse
2359 3077 2685 3133 crediderim
2724 3088 2782 3132 ut
2827 3090 2885 3135 et
2913 3080 3195 3134 veritatem
3241 3077 3412 3147 digilo

1859 3167 2200 3237 monstrarit.
2224 3175 2280 3220 et
2317 3160 2532 3221 inanem
2573 3167 2738 3237 hujus
2778 3169 2959 3221 saeculi
2994 3168 3220 3234 gloriam
3254 3166 3411 3234 abie-

1853 3258 2008 3309 cerit.
2036 3256 2151 3310 Non
2174 3257 2319 3310 enim
2339 3264 2500 3324 negat
2531 3270 2667 3317 rem,
2690 3255 2785 3309 sed
2806 3270 3118 3309 sermonem
3148 3264 3203 3308 et
3224 3255 3405 3307 verba.
3481 3249 3484 3255 ’

1857 3338 2233 3419 Subjieiantnr
2261 3348 2441 3402 oculis
2473 3348 2677 3401 omnia.
2729 3346 2867 3412 Quid
2916 3348 3076 3401 Jesus
3108 3344 3279 3399 dixit?
3314 3346 3408 3397 Sic

1856 3457 1975 3494 eum
2006 3441 2121 3495 volo
2164 3455 2377 3495 manere
2422 3442 2585 3493 donec
2612 3440 2861 3503 ueniam,
2891 3438 2979 3493 aili
3016 3436 3213 3491 mando
3247 3436 3405 3491 Jesus

1856 3535 2018 3600 dixit,
2054 3545 2113 3588 et
2156 3535 2444 3605 quisquam
2484 3531 2739 3601 negabit?
2763 3530 2902 3596 Quid
2938 3528 3245 3600 discipuli?
3272 3543 3408 3597 quo-

1855 3627 2018 3680 modo
2038 3626 2101 3679 id
2142 3640 2268 3679 cum
2304 3625 2509 3680 suisset
2543 3625 2595 3676 in
2648 3622 2923 3691 publicum
2953 3658 2967 3683 ,
2998 3619 3406 3676 intellexerunt.

1854 3711 2001 3784 quod
2033 3715 2273 3769 Joannes
2311 3728 2419 3766 non
2455 3711 2723 3765 moritur?
2763 3710 2946 3765 Teneo
2989 3705 3405 3761 al’lirmationem

1853 3803 2068 3857 Domini
2103 3812 2158 3855 et
2207 3802 2579 3868 apostolorum
2625 3799 2955 3852 sententiam
2989 3796 3234 3849 omnium
3263 3794 3407 3860 quod

1853 3906 1959 3943 non
1994 3890 2249 3942 moritur.
2294 3888 2435 3951 Quid
2475 3897 2659 3953 postea
2691 3885 2971 3939 Joannes?
3019 3898 3127 3935 non
3162 3890 3268 3934 tam
3305 3883 3407 3933 vir-

1851 3981 2017 4049 giuaii
2044 3978 2313 4033 modestia
2337 3978 2762 4037 humilitatequc
2794 3974 3056 4041 prmditus
3081 3986 3240 4039 quam
3268 3974 3407 4022 veri-

1853 4071 1980 4126 tatis
2031 4060 2256 4129 amicus,
2317 4068 2447 4137 quid
2494 4067 2605 4119 ait?
2651 4063 2752 4119 Sed
2810 4080 2914 4117 non
2956 4063 3086 4115 dixit
3144 4063 3190 4113 ei
3237 4061 3406 4123 Jcans,

1850 4164 1988 4233 quod
2020 4179 2121 4216 non
2156 4163 2407 4215 moritur.
2441 4160 2559 4214 Non
2589 4159 2734 4212 enim
2792 4156 2898 4211 hoc
2924 4156 3149 4209 verbum
3185 4152 3403 4222 protulit

1850 4258 2033 4323 Jesus,
2073 4256 2169 4311 sed
2212 4256 2334 4310 aliis
2362 4250 2552 4309 verbis
2584 4267 2715 4306 usus
2742 4259 2847 4305 est.
2898 4246 3148 4315 Quibus?
3180 4246 3267 4299 Sic
3295 4261 3410 4297 eum

1853 4350 1966 4403 volo
1999 4364 2214 4402 manere
2245 4348 2404 4399 donec
2430 4346 2660 4398 veniam.
2695 4338 3101 4401 Animadverto,
3127 4334 3269 4403 quod
3302 4350 3408 4405 non

185 4424 443 4492 corporis
477 4434 587 4493 tum
626 4425 853 4493 spiritus
880 4427 1125 4495 apprime
1158 4430 1415 4497 prmditus
1445 4440 1498 4483 ct
1535 4432 1745 4484 caeteris
1774 4441 2005 4504 D'stetit
2049 4438 2287 4497 Joannes
2319 4436 2391 4491 ibi
2422 4475 2436 4499 ,
2489 4432 2612 4487 Non
2664 4434 2797 4485 dixit
2829 4432 2876 4482 ei
2928 4430 3079 4483 Jesus
3132 4424 3267 4494 quod
3312 4439 3411 4475 non

185 4513 491 4568 virtutibus
517 4530 787 4579 summus,
819 4518 967 4583 quod
999 4527 1054 4573 et
1085 4518 1379 4573 dilectione
1438 4520 1648 4573 Domini
1689 4529 1745 4574 et

184 4605 673 4659 commendatione
700 4606 890 4661 Matris
916 4608 1034 4676 ejus
1058 4610 1375 4678 percipitur,
1404 4626 1743 4680 nequaquam

186 4697 245 4749 id
272 4697 423 4763 quod
464 4697 531 4752 ad
555 4698 782 4767 gloriam
814 4714 967 4753 suam
1010 4701 1281 4767 pertinere
1313 4702 1553 4763 videbat,
1586 4703 1748 4756 sociis

186 4787 351 4861 quasi
396 4786 777 4856 iactabundus.
813 4788 1175 4861 praedicasset.
1227 4790 1575 4860 Relinquitur
1615 4782 1745 4861 me

186 4891 218 4930 a
249 4860 417 4932 Petro
445 4878 710 4933 fratribus
737 4860 989 4934 enarrata
1028 4881 1193 4937 fuisse
1221 4899 1345 4957 quae
1383 4860 1644 4937 Dumiuuhs
1683 4890 1748 4937 de

186 4968 405 5023 Joanne
445 4968 606 5039 dixit.
640 4969 864 5036 Petrum
904 4984 1085 5024 autem
1139 4973 1297 5025 aliter
1334 4973 1533 5026 dixisse
1586 4989 1745 5041 quam

187 5058 445 5112 audierat
474 5057 626 5112 nefas
647 5068 728 5110 est
752 5058 925 5112 dictu.
949 5059 1090 5124 Quid
1114 5077 1243 5131 ergo
1277 5066 1461 5117 retulit
1487 5064 1750 5117 fratribus

192 5147 433 5203 Petrus?
463 5149 621 5214 Quod
656 5149 914 5204 Dominus
947 5152 1014 5204 de
1055 5154 1263 5207 Joanne
1295 5155 1465 5206 dixit:
1508 5154 1595 5207 Sic
1633 5172 1748 5207 eum

192 5239 313 5291 volo
344 5255 556 5292 manere
588 5240 749 5291 donec
790 5240 1019 5295 veniam.
1053 5242 1112 5295 id
1154 5260 1184 5296 a
1226 5245 1414 5305 Petro,
1456 5261 1483 5297 a
1539 5247 1752 5299 ett-teris

193 5330 462 5385 οιιιιιίδιιε
487 5331 679 5386 eodem
715 5330 1049 5384 intellectum
1078 5336 1240 5389 modo
1263 5336 1385 5398 fuit,
1410 5340 1554 5406 quod
1582 5340 1749 5392 disci—

1858 4532 2120 4592 moritur;
2151 4527 2393 4581 stetisset
2426 4538 2609 4579 autem
2660 4523 2704 4577 si
2740 4536 2852 4575 rem
2896 4522 3064 4589 ipsam
3096 4522 3293 4583 negare
3316 4529 3411 4566 vo-

1857 4620 2074 4674 luisset.
2105 4617 2211 4673 Scd
2244 4617 2497 4687 addidit,_
2524 4613 2648 4674 Sed,
2689 4611 2902 4679 supple,
2939 4610 3069 4661 dixit
3120 4623 3135 4657 :
3179 4605 3261 4656 Sic
3297 4608 3413 4655 eum

1857 4712 1972 4764 uolo
2020 4706 2232 4765 manere
2264 4752 2280 4775 ,
2341 4710 2504 4761 donec
2554 4707 2778 4758 veniam.
2811 4694 3089 4756 Sermonis
3145 4696 3309 4763 igitur
3362 4704 3416 4743 ct

1860 4806 2152 4857 verborum
2183 4802 2529 4856 collationem
2583 4798 2737 4853 facit.
2771 4809 2877 4845 non
2930 4806 3134 4843 rerum.
3183 4788 3313 4840 Nam
3372 4786 3413 4836 si

1863 4908 2045 4947 rerum
2093 4892 2268 4945 facere
2316 4890 2664 4943 collationem
2704 4883 2998 4940 voluisset,
3054 4879 3183 4931 illud
3241 4877 3414 4928 Solum

1857 4986 2169 5051 scripsisset
2205 4999 2218 5034 :
2251 4981 2366 5034 Non
2403 4981 2538 5031 dixit
2568 4978 2618 5030 ei
2659 4975 2802 5042 quod
2851 4989 2958 5027 non
2999 4972 3266 5031 moritur;
3316 4970 3418 5018 huc

1808 5121 1813 5127 .
1862 5076 2010 5136 enim
2053 5075 2125 5125 ita
2170 5073 2377 5125 dictum
2410 5109 2423 5129 ,
2477 5070 2659 5121 statim
2706 5066 2942 5119 ostendit
2972 5062 3116 5131 quml
3170 5060 3416 5112 moritur.

195 5419 367 5485 pnlus
404 5420 493 5473 ille
534 5435 639 5474 non
672 5421 922 5473 moritur.
962 5420 1143 5487 Quare
1175 5426 1290 5493 ipse
1328 5431 1545 5495 quoque
1577 5432 1748 5481 deliu-

195 5525 371 5578 quere
406 5511 535 5562 mihi
569 5513 799 5565 viderer
829 5513 871 5565 si
908 5528 1014 5563 nun
1042 5518 1111 5564 ita
1139 5515 1282 5569 hunc
1314 5520 1519 5571 Domini
1554 5536 1757 5573 sermo-

200 5615 331 5653 nem
382 5613 657 5666 caperem,
700 5602 841 5655 sicut
906 5617 1099 5655 uuincs
1129 5604 1376 5672 discipnii
1421 5618 1549 5661 tune
1598 5612 1756 5661 intel-

201 5696 477 5749 lexerunt.
512 5688 689 5744 Facile
732 5707 971 5762 namque
1007 5694 1355 5771 crediderim,
1390 5701 1638 5764 quamvis
1671 5704 1753 5757 die

1865 5164 1993 5224 Sed,
2030 5162 2144 5216 Non
2168 5162 2298 5211 dixit
2325 5160 2458 5226 quod
2492 5174 2593 5211 non
2627 5160 2869 5218 moritur,
2909 5154 3106 5219 inquit,
3136 5149 3225 5200 sed
3255 5145 3413 5203 dixit,

1865 5254 1951 5308 Sic
1974 5270 2089 5305 eum
2118 5250 2473 5303 eolomanere
2494 5242 3051 5309 doncc‘vcuiam,‘qnid
3076 5240 3142 5290 ad
3170 5237 3260 5287 te?
3292 5237 3418 5289 Per-

1865 5345 2113 5413 spicuum
2161 5356 2292 5405 ergo
2322 5347 2457 5402 est,
2491 5338 2783 5392 verborum
2832 5334 3007 5402 ipsum
3064 5327 3413 5382 collationem

1867 5434 2065 5495 facere,
2096 5447 2207 5484 non
2233 5444 2449 5489 rerum.
2491 5428 2741 5497 quamvis
2784 5434 2839 5477 et
2869 5437 3052 5476 rerum
3092 5421 3276 5475 dicere
3312 5438 3417 5473 non

1870 5523 2086 5579 dubito.
2118 5522 2270 5575 Alter
2300 5521 2448 5575 enim
2486 5532 2664 5571 sermo
2709 5510 2938 5569 m'ortem
2976 5516 3200 5567 omnino
3240 5525 3416 5578 negat.

1870 5612 2014 5681 quod
2048 5612 2309 5678 quoniam
2340 5608 2535 5661 l'alsum
2567 5614 2648 5659 cst
2683 5618 2789 5656 non
2828 5603 3121 5665 dixit,Non
3146 5604 3375 5655 moritur
3408 5618 3421 5667 7,

1871 5704 2025 5767 alter,
2056 5698 2277 5770 quando
2308 5695 2609 5752 moriturus
2633 5705 2734 5758 est,
2760 5696 3033 5763 ostendit,
3074 5696 3248 5748 Donec
3281 5698 3421 5747 enim
