4116 6336
695 109 803 173 875

1806 136 1807 139 η
1866 103 2182 169 GEORGII
2226 106 2747 170 TliAFEZUNTiI

3813 109 3912 175 816

696 221 914 277 veniam
941 218 1162 287 (inquit)
1190 219 1313 272 volo
1344 217 1522 287 ipsum
1555 218 1635 296 sic
1666 233 1910 281 mouere,
1966 228 2132 286 atque
2166 222 2249 290 νζ·
2280 218 2331 274 Α
2357 232 2483 273 vere
2538 228 2595 294 et
2644 218 2900 287 deripere
2933 215 3167 279 scilicet,
3207 230 3271 271 ac
3302 216 3357 271 in
3401 230 3655 272 errorem
3684 214 3909 280 demum

652 326 655 327 '
698 327 829 366 vere
867 311 1096 367 scilicet.
1131 312 1276 376 Quas
1308 310 1380 365 ob
1411 326 1500 365 res
1527 311 1572 365 si
1607 311 1730 379 quis
1762 309 2056 379 diligenter
2076 306 2251 363 Evan-

696 403 822 471 gelii
856 403 1021 456 verba
1058 396 1355 467 examinet,
1375 410 1431 454 et
1457 402 1723 456 assertive
1750 400 1957 489 dictum
1989 414 2141 463 esse,
2167 397 2253 452 Sic

697 513 813 548 cum
849 495 962 548 solo
991 512 1205 549 manere
1254 498 1418 547 donec
1470 490 1709 554 ueniam,
1748 491 2069 560 perpendat,
2105 490 2250 559 quod

699 589 900 640 frusua
923 596 1017 639 aut
1049 582 1327 655 superﬂue
1366 585 1571 639 dictum
1608 593 1796 652 putare
1824 581 1976 636 nefas
2001 591 2125 635 est:
2164 581 2252 635 vi-

699 678 922 730 deretur
948 667 1129 731 autem
1158 691 1277 731 esse
1307 671 1665 743 superﬂuum,
1689 670 1695 675 ”
1715 674 1760 729 si
1808 674 1874 729 ad
1908 671 2248 744 singulorum

699 769 902 821 exitum
940 753 1241 823 adventum
1292 766 1523 821 Domini
1565 764 1773 821 referas
1798 782 1821 830 ;-
1877 766 1921 819 si
1992 765 2250 834 praedicta

700 877 888 914 omnes
938 861 1098 914 simul
1141 859 1395 927 discipuli
1441 872 1536 927 per
1590 857 1678 911 illa
1732 858 1908 912 verba
1940 872 2046 909 non
2106 856 2246 909 mori

698 952 957 1004 Joannem
982 966 1151 1019 usque
1181 950 1246 1003 ad
1278 964 1519 1004 exrrema
1551 958 1795 1017 tempora
1827 948 2211 1002 intellexerunt
2231 940 2277 1015 ;’

698 1040 740 1092 si
788 1042 1014 1106 denique
1055 1040 1293 1093 Joannes
1338 1041 1458 1108 ipse
1485 1053 1621 1092 'non
1674 1052 1881 1100 rerum,
1926 1036 2019 1090 sed
2056 1038 2247 1089 verbo-

700 1117 819 1181 rum
845 1141 898 1182 ct
920 1128 1189 1184 sermonis
1210 1129 1348 1184 facit
1368 1130 1735 1192 collationem,
1762 1128 1870 1191 vel,
1894 1128 2037 1195 quod
2067 1127 2252 1180 verius

700 1228 803 1282 est,
834 1218 995 1273 etiam
1030 1212 1248 1273 rerum:
1298 1220 1421 1289 quis
1457 1219 1752 1280 dubitabit,
1788 1218 1964 1286 ipsum
1998 1216 2248 1270 Tonitrui

703 1305 895 1369 ﬁlium,
922 1320 1083 1377 quem
1119 1308 1381 1363 Dominus
1415 1307 1649 1361 maxime
1681 1309 1927 1360 omnium
1956 1306 2251 1375 diSeipulo-

702 1412 823 1449 rum
874 1399 1099 1463 dilexit,
1146 1399 1233 1451 cui
1278 1400 1501 1451 Matrem
1548 1398 1789 1450 moriens
1838 1399 1895 1449 in
1930 1410 2094 1449 cruce
2151 1396 2250 1450 soli

696 1488 1123 1549 commendavit,
1168 1488 1344 1541 adhuc
1386 1483 1588 1550 vivere,
1621 1490 2004 1556 victurumque
2056 1487 2140 1540 vel
2183 1488 2250 1540 ad

703 1588 945 1633 extrema
1001 1580 1184 1633 surculi
1240 1579 1444 1645 hujus?
1481 1579 1560 1633 vel
1623 1580 1766 1633 sicut
1816 1579 1906 1632 ille
1963 1578 2056 1648 qui
2096 1580 2255 1649 longe

704 1679 829 1722 ante
857 1668 994 1722 alios
1028 1669 1203 1737 ipsum
1239 1668 1447 1734 dilexit,
1492 1669 1787 1733 ordinavit,
1822 1668 2083 1733 instituit,
2113 1685 2255 1738 pra:-

638 1826 641 1831 ~
678 1758 1017 1843 destinavit.
1039 1761 1236 1813 Verum
1265 1760 1535 1829 quantum
1568 1760 1659 1815 hic
1682 1759 1964 1830 Evangelii
1995 1751 2149 1816 locus
2187 1762 2255 1815 ad
2286 1828 2291 1833 _

702 1832 847 1902 baue'
871 1862 981 1902 rem
1015 1850 1283 1916 conferat,
1315 1866 1387 1905 ne
1416 1851 1643 1914 nimium
1686 1859 1903 1906 crescat
1933 1864 1989 1905 et
2032 1858 2254 1906 modum
2284 1832 2307 1898 ὲ

702 1939 931 1993 excedat
994 1937 1207 2007 oratio,
1238 1942 1379 2001 satis
1409 1940 1521 2011 jam
1579 1942 1670 1997 sit.
1713 1937 1871 1997 Nunc
1930 1943 2263 1999 ratiunculis

703 2044 923 2097 quoque
954 2032 1250 2097 nonnullis,
1280 2028 1518 2101 idipsum
1550 2030 1808 2087 ofﬁrmari
1854 2033 2182 2103 aperiamus.

774 2119 1011 2172 Primum
1062 2119 1228 2188 igitur
1265 2119 1537 2184 dicimus,
1573 2119 1867 2189 diligenter
1908 2122 1966 2175 in
2000 2119 2257 2175 omnibus

705 2204 1003 2280 Scripturis
1034 2208 1317 2261 canonicis
1344 2208 1625 2263 observari
1660 2218 1946 2278 oportere,
1986 2210 2132 2279 quod
2167 2209 2255 2263 ni-

708 2297 783 2349 hil
835 2296 1056 2359 frustra,
1105 2296 1241 2351 nihil
1303 2298 1595 2367 superﬂue,
1642 2297 1779 2353 nihil
1836 2298 1951 2355 sine
1991 2315 2156 2355 causa
2198 2300 2255 2355 in

687 2389 839 2474 \ipsis
876 2390 1144 2457 scriptum
1180 2400 1285 2443 est.
1334 2386 1541 2459 Spiritu
1600 2390 1744 2445 enim
1785 2397 1978 2445 sancto
2015 2391 2279 2471 dictante!

705 2491 894 2531 omnes
922 2478 1139 2545 scripta:
1162 2486 1314 2539 sunt,
1351 2476 1591 2544 Spiritus
1637 2490 1768 2531 vero
1816 2486 2038 2531 sanctus
2068 2475 2254 2547 omnia

602 2638 605 2639 ν
706 2566 831 2629 scit,
873 2568 1059 2620 omnia
1088 2567 1352 2635 praevidet
1375 2607 1388 2629 ,
1420 2568 1603 2621 omnia
1643 2566 1884 2621 breviter
1910 2575 1966 2621 et
1996 2575 2057 2619 ut
2096 2581 2259 2635 opor-

710 2664 787 2708 tet
816 2664 874 2708 et
904 2664 1162 2723 quantum
1190 2665 1407 2724 Oportet
1436 2667 1492 2719 et
1531 2658 1672 2709 sicut
1702 2666 1919 2724 oportet
1941 2696 1959 2721 ,
1996 2656 2257 2723 diSponit,

709 2746 943 2810 dictitat,
982 2747 1113 2801 edit.
1152 2746 1393 2800 Non'est
1424 2760 1553 2815 ergo
1590 2745 1981 2813 quidquam'in
2015 2742 2264 2813 Evange-

2361 308 2672 373 iutrudere;
2705 311 2898 365 deinde
2951 308 3187 366 infertur
3222 324 3237 359 :
3272 307 3386 377 Ego
3417 315 3593 361 eumn
3643 308 3793 361 oravi
3820 323 3913 373 pro

2361 391 2433 461 te,
2476 416 2542 453 ne
2590 392 2798 466 deﬁciat
2838 399 2967 466 ﬁdes
3009 408 3141 464 tua;
3191 406 3249 450 tu
3286 413 3410 451 vero
3462 398 3756 466 aliquando
3794 414 3915 450 con-

2354 507 2531 546 uersus
2582 492 2836 559 conﬁrma
2889 493 3083 561 fratres
3117 500 3231 545 tuos
3268 491 3311 545 ⁸.
3369 488 3473 545 Ubi
3519 490 3632 542 duo
3683 491 3911 543 maxim

2356 577 2541 650 aperte
2588 583 2969 652 exprimuntur
3011 583 3266 653 mysteria
3312 597 3329 636 :
3363 581 3601 650 primum
3636 578 3782 648 quod
3818 580 3913 633 Pe.

2358 672 2425 726 tri
2463 671 2633 727 solius
2679 682 2737 727 et
2781 688 3157 728 successorum
3216 687 3467 736 suorum,
3514 670 3567 726 id
3614 674 3706 723 est;
3735 668 3913 723 Eccle-

2354 765 2450 837 siae
2482 752 2952 831 Romana'ctijiis
2981 766 3133 819 urbis
3162 764 3428 818 duntaxat
3448 764 3769 832 episcopum
3788 776 3914 835 eone

2355 865 2465 908 stat
2498 854 2671 909 fuisse
2708 854 2927 909 Petrum
2953 898 2968 921 ,
3022 871 3128 910 non
3178 855 3398 913 deﬁciet
3434 853 3604 917 ﬁdes;
3644 853 3910 915 alterum,

2354 945 2499 1013 quod
2535 955 2863 998 ceterorum
2895 944 3115 999 deﬁciet
3163 943 3478 1014 aliquando.
3509 942 3690 1007 Quare
3718 941 3911 1007 inquit.

2360 1035 2431 1085 Iit
2462 1032 2749 1102 aliquando
2775 1036 3073 1098 conuersus,
3099 1034 3358 1101 conﬁrma
3398 1034 3591 1102 fratres
3626 1039 3768 1083 tuos.
3796 1030 3914 1083 Ali-

2356 1129 2571 1194 quando
2605 1137 2791 1181 autem
2816 1126 2955 1182 dixit
2980 1168 2997 1193 ,
3028 1132 3090 1181 ut
3120 1124 3459 1186 ostenderet,
3481 1122 3763 1177 neminem
3791 1137 3913 1193 apo-

2355 1216 2618 1269 stolorum
2648 1215 2889 1285 Spiritus
2927 1217 3105 1272 sancti
3138 1215 3525 1271 conﬁrmatum
3554 1212 3729 1280 gratia
3765 1227 3911 1267 erra-

2358 1315 2563 1367 turum.
2590 1307 2684 1360 sed
2708 1319 3073 1371 successores,
3091 1307 3157 1361 ad
3179 1305 3651 1361 conﬁrmationem
3681 1318 3913 1374 quorum

2358 1393 2567 1458 Petrus,
2602 1396 2707 1450 hoc
2751 1404 2834 1476 est
2856 1396 3031 1466 ipsius
3058 1410 3405 1461 successores
3432 1396 3678 1451 converti
3720 1395 3916 1465 iuben—

2361 1493 2478 1546 tur;
2512 1485 2656 1553 quod
2687 1485 2867 1554 reipsa
2894 1485 3196 1555 perfectum
3228 1502 3249 1543 :
3279 1500 3422 1554 sape
3448 1500 3687 1554 namque
3705 1495 3917 1541 cetera!

2359 1574 2533 1635 orbis
2564 1573 2819 1630 Ecclesiae
2855 1590 2884 1629 a
2939 1577 3183 1635 Romana
3232 1574 3571 1639 conﬁrmata:
3612 1584 3764 1641 sunt,
3800 1576 3916 1644 ipsa

2357 1665 2428 1719 ab
2451 1664 2572 1718 aliis
2588 1680 2893 1744 nunquam.
2917 1665 3024 1720 Sed
3053 1674 3297 1733 tempora
3323 1679 3553 1735 quoque
3573 1663 3918 1734 μείρακα

2356 1754 2511 1831 Petri.
2540 1754 2960 1810 admirationem
2988 1796 3003 1820 ,
3038 1754 3081 1808 si
3114 1756 3541 1809 considerantur
3568 1792 3585 1817 ,
3616 1755 3915 1823 adaugent,

2356 1858 2408 1902 et
2435 1847 2594 1917 ﬁdem
2635 1847 2715 1901 rei
2750 1846 2959 1909 faciunt
2989 1846 3313 1901 ﬁrmiorem.
3342 1845 3535 1901 Claves
3558 1845 3915 1915 promittun-

2360 1948 2472 2004 tur,
2499 1954 2621 1993 cum
2647 1940 2764 2008 ipse
2791 1947 2919 1993 ante
2954 1938 3089 1993 alios
3119 1936 3318 1992 Filium
3355 1936 3449 1991 Dei
3482 1937 3595 1989 vivi
3628 1934 3916 1989 confessus

2356 2040 2551 2099 esset;
2580 2025 2703 2085 ﬁdei
2738 2044 2846 2084 non
2880 2030 3173 2084 defectura:
3200 2008 3491 2099 (gratiamin
3532 2027 3915 2098 proﬁciscente

2357 2121 2413 2175 in
2445 2127 2662 2175 erucem
2697 2120 2851 2189 quasi
2881 2127 3211 2191 testamento
3235 2120 3470 2188 accepit,
3502 2117 3913 2187 pascendarum

2357 2210 2539 2265 ovium
2570 2209 2891 2279 simpliciter
2921 2210 3193 2275 omnium,
3234 2217 3400 2279 atque
3430 2218 3918 2277 agnorum‘aucto-

2359 2301 2602 2365 ritatem,
2652 2310 2776 2371 post
2824 2286 3331 2365 resurrectionem,
3371 2314 3563 2369 parum
3615 2308 3910 2368 antequam

2357 2391 2622 2445 Dominus
2646 2391 2701 2445 in
2733 2390 2901 2446 caelos
2941 2390 3282 2445 ascenderet.
3325 2371 3623 2455 Quorsum
3647 2388 3767 2441 hac
3787 2387 3813 2440 ?
3846 2386 3911 2442 Ut

2359 2482 2713 2537 ostendamus
2736 2494 2967 2539 mortem
2994 2482 3216 2551 quidem
3255 2480 3401 2537 Petri
3431 2489 3487 2535 et
3517 2494 3692 2549 genus
3720 2478 3913 2533 mortis

2360 2571 2766 2640 pnediceudum
2810 2572 3003 2633 fuisse,
3036 2571 3264 2625 Joannis
3297 2579 3475 2624 autem
3519 2581 3777 2629 mortem,
3808 2569 3914 2621 nisi

2361 2660 2486 2729 quis
2521 2661 2575 2714 in
2620 2661 2879 2713 extremis
2912 2660 3078 2729 hujus
3114 2660 3299 2713 saeculi
3341 2658 3576 2713 futuram
3612 2673 3737 2711 cum
3788 2672 3917 2726 apo-

2364 2741 2537 2804 stolis
2565 2749 2864 2815 existimet,
2897 2766 3006 2804 non
3052 2749 3224 2806 fuisse
3254 2748 3622 2803 scribendam.
3658 2749 3740 2802 Ad
3781 2747 3913 2815 quid

703 2836 793 2889 liis
820 2834 1030 2904 absque
1056 2849 1250 2905 magno
1282 2832 1543 2904 mysterio
1586 2832 1817 2886 dictum.
1869 2830 1975 2921 Sed
2020 2831 2133 2921 nisi
2187 2845 2255 2885 eo
2281 2864 2324 2921 ο
2362 2840 2507 2895 enim
2543 2840 2897 2905 ιηοι-ῑιυι-υπι,
2926 2855 3051 2912 eum
3085 2839 3345 2894 Dominus
3370 2840 3438 2894 ad
3464 2854 3591 2894 eum
3626 2839 3914 2905 τεηεήῌη

704 2939 932 3007 prorsus
950 2933 1108 3009 pacto
1137 2923 1565 2978 intellexerimus
1595 2921 1850 2988 praedicta
1880 2920 2090 2976 Domini
2134 2936 2258 2977 ver-
2300 2920 2307 2921 ⁷
2359 2929 2461 2993 hac
2500 2929 2813 2985 conditione
2846 2929 3165 2996 communi;
3186 2930 3561 2985 scriberetur?
3592 2930 3674 2984 Ad
3728 2945 3914 2997 repre-

687 3017 798 3091 _ba,
837 3004 917 3070 sic
946 3004 1143 3090 omnes
1161 3016 1391 3085 apostoli
1423 3029 1486 3069 ac
1519 3013 1769 3084 discipuli
1799 3013 1893 3084 qui
1925 3021 2058 3069 tunc
2076 3022 2254 3078 erant,

708 3115 1055 3175 acceperunt,
1078 3104 1280 3161 frustra
1318 3113 1463 3160 totus
1496 3103 1587 3159 ille
1608 3105 1760 3159 locus
1788 3102 1858 3158 de
1883 3102 2094 3159 Joanne
2121 3117 2256 3157 con-

706 3196 944 3262 scriptus
988 3205 1111 3250 esse
1150 3194 1448 3250 videbitur.
1499 3192 1611 3246 Cur
1678 3192 1829 3246 enim
1898 3200 2270 3262 posteaquam,

714 3286 1330 3356 uiiiversalis‘Ecelesite
1354 3283 1673 3352 praefectura
1700 3283 1865 3343 Petro
1892 3292 1949 3336 et
1970 3296 2254 3337 successo-

710 3376 865 3427 ribus
890 3376 1083 3428 collata
1118 3384 1221 3433 est.
1259 3382 1315 3425 et
1348 3387 1497 3426 mors
1539 3374 1659 3441 ejus
1691 3359 1867 3438 qualis
1900 3373 2081 3425 futura
2111 3379 2256 3424 esset

710 3464 775 3516 ad
810 3470 1055 3530 apertum
1090 3460 1159 3513 de
1186 3459 1618 3537 Joannis‘ntorte
1649 3459 1984 3514 disseritur?
2026 3457 2162 3513 Nam
2187 3459 2258 3514 de

707 3551 855 3607 Petri
904 3549 1124 3617 quidem
1180 3556 1355 3603 marte
1390 3547 1691 3617 praedicere
1734 3546 1920 3602 multis
1961 3549 2258 3605 de-causis

707 3642 973 3710 oportuit.
1002 3640 1117 3695 Non
1147 3640 1292 3694 enim
1323 3637 1549 3693 tacenda
1581 3644 1711 3693 sunt
1758 3645 2118 3712 sacramenta.
2157 3639 2258 3693 Sa-

658 3716 661 3720 ’
708 3741 1045 3785 cramentum
1107 3736 1286 3783 autem
1336 3728 1598 3797 quiddam
1651 3741 1774 3783 esse
1819 3727 1966 3797 quod
2022 3715 2261 3785 vicarius

706 3822 935 3887 Christi,
968 3819 1224 3874 Ecclesia:
1254 3833 1367 3873 suae
1402 3818 1726 3887 pmpositus
1755 3826 1812 3873 et
1838 3818 2083 3889 pontifex
2105 3833 2257 3884 sum-

715 3928 837 3965 mus
882 3911 1196 3964 immediate
1232 3919 1354 3979 post
1400 3909 1675 3964 Christum
1726 3918 1783 3963 et
1832 3911 2042 3977 primus
2077 3909 2259 3965 crucis

713 4000 964 4054 similiter
986 4008 1161 4051 morte
1194 3998 1491 4051 moriturus
1512 4006 1658 4051 esset
1681 4011 1791 4051 non
1814 4006 1900 4052 est
1922 3999 2253 4068 negandum,

708 4088 1007 4161 przesertim
1066 4102 1194 4141 cum
1246 4087 1375 4139 huic
1420 4085 1759 4155 apertissime
1811 4086 1976 4140 vitam
2035 4102 2255 4155 quoque

2357 3021 2675 3076 hensionem
2709 3022 3041 3077 curiositatis
3078 3023 3273 3077 Petri?
3310 3022 3380 3077 At
3405 3022 3567 3076 unico
3615 3022 3788 3075 verbo
3832 3039 3915 3076 re-

2361 3114 2669 3183 darguitur,
2696 3128 2765 3167 ne
2790 3124 3001 3183 quaerat
3030 3113 3231 3175 aliena,
3259 3120 3321 3168 ut
3356 3112 3719 3180 interroganti
3750 3113 3915 3166 Petro

2355 3204 2666 3259 satisﬁeret.
2715 3207 2785 3259 At
2818 3205 3139 3273 inerepatur
3163 3196 3223 3259 et
3270 3203 3497 3273 quidem
3531 3202 3912 3260 vehementer.

2354 3294 2495 3358 Quid
2528 3294 2676 3347 enim
2707 3285 2889 3348 acrius
2913 3309 3074 3361 quam
3101 3303 3446 3362 quaerentem
3502 3290 3699 3346 audire
3728 3289 3914 3356 {Quid

2357 3382 2426 3435 ad
2464 3380 2563 3434 te!
2616 3379 2729 3435 Cur
2787 3390 2969 3435 autem
3018 3369 3340 3447 aﬁirmando
3391 3380 3618 3443 intulit,
3658 3394 3912 3432 commu—

2355 3485 2479 3524 nem
2535 3470 2675 3524 banc
2716 3469 3064 3524 mortalitatis
3108 3479 3308 3523 nostra:
3379 3468 3754 3524 conditionem
3792 3482 3915 3520 om-

2356 3555 2521 3631 nib_us
2548 3557 2832 3612 certiorem
2873 3566 3038 3625 atque
3088 3554 3462 3610 inevitabilem
3485 3592 3502 3619 ,
3560 3555 3667 3608 nisi
3698 3549 3914 3607 natura

2358 3649 2531 3718 ipsius
2560 3644 2823 3704 Dominus
2852 3647 3011 3702 aliter
3049 3645 3342 3701 statuerit?
3384 3645 3730 3714 Quapropter
3755 3645 3799 3698 si
3830 3644 3915 3697 ni-

2354 3740 2430 3794 hil
2448 3741 2648 3795 frustra
2676 3749 2730 3795 et
2759 3740 2965 3810 absque
2989 3753 3150 3793 causa
3179 3736 3475 3806 Scriptum
3504 3735 3789 3803 referunt,
3829 3743 3915 3788 to.

2356 3829 2467 3884 tius
2497 3836 2679 3883 autem
2704 3827 2809 3882 loci
2844 3841 2956 3896 quo
2980 3824 3287 3882 deJoanne
3318 3823 3406 3879 hic
3434 3823 3699 3878 scribitur
3721 3864 3734 3886 ,
3762 3824 3913 3877 nulla

2356 3929 2535 3988 potest
2561 3916 2796 3993 inveniri
2825 3930 2990 3970 causa
3018 3915 3122 3970 nisi
3157 3916 3303 3984 quod
3338 3914 3605 3969 Dominus
3640 3914 3809 3968 voluit
3839 3914 3911 3968 ad

2358 4017 2602 4062 extrema
2634 4016 2879 4074 tempora
2908 4005 3086 4073 ipsum
3114 4018 3465 4071 conservare,
3489 4014 3641 4075 patet
3665 4006 3913 4059 nondum

2338 4095 2624 4162 Joannem
2658 4096 2933 4147 mo‘rtuum
2967 4106 3109 4145 esse.

708 4140 961 4248 Limn
989 4177 1319 4247 sequendam
1350 4140 1594 4244 apprime
1640 4174 1869 4231 diceret.
1909 4176 1977 4230 Et
2005 4140 2255 4231 certem;
2279 4140 3236 4250 Erginum
3257 4178 3317 4235 Si
3339 4181 3473 4235 nihil
3504 4140 3766 4248 scriptum
3793 4182 3914 4236 sine

711 4282 805 4326 cut
828 4284 949 4337 qua:
973 4266 1280 4322 necessaria
1314 4275 1442 4320 sunt
1467 4268 1665 4334 saepius
1686 4267 2003 4336 repetenda,
2035 4270 2113 4324 sic
2137 4266 2285 4338 quae

713 4361 851 4415 nihil
900 4358 1225 4423 conferunt,
1266 4371 1425 4411 nemo
1472 4357 1699 4423 scribit,
1744 4358 2067 4426 praefectura
2110 4361 2283 4415 Petri.

713 4450 871 4503 aliter
900 4464 1043 4517 sape
1068 4457 1230 4517 atque
1250 4448 1415 4501 aliter
1451 4449 1778 4516 exprimitur
1812 4466 1879 4504 ne
1909 4450 2043 4519 quis
2072 4451 2128 4505 in
2162 4468 2260 4521 po-

708 4550 918 4593 sterum
949 4540 1145 4592 audeat
1178 4538 1377 4593 mutire
1408 4540 1493 4594 vel
1520 4539 1738 4602 dicere,
1768 4540 2044 4597 Romanos
2080 4544 2262 4612 ponti-

712 4629 845 4682 ﬁces
869 4628 962 4695 qui
992 4628 1150 4681 Petro
1182 4639 1571 4684 successerunt
1589 4672 1605 4697 ,
1640 4629 1902 4685 Ecclesiae
1928 4632 2257 4689 universalis

713 4731 824 4771 not:
872 4730 989 4769 esse
1013 4726 1277 4783 pastores.
1304 4718 1570 4781 Quocirca
1601 4719 1783 4775 claves
1809 4722 1961 4791 regni
1990 4721 2258 4778 oculorum

712 4809 765 4862 ei
797 4806 1069 4877 pracipue
1118 4808 1553 4872 committuntur,
1588 4818 1645 4862 et
1674 4824 1771 4879 per
1801 4810 1949 4864 hunc
1983 4811 2259 4882 Evangelii

713 4902 892 4953 locum
922 4910 1080 4964 quem
1113 4892 1276 4947 modo
1305 4894 1655 4948 tractavimus
1674 4938 1687 4960 ,
1714 4912 1847 4963 grex
1874 4914 2137 4967 agnorum
2176 4892 2261 4959 τη-

716 5004 822 5057 que
845 4988 1027 5059 ovium
1058 4981 1266 5037 Domini
1295 4981 1373 5035 illi
1402 4980 1836 5049 commendatur,
1900 4998 1957 5038 et
1989 4998 2116 5042 ante
2140 5006 2262 5058 pas-

719 5080 927 5130 sionem
958 5074 1023 5128 ad
1052 5074 1272 5128 Petrum
1312 5083 1563 5125 sermone
1594 5085 1860 5126 converso
1892 5085 1948 5128 et
1976 5078 2043 5128 ad
2070 5093 2263 5134 omnes

720 5169 1079 5225 communiter
1110 5166 1287 5236 primo
1321 5164 1525 5218 dicitur
1551 5180 1566 5217 :
1593 5164 1744 5229 Ecce,
1788 5164 1989 5232 Simon,
2030 5167 2261 5242 Satanas

718 5258 963 5334 expetivit
992 5280 1080 5318 eos
1108 5262 1337 5316 cribrare
1376 5264 1528 5332 quasi
1566 5264 1794 5317 triticum
1829 5272 1991 5332 atque
2040 5266 2264 5320 convol-

793 5436 805 5463 '
844 5433 974 5487 Luc.
1011 5447 1142 5497 xxtt,
1180 5432 1277 5485 3l.’

2364 4290 2525 4328 causa
2557 4285 2660 4338 est,
2699 4288 2871 4342 neque
2905 4271 3103 4326 factum
3150 4271 3322 4323 multo
3355 4270 3547 4339 magis,
3589 4284 3689 4323 cur
3722 4282 3914 4337 putan-

2363 4366 2493 4420 dum
2519 4375 2622 4427 est,
2658 4378 2763 4416 non
2786 4362 3013 4417 cessisse
3028 4359 3205 4414 adhuc
3236 4358 3754 4418 naturas-Joannem.
3785 4375 3912 4413 cum

2361 4456 2529 4510 etiam
2553 4453 2714 4523 hujus
2744 4466 2906 4505 causa
2931 4464 3041 4505 non
3071 4447 3338 4505 afferetur
3392 4447 3617 4510 certior,
3656 4457 3715 4502 et
3744 4449 3913 4502 multa

2322 4558 2323 4561 ‘
2365 4550 2477 4603 sint
2503 4547 2556 4598 in
2577 4542 2873 4611 Scripturis
2900 4550 3134 4611 quorum
3166 4553 3360 4593 causas
3387 4540 3705 4608 ignoremus
3723 4538 3750 4588 ἲ
3770 4538 3910 4592 Hui-

2365 4648 2544 4694 torum
2585 4627 2843 4706 ignorare
2908 4646 3006 4688 nos
3049 4642 3266 4692 causas,
3320 4642 3483 4681 nemo
3520 4626 3623 4683 ibit
3682 4628 3913 4683 inicias.

2364 4731 2542 4785 Causa
2574 4728 2720 4781 enim
2772 4726 2965 4779 mortis
3015 4722 3072 4775 in
3113 4720 3322 4775 Joanne
3361 4717 3698 4781 dilferendc,
3752 4720 3916 4787 plano

2364 4802 2596 4888 percipi,
2642 4815 2767 4883 quis
2822 4809 3022 4881 poterit
3074 4805 3387 4875 ambigere?
3426 4803 3687 4859 Profecto
3725 4817 3911 4857 nemo.

2363 4906 2571 4960 Clamat
2621 4905 2767 4958 enim
2805 4902 3101 4967 Scriptura,
3136 4894 3316 4951 Enoch
3348 4904 3409 4948 et‘
3444 4893 3653 4950 Heliam
3697 4892 3765 4944 ad
3807 4890 3915 4943 alia

2365 4997 2506 5062 loca,
2540 4997 2596 5049 in
2622 4996 2787 5049 vitam
2826 4991 3037 5061 scilicet
3066 4988 3365 5057 longiorem
3413 4984 3729 5046 translatos,
3757 4983 3918 5049 cujus

2372 5084 2741 5140 translationis
2757 5097 2917 5137 causa
2946 5079 3121 5149 primo
3146 5077 3365 5145 quidem
3384 5071 3739 5145 ignorabatur
3754 5082 3775 5135 ;
3793 5083 3916 5122 ere-

2369 5175 2573 5228 debant
2598 5183 2803 5235 tamen,
2834 5170 2961 5245 quia
2983 5179 3237 5236 expresse
3273 5163 3442 5227 dicta.
3476 5160 3570 5213 Sic
3593 5156 3912 5226 accipienda

2368 5266 2525 5318 nobis
2546 5273 2692 5330 sunt,
2717 5272 2774 5317 ut
2791 5271 2845 5315 ct
2869 5260 3095 5313 ﬁrmiter
3110 5255 3332 5310 credere
3355 5252 3675 5313 debeamus,
3697 5246 3911 5301 etiamsi
