4116 6336
118 298 205 362 illi

873 296 961 359 IN
1002 298 1255 371 ILLUD,
1281 295 1323 349 ἐ
1356 300 1473 361 SlC
1515 301 1708 363 νοω
1751 302 1907 363 EUM
1956 304 2289 373 hlANEllE,
2324 318 2341 351 ι
2386 303 2542 363 ETC.

3210 304 3313 367 8'78

118 407 302 463 nullam
341 420 557 463 causam
584 404 888 472 videamus,
922 414 1048 476 post
1072 409 1509 465 incarnationem
1528 410 1661 464 Ver-
1689 408 1733 468 A
1762 414 1873 467 lum
1905 413 2049 466 aliud
2086 413 2403 466 mandatum
2459 412 2705 466 exstabat
2763 412 3100 477 hominibus,
3152 427 3311 481 quam

120 498 186 562 hi,
208 497 370 566 huius
395 511 616 566 quoque
644 484 746 562 rei,
778 497 921 552 sicut
964 498 1192 552 aliarum
1232 496 1523 552 multarum
1572 512 1660 553 re-

122 602 250 645 rum.
281 602 346 642 ac
361 602 509 665 pene
554 588 801 641 omnium
834 601 998 642 causa
1023 588 1183 642 nobis
1204 588 1477 652 innotuit.
1537 588 1662 643 Dia-

121 679 264 733 bolus
297 678 445 733 enim
475 678 732 735 licentius
758 679 812 732 in
846 679 1054 733 ultimis
1078 680 1418 748 temporibus
1438 687 1663 749 propter

126 777 334 839 peccata
361 778 549 825 nostra
576 771 833 826 omnibus
864 772 977 824 suis
996 769 1207 823 viribus
1234 784 1439 824 usurus
1462 778 1567 834 est,
1603 778 1661 824 ut

123 861 273 915 etiam
298 860 481 926 electi,
508 859 554 915 si
575 860 833 929 possibile
859 860 954 925 sit,
978 861 1032 913 in
1056 874 1302 914 errorem
1330 858 1664 912 contrudan-

125 959 223 1003 tur.
240 946 377 1002 Nam
408 964 529 1003 cum
560 950 829 1004 revelatus
859 947 967 1004 erit
988 952 1153 1001 homo
1186 946 1495 1013 iniquitatis
1524 946 1667 1015 (om-

128 1053 215 1092 nes
238 1039 390 1092 enim
429 1037 585 1092 liberi
629 1036 845 1091 arbitrii
876 1051 1065 1090 sumus
1092 1034 1112 1097 )
1142 1032 1489 1103 praestigiosis
1544 1032 1666 1099 ejus

126 1129 397 1184 miraculis
411 1129 624 1198 decepti
648 1128 978 1199 periremus,
1006 1125 1111 1180 nisi
1141 1125 1405 1177 Dominus
1433 1121 1668 1191 duplici-

128 1231 200 1274 ter
228 1206 499 1289 praecipue
553 1218 917 1288 providisset:
964 1216 1203 1285 primum
1257 1212 1666 1282 Seripturarum

120 1309 555 1378 pnemonitione,
581 1324 703 1378 quae
728 1321 919 1377 magna
943 1319 1078 1359 voce
1115 1303 1368 1372 ﬁgmenta
1393 1311 1447 1357 et
1477 1300 1672 1369 impie-

131 1409 285 1457 tatem
319 1399 471 1455 illius
496 1399 813 1469 praedicant,
845 1395 1139 1466 s'u’gillaut;
1175 1392 1385 1447 deinde
1422 1398 1501 1446 tot
1545 1404 1671 1445 san-

126 1499 333 1544 ctorum
386 1489 665 1545 hominum
718 1486 1019 1553 miracrﬂis,
1057 1485 1329 1552 doctrina,
1352 1479 1672 1552 prophetiis,

130 1595 259 1646 quos
298 1594 466 1648 parvo
499 1588 742 1648 tempore
768 1586 1061 1647 antequam
1085 1574 1384 1645 impietatis
1414 1572 1563 1628 illius
1592 1569 1675 1624 vis

128 1678 177 1723 et
208 1669 341 1723 falsa
359 1669 606 1723 doctrina
632 1669 899 1724 missurus
921 1677 1025 1732 est,
1056 1666 1151 1737 qui
1184 1674 1245 1720 ut
1279 1664 1449 1720 etiam
1482 1664 1677 1717 aucto-

128 1761 284 1813 ritate
328 1774 438 1829 qua
470 1759 703 1814 maxime
732 1774 835 1814 nos
889 1766 1167 1820 moveant,
1212 1771 1245 1811 a
1289 1752 1682 1809 vetustissimis

127 1848 461 1920 temporibus
482 1859 540 1904 et
566 1850 727 1920 quasi
740 1849 928 1905 statim
954 1864 986 1903 a
1011 1847 1216 1918 triplici
1238 1860 1445 1911 rerum,
1471 1853 1681 1913 tempo-

130 1955 266 2004 rum,
298 1948 520 1997 aetatum
541 1939 828 2010 principio,
854 1946 910 1994 et
944 1936 1209 1994 reservati
1236 1937 1306 1992 ad
1336 1935 1441 1991 hoc
1476 1932 1678 1990 divini-

130 2031 610 2087 tus‘ministerium
642 2040 773 2087 sunt
801 2039 858 2086 et
888 2038 1197 2085 reservatos
1235 2040 1359 2083 esse
1409 2024 1677 2093 scripturn

126 2132 225 2188 est,
254 2131 316 2177 ut
349 2122 829 2192 praedicationibus
852 2121 992 2190 ipsis
1021 2121 1113 2188 qui
1147 2119 1256 2173 sint
1287 2124 1343 2171 et
1362 2131 1461 2173 cur
1495 2126 1679 2166 vene-

128 2214 217 2278 rit,
240 2216 458 2269 sincera
493 2213 811 2282 integraque
836 2212 943 2265 tlde
1000 2209 1312 2268 credamus,
1376 2200 1680 2272 Scripturis

128 2304 460 2372 prmmoniti,
483 2299 1003 2366 docti,'coniirmati,
1031 2297 1177 2366 quod
1196 2294 1516 2350 Antichristi
1544 2304 1678 2347 tem-

132 2394 360 2464 poribus
387 2392 603 2448 veuturi
630 2402 779 2471 sunt.
815 2388 1068 2461 Oportuit
1105 2398 1290 2444 autem
1324 2403 1493 2443 unum
1525 2402 1591 2441 ex
1613 2378 1682 2441 il-

128 2488 194 2539 lis
214 2484 435 2540 mittere
469 2484 561 2553 qui
586 2495 713 2538 ante
740 2484 909 2553 legem
943 2482 1186 2545 fuerunt,
1226 2495 1397 2536 unum
1452 2479 1547 2549 qui
1578 2479 1681 2533 sub

126 2576 529 2647 lege,rtertiurn
566 2561 959 2645 quiCbristum
995 2574 1172 2641 ipsum
1217 2571 1515 2637 audiverit,
1542 2560 1682 2625 allo-

127 2679 291 2725 cutus
366 2669 558 2731 fuerit,
602 2652 884 2738 multoque
942 2667 1111 2737 magis
1164 2678 1385 2719 necesse
1420 2663 1682 2719 adversus

126 2759 666 2829 Antichristum,qui
693 2774 750 2815 se
774 2757 1056 2813 Christum
1086 2756 1283 2813 Filium
1318 2769 1438 2810 esse
1470 2754 1565 2808 Dei
1585 2751 1685 2804 fin-

126 2866 236 2926 get,
266 2869 435 2926 quam
485 2854 720 2923 aliquem
786 2867 861 2923 ex.
908 2848 1340 2916 vetustissimis.,
1367 2844 1686 2902 Reservavit

128 2957 316 3001 autem
345 2961 414 3001 ex
453 2944 733 3000 veteribus
758 2941 932 2998 duos:
965 2940 1268 2996 reservavit
1313 2938 1481 3008 igitur
1515 2935 1681 2991 etiam

127 3055 192 3093 ex
212 3038 502 3108 apostolis.
537 3036 672 3091 'l‘res
695 3032 1112 3105 ergoreservati
1138 3042 1267 3087 sunt
1287 3031 1549 3084 adversus
1574 3028 1683 3081 Au-

130 3130 470 3193 tichristum,
512 3126 857 3197 prove‘ritate
888 3124 1024 3177 utin
1064 3124 1229 3177 nnem
1291 3129 1565 3175 tantorum
1608 3116 1689 3168 vi-

132 3235 324 3275 rorum
360 3218 693 3279 testimonio,
726 3216 1003 3270 miraculis
1042 3214 1380 3273 conﬁrmato,
1413 3208 1695 3277 abimpie-

135 3320 247 3367 tale
272 3310 584 3366 incredibili
606 3318 767 3378 atque
789 3306 1031 3361 inaudita
1059 3303 1308 3358 homines
1336 3300 1482 3355 illius
1512 3298 1694 3355 saeculi

135 3409 495 3465 revocentur.
526 3398 646 3453 Erit
696 3405 877 3452 autem
927 3381 1297 3449 testimonium
1339 3391 1581 3455 Joannis,
1639 3400 1698 3444 ut

132 3506 238 3562 ego
267 3490 546 3554 arbitror,
574 3488 745 3542 multo
777 3486 999 3557 majoris
1023 3485 1336 3557 \diguitatis,
1369 3482 1510 3553 quod
1534 3482 1691 3537 facile

92 3606 99 3609 ·
132 3583 463 3653 percipitur,
484 3580 529 3637 si
559 3579 715 3650 quasi
746 3567 1186 3643 controversiam
1210 3576 1576 3631 instituamus.
1610 3574 1701 3643 Die

130 3684 263 3730 cant
285 3673 439 3741 impii
458 3672 850 3725 Antichristum
868 3684 987 3726 esse
1005 3668 1251 3723 Messiam
1269 3676 1323 3721 et
1346 3666 1538 3722 Filium
1559 3666 1653 3720 Dei
1682 3683 1698 3733 ;

133 3774 310 3819 testes
357 3764 559 3818 vetusti
584 3771 816 3830 negent,
848 3768 1199 3825 asserantque
1233 3757 1433 3811 Tiberii
1474 3757 1700 3823 Augusti

134 3853 491 3921 temporibus
520 3850 795 3905 Christum
824 3850 1394 3916 venisse,quanquam.
1415 3846 1551 3898 male
1590 3858 1701 3911 ,ρο-

134 3952 331 3995 terunt
387 3952 567 3994 tamen
627 3939 1025 3993 contendentes
1068 3936 1219 4003 impii
1276 3936 1562 4003 replicare,
1590 3949 1700 3988 non

133 4033 313 4084 fuisse
366 4028 492 4082 illos
519 4036 650 4081 tunc
678 4025 1089 4095 \Hierosolymis
1127 4034 1184 4080 et.
1227 4034 1517 4094 propterea
1555 4023 1693 4077 falso

130 4118 397 4174 altestari
430 4117 572 4185 quod
604 4129 710 4169 non
739 4114 1013 4169 viderunt.
1043 4114 1112 4169 At
1158 4111 1398 4168 Joannes
1422 4122 1479 4168 et
1500 4113 1702 4167 vidisse

132 4209 479 4264 elamabitet
501 4206 721 4260 audisse
754 4206 910 4260 illum
937 4214 992 4259 et
1018 4206 1287 4276 tetigisse,
1320 4214 1378 4259 et
1402 4204 1704 4259 allocmurn

82 4330 85 4335 ν
132 4300 311 4357 fuisse
350 4308 410 4353 et
444 4297 684 4352 astitisse
732 4296 788 4350 in
835 4311 1000 4351 cruce
1023 4296 1283 4366 pendenti
1333 4304 1389 4350 et
1430 4295 1704 4367 aspexisse

1767 504 1912 573 quod
1943 512 2134 558 natura
2163 504 2215 556 in
2240 504 2577 572 singulorum
2602 493 2916 569 pecloribus
2940 502 3165 557 insitum
3198 512 3281 556 est
3300 514 3337 565 ;‘

1769 597 1915 651 Elian
1947 595 2236 665 propheta,
2263 595 2353 663 qui
2389 594 2471 648 vel
2506 601 2753 647 morinos
2780 593 2837 645 in
2862 593 3030 647 vitam
3078 595 3322 649 restituit

1770 688 2020 741 oratione
2057 697 2112 741 et
2155 687 2256 741 sub
2304 688 2422 757 lege
2484 684 2834 749 coruscavit;
2870 682 3111 740 Joannes
3151 700 3325 740 evan-

1770 779 2000 846 gelista,
2046 794 2210 847 quem
2249 779 2511 833 Dominus
2565 777 2864 846 plurimum
2921 775 3135 837 dilexit,
3185 791 3323 841 apo-

1771 870 2035 923 stolorum
2079 869 2679 934 sanctissimumquem
2714 867 2768 919 in
2805 866 3170 919 universulcm
3221 865 3325 919 Ec-

1770 959 1954 1014 t-lesire
2003 966 2274 1027 pastorem
2328 956 2587 1011 Dominus
2634 956 2717 1023 (ut
2762 971 2863 1023 ego
2902 954 3157 1022 arbitror)
3210 969 3325 1009 non

1773 1048 2087 1119 pra‘posuit,
2146 1056 2260 1101 tum
2305 1057 2366 1099 ut
2416 1045 2494 1100 illi
2538 1045 2736 1116 virgini
2788 1044 3016 1111 Matrem
3059 1044 3325 1114 virginem

1773 1139 2198 1202 commendaret,
2232 1144 2345 1191 tum
2376 1144 2439 1191 ut
2477 1137 2637 1191 Petro
2661 1147 2793 1189 tunc
2827 1136 3013 1204 (quem
3062 1133 3327 1188 velociori

1775 1229 2034 1300 martyrio
2078 1227 2417 1295 destinavit),
2446 1224 2647 1283 'Josnui
2674 1235 2860 1295 postea
2897 1226 2953 1279 in
2987 1223 3331 1293 temporibus

1776 1308 2120 1384 Antichristi,
2172 1319 2473 1375 Ecclesiam
2502 1318 2893 1379 committeret,
2924 1326 2980 1371 et
3008 1318 3091 1371 sic
3113 1314 3332 1368 duobus

1778 1411 2061 1481 discipulis
2119 1424 2354 1480 quorum
2406 1409 2546 1463 alter
2616 1407 2843 1472 dilexit,
2898 1405 3036 1460 alter
3101 1405 3335 1460 dilectus

1780 1501 1999 1557 Christo
2048 1498 2284 1555 maxime
2332 1498 2579 1554 omnium
2629 1497 2832 1561 fuerat,
2888 1496 3055 1551 alteri
3106 1496 3161 1549 in
3215 1494 3335 1564 ipso

1780 1590 2059 1661 Evangelii
2108 1590 2286 1651 initio,
2320 1589 2479 1653 alteri
2504 1588 2559 1642 in
2602 1587 2709 1642 line
2733 1596 2791 1642 et
2825 1586 3073 1656 utrisque
3118 1585 3171 1640 in
3206 1600 3335 1654 per-

1783 1680 2157 1738 secutionibus
2216 1679 2477 1754 maximis
2536 1677 2791 1733 Ecclesia
2839 1676 3336 1733 commendaretur.

1782 1772 2029 1834 Accedit,
2063 1770 2209 1839 quod
2228 1784 2417 1825 omnes
2434 1767 2676 1835 apostoli
2722 1767 2983 1836 martyrio
3011 1768 3175 1821 vitam
3228 1774 3338 1819 ter-

1784 1866 2079 1924 minarunt.
2104 1868 2342 1915 utnemo
2374 1858 2541 1927 possit
2561 1859 2835 1927 ambigere
2855 1854 3236 1912 veracissimos
3262 1858 3334 1909 il-
3387 1882 3391 1885 -

1782 1954 1867 2007 los
1898 1959 2066 2005 testes
2090 1949 2279 2015 fuisse,
2305 1948 2399 2017 qui
2423 1946 2569 2001 sicut
2599 1944 2858 2001 Dominus
2890 1955 3063 2002 morte
3094 1946 3338 1998 testium-

1785 2041 1940 2094 nium
1975 2053 2137 2094 suum
2168 2044 2587 2107 persanxerunt.
2613 2035 2743 2090 Nam
2773 2035 3024 2090 Christus
3067 2035 3335 2088 Dominus

1782 2139 1993 2193 noster,
2020 2128 2188 2185 Filius
2213 2129 2336 2192 Dei,‘
2363 2137 2421 2183 et
2450 2127 2693 2197 pontifex
2719 2126 2987 2186 maximus
3012 2122 3113 2179 fuit
3153 2134 3212 2179 ut
3241 2126 3340 2178 ho—

1783 2238 1896 2290 mo,
1923 2222 2063 2278 sicut
2091 2220 2377 2277 Psalmista
2409 2218 2582 2284 canit.
2615 2218 2694 2273 Tu
2717 2234 2769 2271 es
2817 2217 3061 2270 sacerdos
3108 2218 3161 2269 in
3187 2227 3339 2270 ceter-

1785 2331 1934 2377 num,
1970 2314 2249 2368 secundum
2276 2312 2513 2367 ordinem
2538 2308 2904 2365 Melchisedech
2942 2310 2991 2373 ‘;
3022 2318 3079 2362 et
3103 2322 3227 2371 rex;
3258 2306 3339 2358 di-

1787 2406 1928 2463 citur
1950 2406 2096 2461 enim
2132 2405 2187 2459 in
2221 2416 2509 2473 personam
2533 2401 2689 2471 ejus:
2736 2397 2851 2468 Ego
2877 2405 3055 2451 autem
3086 2398 3341 2449 constitu-
3392 2454 3402 2461 ,

1789 2507 1870 2551 tus
1902 2505 2021 2552 sum
2071 2510 2169 2550 rex
2189 2494 2255 2547 ab
2311 2496 2423 2564 ipso
2453 2506 2609 2561 super
2650 2487 2780 2546 Sion
2827 2495 3057 2542 montem
3103 2494 3342 2540 sanctum

1786 2586 1897 2657 ejus
1921 2587 1942 2618 ³
1970 2594 2068 2652 ;et
2100 2585 2304 2638 Pilatus
2334 2584 2389 2637 in
2415 2582 2593 2645 titulo,
2619 2579 2770 2634 Iesus
2800 2577 3108 2633 Nasarenus
3136 2590 3227 2650 rea:
3250 2574 3345 2627 Ju-

1788 2680 2018 2733 drrormn
2038 2693 2055 2743 ;
2076 2685 2132 2730 et
2152 2683 2354 2743 martyr
2383 2674 2611 2740 primus,
2644 2679 2701 2724 et
2727 2669 3027 2731 maximus;
3063 2681 3185 2719 nam
3220 2679 3342 2718 cum

1791 2767 2159 2823 testimonium
2191 2778 2293 2818 nec
2344 2763 2410 2817 de
2440 2776 2499 2816 se
2530 2761 2647 2829 ipso
2668 2773 2849 2820 suum,
2876 2756 3022 2827 quod
3051 2755 3218 2809 Filius
3251 2755 3349 2809 Dei

1790 2869 1958 2925 esset,
1981 2854 2155 2913 Judaei
2177 2852 2512 2922 acciperent,
2529 2865 2632 2907 nec
2650 2848 2827 2903 Patris
2853 2848 2939 2903 sui
2964 2847 3056 2917 qui
3075 2845 3351 2899 miraculis

1791 2949 2051 3009 inauditis
2075 2946 2375 3004 testabatur
2396 2945 2570 3015 ipsum
2596 2957 2715 2997 esse
2733 2940 2931 2997 Filium
2959 2954 3145 3003 suum,
3174 2948 3349 2994 morte

1792 3040 2161 3099 testimonium
2181 3034 2575 3105 comprobavit.
2608 3032 2821 3088 Scimus
2844 3040 2991 3087 certe
3014 3030 3231 3085 Judaaos
3266 3044 3353 3084 re-

1797 3142 1882 3190 cte
1906 3130 2239 3188 intellexisse
2258 3128 2429 3202 verba
2458 3123 2694 3187 Domini,
2719 3123 2922 3192 quibus
2944 3120 3159 3176 Patrem
3190 3136 3350 3175 suum

1798 3222 2227 3290 omnipotentem
2260 3217 2431 3271 Deum
2480 3210 2806 3288 appellabat.
2868 3212 3021 3266 Unde
3060 3210 3349 3272 dicebant,

1798 3312 1937 3365 mori
1962 3312 2139 3379 ipsum
2187 3303 2684 3372 secundumlegem
2713 3301 2935 3379 debere,
2984 3299 3113 3366 quia
3150 3298 3349 3352 Filium

1798 3402 1895 3457 Dei
1923 3400 2162 3468 seipsum
2190 3396 2348 3464 fecit.
2372 3394 2487 3451 Nec
2533 3394 2678 3449 enim
2713 3392 2873 3446 aliter
2903 3390 3135 3459 intelligi
3173 3382 3355 3458 potest

1799 3493 1946 3564 quod
1975 3492 2145 3549 Deum
2171 3491 2388 3546 Patrem
2420 3503 2541 3543 esse
2563 3492 2723 3544 suum
2750 3479 3109 3557 pradicahat;
3135 3492 3357 3555 propte-

1801 3599 1892 3640 rea
1920 3578 2089 3638 dicit:
2112 3581 2448 3651 Hanifestoui
2465 3593 2651 3631 nomen
2680 3586 2826 3630 tuum
2849 3574 3193 3629 hominibus‘.
3220 3574 3357 3627 Nam

1800 3683 1928 3731 ante
1957 3672 2251 3729 adventum
2274 3670 2339 3737 in
2373 3684 2543 3724 carne
2575 3666 2742 3723 Verbi
2778 3664 3121 3720 reconditum
3162 3680 3357 3732 magno

1822 3767 1879 3819 in
1909 3770 2247 3818 sacramento
2284 3750 2541 3814 tenebant
2571 3756 2714 3826 quod
2753 3754 2997 3809 Deusita
3031 3764 3120 3808 est
3172 3754 3352 3815 Pater,

1804 3850 2085 3915 ut,Filium
2110 3848 2389 3903 habentes
2417 3845 2727 3899 substantia
2750 3834 2849 3896 sua
2882 3844 3144 3911 genitum,
3176 3850 3367 3907 aequat

1800 3940 1907 3994 lem
1937 3947 2128 3992 natura
2164 3945 2220 3990 et
2246 3920 2763 3989 consubstantialem
2795 3946 2815 3996 ;
2842 3944 3052 3994 verum,
3075 3917 3345 3996 quoniam

1804 4044 1952 4084 mors
1979 4028 2298 4082 ultimorum
2330 4021 2662 4078 terribilium
2679 4029 2785 4084 est,
2810 4036 2910 4074 nec
2932 4019 3129 4073 adduci
3158 4020 3359 4072 mentis

1805 4128 2030 4188 compos
2078 4117 2239 4171 homo
2276 4120 2479 4184 potest,
2526 4121 2587 4166 ut
2637 4112 2831 4165 credat
2890 4110 2945 4163 in
2997 4111 3115 4180 ipso
3148 4120 3360 4181 terrore

1807 4212 2003 4268 mortis
2030 4210 2267 4279 aliquem
2284 4208 2368 4262 vel
2403 4205 2471 4261 de
2506 4220 2586 4273 se,
2616 4204 2698 4258 vel
2730 4203 2800 4257 de
2828 4202 2937 4257 alio
2974 4203 3216 4263 mentiri.
3261 4205 3364 4256 hac

1807 4306 1875 4359 de
1905 4318 2069 4359 causa
2115 4312 2378 4371 martyres
2408 4312 2537 4353 vere
2577 4304 2987 4365 nuncupantur,
3050 4297 3145 4364 qui
3188 4305 3362 4349 morte

133 4390 472 4462 sanguinem
510 4398 567 4445 et
596 4404 791 4458 aquam
822 4404 853 4443 e
878 4388 1044 4443 latere
1076 4384 1274 4442 mortui
1307 4387 1699 4458 prosilientem,
1738 4378 1781 4433 Β
1813 4395 2034 4465 propria
2073 4391 2513 4463 pradimiiouem
2546 4403 2701 4444 suam
2763 4402 2947 4441 veram
2978 4401 3100 4441 esse
3137 4386 3366 4439 deum"-

129 4496 187 4538 et
257 4492 397 4554 post
457 4483 919 4535 resurrectionem
985 4480 1290 4534 comedisse
1367 4494 1432 4532 ac
1506 4474 1710 4532 bibisse

131 4588 262 4627 cum
312 4573 436 4635 illo,
476 4578 533 4624 et
581 4584 775 4622 manus
807 4577 973 4637 atque
1029 4566 1508 4635 pedcscruciiixi-
1541 4567 1709 4621 vidis-

134 4680 198 4720 se
260 4654 937 4733 palpasseque.'Miracula
970 4673 1189 4727 quoque
1218 4656 1488 4723 narrabit,
1536 4656 1709 4711 multo

135 4756 300 4824 plura
343 4765 515 4821 quam
568 4752 806 4823 scripsit,
858 4752 905 4806 si
950 4752 1586 4805 tamenv-mundustune
1620 4765 1710 4802 ca-

136 4858 271 4913 pere
304 4833 540 4912 poterit,
596 4842 931 4912 auribusque
975 4844 1095 4898 suis
1143 4856 1331 4897 vocem
1404 4842 1551 4895 illam
1604 4856 1709 4894 au-

133 4937 291 4989 disse
353 4932 711 4996 asseverahit,
750 4932 969 5001 Lazare,
1012 4934 1150 4987 seni
1209 4932 1354 5001 foras
1385 4936 1402 4963 ι
1477 4943 1530 4987 et
1566 4947 1697 5000 qua-
1736 5000 1739 5001 ν

136 5023 471 5076 triduanum
532 5035 808 5077 mortuum
870 5024 1141 5077 exsiliisse
1185 5023 1332 5077 foras
1384 5022 1711 5089 eosepulcro

136 5114 353 5168 vidisse
412 5120 487 5182 et.
520 5110 733 5166 institas
791 5114 994 5182 quibus
1038 5122 1157 5170 erat
1188 5114 1468 5183 alligatum
1520 5112 1712 5167 Lazari

137 5217 353 5281 corpus
388 5199 643 5252 manibus
667 5201 782 5254 suis
814 5202 1220 5257 solvisseAhec
1272 5202 1487 5273 aliaque
1521 5200 1712 5271 hujus-

135 5293 289 5349 modi
320 5288 613 5343 miraculis
645 5280 953 5344 alliruiabit.
988 5292 1123 5364 Tres
1166 5292 1332 5362 igitur
1378 5294 1716 5360 temporibus

137 5386 248 5439 illis
291 5366 530 5435 falsitati
579 5380 853 5445 resistent.
876 5390 1043 5443 testes
1079 5402 1093 5434 :
1139 5384 1328 5439 Euoch
1358 5384 1447 5437 ille
1492 5384 1715 5451 justus,

102 5468 105 5469 ⁷
136 5470 303 5552 ειιῙῖιε
343 5481 480 5527 ante
507 5469 780 5545 diluvium
798 5472 1012 5541 justitia
1034 5474 1254 5533 claruit.
1316 5480 1535 5544 quando
1594 5492 1717 5530 nur-
1748 5514 1749 5519 η

264 5665 280 5694 ¹
322 5630 492 5721 Jonn.
521 5674 600 5727 st,
637 5657 725 5715 43.
822 5661 841 5689 ¹
873 5656 1158 5726 Psnl._cix‘,
1204 5658 1249 5712 ι.
1331 5660 1348 5691 ³
1382 5633 1524 5715 Pani.
1565 5660 1704 5722 11,6.

1811 4494 2076 4542 strarunt.
2105 4484 2320 4537 Primus
2340 4496 2469 4535 vero
2496 4488 2705 4551 martyr
2728 4478 2976 4533 Christus
2998 4492 3120 4531 cum
3144 4476 3363 4530 tradere

1809 4577 2059 4646 spiritum
2088 4573 2200 4627 Deo
2218 4572 2403 4633 vellet,
2423 4585 2616 4640 magna
2637 4584 2770 4624 voce
2797 4568 3040 4623 intonuit
3071 4568 3313 4622 clamans
3338 4585 3353 4619 :

1811 4664 1998 4730 Pater,"
2025 4664 2081 4717 in
2113 4678 2300 4717 manus
2348 4671 2469 4716 tuas
2502 4661 2807 4713 commenda
2861 4658 3133 4727 spiritum.
3166 4673 3357 4709 meum.

1812 4758 1962 4811 lianc
2006 4752 2439 4810 tealiﬁcationem
2500 4765 2599 4818 per
2654 4748 2975 4816 sanguinem
3025 4756 3082 4799 et
3126 4756 3356 4800 mortem

1814 4847 2045 4919 apostoli
2069 4860 2260 4901 omnes
2304 4842 2591 4898 Dominum
2651 4840 2822 4893 secuti
2853 4838 2922 4892 de
2958 4837 3362 4913 praedicatione

1815 4953 1912 4993 sua
1937 4936 2201 4992 fecerunt.
2228 4934 2341 4989 Cur
2369 4932 2605 4988 Joannes
2628 4931 2731 4983 hac
2754 4928 2925 4997 gloria
2941 4930 3092 4985 solus
3121 4930 3366 4999 privare-

1819 5027 1943 5082 tur?
1979 5027 2058 5077 An
2085 5024 2213 5093 quia
2250 5022 2374 5090 plus
2411 5021 2629 5075 caeteris
2656 5020 2980 5076 amabatur?
3006 5020 3121 5075 lmo
3146 5030 3359 5084 contra,

1818 5115 2077 5185 quoniam
2148 5111 2386 5165 maxime
2428 5108 2776 5179 diligebatur
2860 5110 3065 5164 idcirco
3165 5118 3367 5173 marry.

1814 5206 1955 5257 rium
1975 5201 2122 5272 quod
2156 5216 2185 5254 a
2212 5199 2429 5256 Christo
2455 5200 2674 5254 initium
2701 5200 2846 5269 cepit
2892 5203 2944 5252 in
2999 5212 3124 5250 eum
3164 5197 3354 5249 termi-

1814 5295 2053 5348 nabitur.
2088 5291 2151 5345 Et
2178 5292 2324 5347 sicut
2359 5292 2482 5361 plus
2512 5291 2757 5360 diligenti
2790 5288 3028 5344 Ecclesia
3090 5286 3364 5353 incipiens

1813 5386 1919 5439 fuit
1944 5382 2255 5447 comitiissa,
2296 5382 2369 5438 ita
2402 5383 2525 5451 plus
2553 5383 2751 5437 dilecto
2785 5378 3047 5432 desinens
3072 5391 3359 5429 commen-

1816 5488 2056 5533 dauuur.
2080 5476 2186 5542 .lta,
2212 5476 2481 5545 quispiam
2513 5473 2751 5543 inquiet;
2784 5468 2881 5524 sed
2909 5477 3089 5521 tamen
3128 5466 3363 5522 incredi-

1799 5658 1818 5689 ⁵
1852 5656 2007 5713 Joan.
2038 5674 2167 5726 xvn,
2203 5660 2253 5713 6.
