4116 6336
810 416 915 488 8‘9

1989 424 2311 487 GEORGII
2354 404 2870 523 TRAPEZ‘UNTII

3882 372 3889 377 ’
3923 419 4009 490 sto

816 540 925 592 bile
957 538 1191 597 videtur,
1214 545 1374 593 ‘tauto
1409 539 1667 608 temporis
1692 542 1871 609 spatio
1898 542 2156 595 dilectum
2191 542 2359 608 disci-
2388 540 2439 599 Α
2464 557 2571 595 non
2608 545 2932 601 moriturum
2951 546 3208 624 Juattnem
3235 557 3406 610 usque
3422 541 3486 595 ad
3515 550 3758 595 extrema
3794 548 4007 605 tempora

817 627 1003 701 pulum
1026 628 1252 680 vinculis
1272 628 1446 681 adhuc
1468 629 1716 697 corporis
1738 631 1931 691 teucri,
1954 646 2052 684 nec
2078 632 2367 684 liberatum

816 714 922 769 hoc
943 731 1156 769 carcere
1176 716 1341 771 fuisse
1373 718 1429 770 in
1450 719 1675 773 Domino
1700 721 2019 783 resolutum,
2046 723 2141 775 sed
2172 721 2373 792 longis-

820 807 957 858 simo
990 817 1230 875 tempore
1266 808 1317 861 in
1355 810 1459 862 hoc
1490 811 1843 866 resolutionis
1890 812 2160 865 desiderio
2196 812 2371 880 jacta-

815 897 884 957 ri.
918 897 1027 951 Nec
1051 886 1193 973 enim
1219 900 1550 954 credendum
1575 911 1679 965 est,
1711 901 1893 956 minus
1919 902 2182 957 Joannem
2211 918 2370 970 quam

816 986 1037 1039 Paulum
1073 990 1273 1042 resolvi
1303 990 1665 1053 desiderasse,
1698 993 1791 1058 qui
1824 992 1933 1046 ait:
1969 992 2134 1060 Cupio
2173 991 2372 1045 ‘r‘ésolvi

816 1088 865 1127 et
892 1093 1001 1131 esse
1035 1095 1149 1130 cum
1180 1078 1387 1132 Christo
1417 1098 1437 1144 ;
1478 1084 1633 1148 quasi
1665 1097 1795 1135 vero
1842 1099 1948 1136 non
1983 1085 2154 1151 possit
2184 1083 2369 1137 Domi»

815 1181 920 1220 nus
948 1180 998 1221 et
1022 1170 1196 1236 ipsiet
1227 1171 1410 1224 ΕιιοςΙι
1452 1182 1613 1240 atque
1638 1175 1769 1229 Elia:
1800 1185 1923 1228 ante
1949 1190 2177 1229 mortem
2207 1174 2369 1230 etiam

766 1313 775 1335 f
819 1258 1214 1323 beatitudinem
1255 1262 1497 1329 elargiri,
1527 1266 1778 1333 quamvis
1814 1280 1919 1320 non
1978 1266 2053 1319 illi
2108 1268 2368 1333 aequalem

823 1361 985 1411 quam
1010 1349 1231 1402 resoluti
1268 1351 1568 1414 habebunt,
1602 1360 1808 1407 tantam
1850 1365 2029 1410 tamen
2060 1371 2118 1409 ut
2157 1354 2371 1408 audiret

818 1449 979 1505 atque
1018 1440 1226 1495 videret
1252 1457 1313 1495 ea
1346 1458 1466 1511 qum
1498 1459 1598 1498 nec
1632 1445 1824 1498 oculus
1855 1444 1989 1497 vidit
2034 1460 2135 1499 nec
2197 1446 2248 1497 in
2279 1461 2371 1499 co-

820 1518 1135 1596 gitationem
1168 1534 1406 1589 hominis
1436 1539 1803 1591 ascenderunt
1830 1555 1843 1599 ;
1872 1538 2015 1605 quod
2058 1538 2113 1591 in
2146 1552 2372 1604 corpore

820 1620 1001 1693 adhuc
1036 1622 1220 1675 animo
1258 1621 1480 1676 detento
1517 1620 1631 1677 fieri
1674 1642 1854 1690 posse,
1901 1628 1948 1681 is
1987 1628 2099 1693 ipse
2137 1635 2373 1679 testatur

740 1744 743 1747 λ
822 1709 1038 1762 dicens:
1084 1710 1202 1763 Sive
1235 1714 1287 1763 in
1318 1728 1554 1780 corpore,
1587 1717 1691 1767 sive
1716 1724 1867 1768 extra
1915 1732 2119 1783 corpus,
2181 1717 2371 1777 nescio,

823 1799 959 1853 Deus
989 1802 1142 1863 scit}.
1180 1801 1326 1874 Adde
1355 1802 1497 1867 qttod
1531 1804 1583 1855 in
1614 1812 1876 1856 aeternum
1908 1818 2002 1871 pro
2035 1804 2139 1857 hoc
2169 1803 2373 1857 brevis-

822 1890 961 1942 simo
988 1890 1244 1957 temporis
1277 1891 1672 1957 spatiacorona
1691 1878 1931 1961 martyrii
1955 1892 2184 1959 fulgens,
2209 1903 2264 1945 et
2291 1893 2376 1947 fu-

822 1986 948 2032 tura
990 1981 1369 2059 praedicatione
1402 1983 1754 2050 promeritus,
1785 1984 1951 2049 magis
1983 1986 2259 2061 magisque
2290 2001 2377 2041 re-

822 2069 1149 2134 splendebit.
1181 2070 1312 2123 ΙιΙιιίΙ
1330 2072 1571 2138 profecto
1588 2076 1883 2128 mirumest
1906 2076 2046 2143 quod
2065 2090 2189 2130 eum
2211 2091 2375 2145 quem

822 2172 1098 2213 mortuum
1135 2165 1494 2225 contendunt,
1526 2179 1631 2231 qua
1676 2176 1849 2217 morte
1905 2166 2213 2231 dormierit,
2279 2185 2376 2236 ne-

821 2262 1032 2316 queunt
1059 2267 1353 2319 exponere,
1379 2268 1475 2307 nec
1502 2254 1761 2322 reliquias
1806 2257 1925 2324 ejus
1963 2272 2201 2325 unquam
2230 2259 2375 2315 visas

821 2340 1020 2393 alicubi
1054 2339 1311 2397 fatentur.
1344 2343 1462 2397 Non
1494 2354 1578 2398 est
1628 2356 1778 2399 certe
1817 2347 2113 2401 verisimile
2144 2359 2203 2401 ut
2233 2349 2375 2403 mul-

825 2438 1001 2482 torum
1036 2446 1141 2484 non
1178 2441 1337 2487 tantte
1375 2435 1639 2489 claritatis
1680 2428 2013 2500 sanctorum,
2040 2439 2134 2506 qui
2164 2438 2218 2494 in
2248 2454 2371 2495 ereé

823 2537 914 2574 mo
946 2523 1250 2585 latitarunt,
1275 2534 1330 2577 et
1357 2541 1503 2579 mors
1528 2538 1784 2582 narretur
1812 2539 1867 2583 et
1903 2530 2149 2600 reliquiae
2184 2543 2373 2597 osten-

825 2611 1043 2675 dantur,
1079 2622 1132 2666 et
1154 2613 1380 2668 Joannis
1407 2619 1779 2683 apostolorum
1832 2622 2160 2681 clarissimi;
2200 2637 2367 2691 quem

825 2703 882 2753 in
922 2701 1055 2753 Asia:
1086 2702 1203 2755 lure
1260 2715 1533 2757 versatum
1589 2706 1757 2762 fuiSsc
1807 2691 2041 2775 constat,
2079 2712 2265 2780 ibique
2307 2715 2374 2767 ab

826 2788 929 2841 hac
970 2792 1078 2843 vita
1109 2795 1402 2846 recessisse
1434 2795 1516 2864 (ut
1544 2796 1743 2861 aiunt),
1786 2814 1887 2852 nec
1930 2816 2077 2861 mors
2132 2816 2374 2869 expona-

827 2888 917 2931 tur
945 2896 1043 2934 nec
1074 2882 1322 2936 exanime
1346 2899 1544 2953 corpus
1577 2902 1817 2955 unquam
1841 2890 2018 2943 visum
2042 2892 2226 2945 fuerit.
2254 2892 2375 2946 Sed

828 2983 1004 3031 oper-rc
1029 2972 1260 3037 pretium
1288 2981 1391 3037 est,
1426 2976 1667 3029 breviter
1721 2992 1786 3032 ac
1814 2981 2047 3033 summis
2081 2981 2164 3049 (ut
2199 2982 2373 3051 aiunt)

810 3056 1018 3123 digitis
1050 3068 1292 3126 tangere,
1318 3076 1439 3129 qua:
1474 3063 1748 3117 feruntur.

2473 635 2839 709 existimarint
2861 654 2875 701 ;
2898 636 2941 689 si
2965 636 3203 701 denique
3229 631 3461 687 Joannes
3489 634 3604 701 ipse
3631 632 4008 686 modestissime

2472 717 2869 777 sermonem‘et
2904 724 3067 777 verba
3106 712 3393 779 conferens
3427 736 3541 775 rem
3573 736 3681 774 non
3711 730 3796 775 est
3822 722 4005 774 inﬁcia-

2474 818 2595 865 tus:
2622 814 2749 881 quis
2777 813 3069 867 dubitabit.
3096 812 3515 865 dilectissimum
3548 810 3754 864 Christi
3784 811 4000 876 discipu-

2474 900 2605 961 lum,
2630 902 2860 955 alterum
2898 902 3123 970 virginis
3159 902 3334 954 Maria
3391 916 3487 967 per
3516 899 3775 953 aﬂ'ectnrn
3812 912 4008 967 propter

2474 988 2841 1056 virginitatem
2874 991 3065 1055 illium,
3101 992 3186 1045 cui
3218 1002 3276 1042 ut
3307 1000 3481 1045 mater
3514 991 3627 1043 lilio
3644 992 4012 1043 commendata

2471 1079 2597 1152 fuit,
2639 1082 2732 1147 qui
2759 1083 3163 1151 generationem
3195 1080 3359 1135 Verbi
3418 1090 3678 1133 aeternam
3721 1078 4012 1131 hominibus

2471 1171 2731 1237 intonuit,
2781 1173 2867 1226 cui
2898 1173 3153 1227 Ecclesiae
3175 1172 3454 1226 militantis
3478 1180 3653 1225 status
3680 1170 3783 1223 fuit
3814 1169 4009 1222 revela-

2476 1276 2586 1327 tus;
2614 1263 3007 1331 quis,’inquam
3047 1263 3340 1328 dubitabit,
3369 1262 3778 1331 evangeiistam,
3808 1271 4005 1328 aposto-

2473 1354 2606 1415 lum,
2636 1354 2955 1422 prophetam
2992 1354 3241 1422 martyrii
3266 1368 3485 1422 quoque
3511 1369 3715 1407 corona
3747 1354 3803 1405 in
3850 1363 4010 1406 extre-

2472 1449 2576 1502 mis
2614 1447 2952 1515 temporibus
2985 1449 3304 1514 potiturum,
3362 1455 3421 1500 ut
3444 1457 3676 1515 uterque
3707 1447 3798 1515 qui
3820 1447 4013 1515 \pluri-

2473 1554 2618 1590 mum
2652 1537 2860 1599 dilexit,
2896 1548 2951 1590 et
2983 1537 3073 1604 qui
3107 1536 3403 1603 plurimum
3458 1537 3694 1590 dilectus
3729 1552 3759 1588 a
3801 1536 4017 1588 Domino

2473 1628 2596 1687 fuit,
2639 1628 2691 1679 in
2728 1620 2978 1679 maximis
3012 1618 3501 1692 persecutionibus,
3563 1627 3699 1679 alter
3747 1612 4011 1695 incipienti

2472 1718 2611 1769 alter
2640 1717 2906 1773 desinenti
2952 1717 3202 1769 Ecclesia?
3232 1717 3431 1781 przesit.
3484 1719 3581 1779 ita,
3623 1718 4013 1787 inquiuntned

2476 1810 2631 1861 multi
2660 1809 2911 1861 doctores
2933 1800 3186 1861 Ecclesia
3216 1818 3321 1859 tam
3341 1807 3643 1861 Orientales
3670 1825 3833 1876 quam
3880 1809 4013 1864 Occi-

2477 1900 2723 1954 dentales
2741 1901 2852 1969 jam
2876 1908 3150 1951 mortuum
3173 1912 3290 1952 esse
3310 1897 3481 1965 ipsum
3508 1886 3871 1966 scrip-serunt.
3894 1915 4015 1963 qun-

2480 2007 2598 2044 rum
2632 1990 2942 2045 auctoritati
2997 1988 3403 2058 repugnandum
3433 2004 3542 2041 non
3595 2001 3698 2042 est.
3735 1990 3817 2043 Sit
3875 2004 4011 2043 sane.

2473 2083 2711 2150 Abyssus
2735 2082 2879 2136 enim
2902 2088 2985 2135 est
3014 2078 3314 2145 Scriptura,
3336 2076 3669 2145 incipientes
3694 2077 3950 2139 diximus,
3974 2091 4015 2130 et

2474 2172 2630 2231 aliter
2652 2170 2767 2223 ’alii
2817 2169 3025 2238 singula
3063 2167 3303 2235 capiunt,
3337 2175 3393 2220 et
3440 2182 3631 2221 omnes
3666 2169 4012 2237 suscipientes

2473 2262 2630 2315 divisi
2669 2270 2764 2314 aut
2808 2258 3135 2327 evangelicae
3179 2255 3473 2326 Scriptum
3518 2266 3611 2310 aut
3653 2256 3812 2325 alteri
3848 2257 4017 2310 alteris

2472 2352 2869 2407 contradicant.
2911 2349 2968 2402 In
3007 2349 3106 2401 hac
3140 2362 3273 2401 vero
3303 2345 3603 2416 quaestione
3658 2347 3701 2400 si
3741 2346 4016 2415 pudicius

2472 2441 2748 2509 Evangelii
2790 2440 2946 2495 locus
2989 2450 3044 2493 ct
3078 2436 3317 2490 rationes
3362 2432 4015 2492 solum'eo'nsiderantnr.

2462 2524 2713 2584 articulis
2739 2528 2862 2582 fidei
2896 2542 3002 2581 non
3038 2526 3451 2593 contradicitur,
3494 2516 3861 2599 contradictio
3892 2524 3941 2577 in
3971 2539 4017 2575 re

2472 2619 2585 2673 sola
2620 2626 2887 2673 remanet.
2917 2617 2981 2671 Et
3037 2618 3226 2691 credo,
3254 2616 3297 2670 si
3332 2615 3477 2684 quis,
3498 2615 3653 2677 omni
3683 2628 4017 2683 ιιι-κορακινι-

2475 2710 2620 2764 tione
2641 2724 2706 2765 ac
2729 2708 3079 2763 contentione
3100 2707 3336 2775 abiecta,
3360 2705 3592 2775 integer,
3621 2720 3710 2758 res
3738 2708 3883 2773 ipsas
3904 2714 4017 2759 con-

2482 2797 2702 2862 sideret,
2749 2797 2907 2852 nobis
2949 2796 3260 2850 sitfuturum.
3303 2793 3521 2849 Certior
3585 2808 3716 2847 vero
3762 2808 3881 2848 sum
3913 2810 4017 2846 cum

2471 2887 2581 2955 jam
2610 2888 2829 2939 tertium
2862 2886 3041 2939 locum
3073 2889 3400 2944 tractavero,
3426 2883 3635 2951 absque
3658 2884 4017 2937 controversia

2476 2988 2666 3028 omnes
2686 2971 2975 3031 aﬂutttros.
2999 2971 3156 3025 Nulla
3180 2972 3323 3025 enim
3348 2971 3579 3024 aliorum
3601 2979 3685 3023 est
3712 2971 4017 3027 auctoritas.

2478 3063 2773 3129 Scriptura;
2799 3059 3108 3114 auctoritati
3142 3059 3355 3113 collata.
3395 3056 3507 3132 Nec
3538 3067 3714 3110 tamen
3758 3058 3942 3112 Patres
3983 3056 4017 3107 si

905 3145 1152 3200 Tradunt
1176 3164 1365 3203 omnes
1394 3150 1532 3218 fere,
1566 3154 1658 3221 qui
1696 3155 1899 3210 bac-de
1928 3171 1987 3210 re
2016 3150 2183 3214 locuti
2231 3171 2380 3227 sum,
2409 3170 2452 3226 (ς
2483 3163 2667 3227 contra
2697 3153 3048 3219 scripserunt,
3078 3147 3358 3203 criminari
3385 3133 3490 3211 fas,
3513 3146 3556 3198 si
3582 3147 3681 3199 loci
3710 3146 4017 3213 Scriptum,

833 3247 1120 3306 postquam
1148 3239 1387 3297 Joannes
1413 3231 1583 3299 sensit
1607 3245 1858 3300 ultimum
1886 3248 2173 3305 advenisse
2210 3252 2386 3322 diem,

830 3328 1058 3398 iussisse
1090 3329 1385 3406 discipulos
1412 3332 1619 3388 foveam
1644 3334 1845 3404 facere,
1877 3338 1931 3395 in
1963 3355 2124 3409 quam
2147 3348 2377 3401 cumvi-

834 3426 935 3473 Vus
953 3420 1285 3489 vestitusque
1298 3422 1687 3493 descendisset,
1713 3420 2005 3497 imperasse
2033 3432 2161 3497 illis,
2183 3444 2243 3489 ut
2264 3435 2384 3491 abi-

834 3516 955 3565 rent
987 3520 1042 3566 et
1066 3512 1144 3566 sic
1162 3511 1430 3581 iacentem
1454 3514 1505 3568 in
1534 3502 1718 3580 fovea,
1754 3519 2168 3592 Dominamque
2189 3540 2384 3595 exspo-

833 3607 1071 3652 ctantcm
1090 3602 1490 3670 relinquerent;
1512 3606 1962 3674 obtemperarent
1984 3612 2081 3676 illi,
2100 3624 2386 3682 ctposlero

839 3688 928 3740 die
946 3689 1169 3748 reversi,
1190 3703 1296 3742 non
1319 3688 1636 3745 invenerunt
1658 3692 1856 3760 ipsum.
1871 3694 2002 3761 Quis
2014 3714 2079 3751 ex
2099 3701 2198 3755 bac
2220 3701 2386 3755 histo-

833 3778 912 3827 t'ia
930 3788 1033 3827 non
1052 3775 1330 3844 intelligat,
1348 3789 1457 3845 pra:
1478 3780 1739 3834 modestia
1757 3782 1858 3836 hoc
1874 3783 2385 3857 impetrasse'ipsurn

839 3880 866 3912 τι
894 3862 1142 3928 Domino,
1167 3878 1236 3919 ne
1276 3866 1663 3935 praedicaretur
1682 3871 1836 3930 vivus
1869 3873 1923 3927 in
1952 3876 2149 3930 cretum
2180 3889 2384 3946 raptus.

836 3949 969 4006 Nam
998 3952 1045 4006 si
1073 3953 1395 4009 moriturum
1414 3958 1633 4027 jamjam
1657 3975 1715 4015 se
1746 3966 2134 4033 prarcognovit,
2186 3984 2285 4022 cur
2314 3971 2385 4025 ita

840 4046 996 4098 vivus
1015 4044 1219 4111 perfodi
1244 4044 1412 4100 voluit
1427 4058 1603 4103 etnon
1618 4054 1964 4129 exspectavit,
1985 4072 2180 4126 corpus
2195 4075 2385 4114 exsan-

837 4144 940 4203 gue
986 4134 1044 4189 in
1083 4136 1329 4205 sepulcro
1356 4138 1569 4194 defodi?
1592 4141 1773 4196 Dicam
1807 4157 1992 4212 aperte
2021 4148 2164 4215 quod
2187 4151 2383 4207 sentio.

838 4224 951 4277 Nisi
979 4225 1187 4278 ratione
1210 4228 1509 4296 modestiae,
1532 4232 1675 4289 sicut
1699 4232 1960 4297 diximus,
1988 4236 2184 4294 fecisse
2208 4240 2383 4308 ipsum

838 4314 1227 4380 putaverimus,
1247 4317 1450 4379 puerile
1472 4321 1601 4387 quid
1630 4322 1922 4389 videbitur,
1946 4323 2025 4379 sic
2037 4328 2271 4383 voluisse
2291 4331 2384 4386 de-
2429 4322 2441 4327 ’

837 4404 972 4457 fodi.
991 4403 1143 4469 Quod
1165 4415 1344 4460 autem
1360 4417 1577 4476 postero
1599 4411 1688 4465 die
1709 4426 1817 4468 non
1831 4414 1934 4469 fuit
1960 4414 2231 4481 inventus,
2250 4432 2385 4472 limi-

839 4510 907 4548 ne
926 4496 1198 4548 insolubili
1219 4507 1531 4564 argumento
1551 4508 1654 4564 est,
1674 4500 1851 4555 vivum
1873 4503 1999 4558 inde
2023 4504 2127 4559 alio
2153 4489 2386 4562 traiisla-
2419 4487 2460 4539 θ

841 4594 973 4638 tum.
992 4582 1068 4638 Ita
1092 4598 1328 4651 promus.
1347 4585 1489 4650 Quas
1507 4588 1576 4642 ob
1595 4604 1702 4653 res,
1718 4596 1762 4645 si
1797 4593 1942 4659 nulla
1962 4605 2139 4663 potest
2157 4596 2385 4652 inveniri

840 4679 943 4729 alia
960 4691 1119 4731 causa
1152 4676 1474 4744 cvangelicis
1501 4677 1659 4744 digna
1677 4686 2045 4747 sacramentis,
2063 4703 2161 4741 cur
2182 4688 2249 4742 de
2277 4690 2387 4745 vita

846 4768 1073 4822 .lozinnis
1098 4778 1155 4819 ct
1177 4776 1345 4819 morte
1382 4766 1639 4820 Dominus
1674 4770 1762 4823 hic
1793 4772 1928 4827 dixit
1969 4789 2025 4829 ct
2060 4781 2386 4849 evangelista

842 4860 1089 4925 iteravit;
1136 4858 1182 4911 si
1215 4868 1454 4910 extrema
1491 4866 1733 4923 tempora
1759 4861 1988 4915 testibus
2014 4868 2274 4943 egebant,
2294 4873 2389 4939 qui

746 5002 753 5005 _
840 4952 1214 5005 testimonium
1231 4948 1343 5019 jam
1381 4948 1472 5000 diu
1500 4949 1715 5002 venisse
1736 4948 2012 5006 Clm'stum
2038 4958 2385 5026 perhibeant;

836 5046 883 5095 si
915 5028 1141 5109 apostoli
1196 5042 1430 5107 alicujus
1457 5040 1812 5095 cxceilcntior
1840 5050 1924 5094 est
1979 5044 2081 5097 hac
2116 5048 2181 5100 de
2209 5045 2266 5101 re
2296 5061 2378 5104 te—

838 5131 1094 5187 atiticatin
1114 5150 1128 5194 ;
1150 5133 1196 5183 si
1222 5136 1412 5183 ntnncs
1444 5122 1716 5196 apostolos
1738 5130 2098 5189 obdortniisse
2129 5139 2386 5207 martyrio

840 5232 1074 5285 constat,
1100 5221 1333 5276 Joannes
1350 5240 1376 5271 ει
1398 5226 1611 5273 nemine
1634 5230 1959 5286 conspectus
1981 5226 2247 5280 exanimis
2266 5240 2349 5281 est
2374 5248 2388 5293 ;

847 5314 894 5368 si
922 5325 1181 5381 praeterea
1217 5312 1534 5364 aflit'mnlivc
1567 5315 1771 5363 dictum
1797 5318 1880 5363 (:5!
1908 5328 1937 5362 :I
1980 5312 2210 5368 Domino
2234 5334 2247 5367 ε
2274 5316 2397 5370 Volo

842 5422 959 5455 eum
985 5417 1197 5458 manere
1236 5408 1396 5457 doucc
1426 5408 1628 5456 veniunt
1654 5448 1665 5466 ,
1724 5420 1819 5455 nec
1850 5404 1917 5453 de
1947 5405 2163 5471 propria
2208 5409 2393 5461 condi-

846 5497 991 5549 tione
1017 5497 1119 5551 btic
1154 5505 1300 5551 recte
1346 5496 1567 5561 intelligi
1597 5506 1806 5560 potest,
1850 5500 1892 5548 si
1932 5510 2120 5546 uinnes
2167 5500 2395 5564 apostoli

849 5594 905 5634 et
928 5585 1177 5653 discipuli
1215 5587 1425 5640 Domini
1458 5586 1615 5637 verba
1652 5588 1768 5651 ejus
1792 5585 1869 5635 Sir.
1908 5584 2399 5648 int:llcscrunt,_ut

921 5742 1015 5814 "ll
1043 5763 1163 5817 Cor.
1204 5780 1296 5831 sn,
1328 5768 1379 5819 3.
1458 5769 1476 5785 ‘
1505 5769 1649 5835 Apoc
1711 5783 1759 5827 λ,
1806 5765 1884 5819 lt.

2485 3257 2622 3311 quos
2652 3244 2702 3294 in
2724 3241 2971 3308 medium
2994 3238 3327 3293 adducemus
3349 3250 3463 3290 non
3495 3247 3881 3297 occurrerunt,
3913 3252 4017 3288 cum

2483 3335 2803 3391 scriberent.
2834 3331 2977 3387 Nihil
3002 3331 3146 3384 enim
3179 3328 3474 3393 habemus,
3501 3328 3643 3396 quod
3675 3343 3782 3380 non
3820 3327 4013 3392 accepi-

2483 3440 2627 3488 mus,
2662 3436 2719 3478 et
2757 3424 2992 3494 Spiritus
3013 3422 3104 3476 ubi
3135 3421 3250 3475 vult
3277 3420 3468 3491 spirat.
3498 3420 3672 3485 Quare
3701 3420 3927 3472 stultum
3958 3426 4024 3470 est

2482 3520 2527 3574 si
2563 3516 3090 3587 accepisti,‘gloriari
3125 3514 3277 3583 quasi
3315 3528 3423 3567 non
3462 3511 3761 3580 acceperis.
3782 3510 3902 3584 Sed
3929 3512 4019 3579 jam

2487 3611 2826 3678 Scripturam
2862 3608 2929 3662 de
2961 3622 3017 3660 re
3042 3606 3323 3675 proposita
3346 3604 3662 3671 loquentem
3724 3603 4016 3656 audiamus.

2555 3698 2655 3752 llic
2679 3698 2820 3750 idem
2848 3694 3085 3750 Joannes
3110 3692 3164 3747 in
3188 3695 3335 3747 calce
3394 3693 3522 3747 noni
3551 3693 3746 3760 capitis
3776 3693 4023 3762 Apocaly-

2485 3789 2599 3857 psis
2621 3786 2828 3840 dictum
2859 3784 2963 3837 sibi
2992 3798 3110 3837 esse
3143 3782 3332 3858 scribit
3354 3785 3390 3834 :'
3442 3779 3660 3846 Oportet
3723 3788 3777 3833 te
3849 3782 4018 3833 iterm

2486 3880 2795 3947 prophetare
2826 3874 3049 3945 pupulis,
3087 3872 3343 3942 gemibus,
3372 3863 3565 3939 linguis
3596 3879 3644 3922 et
3691 3870 3877 3923 multis
3906 3872 4022 3937 regi-

2485 3970 2578 4023 bus
2605 3969 2653 4021 ¹.
2680 3966 2736 4020 Id
2774 3972 2924 4021 certe
2952 3978 3060 4018 non
3087 3968 3266 4032 potest
3291 3960 3361 4015 de
3408 3958 3707 4026 Evangelio
3733 3959 3871 4023 diei,
3919 3960 4021 4012 licet

2485 4040 2839 4129 posteaquam
2868 4044 3247 4124 Apocalypsin,
3280 4049 3538 4119 scriptum
3564 4048 3632 4104 ab
3661 4054 3728 4103 e'o
3754 4049 3856 4104 sit.
3915 4047 4021 4099 Nam

2487 4164 2589 4204 ιιι-ο
2621 4144 2970 4217 Evangelium
3007 4143 3343 4212 prophetiam
3389 4139 3534 4195 ullus
3576 4133 3827 4221 unquam
3864 4134 4023 4206 appel-

2486 4239 2621 4296 labit
2644 4253 2744 4292 nec
2794 4235 2979 4290 multis
3011 4234 3271 4303 scriptum
3316 4240 3400 4287 est
3452 4230 3676 4301 linguis,
3713 4232 3819 4286 sed
3864 4228 4023 4285 Grece

2485 4329 2681 4384 solum.
2710 4324 2820 4378 Nec
2849 4319 3083 4376 refertsi
3120 4335 3215 4386 per
3272 4320 3673 4374 traductionem
3728 4318 3807 4373 ad
3850 4322 4019 4371 multas

2487 4415 2794 4488 pervenerit
2838 4413 3067 4479 linguas.
3087 4410 3482 4465 Traductiones
3503 4410 3646 4463 enim
3673 4422 3785 4463 non
3811 4419 3933 4464 sunt
3949 4423 4024 4459 au-

2489 4520 2726 4570 ctorum,
2745 4504 2838 4559 sed
2860 4500 3263 4555 translatorum.
3282 4501 3400 4567 ipsc
3418 4509 3596 4552 autem
3620 4500 4023 4567 pmplietatnrus

2489 4594 2931 4664 multispopulis,
2961 4590 3232 4660 gentibus,
3261 4589 3480 4657 regibus
3501 4603 3595 4671 per
3622 4590 3826 4642 multas
3853 4590 4024 4641 dicitUr

2489 4688 2722 4755 linguas.
2740 4679 2963 4736 Accedit
2982 4676 3125 4747 quod
3158 4675 3244 4731 bis
3260 4674 3312 4729 ei
3333 4673 3493 4727 dict-is
3506 4673 3793 4728 confestim
3822 4676 3874 4727 in
3896 4675 4023 4726 initio

2490 4774 2712 4852 capituli
2746 4770 2945 4827 decimi
2980 4767 3198 4822 'dicitnr
3230 4765 3299 4819 de
3324 4764 3544 4817 duobus
3593 4764 3834 4821 testibus
3868 4765 4021 4820 Enoch

2490 4877 2546 4921 et
2577 4864 2713 4917 Elia.
2739 4860 2893 4918 Unde
2920 4866 3068 4929 patet
3091 4852 3393 4908 nonsimul
3419 4852 3524 4907 sibi
3550 4853 3762 4909 dietum
3790 4855 4025 4910 divinitus

2491 4954 2659 5008 luisse
2684 4952 2752 5006 de
2781 4949 2954 5005 tribus
2984 4945 3235 5003 testibus.
3265 4941 3360 4996 sed
3394 4940 3611 4996 divisim
3646 4943 3702 4997 in
3737 4943 3890 4997 calce
3917 4938 4021 4994 noui

2492 5048 2561 5099 de
2590 5044 2771 5112 seipse
2801 5049 2859 5095 et
2895 5034 3134 5093 actutum
3170 5032 3228 5085 in
3274 5032 3484 5086 decimo
3515 5034 3582 5085 de
3618 5033 3870 5103 reliquis,
3926 5046 4021 5085 cum

2492 5136 2676 5189 omnia
2704 5134 2813 5187 sint
2836 5141 2962 5185 nota
2986 5126 3234 5187 Domitio,
3265 5138 3366 5181 nec
3384 5124 3629 5180 honestis
3642 5124 3931 5191 hominum
3954 5122 4023 5174 ἀε-

2492 5225 2711 5285 sideriis
2736 5236 2976 5292 unquam
3017 5218 3252 5281 resistat,
3283 5218 3377 5271 sed
3407 5230 3628 5284 semper
3663 5213 3901 5268 favendo
3927 5226 4024 5282 pro-

2496 5325 2756 5382 sequatur
2783 5326 2894 5365 non
2925 5308 3106 5362 minus
3125 5321 3286 5375 quam
3327 5305 3677 5374 pmvencrit.
3704 5303 4023 5372 PrOphetart

2500 5403 2664 5471 igitur
2697 5400 2867 5457 semel
2894 5399 2963 5454 de
2997 5397 3255 5450 universo
3284 5405 3429 5449 statu
3460 5393 3719 5448 Ecclesia
3752 5394 4021 5446 militastis.

2498 5494 2553 5546 in
2593 5492 2952 5564 Apocalypsi;
2992 5488 3085 5543 sed
3124 5498 3337 5555 Oportet
3386 5488 3565 5557 ipsum
3621 5485 3828 5539 iterum
3873 5485 4023 5539 multis

2498 5576 2698 5655 linguis
2726 5585 3050 5657 prophetare
3082 5580 3305 5650 regibus
3334 5576 3522 5633 multis
3545 5617 3558 5639 ,
3595 5576 3818 5645 populis
3849 5574 4020 5630 multis
