4116 6336
223 284 352 374 ssi

1022 312 1102 373 IN
1152 309 1406 391 ILLUD,
1500 316 1614 376 SIC
1656 314 1848 376 νοω
1890 315 2051 377 EUM
2088 318 2432 391 MANERE,
2471 332 2490 365 υ
2526 321 2696 381 ETC.

1924 202 1937 229 ι

3358 320 3461 386 882

220 416 512 488 gentibus
539 416 746 473 multis.
773 416 949 481 Quare
977 421 1022 472 si
1072 462 1075 463 ν
1098 419 1452 492 Ev’angelium
1517 426 1802 493 prophetia
1834 431 1877 482 Α
1914 430 2105 499 ptimo
2145 446 2250 499 quo
2270 444 2363 498 ego
2386 426 3066 498 boptisor.-ba-ptizabimini,
3087 430 3201 485 hoc
3224 437 3325 497 est,
3350 434 3461 504 Ego

223 525 362 563 non
394 517 498 572 est,
524 523 623 562 nec
652 508 696 561 si
730 520 894 574 esset,
929 511 1109 566 multis
1138 512 1336 581 linguis
1366 514 1433 566 ab
1460 512 1575 581 ipso
1602 516 1808 567 editum

222 609 358 666 est,
398 615 499 654 nec
522 600 709 657 multis
737 601 851 669 ipse
887 591 1199 670 praedicavit
1229 604 1511 673 gentibus,
1545 606 1809 660 sed‘Graz-

224 692 365 756 cis;
404 705 503 744 nec
524 694 775 746 omnibus
811 693 1033 756 Gra‘cis,
1056 679 1157 747 {sed
1190 696 1444 749 Asiaticis
1473 697 1644 750 solum
1669 714 1685 760 ;
1710 711 1811 752 nec

224 780 480 849 regibus
509 780 713 843 multis,
753 779 1017 836 Romanis
1039 784 1182 837 enim
1217 786 1341 838 Asia
1378 798 1508 844 tunc
1547 774 1810 851 subjecta

228 856 410 922 fuit':
446 870 797 937 perspicuum
829 880 912 922 est
966 880 1093 923 ante
1148 872 1443 926 adventum
1488 874 1808 926 Antichristi

228 960 731 1026 praplietaturum,
766 960 982 1028 quando
1027 961 1213 1013 veniet
1246 961 1414 1015 homo
1447 962 1665 1031 iniquus
1716 964 1806 1031 qui

233 1048 551 1117 praestigiis
582 1050 699 1108 suis
724 1050 925 1103 multos
956 1049 1323 1118 decipiet,qui
1355 1054 1406 1104 vi
1435 1069 1651 1122 quoque
1689 1064 1805 1108 ute-

234 1147 345 1192 tur
378 1138 639 1192 adversus
672 1139 877 1203 fideles,
917 1150 1221 1207 cmteraque
1252 1142 1584 1209 huiusmodi.
1618 1142 1804 1199 Enoch

234 1238 306 1281 et
345 1228 490 1281 Elias
532 1228 637 1282 hoc
694 1230 945 1284 similiter
975 1231 1195 1285 facient.
1227 1232 1570 1301 QuaprOpter
1586 1247 1639 1290 et
1663 1235 1807 1289 Scri-

237 1327 426 1385 ptura
460 1333 565 1370 non
595 1327 859 1383 mortuos,
897 1322 989 1376 scd
1022 1324 1130 1377 alio
1171 1333 1355 1392 raptos
1385 1324 1439 1377 in
1470 1340 1697 1393 corpore
1716 1326 1813 1395 ‘dig

242 1408 367 1471 cit,’
395 1421 453 1462 ut
480 1409 667 1465 fideles
698 1411 846 1464 illius
875 1414 1134 1481 temporis
1168 1413 1382 1468 facilius
1422 1416 1631 1484 possint
1689 1431 1810 1470 cre-

242 1495 417 1559 dere,
448 1498 570 1553 illos
600 1500 747 1566 ipsos
788 1502 905 1553 csSe
959 1504 1053 1569 qui
1100 1502 1370 1557 divinitus
1408 1506 1473 1558 ad
1513 1508 1811 1573 pra-dican-

242 1587 395 1639 dum
420 1595 474 1641 et
510 1590 964 1656 prophetandum.
994 1606 1115 1643 cum
1149 1593 1320 1645 multo
1352 1593 1558 1661 fulgore
1628 1597 1678 1647 in
1714 1610 1808 1647 ex-

247 1678 451 1730 tremis
481 1679 817 1744 tcmpuribus
854 1681 1114 1734 reservati
1144 1676 1385 1736 fuerunt.
1429 1684 1539 1742 liae
1574 1687 1688 1752 ipsa
1723 1702 1810 1738 ra-

245 1766 435 1831 tione,
500 1755 803 1837 eademque
835 1769 903 1821 de
940 1784 1121 1831 causa,
1163 1780 1273 1823 tum
1341 1788 1437 1839 per
1476 1774 1816 1840 explanatum

249 1855 540 1923 Evangelii
609 1856 786 1910 locum
826 1900 839 1923 ,
907 1869 1019 1910 tum
1084 1860 1249 1913 multo
1318 1865 1681 1929 expressius,
1742 1866 1817 1918 sic

248 1945 858 2015 gniﬁcantius,clarius
881 1964 975 2017 per
1002 1950 1401 2019 Apocalypsim,
1430 1950 1657 2007 Joannis
1684 1969 1818 2021 quo-

249 2051 370 2105 que
394 2038 685 2092 reservatio
714 2040 991 2093 scribitur.
1012 2039 1123 2093 Nec
1146 2041 1249 2097 ista
1271 2041 1612 2105 suffecerint,
1636 2043 1819 2097 sed'ab

251 2126 613 2195 evangelistis
641 2127 887 2182 Mattbteo
911 2138 964 2183 et
992 2128 1173 2184 ﬂarco
1194 2131 1435 2199 ipsorum
1462 2132 1694 2187 filiorum
1720 2132 1820 2187 Ze-

254 2212 439 2268 liedai
479 2218 804 2283 martyrium
844 2224 1041 2286 magno
1105 2220 1386 2287 praconio
1422 2223 1815 2275 conclamatur.

199 2318 209 2323 ·
252 2304 399 2365 Nam
434 2320 555 2359 cum
592 2307 811 2375 utrique
842 2306 1065 2371 fratres,
1088 2310 1425 2363 aestimantes
1487 2312 1542 2362 in
1577 2311 1676 2363 hac
1712 2311 1818 2363 vita

257 2402 493 2463 regnum
516 2397 721 2450 Christi
750 2397 1019 2460 futurum,
1054 2400 1346 2466 petiissent
1369 2400 1437 2453 ab
1492 2416 1558 2454 co
1597 2414 1655 2455 ut
1681 2404 1822 2457 alter

261 2486 321 2537 in
361 2484 565 2539 dextris
608 2487 725 2554 ejus
754 2488 891 2539 alter
931 2489 987 2541 in
1039 2490 1277 2543 sinistris
1311 2489 1610 2549 sederent.
1655 2502 1820 2562 atque

238 2575 334 2635 ad
404 2574 507 2627 hoc
562 2590 753 2642 preces
811 2577 974 2632 etiam
1033 2593 1145 2633 sua:
1203 2582 1315 2649 (ut
1363 2582 1819 2650 evangelistarum

260 2664 534 2742 scriptum
564 2666 701 2719 alter
731 2667 952 2735 reliquit
984 2668 1001 2736 )
1037 2671 1224 2723 matris
1248 2672 1649 2735 adhibuissent,
1673 2674 1821 2743 igno-

262 2739 392 2805 rare
426 2752 571 2821 ipsos
603 2754 733 2823 quid
772 2765 1037 2824 peterent,
1063 2758 1296 2827 primum
1327 2761 1638 2825 audierunt,
1669 2739 1823 2815 de’n-

260 2840 337 2893 de
370 2840 450 2895 sic
480 2842 794 2914 interrogati
833 2844 1082 2900 fuerunt:
1122 2846 1347 2902 Potestis
1391 2848 1566 2903 bibere
1607 2852 1819 2907 calicem

262 2949 423 2999 quem
456 2950 547 3002 ego
569 2936 822 2991 bibiturus
852 2939 1011 2991 sum?
1058 2941 1489 3009 responderunt:
1516 2941 1818 2995 Possumus.

1916 535 2013 588 pro
2045 520 2199 573 vobis
2227 521 2550 588 ceterisque
2581 515 2899 572 hominibus
2926 520 3246 589 sanguinem
3279 538 3457 597 meum

1912 604 2210 670 effundam,
2234 606 2327 660 sed
2358 620 2455 659 vos
2481 621 2695 675 quoque
2728 620 2826 674 pro
2858 607 3090 660 veritate
3120 611 3461 677 prmdicatio-

1912 696 1998 749 nis
2028 704 2222 750 vestra:
2274 698 2595 765 sanguinem
2642 682 2881 750 vestrum
2928 697 3242 767 eﬂundetis.
3307 700 3462 757 linnc

1910 784 2135 837 calicem
2165 786 2613 855 baptismumque
2649 774 3009 854 sanguineum
3039 788 3275 842 Jacnbns
3323 793 3461 857 qui-

1910 870 2031 924 dem
2056 870 2167 941 jam
2201 872 2343 925 bibit
2371 876 2426 926 et
2484 873 2789 941 baptizatus
2824 883 2926 934 est,
2961 875 3028 929 ab
3062 874 3274 930 Herode
3310 880 3463 932 oeci-

1910 973 2003 1013 sus
2029 976 2043 1025 ;
2074 962 2312 1015 Joannes
2363 976 2511 1023 vero,
2555 962 2815 1027 minime;
2848 964 3142 1018 bibiturum
3171 982 3300 1035 ergo
3338 971 3464 1036 quis

1907 1060 2064 1118 negat
2085 1051 2108 1102 ?
2128 1052 2381 1105 Christus
2415 1053 2559 1106 enim
2588 1053 2851 1107 Dominus
2881 1042 3069 1115 noster
3115 1057 3183 1109 de
3214 1059 3461 1125 utrisque

1909 1138 2168 1194 fratribus
2202 1141 2342 1195 dixit
2375 1161 2387 1194 :
2420 1142 2654 1203 Calicem
2692 1144 2903 1210 quidem
2943 1163 3113 1199 meum
3162 1148 3359 1212 biberis,
3414 1157 3463 1202 et

1910 1229 2164 1296 baptismo
2201 1245 2313 1281 meo
2341 1230 2753 1295 baptizabimini,
2787 1232 2892 1285 hoc
2922 1242 3027 1296 est,
3057 1233 3336 1302 Sanguine
3370 1252 3463 1289 ve-

1910 1331 2025 1372 stro
2045 1319 2203 1373 infusi
2229 1336 2324 1391 pro
2345 1323 2571 1375 veritate
2592 1323 2918 1376 moriemini.
2946 1323 3055 1377 Nec
3076 1325 3251 1378 refert
3265 1325 3309 1379 si
3343 1327 3463 1393 quis

1911 1408 2075 1469 dicat,
2112 1411 2294 1463 animo
2317 1410 2465 1462 illum
2496 1408 2783 1480 martyrem
2819 1411 3005 1465 fuisse.
3040 1411 3157 1466 Non
3188 1413 3334 1465 enim
3382 1415 3467 1467 di~

1912 1499 1991 1551 xit
2039 1498 2323 1562 Dominus,
2371 1498 2607 1553 Calicem
2684 1500 2901 1569 quidem
2944 1517 3122 1555 meum
3178 1503 3382 1565 bibere,
3412 1494 3471 1557 et

1911 1589 2178 1655 baptismo
2196 1605 2304 1655 quo
2323 1605 2421 1658 ego
2440 1590 2685 1658 baptizor
2706 1590 2962 1659 baptizari
2987 1595 3155 1662 parati
3173 1594 3347 1660 eritis,
3369 1594 3466 1648 sed

1916 1692 2028 1748 rem
2061 1680 2230 1745 ipsam
2252 1690 2309 1733 et
2336 1680 2657 1734 effusionem
2685 1682 2961 1752 sanguinis
2986 1694 3172 1751 aperte
3201 1684 3470 1739 afﬁrmau-

1919 1770 2006 1829 do,
2037 1767 2225 1822 Bibetis
2250 1778 2305 1822 et
2334 1769 2752 1839 baptizabimim’,
2785 1773 2983 1840 inquit.
3022 1773 3255 1839 Quodsi
3288 1774 3470 1830 docto-

1920 1858 1995 1911 ris
2026 1859 2255 1927 alicujus
2286 1862 2581 1915 auctoritas
2614 1862 2904 1915 nonnnllos
2931 1865 3239 1931 perturbat,
3284 1867 3472 1920 sciant

1917 1943 2176 2000 Joannem
2203 1945 2677 2018 Cbrysostomum,
2710 1950 2866 2018 cujus
2891 1952 3191 2003 auctoritas
3223 1967 3330 2004 non
3364 1947 3481 2004 im-'

1923 2036 2118 2107 merito
2149 2051 2340 2105 magna
2373 2051 2590 2106 semper
2614 2037 2718 2092 fuit
2746 2048 2798 2091 et
2826 2047 2911 2093 est
2944 2039 2997 2093 in
3026 2037 3291 2101 Ecclesia,
3342 2022 3465 2093 cum

1922 2127 2051 2180 illud
2092 2114 2328 2181 Matthrei
2353 2138 2611 2197 exponat.
2645 2118 2878 2182 Calicem
2911 2129 3117 2196 quidem
3143 2145 3311 2181 meum
3327 2130 3470 2181 bibe-

1922 2220 2008 2280 tis,
2046 2219 2130 2271 liis
2163 2209 2344 2273 verbis
2380 2221 2493 2275 uti:
2529 2221 2714 2288 Magna
2740 2220 2898 2285 vobis
2936 2229 3083 2274 certe
3106 2220 3243 2274 bona
3278 2220 3472 2289 praedi-

1922 2322 2009 2367 co.
2056 2309 2301 2379 martyrii
2346 2310 2492 2365 enim
2546 2324 2749 2365 corona
2816 2310 3099 2378 potiemini
3149 2321 3203 2362 et
3236 2311 3471 2363 violenta

1923 2405 2118 2462 morte,
2152 2398 2296 2451 sicut
2319 2408 2371 2452 et
2399 2413 2520 2468 ego,
2551 2414 2579 2452 a
2636 2392 2743 2451 vita
2777 2398 3070 2452 deccdctis.
3134 2398 3401 2453 Praeterea
3427 2402 3471 2451 si

1920 2486 2111 2539 licebit
2142 2504 2261 2556 qua?
2284 2489 2445 2556 plane
2476 2488 3043 2557 Scripturaiprmdicat
3075 2504 3183 2542 non
3218 2489 3359 2541 sicut
3387 2490 3472 2539 di-

1923 2585 2122 2629 cuntur
2160 2576 2429 2644 accipere,
2460 2577 2554 2630 sed
2594 2577 2661 2629 ad
2695 2577 2932 2629 animum
2986 2584 3149 2648 atque
3208 2564 3471 2628 intentis;-

1923 2680 2045 2718 nem
2080 2664 2305 2725 referre,
2339 2670 2531 2717 vereor
2561 2657 2628 2717 ne
2652 2655 2812 2717 facile
2842 2658 3098 2731 pleraque
3123 2663 3304 2718 omnia
3327 2679 3472 2717 com-

1921 2763 2066 2809 mota
2094 2754 2392 2815 labescant,
2421 2752 2686 2806 labefacta
2718 2762 2900 2813 ruant,
2926 2752 3105 2805 diruta
3141 2752 3192 2804 in
3236 2752 3465 2810 nihilum

1923 2826 2238 2915 redigantur
2270 2856 2327 2901 et
2346 2844 2685 2900 Antichristo
2724 2844 3049 2898 latissimam
3091 2844 3233 2899 viam
3266 2860 3471 2914 praepa-

1924 2946 2045 2993 rent
2070 2944 2232 3006 atque
2262 2922 2534 3006 aperiant.
3462 2936 3465 2937 ⁷

268 3023 337 3075 Ει
371 3024 633 3080 Dominus
670 3027 738 3081 de
767 3028 1032 3083 ambobus
1053 3068 1067 3092 ,
1109 3015 1337 3085 Calicem
1392 3018 1597 3102 quidem
1648 3048 1819 3085 meum
1849 3044 1892 3105 ρ
1991 3026 2335 3084 Credendum
2365 3028 2533 3098 igitur
2560 3038 2667 3095 est,
2688 3028 2959 3099 Joannem
2985 3028 3167 3083 adhuc
3187 3027 3387 3093 vivere,
3417 3036 3475 3082 et

260 3112 450 3166 bibens
481 3114 523 3169 '.
578 3114 963 3183 Caliceurhic
1022 3135 1182 3175 nemo
1235 3121 1467 3187 dubitat,
1527 3117 1818 3176 violﬁttam

265 3213 524 3269 mortem,
566 3194 618 3258 id
653 3215 737 3260 est
773 3210 1112 3277 mysterium,
1151 3212 1445 3278 appellari:
1477 3213 1589 3265 sive
1622 3215 1699 3265 sic
1726 3212 1822 3267 Ju-

263 3294 510 3348 daeorum
544 3296 731 3367 lingua
753 3307 809 3351 et
857 3298 1152 3367 Scriptum
1196 3302 1593 3355 consuetudine
1652 3302 1823 3355 fuerit

264 3395 605 3452 usurpatum,
646 3388 763 3442 sive
791 3388 969 3448 aliter.
1004 3389 1139 3442 nihil
1171 3389 1355 3443 refert.
1383 3390 1473 3443 Sic
1502 3389 1819 3457 Mattliazus;

267 3474 483 3532 Marcus
505 3485 684 3535 autem
715 3480 783 3533 ad
826 3481 937 3533 bwc
966 3482 1153 3534 addit:
1183 3481 1250 3533 Et
1276 3481 1540 3551 baptismo
1598 3499 1699 3551 quo
1728 3498 1822 3551 ego

257 3566 524 3633 baptizor,
551 3567 830 3638 baptizari.
847 3569 1099 3639 .Cumque
1119 3570 1201 3624 illi
1225 3558 1634 3640 respondissent
1652 3591 1675 3626 τ
1697 3571 1823 3626 Pos-

242 3662 467 3715 ‘sstutus,
495 3656 744 3713 similiter
775 3660 972 3715 infert:
994 3660 1229 3714 Calicem
1252 3663 1459 3723 quidem
1487 3677 1655 3716 meum
1688 3663 1825 3716 bibe-

266 3746 335 3797 tt‘s
367 3752 415 3795 et
435 3744 691 3813 baptismo
742 3765 845 3815 quo
886 3765 977 3817 ego
1006 3753 1258 3815 baptizor,
1284 3752 1701 3818 baptizabimini,
1731 3753 1823 3805 ba-

263 3832 525 3902 ptismum
547 3833 637 3887 hic
663 3833 987 3903 intelligens,
1007 3836 1325 3903 etl'usionem
1345 3853 1510 3905 super
1534 3852 1593 3891 se
1610 3840 1818 3906 p'rOprii

266 3921 566 3990 sanguinis.
609 3922 734 3975 Hmc
762 3922 996 3977 Jacobus
1029 3934 1082 3976 et
1113 3923 1352 3977 Joannes
1384 3940 1491 3976 non
1538 3925 1820 3977 intellexe-

271 4016 418 4073 runt,
448 4008 626 4062 adhuc
658 4010 801 4063 enim
839 4019 1072 4073 terrena,
1104 4010 1434 4079 piscaturam
1474 4025 1537 4065 ac
1566 4014 1697 4079 retia
1730 4014 1815 4065 ni-

271 4101 494 4163 mirum,
525 4099 794 4173 colebant.
838 4100 964 4154 ldeo
995 4099 1247 4169 despotu
1316 4112 1371 4155 et
1427 4105 1493 4157 de
1544 4101 1816 4170 baptismo

170 4176 187 4185 ’
266 4189 522 4258 aquatica
544 4188 650 4243 dici
671 4198 942 4259 putantes,
969 4190 1114 4245 illico
1132 4205 1190 4245 se
1213 4197 1369 4263 posse
1392 4193 1814 4261 responderunt.

268 4278 338 4333 Et
363 4277 649 4333 Dominus:
680 4278 909 4335 Calicem
932 4282 1137 4352 quidem
1168 4299 1336 4336 meum
1368 4283 1548 4356 bibatis
1603 4295 1652 4337 et
1720 4288 1814 4337 ba-

343 4438 360 4469 '
388 4402 583 4493 Hattb.
608 4440 806 4504 “.22.

1925 3120 1979 3174 in
2010 3121 2268 3175 extremis
2292 3121 2632 3189 temporibus
2662 3116 2922 3191 martyrio
2982 3120 3342 3176 moriturum:
3374 3133 3476 3173 nec

1925 3211 2254 3276 credendum
2317 3211 2520 3274 solum,
2587 3224 2778 3262 verum
2839 3210 2999 3263 etiam
3050 3208 3473 3277 praedicandum.

1925 3283 2323 3364 Scripturarum
2342 3299 2489 3351 enim
2517 3304 2857 3351 sacraiuenta
2884 3296 2977 3365 qui
3001 3298 3303 3349 taciturnus
3336 3299 3467 3348 reti-

1926 3401 2036 3455 net,
2071 3408 2177 3445 non
2202 3374 2395 3446 evadet
2422 3388 2666 3457 impune,
2701 3387 3003 3456 praesertim
3028 3386 3081 3438 id
3121 3385 3266 3453 quod
3321 3394 3377 3438 et
3410 3386 3466 3439 in

1920 3482 2147 3536 dubium
2175 3480 2316 3549 apud
2344 3494 2536 3553 omnes
2558 3476 2737 3531 dicam
2768 3478 2945 3531 adhuc
2977 3477 3228 3529 vertitur.
3257 3474 3324 3529 Et
3361 3475 3473 3529 nisi

1922 3572 2171 3642 perutilis
2201 3572 2383 3626 futura
2401 3579 2548 3625 esset
2579 3569 2906 3631 Christianis
2924 3568 3104 3637 ‘liujus
3136 3566 3470 3635 praedicatio,

1923 3678 2030 3713 non
2058 3662 2312 3729 equidem
2360 3671 2507 3731 tanta
2536 3676 2668 3731 cura
2725 3658 3049 3714 crediderim
3102 3657 3471 3723 conscriptum

1922 3749 2109 3800 fuisse.
2133 3750 2413 3815 Scriptum
2443 3760 2529 3802 est
2555 3764 2687 3817 ergo
2719 3757 2780 3801 ut
2801 3755 2859 3802 et
2910 3747 3149 3801 sciamus
3193 3754 3247 3795 et
3281 3746 3474 3812 praedi-

1920 3849 2104 3887 ccmns
2130 3836 2468 3902 posterisque
2491 3847 2747 3889 constans
2774 3844 2829 3888 et
2849 3834 3064 3907 tinuum
3099 3833 3473 3901 relinquamus

1919 3923 2065 3989 quod
2096 3931 2153 3975 et
2189 3922 2449 3976 Dominus
2464 3933 2519 3977 et
2539 3938 2635 3991 per
2657 3921 2949 3991 Evangelia
2979 3930 3036 3976 et
3068 3934 3166 3989 per
3194 3921 3459 3989 Apocaly-

1920 4002 2056 4081 psim
2088 4014 2249 4068 nobis
2274 4014 2524 4076 tradidit,
2557 4012 2984 4080 commendavit,
3015 4021 3073 4065 ut
3121 4011 3224 4064 hac
3250 4024 3469 4078 quoque

1921 4101 2217 4173 Scriptura:
2267 4104 2680 4173 prmmonitione
2725 4112 2888 4171 atque
2940 4102 3211 4158 doctrina
3245 4102 3328 4154 vel
3360 4113 3472 4152 mo.

1919 4204 2154 4249 neantur
2175 4205 2231 4248 et
2258 4193 2418 4249 fidem
2440 4205 2659 4249 servent
2682 4194 2849 4249 futuri
2874 4194 3131 4262 temporis
3150 4192 3472 4246 Antichristi

1922 4285 2109 4343 ﬁdeles
2128 4326 2143 4353 ,
2168 4289 2254 4343 vel
2278 4287 2669 4345 inexcusabilcs
2686 4289 2924 4357 undique
2947 4286 3072 4342 facti
3093 4284 3474 4341 conticescant.
