4116 6336
677 184 788 247 883

1850 180 2175 243 GEORGII
2208 177 2729 243 TRAPEZUNTII

3797 178 3894 247 883

688 335 3873 361 mm

1200 502 1927 639 MABTYRIUM
2006 502 2681 590 BEATlSSIMl
2757 467 3377 591 MARTYRIS

1462 716 2288 869 ANDREfE
2365 718 2615 866 DE
2716 684 3163 870 CHIO

839 987 978 1062 QUI
1025 986 1779 1052 CONSTANTINOPOLI
1822 986 2061 1087 OBII'I',
2121 984 2339 1045 ANNO
2377 983 2619 1044 PRIMO
2652 984 2876 1045 PAULI
2923 986 2975 1045 II
3022 987 3282 1050 SUMMI
3328 990 3783 1052 PONTIFICIS

1308 1158 1358 1219 A
1406 1155 1787 1219 GEORGIO
1835 1152 2432 1215 TRAPEZUNTIO
2472 1154 2573 1214 LA
2591 1155 2791 1218 TINE
2826 1154 3273 1218 SCRIPTUM.

1492 1281 1496 1285 I
1901 1339 1907 1346 .
1936 1296 2077 1357 (Acta
2099 1301 2375 1345 sanctorum
2411 1294 2474 1343 29
2505 1294 2663 1357 Half.)

2244 1468 2321 1481 —

758 1599 801 1653 1.
842 1593 1199 1669 Quandojam
1225 1595 1462 1649 triennio
1482 1608 1513 1647 e
1533 1590 1691 1646 Creta
1714 1589 2240 1657 Constantinopolim
2270 1592 2313 1648 Α
2342 1588 2641 1661 adhaerere,
2679 1597 2743 1643 ut
2770 1588 3041 1644 bellorum
3075 1587 3292 1645 labores
3334 1590 3564 1646 subeam
3599 1632 3616 1657 ,
3648 1595 3901 1662 pericula

691 1690 1029 1757 navigassem
1055 1727 1069 1747 ,
1118 1686 1425 1740 universam
1474 1686 1619 1739 illam
1657 1683 1847 1737 urbem
1878 1698 2001 1736 cum
2053 1680 2238 1735 Galate

689 1777 853 1831 simul
881 1778 936 1830 in'
966 1775 1330 1830 admiratione
1354 1784 1518 1842 atque
1542 1771 1743 1842 gaudio
1772 1772 1952 1840 reperi
1987 1786 2091 1824 non
2116 1786 2241 1839 par-

690 1886 781 1928 vo.
812 1878 1036 1939 propter
1072 1867 1347 1935 singulare
1378 1872 1435 1920 et
1462 1865 1768 1918 inauditum
1821 1863 2011 1917 multis
2036 1871 2243 1929 tempo-

690 1962 843 2015 ribus
874 1960 1103 2015 Andreae
1126 1961 1196 2012 de
1216 1958 1375 2021 Chio,
1402 1973 1500 2024 pro
1527 1956 1655 2011 Jesu
1677 1954 1883 2011 Christi
1908 1953 2244 2022 professione
2268 1976 2282 1990 ο

692 2052 1031 2123 martyrium.
1069 2049 1194 2103 Fuit
1215 2049 1360 2103 enim
1387 2049 1548 2117 paulo
1577 2058 1703 2101 ante
1727 2045 1966 2100 mirabili
1992 2052 2244 2098 constan-

693 2142 764 2213 tia
815 2156 913 2207 per
951 2138 1177 2205 gratiam
1224 2138 1316 2190 Dei
1377 2146 1611 2204 gestum.
1666 2136 1800 2190 Nam
1865 2149 1967 2204 ego
2025 2134 2243 2204 quidem

693 2241 882 2280 mense
923 2225 1215 2280 Novembri
1255 2226 1533 2294 applicui,
1565 2220 1707 2279 anno
1756 2224 1825 2279 ab
1870 2224 2245 2278 incarnatione

696 2315 908 2369 Domini
943 2314 1099 2370 1465.
1148 2314 1391 2368 Andreas
1424 2330 1551 2368 vero
1591 2324 1799 2385 martyr
1824 2314 2025 2369 Christi
2056 2314 2250 2383 praci-

695 2422 837 2474 puus
875 2404 945 2458 29
971 2404 1059 2457 die
1101 2406 1303 2459 mensis
1343 2404 1487 2466 Maii,
1529 2404 1772 2469 eiusdem
1817 2404 1943 2458 anni
1982 2420 2245 2459 coronam

642 2562 645 2565 δ
700 2496 946 2565 martyrii
978 2495 1355 2549 misericordia
1382 2494 1584 2550 Christi
1615 2506 1965 2557 consecutus,
1994 2495 2047 2549 in
2079 2497 2249 2550 oculos

696 2584 1025 2639 uscenditad
1060 2600 1182 2638 eum
1235 2600 1333 2654 pro
1387 2600 1499 2653 quo
1539 2585 1739 2639 multos
1769 2582 2041 2638 crueiatus
2088 2583 2250 2638 susti-

2345 1693 2537 1748 magna
2572 1694 2669 1756 pro
2690 1680 3045 1756 imperatore
3079 1680 3297 1735 mortali
3334 1682 3665 1750 suscipiam,
3700 1685 3915 1752 gladius

2342 1769 2397 1823 in
2427 1753 2767 1825 Christianos
2792 1769 3138 1823 Christianus
3173 1772 3289 1837 ipse
3332 1780 3494 1824 natus
3539 1771 3916 1841 distringam?

2341 1867 2397 1914 et
2418 1859 2657 1926 denique
2678 1859 2733 1912 in
2768 1863 2996 1912 mortem
3032 1873 3214 1923 ruere,
3244 1873 3407 1927 quam
3432 1857 3748 1929 fugiendam
3778 1878 3913 1916 ceno

2344 1951 2453 2004 suit
2485 1948 2863 2017 philosophus,
2887 1954 2949 2001 ut
2976 1948 3032 2000 in
3060 1957 3323 2002 aeternam
3366 1962 3431 2002 ac
3460 1962 3646 2004 veram
3674 1962 3912 2007 mortem

2345 2036 2557 2091 deferat
2589 2037 2873 2105 praeceps?
2908 2036 3034 2092 Haec
3067 2038 3178 2091 ille.

2344 2128 2351 2134 ’
2416 2127 2505 2181 Ill.
2540 2126 2753 2184 Verum
2807 2128 2938 2183 dum
2992 2128 3108 2184 hac
3140 2128 3638 2207 Constantinopoli
3692 2131 3913 2196 ﬂerent,

2344 2213 2596 2276 Andreas
2640 2222 2890 2277 febribus
2938 2206 3180 2291 gravitEr
3226 2220 3513 2275 laborabat
3546 2206 3915 2291 cc'elibemqne

2347 2328 2406 2368 se
2461 2321 2730 2382 perpetuo
2784 2312 2904 2367 fore
2957 2313 3177 2383 Reginae
3234 2312 3631 2367 misericordiae
3700 2313 3915 2383 Virgini

2349 2402 2519 2466 vovit,
2551 2401 2595 2455 si
2638 2401 2914 2461 evaderet.
2959 2400 3175 2455 Sedatis
3224 2400 3376 2455 illico
3405 2400 3689 2466 febribus,
3750 2402 3917 2471 paulo

2348 2500 2474 2561 post
2512 2492 2664 2560 quasi
2687 2507 2753 2547 ex
2779 2498 2957 2546 morte
2988 2492 3255 2555 surrexit,
3275 2499 3332 2546 et
3362 2490 3507 2546 albis
3532 2506 3591 2548 se
3615 2494 3919 2547 vestimen-

2351 2581 2420 2636 tis
2468 2580 2688 2646 induit,
2734 2594 2793 2636 ut
2840 2584 3052 2637 scilicet
3093 2598 3373 2651 nunquam
3423 2584 3671 2638 oblivisci
3729 2593 3918 2652 posset

699 2672 840 2726 nuit.
885 2672 1085 2727 Verum
1124 2673 1270 2739 quod
1312 2674 1694 2728 admirabilius
1733 2675 1835 2727 rite
1880 2673 2249 2728 consideranti
2352 2670 2678 2725 munditiem
2706 2672 2975 2739 corporis,
3002 2685 3162 2739 quam
3190 2671 3472 2724 Creatoris
3501 2671 3703 2725 obtulit
3736 2672 3917 2724 Matri.

699 2760 999 2825 videbitur,
1024 2760 1159 2811 illud
1196 2764 1301 2821 est,
1341 2754 1487 2826 quod
1529 2761 1907 2814 nisi‘Andreae
1931 2763 2251 2830 martyrium
2354 2757 2884 2826 Constantinopolim
2913 2758 3113 2812 deinde
3158 2759 3336 2827 petiit,
3379 2775 3485 2811 non
3516 2770 3577 2811 ut
3622 2771 3919 2820 mercator,

702 2849 969 2902 divinitus
1035 2848 1369 2902 destinatum
1446 2848 1631 2902 divina
1692 2853 1866 2916 gratia
1925 2848 2254 2902 Christianis
2284 2895 2327 2917 η
2358 2854 2453 2900 aut
2482 2860 2650 2913 vagus
2682 2847 2905 2915 quidam
2950 2848 3269 2917 magnarum
3300 2848 3523 2901 urbium
3558 2847 3921 2901 visendarum

702 2949 861 3003 apem
905 2935 1137 2997 tulisset,
1174 2944 1228 2987 et
1257 2936 1472 2989 animos
1508 2949 1701 2989 eorum
1741 2935 2029 2998 ﬁrmasset,
2061 2950 2255 3002 magna
2284 2935 2329 2953 "
2358 2935 2688 3005 cupiditate;
2718 2952 2930 2993 summa
2963 2938 3111 2991 enim
3146 2937 3201 2990 in
3244 2936 3446 3007 juvene
3493 2937 3684 3001 viginti
3726 2950 3783 2990 et
3834 2952 3923 2991 se—

703 3023 756 3076 in
784 3038 880 3077 eos
907 3022 1087 3077 clades
1115 3038 1181 3077 ac
1204 3038 1449 3078 aerumna
1499 3023 1696 3093 ingens
1731 3024 1800 3077 ab
1837 3023 2063 3077 inimico
2093 3038 2260 3093 gene—

705 3112 780 3167 ris
809 3114 1057 3175 liumani,
1092 3117 1341 3185 procellae
1372 3116 1427 3170 in
1459 3132 1666 3171 morem
1698 3115 2104 3171 fuissetell‘usa.
2130 3114 2259 3181 Qui-

703 3204 825 3258 dam
847 3207 1000 3260 enim
1023 3248 1038 3268 ,
1072 3224 1233 3277 quem
1269 3209 1495 3263 honoris
1538 3223 1699 3264 causa
1737 3223 1845 3262 non
1871 3207 2097 3262 nomino
2124 3211 2162 3274 ',
2192 3222 2259 3261 ex

704 3293 1105 3365 Trapezuntina
1163 3308 1319 3352 ortus
1364 3300 1541 3365 urbe,
1600 3298 2082 3368 peripateticorum
2138 3296 2260 3365 phi-

705 3387 963 3454 l050phiae
992 3384 1293 3453 professor,
1312 3388 1427 3443 sive
1449 3404 1546 3441 sua
1570 3398 1786 3455 sponte,
1815 3398 1876 3441 ut
1902 3388 2054 3441 multi
2082 3387 2281 3450 aiunt,

707 3476 822 3529 sive
849 3474 1133 3540 impulsus.
1168 3476 1354 3528 nescio
1385 3516 1399 3539 ,
1442 3490 1543 3529 nec
1569 3513 1585 3537 ,
1614 3476 1658 3529 si
1691 3478 1883 3537 sciam,
1921 3476 2108 3530 dicere
2162 3492 2260 3529 au-

708 3565 843 3628 sim,
882 3578 1099 3618 crucem
1154 3554 1367 3617 Domini
1429 3564 1647 3633 negavit
1690 3574 1748 3619 et
1795 3565 2108 3619 Maluiiueto
2161 3566 2258 3618 ad-

709 3655 885 3709 imsit.
1444 3725 1446 3727 j

784 3747 825 3799 ll
888 3746 1067 3810 Quare
1111 3744 1413 3799 Turcarum
1451 3760 1545 3800 rex
1579 3745 1795 3809 elatus,
1853 3744 2027 3799 virum
2073 3761 2264 3814 quem-

720 3840 867 3904 dam,
897 3838 1053 3905 cujus
1086 3854 1284 3892 nomen
1328 3854 1415 3893 me
1451 3838 1608 3908 fugit,
1638 3840 1927 3908 ipsumque
1953 3838 2266 3907 Trapezun-

717 3931 852 3983 tium
888 3930 1096 3984 militia:
1128 3930 1521 3999 peritissimum
1552 3932 1603 3984 in
1658 3946 1936 3985 carcerem
1982 3933 2263 4001 conjecit:

720 4021 940 4087 dignum
970 4031 1141 4079 ratus,
1174 4032 1227 4072 ut
1264 4020 1643 4089 philosophum
1667 4024 1950 4076 concivem
1973 4038 2133 4077 suum
2172 4039 2265 4077 vo-

718 4110 839 4161 lens
898 4110 1548 4174 nolensveimitaretur;
1624 4106 1886 4181 cupiebat
1944 4114 2092 4167 enim
2145 4116 2264 4186 ejus

2361 3034 2506 3096 ptem
2531 3040 2800 3080 annorum
2825 3027 3064 3096 gravitas
3085 3036 3248 3093 atque
3278 3026 3585 3079 constantia
3612 3025 3876 3079 illucebat
3905 3043 3919 3077 :

2358 3129 2485 3170 raro
2537 3115 2662 3185 quis
2715 3116 2877 3170 inane
2911 3115 3139 3169 verbum
3187 3114 3258 3169 ab
3289 3129 3383 3168 ore
3417 3113 3594 3182 ipsius
3644 3114 3927 3167 excidisse

2359 3205 2605 3270 audivit;
2633 3220 2662 3260 a
2687 3206 2812 3276 joco
2837 3207 2981 3261 enim
3014 3205 3232 3276 penitus
3264 3215 3385 3260 erat
3418 3205 3654 3259 alienus.
3685 3203 3799 3259 Cur
3830 3204 3928 3273 igi-

2361 3307 2452 3353 tur
2474 3292 2685 3353 ivit‘l'A
2732 3300 2903 3369 gratia
2939 3298 3057 3365 Dei,
3089 3308 3151 3353 ut
3188 3313 3290 3369 ego
3316 3298 3579 3359 arbitror.
3613 3298 3681 3350 ad
3712 3308 3926 3366 many.

2362 3389 2505 3443 rium
2532 3390 2853 3454 vocabatur,
2884 3400 2943 3442 ut
2971 3390 3086 3456 ipse
3121 3388 3175 3442 in
3205 3388 3361 3444 caelis
3386 3387 3609 3443 Christo
3642 3402 3769 3442 cum
3798 3387 3928 3440 aliis

2364 3480 2699 3550 martyribus
2727 3480 3030 3541 assisteret.
3062 3488 3139 3533 et.
3159 3478 3418 3532 omnibus
3466 3479 3755 3547 prodesset
3778 3518 3793 3542 ,
3828 3478 3925 3546 qui

2364 3568 2682 3645 philosophi
2713 3570 2828 3622 sive
2861 3568 3104 3641 levitate,
3153 3568 3270 3622 sive
3301 3577 3513 3621 terrore
3536 3560 3758 3621 fuerant
3790 3582 3926 3621 cun-

2367 3659 2597 3714 turbati.
2635 3660 2830 3712 Statim
2856 3672 2979 3711 cum
3008 3657 3063 3711 in
3098 3659 3288 3713 urbem
3313 3658 3600 3727 applicuit,
3630 3668 3927 3712 accusatus

2364 3748 2488 3809 fuit.
2541 3749 2687 3815 quod
2719 3762 2843 3802 cum
2883 3747 3213 3802 Christianis
3242 3757 3671 3801 conversaretur
3692 3785 3709 3810 ,
3742 3747 3927 3800 eccle-

2365 3838 2587 3906 siasque
2617 3840 2845 3903 viseret,
2876 3840 3032 3909 quasi
3056 3840 3405 3894 Christianus
3440 3854 3656 3893 summa
3686 3853 3815 3893 cum
3847 3853 3929 3889 .rc-

2365 3931 2566 4001 iigione
2592 3944 2657 3982 ac
2684 3929 2976 3984 devotione
3002 3930 3191 3990 homo,
3216 3931 3307 4000 qui
3338 3943 3556 3983 crucem
3583 3914 3930 3982 Alexandria:

2352 4020 2628 4089 «negavit,
2661 4020 3039 4085 conculcavit,
3077 4023 3256 4104 sputis
3307 4019 3533 4074 fmdavit
3561 4020 3583 4083 ,‘
3614 4030 3668 4076 et
3702 4018 3929 4073 demum

2367 4114 2422 4166 in
2455 4120 2700 4166 stercora
2731 4110 2987 4178 projecit.
3017 4109 3158 4171 :Haec
3193 4118 3527 4164 mercatores
3558 4110 3802 4179 Egyptii,
3834 4110 3929 4179 qui

718 4213 880 4267 Opera
920 4199 997 4251 uti
1032 4200 1083 4251 in
1131 4215 1189 4252 re
1228 4201 1469 4253 militari.
1521 4201 1768 4270 Cumque
1799 4203 2112 4257 Christiano
2155 4221 2263 4259 non
2295 4220 2335 4277 ο
2371 4215 2500 4256 tunc
2532 4203 2609 4255 in.
2638 4200 2776 4255 urbe
2808 4201 3059 4263 aderant,
3096 4200 3163 4252 ad
3194 4201 3436 4268 judicem
3472 4199 3821 4261 detulerunt,
3851 4215 3933 4254 se—

721 4288 1037 4349 coniidcrct,
1083 4288 1149 4340 ad
1184 4290 1551 4342 Mahumctum
1596 4291 1873 4346 intrudere
1899 4294 2170 4362 cupiebat.
2198 4298 2266 4349 At
2293 4315 2296 4318 ’
2367 4308 2473 4362 que
2505 4293 2652 4361 ipsos
2700 4290 2904 4345 vidisse
2935 4304 3080 4343 eum
3104 4298 3391 4355 negantem
3416 4322 3433 4349 ,
3464 4286 3931 4355 confitentemque

724 4380 815 4432 ille
842 4376 1027 4431 animo
1059 4387 1262 4447 martyr
1297 4397 1310 4431 :
1349 4380 1747 4448 Philosophus,“
1768 4384 2006 4446 dicebat.
2042 4387 2097 4439 in
2128 4386 2266 4441 deli-

722 4470 821 4522 ciis
854 4468 1150 4530 educatus,
1189 4468 1394 4536 majore
1420 4484 1515 4537 spe
1546 4469 1784 4538 ipsarum
1813 4474 2018 4528 Christi
2049 4490 2266 4532 crucem
2324 4478 2331 4483 ’

724 4559 975 4630 negavit;
1029 4570 1132 4624 ego
1187 4566 1404 4619 autem,
1460 4559 1551 4625 qui
1603 4573 1703 4629 pro
1759 4563 2087 4627 imperatore
2148 4583 2271 4623 meo

727 4648 943 4703 mortali
971 4654 1051 4701 tot
1096 4656 1383 4714 tantosque
1426 4647 1663 4711 labores,
1708 4642 2097 4724 cum-Scythis
2130 4657 2272 4713 bella

723 4751 917 4806 gerens
953 4728 1071 4798 tuli,
1120 4733 1460 4802 vulneraque
1508 4737 1696 4802 excepi
1727 4738 1927 4804 (dixit,
1976 4752 2033 4794 et
2072 4754 2271 4811 'apcrto

728 4836 967 4893 pectore,
1002 4824 1291 4878 cientrices
1318 4822 1660 4891 ostendebat)
1687 4842 1782 4894 pro
1814 4830 2142 4898 imperatore
2165 4849 2275 4888 cu:-

726 4919 844 4973 lcsti
875 4926 1101 4971 mortem
1122 4914 1358 4969 timebo?
1384 4912 1539 4969 Absit
1560 4931 1589 4968 a
1611 4932 1695 4970 me
1723 4922 2127 4977 tanta.insania.
2147 4924 2276 4989 Qua:

727 5026 880 5066 mens
908 5018 1166 5085 praeterea
1198 5014 1348 5059 esset
1368 5018 1509 5067 mea,
1540 5005 1623 5057 vel
1654 5006 1855 5073 potius,
1878 5024 2000 5076 qua:
2020 5013 2270 5077 stultitia,

727 5096 1004 5155 veritatem
1032 5098 1241 5152 doloris
1275 5094 1516 5165 fugiendi
1549 5107 1710 5148 causa
1744 5097 1996 5165 prodere,
2024 5115 2088 5153 ac
2115 5114 2275 5156 ater-

729 5208 797 5247 na
843 5192 1194 5261 ctelestiaque
1250 5202 1416 5257 regna
1465 5184 1755 5255 repudiare
1785 5225 1800 5249 ,
1852 5186 2272 5260 Mahumetoque

796 5377 813 5395 '
856 5358 1058 5433 Alludit
1102 5379 1167 5432 ad
1204 5381 1529 5447 Amynttzen
1566 5372 1991 5447 Trapezuntium
2028 5376 2273 5442 philoso-

730 5446 893 5510 phum
921 5449 1009 5513 qui
1044 5464 1107 5500 ex
1132 5446 1445 5501 Christiano
1479 5448 1759 5514 Agarenus’
1794 5446 1974 5498 factus
1990 5456 2108 5512 _cst.
2138 5447 2264 5511 Eius

727 5515 1031 5583 epistolam,
1076 5520 1138 5571 ad
1182 5518 1555 5572 Bcssariunein
1589 5514 1874 5579 directam,
1904 5530 2017 5583 qua
2064 5514 2268 5584 Trape-

2368 4383 2515 4453 quod
2574 4382 2889 4436 Manumeto
2959 4380 3309 4442 adbwreret,
3364 4375 3644 4438 audivisse
3706 4380 3934 4430 attesta-

2371 4476 2591 4530 bantur.

2446 4563 2539 4618 IV.
2582 4562 2847 4616 Trahitur
2889 4563 2943 4615 in
2996 4558 3275 4630 judicium
3323 4555 3570 4611 Andreas
3633 4553 3932 4625 iniquum,

2371 4652 2831 4722 accusationeque
2867 4650 3094 4705 recitata
3120 4689 3135 4715 ,
3173 4661 3452 4713 nunquam
3482 4659 3544 4699 se
3577 4658 3609 4698 a
3638 4643 3804 4707 Chio,
3843 4642 3933 4697 ubi

2377 4753 2567 4804 natus,
2599 4742 2975 4809 educatusque
3003 4740 3126 4802 fuit,
3157 4738 3261 4791 nisi
3295 4748 3425 4791 tunc
3458 4737 3756 4789 recessisse
3787 4736 3934 4790 affir-

2380 4833 2582 4893 niabat,
2615 4833 2780 4901 idque
2825 4819 3012 4885 multis
3050 4828 3283 4883 testibus
3318 4827 3682 4895 approbabat,
3714 4826 3937 4881 univcr-

2374 4938 2600 4990 samque
2627 4921 2749 4977 Chii
2789 4922 3063 4974 civitatem
3104 4920 3208 4971 hoc
3231 4918 3406 4986 ipsum
3437 4916 3581 4969 scire
3608 4918 3812 4972 aiebat.
3847 4919 3936 4973 ,1η-

2374 5012 2477 5065 dcx
2502 5012 2717 5079 iniquus
2735 5011 2832 5063 hac
2857 5013 2909 5062 in
2937 5026 2991 5062 re
3012 5023 3119 5061 non
3140 5021 3260 5061 esse
3275 5003 3579 5058 audiendos
3591 5006 3937 5063 Christianos

2378 5102 2655 5156 censebat.
2707 5102 2861 5157 Tulit:
2910 5098 3351 5155 Christianorum
3414 5092 3751 5162 multitudo,
3813 5108 3937 5167 qua!

2381 5195 2706 5251 circumfusa
2742 5196 2942 5259 stabat,
2979 5194 3061 5257 Si,
3097 5189 3321 5259 inquit,
3362 5184 3810 5244 Christianorum
3864 5202 3935 5243 te-

2370 5390 2588 5433 zuntcm
2620 5399 2647 5435 a
2686 5380 2883 5435 Turcis
2925 5382 3288 5447 expugnatam
3334 5372 3615 5441 describit,
3644 5373 3927 5430 edidimus

2372 5462 2560 5515 supra,
2590 5453 2695 5505 cui.
2740 5452 2861 5503 725.
2904 5448 3057 5504 Eutr.
