4116 6336
140 222 246 282 885

1080 222 1545 319 MARTYRIUM
1581 225 1640 287 S.
1685 225 2009 287 ΑΝΒΒΕίΕ
2054 227 2391 293 DECHIO.

3236 214 3343 279 886

142 329 454 385 stimonium
508 332 568 386 in
613 332 927 403 huiusmodi
980 349 1143 389 causa
1187 336 1531 390 refutandum
1578 345 1687 399 est.
1716 340 1758 395 Α
1788 340 1860 394 sit
1890 342 2295 409 praeponenda?
2330 342 2516 402 Erras,
2550 337 2651 405 ipsi
2678 335 3008 406 respondent
3035 351 3051 388 :
3082 349 3209 390 nam
3240 346 3343 388 nos

140 419 647 477 Hahnmetistarum
693 440 913 492 quoque
964 426 1218 479 similiter
1266 439 1374 479 non
1419 427 1685 494 reeipien-

60 548 63 549 ν
140 512 291 567 dum.
320 512 456 567 llam
483 514 629 569 sicut
662 529 762 568 nos
794 515 1167 570 Christianum
1206 515 1342 569 falso
1374 526 1698 570 accusatum

137 604 287 673 juste
312 603 673 670 defendimus,
705 606 787 660 sic
837 605 1231 660 Mahumelistte
1286 607 1692 660 accusationem

144 708 367 747 suorum
402 687 582 748 veram
611 709 732 749 esse
772 695 1129 748 contendunt.
1150 694 1339 759 Quare
1365 689 1696 764 przhtermi‘s-

139 782 217 836 sis
263 783 494 837 testibus
522 820 543 847 ς
578 800 685 845 res
716 785 830 853 ipsa
879 772 1305 852 quarenda'est.
1358 784 1476 837 Non
1534 783 1693 835 aliter

144 871 348 936 igitur,
388 887 550 940 quam
589 871 756 926 Judaei
808 872 1111 926 secundum
1175 870 1469 922 Mosaieam
1517 870 1690 935 legem

140 961 468 1015 circumcidi
516 976 647 1014 suos
682 961 947 1028 prepheta
992 971 1174 1013 vester
1200 958 1403 1027 jussit:
1437 971 1604 1025 quare
1646 956 1717 1021 si_

142 1050 403 1122 genitalia
448 1049 613 1115 hujus
665 1048 907 1101 membra
963 1048 1128 1101 simili
1178 1055 1303 1103 nota
1354 1046 1481 1099 laesa
1530 1054 1692 1107 sunt,

146 1149 319 1192 morte
360 1138 481 1208 jure
526 1139 828 1206 plectetur;
869 1137 953 1191 sin
1005 1138 1252 1198 minime,
1304 1150 1426 1208 cum
1462 1135 1577 1204 ipsa
1635 1149 1695 1188 re

143 1241 308 1280 causa
347 1223 750 1279 determinetur
776 1240 896 1291 sua,
921 1235 975 1279 et
1000 1224 1082 1278 nil
1114 1222 1489 1292 ambiguitatis
1518 1221 1698 1275 homi-

142 1329 276 1369 num
320 1314 523 1369 animis
570 1314 895 1369 remanebit.
945 1315 1229 1384 Spoliatur
1278 1314 1491 1369 interea
1538 1311 1699 1366 miles

142 1405 387 1471 Christi,
418 1404 707 1473 nudusque
741 1419 770 1458 a
800 1413 965 1479 tanta.
995 1404 1346 1462 multitudine
1392 1404 1696 1472 aspicitur:

144 1495 355 1548 nullum
389 1482 453 1546 in
486 1507 558 1547 eo
595 1493 853 1547 indicium
878 1532 894 1556 ,
937 1494 1087 1548 nulla
1120 1491 1556 1548 circumcisionis
1585 1505 1699 1544 ma-

142 1582 535 1652 cula,,nullum
581 1581 1089 1645 Mahumetistarum
1121 1590 1346 1651 apparet
1378 1580 1694 1649 vestigium.

146 1675 463 1728 Eu-lamant
490 1657 564 1728 ‘ex
588 1672 777 1727 latitia
807 1671 1131 1733 Christiani.
1154 1667 1570 1731 confunduntur
1599 1666 1697 1721 ad-
1727 1652 1767 1705 Β

147 1765 373 1818 versarii
402 1804 416 1827 ,
446 1773 502 1818 et
539 1763 668 1817 victi
697 1762 916 1830 penitus
948 1768 1415 1831 prosternuntur:
1442 1757 1554 1837 pisi
1577 1757 1697 1810 dia-

145 1838 482 1911 bolico’astu
522 1853 1180 1925 adjuti,'exposuissent
1246 1851 1414 1904 moris
1467 1863 1589 1904 esse
1641 1849 1697 1917 in

144 1947 402 2017 Aigypto.
438 1946 668 1999 minoris
708 1944 960 1999 homines
1004 1944 1185 1999 atatis
1211 1942 1558 2005 circumcidi,
1584 1956 1701 1995 ma-

138 2034 303 2102 joris,
330 2035 375 2091 si
408 2034 475 2089 ad
504 2033 872 2089 Hahumetum
903 2034 997 2087 Dei
1027 2034 1349 2102 prophetam
1375 2041 1701 2091 convertan:

152 2138 267 2187 tur,
297 2123 621 2178 circumcidi
655 2124 700 2177 si
733 2124 964 2178 volunt:
998 2124 1043 2177 si
1072 2137 1210 2195 _vcro
1254 2124 1554 2176 abhorrent
1596 2121 1704 2175 cir-

147 2212 546 2267 cumcisionem
576 2250 592 2272 ,
632 2212 787 2264 nullo
840 2211 960 2279 cogi
1000 2210 1161 2265 modo
1200 2222 1400 2278 posse‘,
1440 2210 1699 2276 quoniam

148 2302 355 2357 melius
386 2301 460 2354 sit
490 2300 693 2355 lucrari
721 2300 957 2354 animam
988 2299 1229 2353 hominis
1252 2340 1268 2363 ,
1298 2314 1367 2365 ex
1396 2308 1513 2354 toto
1546 2300 1705 2355 nobis

150 2394 320 2449 corde
354 2391 721 2456 adhaerentem
756 2390 811 2444 in
845 2391 1058 2445 creteris
1091 2391 1350 2450 omnibus
1381 2402 1576 2461 praeter
1594 2393 1704 2448 cir.

151 2480 569 2542 cumcisionem,
593 2492 754 2552 quam
778 2466 1027 2549 reficere,
1049 2479 1307 2547 quoniam
1333 2481 1717 2536 circumcisio.

151 2588 283 2629 nem
327 2569 668 2626 reformidet.
708 2567 803 2623 His
839 2569 1175 2628 rationibus.
1207 2570 1291 2624 vel
1338 2573 1509 2640 magis
1533 2613 1549 2635 ,
1578 2574 1705 2641 quia

153 2676 322 2737 sectae
348 2662 564 2717 favebat
593 2676 707 2716 suae
734 2700 749 2724 ,
792 2661 1059 2727 confusus
1095 2659 1284 2732 judex,
1340 2662 1545 2717 nullam
1576 2679 1706 2734 pro-

151 2753 419 2807 nuntiare
462 2750 796 2807 sententiam
830 2751 969 2805 velle
996 2750 1051 2804 in
1096 2764 1157 2803 re
1194 2759 1343 2811 tanta
1381 2752 1551 2816 dixit,
1601 2751 1706 2806 nisi

154 2858 345 2914 regem
376 2842 758 2908 consuluerit;
791 2842 866 2896 ita
909 2842 1052 2895 enim
1085 2840 1256 2894 moris
1281 2847 1370 2895 est
1420 2840 1475 2931 in
1529 2842 1709 2897 causis

152 2933 429 3011 anzbiguis
452 2944 508 2987 et
528 2931 735 2986 arduis.
1570 2944 1577 2949 ‘

224 3024 293 3086 V,
339 3026 540 3093 Regem
576 3024 742 3091 igitur
764 3065 780 3089 ,
815 3022 869 3099 in
925 3037 1206 3077 carcerem
1258 3023 1508 3094 conjecto
1539 3020 1709 3075 milite

152 3115 389 3179 Christi,
422 3114 734 3168 consultum
764 3112 940 3167 adiit:
973 3110 1063 3166 cui
1109 3113 1294 3166 omnia
1330 3127 1452 3167 eum
1491 3112 1709 3165 retulis-

152 3217 265 3267 set,
308 3204 678 3270 interrogatus
705 3201 773 3256 de
804 3209 963 3255 aetate
988 3202 1183 3270 ipsius,
1229 3201 1530 3270 habituque
1557 3200 1707 3254 omni

72 3285 85 3291 β
151 3294 411 3363 corporis
448 3308 463 3345 :
494 3291 718 3346 Juvenis
744 3333 759 3356 ,
797 3291 973 3358 inquit
1028 3291 1166 3360 ipse,
1218 3291 1399 3346 animo
1450 3290 1709 3356 invictus,

152 3391 329 3449 atque
359 3393 553 3446 magna
574 3385 802 3443 statura,
829 3376 1129 3447 grandibus
1156 3379 1369 3433 ossibus
1398 3366 1561 3448 atque
1584 3395 1722 3433 ncr-,

154 3471 241 3524 vis
291 3467 651 3548 convallatus.
684 3467 796 3550 ilex
830 3467 969 3522 tales
996 3468 1246 3523 homines
1276 3468 1481 3523 habere
1512 3469 1567 3535 in
1594 3469 1709 3522 ‘mi-

153 3558 279 3614 litia
320 3557 509 3626 cupit:
534 3544 931 3633 vade,vinquit,
955 3565 1010 3611 et
1040 3558 1272 3625 primum
1302 3558 1378 3611 illi
1402 3598 1419 3624 ,
1449 3556 1711 3612 si'noster

158 3646 406 3701 voluerit
444 3662 587 3713 esse,
626 3647 914 3701 offerimus
959 3650 1400 3702 centurionatum
1442 3648 1495 3717 in
1520 3648 1713 3715 militia

159 3726 390 3799 nostra;
420 3734 641 3800 deinde,
667 3744 829 3802 prout
857 3736 911 3788 in
936 3737 1134 3791 virtute
1167 3728 1345 3803 ipsum
1370 3718 1550 3797 valere
1585 3750 1715 3789 con-

158 3824 551 3890 spexerimus’,
587 3824 655 3876 ad
691 3825 895 3893 majora
923 3824 1307 3892 provehemus.
1334 3822 1490 3887 Quod
1523 3824 1567 3876 si
1612 3825 1713 3878 be-

155 3914 381 3970 neficiis
428 3928 535 3966 non
575 3913 1032 3976 commovebitur,
1088 3912 1247 3966 minis
1295 3922 1459 3982 atque
1507 3922 1711 3967 terrore

158 4007 348 4074 ipsum
387 4002 708 4085 concutias;
748 4011 804 4057 et
848 4002 893 4056 si
928 4010 1122 4055 neutra
1160 4002 1364 4072 poteris
1415 4002 1712 4071 pmvalere

132 4098 270 4169 via,
305 4093 483 4162 capite
509 4092 732 4161 plectas.
760 4092 944 4147 Altero
962 4092 1129 4162 igitur
1148 4093 1259 4154 die,
1281 4093 1548 4160 producto
1573 4094 1713 4161 ipso,

156 4185 406 4254 primum
428 4183 573 4253 regis
602 4182 1030 4252 pollicitationes
1098 4193 1480 4253 proponuntur
1543 4174 1712 4241 mira-

1792 439 1847 484 et
1876 432 1940 484 ad
1981 432 2126 485 illam
2160 432 2257 485 tibi
2283 431 2424 485 viam
2450 427 2665 497 aperire
2691 428 2989 488 studemus,
3016 432 3073 478 et
3100 425 3240 477 hanc
3262 422 3356 476 inv

1792 536 1959 589 super
1989 521 2084 575 tibi
2133 520 2348 574 felicem
2397 519 2623 573 reddere
2672 504 2969 571 conamur;
3005 514 3122 567 Non
3167 512 3353 567 colite-

1794 622 1939 674 rent,
1974 610 2172 677 inquit,
2209 611 2416 663 caduca
2443 607 2680 667 aeternis,
2706 621 2815 660 non
2850 602 3102 657 felicibus
3123 601 3343 664 misera,

1794 716 1900 760 non
1938 700 2162 767 profana
2194 700 2389 754 beatis.
2413 699 2524 753 Sed
2555 697 2691 767 quid
2707 710 2844 762 opus
2870 702 2954 746 est
2979 690 3205 746 verbis?
3235 689 3353 759 Ego

1792 787 2108 842 felicitatem
2146 788 2307 861 hujus
2342 788 2529 842 seculi
2564 786 2720 841 nihili
2748 785 2888 839 facio
2920 797 3067 851 :-ego
3095 796 3343 841 crucem,

1793 880 2121 945 passionem,
2170 880 2615 947 sepulturamque
2654 877 2856 932 Christi
2905 875 3009 928 mei
3042 887 3343 949 nunquam,

1794 967 1997 1024 auxilio
2029 967 2176 1019 illius
2211 965 2381 1021 fretus
2403 1008 2417 1029 ,
2449 966 2677 1035 negabo.
2707 964 2943 1018 Statuite
2975 962 3028 1014 in
3074 976 3157 1014 me
3186 958 3345 1028 quiil-

1793 1057 1921 1123 quid
1954 1056 2293 1121 malueritis;
2327 1071 2493 1110 unum
2526 1070 2676 1125 rogo,
2703 1070 2772 1109 ne
2802 1039 3094 1107 meverbis
3114 1046 3345 1116 amplius

1795 1147 2037 1201 tentetis.

1868 1237 1955 1292 Π,
1998 1236 2096 1290 Bis
2121 1236 2306 1297 dictis.
2341 1236 2618 1305 coniectus
2648 1232 2793 1287 illico
2817 1232 2868 1284 in
2899 1234 3197 1292 carcerem,
3227 1226 3345 1280 vin-

1799 1326 1940 1381 culis
1969 1336 2270 1391 catenatus,
2302 1326 2534 1395 pedibus
2567 1332 2730 1393 atque
2773 1321 3027 1375 manibus
3071 1319 3355 1387 alligatus,
3416 1354 3419 1355 ν

1797 1418 1864 1471 ad
1902 1417 2186 1473 meridiem
2217 1417 2501 1486 sequentis
2529 1416 2678 1479 diei,
2726 1418 2819 1482 qul
2852 1412 2954 1465 fuit
2988 1410 3059 1463 20
3091 1409 3235 1470 Maii,
3264 1408 3346 1477 ja-

1798 1506 1933 1560 cuit.
1964 1506 2094 1561 Post
2122 1505 2410 1561 meridiem
2442 1505 2628 1561 statim
2660 1500 3033 1571 protrahitur,
3064 1509 3120 1553 et
3145 1499 3199 1551 in
3228 1511 3352 1565 par-

1799 1605 1910 1648 tem
1942 1594 2100 1649 urbis
2147 1600 2270 1663 quae
2300 1582 2833 1661 orientem-spectat,
2859 1604 3027 1660 prope
3058 1604 3227 1651 mare,
3251 1586 3353 1639 du-

1800 1684 1966 1747 citur,
1991 1682 2084 1736 ubi
2116 1683 2181 1736 ad
2215 1684 2397 1749 palum
2429 1680 2918 1749 nudusalligatus,
2945 1678 3172 1741 ﬂagellis
3191 1685 3353 1743 atque

1800 1769 1934 1826 loris
1987 1771 2255 1835 caeditur,
2311 1770 2492 1824 acrius
2550 1784 2712 1839 quam
2768 1768 2878 1821 dici
2928 1767 3102 1835 possit
3144 1783 3158 1817 :
3206 1766 3355 1831 prin-

1802 1854 2321 1928 eipio‘llagellorum
2351 1866 2408 1913 et
2436 1858 2727 1913 verberum
2773 1854 3166 1911 contremuisse
3216 1851 3354 1907 dici-

1803 1956 1915 2013 tur,
1946 1960 2003 2011 et
2028 1950 2282 2011 manibus
2313 1949 2379 2004 ad
2422 1959 2613 2019 pectus
2641 1946 2957 2008 contractis,
2993 1942 3057 2000 ae
3083 1943 3268 2013 digitis
3294 1941 3350 1995 in

1805 2056 2049 2109 pugnum
2075 2040 2423 2109 compressis,
2454 2055 2645 2109 magna
2669 2038 3003 2093 exclamasse
3029 2051 3163 2090 voce
3193 2054 3206 2088 :
3235 2034 3353 2087 Vir-

1804 2144 1873 2196 go
1900 2129 2095 2193 Maria,
2119 2130 2312 2199 adjura
2351 2146 2456 2183 me.
2492 2130 2625 2184 Inde
2658 2128 2890 2197 pedibus
2926 2128 3099 2181 altero
3127 2127 3192 2178 ad
3208 2125 3355 2180 .aitc-

1808 2220 2244 2284 rumadductis,
2295 2218 2447 2287 stetit
2498 2228 2679 2274 rectus
2724 2219 2785 2272 in
2829 2217 3035 2272 eisdem
3093 2214 3354 2284 vestigiis,

1808 2307 2058 2375 mirabile
2090 2308 2235 2362 dictu
2270 2347 2284 2370 ,
2335 2323 2509 2377 usque
2548 2306 2615 2361 ad
2660 2306 2790 2360 solis
2826 2319 3103 2360 occasum.
3144 2303 3354 2356 Interea

1758 2462 1763 2471 .
1808 2396 1937 2451 dum
1976 2398 2133 2453 miles
2165 2398 2367 2452 Christi
2400 2398 2486 2454 his
2522 2396 2859 2471 cruciatibus
2885 2402 3193 2457 exercetur,
3222 2392 3356 2445 Tra-

1778 2488 2099 2570 _pezuntius
2126 2489 2235 2547 ille.
2272 2489 2340 2541 de
2370 2502 2480 2554 quo
2509 2501 2671 2554 supra
2704 2468 2886 2547 retuli,
2920 2501 2949 2539 e
2977 2485 3213 2539 fenestra
3244 2493 3364 2536 tura

1809 2579 1888 2630 ris
1909 2615 1930 2641 γ
1964 2577 2018 2631 in
2060 2592 2167 2645 qua
2198 2576 2373 2630 fuerat
2402 2576 2665 2634 inclusus.
2699 2569 3014 2643 prominens
3038 2572 3305 2625 clamabat
3337 2585 3353 2623 :

1809 2667 1856 2729 0,
1899 2668 2114 2723 felicem
2150 2667 2545 2727 Christianum,
2577 2680 2609 2719 ο
2643 2663 2854 2719 beatam
2889 2678 3009 2731 quas
3066 2673 3119 2715 te
3169 2661 3357 2731 genuit

1811 2759 2065 2824 insulam,
2090 2772 2123 2811 o
2153 2756 2554 2811 nobilissimum
2580 2763 2743 2824 atque
2770 2754 2917 2807 omni
2946 2752 3108 2807 laude
3134 2753 3353 2821 tllglllllll

1813 2862 2007 2916 genus,
2042 2845 2187 2901 unde
2217 2854 2371 2898 ortus
2395 2859 2478 2899 es.
2504 2843 2723 2899 Utinam
2760 2842 2920 2897 isthic
2949 2856 3127 2897 essent
3157 2850 3355 2902 tecum,

1818 2944 1879 2989 ut
1914 2937 2103 2990 eadem
2129 2945 2344 3005 paterer
2369 2950 2467 3003 pro
2491 2933 2741 2988 Christo!
2768 2930 2891 2988 Haec
2914 2931 3127 3000 aliaque
3156 2930 3359 2983 vocite-

1816 3027 2057 3089 rabatur,
2075 3027 2321 3096 martyrii
2347 3041 2630 3087 coronam,
2656 3032 2715 3077 ut
2733 3025 2994 3082 arbitror.
3019 3021 3355 3075 desiderans.

1813 3114 2109 3189 Carnifices
2140 3124 2341 3178 autem,
2374 3114 2587 3167 Andrea
2624 3112 2870 3175 reducto,
2909 3110 3358 3177 multis'pretiosa

1814 3203 2057 3259 membra
2087 3202 2330 3270 flagellis,
2363 3201 2608 3270 lorisque
2633 3199 2776 3256 fcnde
2808 3199 3121 3261 dilacerata,
3149 3211 3359 3267 ungunt

1816 3292 2132 3363 unguentis,
2152 3291 2335 3346 cibum
2366 3306 2583 3361 quoque
2614 3300 2780 3359 atque
2806 3296 2995 3358 potum
3026 3287 3092 3341 ad
3130 3286 3359 3341 fulcien-

1817 3384 1937 3439 dam
1973 3385 2027 3438 in
2061 3398 2289 3451 corpore
2318 3383 2579 3446 animam,
2612 3381 2680 3435 de
2729 3381 3065 3451 medicorum
3108 3377 3358 3445 consilio,

1817 3489 2047 3544 quorum
2077 3473 2232 3529 multi
2280 3488 2344 3529 ac
2375 3472 2684 3543 peritissimi
2718 3472 2973 3538 aderant,
3010 3470 3356 3529 obtulerunt,

1818 3580 1883 3618 ac
1908 3580 2124 3633 aquam,
2150 3565 2203 3619 in
2234 3581 2340 3634 qua
2368 3579 2476 3619 non
2508 3579 2697 3634 parum
2723 3562 2965 3617 defaecati
2990 3561 3108 3615 auri
3141 3561 3358 3630 pondus

1821 3653 2105 3717 bullierat,
2136 3657 2450 3709 conducunt
2494 3655 2562 3707 ad
2614 3652 2934 3709 bibendum.
2968 3650 3024 3704 ld
3069 3649 3359 3710 faciebant,

1816 3758 1926 3812 quo
1955 3743 2169 3811 longior
2195 3746 2301 3797 vita
2338 3743 2458 3809 ejus
2483 3742 2687 3813 aliquid
2719 3741 2786 3793 ad
2814 3740 3155 3808 negationem
3182 3735 3361 3791 crucis

1818 3830 2059 3891 afferret,
2096 3830 2256 3881 simul
2290 3837 2347 3881 et
2375 3828 2723 3881 Ostenderettt
2745 3866 2759 3891 ,
2793 3826 2985 3894 quanti
3016 3826 3181 3877 vitam
3213 3824 3358 3875 face-

1818 3926 1939 3972 rent
1969 3920 2086 3987 ejns
2118 3935 2134 3972 :
2169 3917 2308 3970 forte
2336 3917 2523 3981 etiam,
2575 3914 2828 3983 quoniam
2861 3929 2983 3967 cum
3029 3911 3359 3967 Christianis

1817 4006 2039 4060 enutriti
2070 4006 2203 4066 sint.
2244 4013 2301 4059 et
2322 4005 2565 4058 nonnulli
2598 4017 2786 4057 eorum
2814 4000 3107 4057 ChriStiani
3137 4001 3358 4053 fuerint.

1818 4095 1929 4149 Nec
1958 4094 2298 4165 ignorabant,
2323 4094 2595 4161 quomodo
2620 4102 2882 4161 martyres
2911 4090 3117 4145 Christi
3145 4090 3271 4145 olim
3306 4089 3361 4142 in

1818 4187 1906 4241 die
1933 4186 2343 4252 cruciabantur,
2373 4197 2430 4239 et
2460 4186 2512 4239 in
2546 4192 2709 4239 nocte
2734 4182 3197 4237 convalescebaut.
3218 4180 3381 4246 ρων,

158 4272 259 4327 bili
301 4284 430 4326 cum
463 4269 886 4340 ampliﬁcatione
918 4287 934 4325 :
965 4270 1138 4341 Caput
1185 4271 1372 4325 statim
1400 4271 1512 4326 eris
1540 4311 1556 4335 ,
1597 4271 1709 4324 An-
1750 4302 1795 4357 ο
1822 4292 1903 4339 re,
1940 4277 2193 4355 timentes
2220 4291 2292 4331 ne
2326 4276 2378 4330 id
2410 4274 2677 4330 divinitus
2702 4275 2966 4339 eveniret,
2999 4272 3363 4326 medicamen-

158 4365 317 4429 drea,
360 4369 581 4416 centum
615 4361 849 4417 militum
882 4399 899 4425 ,
952 4371 1008 4416 et
1051 4378 1082 4416 a
1120 4362 1458 4432 privaturum
1515 4370 1719 4418 tractus

157 4450 485 4524 conditione
512 4490 528 4521 ,
558 4465 693 4505 eum
763 4450 1103 4520 principibus
1133 4455 1139 4461 ’
1170 4453 1655 4507 connumeraberis
1696 4493 1712 4515 ,

159 4546 439 4617 taciteque
496 4542 673 4599 virtus
714 4552 773 4597 et
821 4543 1110 4615 diligentia
1157 4552 1245 4597 tua
1295 4544 1520 4605 extollet
1565 4554 1619 4601 te
1651 4545 1719 4600 ad

165 4635 404 4703 majora.
435 4629 637 4687 Verum
667 4646 790 4703 cum
816 4626 1029 4701 martyr
1055 4628 1278 4699 Christi,
1314 4634 1456 4689 nihil
1491 4649 1723 4704 respou-

159 4725 375 4785 dendo.
405 4729 756 4777 contemnere
786 4712 969 4777 oblala
1019 4722 1321 4786 videretur,
1346 4725 1440 4790 qui
1479 4712 1721 4779 circum-

161 4811 275 4866 fusi
306 4820 472 4865 erant
508 4810 759 4867 veritatis
803 4811 1029 4876 hostes,
1076 4810 1169 4865 alii
1222 4806 1508 4882 argentum
1557 4825 1721 4883 atque

162 4916 394 4966 aurum,
431 4902 524 4956 alii
550 4911 752 4970 vestes,
776 4902 870 4958 alii
898 4901 1292 4969 supellectilem
1324 4902 1528 4957 variam
1561 4905 1721 4971 polli-

163 4997 474 5057 cehantnr;
501 5006 738 5063 cumque
761 4995 815 5048 in
847 4993 1067 5060 silentio
1100 4994 1281 5047 aerius
1312 5002 1719 5059 perseveraret:

100 5140 101 5143 η
162 5083 337 5152 Quid,
372 5080 652 5150 inquiunt,
681 5098 749 5137 ne
776 5082 962 5138 verbis
1003 5078 1227 5151 quidem
1261 5082 1371 5135 tuis
1397 5096 1497 5135 nos
1528 5081 1723 5151 dignos

166 5169 371 5239 putas?
397 5170 557 5240 Digni
589 5173 850 5245 quidem,
896 5171 1005 5236 ait,
1044 5186 1140 5225 vos
1171 5172 1304 5225 estis
1337 5170 1507 5224 multo
1556 5173 1725 5241 majo-

165 5264 327 5315 ribus
351 5300 369 5324 ,
404 5272 570 5328 quam
609 5272 713 5327 ego
753 5260 936 5314 dicere
978 5268 1083 5321 .aut
1111 5260 1418 5328 excogitare
1476 5275 1670 5327 queam
1704 5277 1719 5316 :

140 5352 267 5407 sed
319 5364 415 5419 res
439 5384 457 5411 ,
513 5360 649 5415 quas
686 5348 935 5413 olertis,
992 5349 1141 5402 nulla
1201 5349 1555 5417 responsione
1595 5361 1725 5405 sunt

168 5426 372 5506 dignm.
399 5434 544 5503 Quid
564 5435 711 5491 enim
738 5438 997 5507 caducam
1022 5436 1163 5493 hanc
1197 5436 1359 5492 vitam
1395 5447 1557 5505 atque
1578 5453 1725 5494 ωοτ-

169 5528 338 5589 talem
378 5528 587 5601 putatis
619 5528 799 5598 magni
849 5526 1074 5595 aliquid.
1104 5527 1328 5593 habere,
1378 5540 1486 5596 quo
1516 5532 1722 5585 cmlcsti

1823 4370 1893 4425 tis
1922 4370 2038 4423 suis
2065 4368 2337 4423 occultare
2360 4369 2642 4423 veritatem
2687 4366 2997 4420 studebant.

1897 4456 2007 4511 νιί.
2047 4456 2314 4521 Yicesima
2348 4458 2518 4525 prima
2548 4455 2793 4524 ejusdem
2826 4456 3029 4510 mensis
3057 4454 3149 4509 die
3175 4469 3366 4509 rursus

1822 4546 2166 4616 producitur,
2183 4545 2593 4613 denudatusque
2613 4544 2807 4599 ferreis
2822 4546 3095 4613 unguibus
3116 4553 3329 4612 tergora
3345 4578 3364 4601 .

1824 4622 1946 4705 quae
1964 4635 2139 4705 pridie
2172 4635 2292 4704 ejus
2309 4634 2418 4687 diei
2436 4634 2653 4687 fuerant
2672 4632 2961 4700 flagellata,
2980 4634 3364 4695 diiacerantur,
3430 4650 3433 4653 λ

1824 4742 1926 4781 nec
1953 4726 2249 4795 quidquam
2290 4723 2436 4777 aliud
2496 4720 2624 4774 fecit
2656 4719 2901 4787 dixitque
2954 4718 3109 4774 miles
3140 4716 3366 4783 Christi,

1823 4830 2134 4885 quanquam
2158 4814 2307 4882 prius
2326 4810 2658 4866 contremuit
2676 4808 2732 4862 in
2758 4808 3046 4887 principio,
3066 4824 3366 4877 manusque

1823 4907 1890 4959 ad
1918 4919 1977 4958 se
2019 4903 2265 4965 adduxit,
2294 4900 2494 4969 digitos
2525 4899 2579 4953 in
2616 4912 2828 4967 pugnos
2874 4901 3168 4964 contraxit,
3205 4903 3368 4967 pedes

1824 4996 1880 5049 in
1928 4994 2124 5049 iisdem
2156 4989 2627 5061 vestigiis'tenuit,
2676 5003 2977 5059 magnaque
3011 5002 3142 5044 voce
3170 4991 3364 5047 clama-

1823 5086 1941 5153 vit:
1977 5083 2137 5149 Virgo
2161 5080 2346 5141 Maria.
2366 5080 2495 5148 juva
2524 5094 2631 5133 me.
2664 5076 2754 5133 Sic
2775 5078 3171 5148 Trapezuntius
3200 5067 3365 5131 etiam

1824 5174 2034 5239 eadem,
2071 5187 2193 5242 qua:
2226 5170 2402 5241 pridie
2432 5170 2841 5226 vociferabatur
2869 5208 2885 5234 ,
2914 5185 2963 5224 en
2996 5170 3133 5223 turri
3166 5168 3363 5221 iterum

1825 5250 1987 5333 atque
2008 5264 2201 5316 iterum
2233 5262 2529 5325 repetebat.
2554 5262 2890 5317 Adveniente
2917 5271 3094 5325 nocte,
3121 5277 3365 5329 unguen.
3404 5292 3407 5293 ν

1828 5355 1897 5409 tis
1929 5352 2181 5417 illinitur,
2212 5352 2461 5405 similiter
2483 5352 2540 5406 et
2564 5352 2975 5407 medicamentis
2994 5360 3159 5418 atque
3183 5354 3362 5422 aquis,

1828 5446 1881 5498 in
1917 5444 2116 5513 quibus
2146 5459 2337 5513 magna
2367 5444 2539 5497 virtus
2564 5432 2678 5497 auri
2716 5442 2891 5495 fuerat
2915 5440 3119 5504 infusa,
3146 5450 3359 5505 susten-
3426 5498 3427 5501 η

1828 5546 1995 5600 tatur,
2020 5537 2172 5609 quasi
2206 5536 2426 5591 charam
2459 5534 2634 5589 crucis
2661 5534 2845 5588 hostes
2866 5530 3095 5611 salutem
3118 5535 3238 5605 ejus
3273 5534 3366 5609 ita-
