4116 6336
771 268 879 334 88Ἱ

1938 265 2269 325 GEORGII
2313 265 2829 326 TRAPEZUNTH

3900 265 3993 328 883

772 386 989 445 herent,
1023 395 1270 449 magnam
1307 379 1373 434 iis
1405 380 1569 434 rebus
1601 380 1777 443 inesse
1826 382 2087 435 virtutem
2138 380 2332 449 praedi-
2355 380 2407 440 Α
2481 381 2598 435 κιΧ.
2640 382 2914 436 Vicesima
2951 372 3383 451 neua.,ejusdetn
3441 383 3649 437 mensis
3681 382 3771 437 die
3804 425 3816 447 ,
3860 397 3994 437 anno

772 482 978 535 cantes,
1011 471 1249 540 Spiritus
1276 473 1451 526 sancti
1476 473 1704 540 gratiam
1731 474 1784 525 in
1817 472 2153 527 medicorum
2186 471 2326 538 pcri-

775 565 929 623 tiam.
962 564 1185 631 cibique
1218 579 1280 618 ac
1309 573 1487 630 putus
1514 564 1961 617 commoditatem
1990 563 2327 617 derivantes.

772 654 1127 708 illucescente
1179 670 1415 722 namque
1457 653 1586 715 die,
1628 669 1795 705 sanus
1835 654 2062 706 omnino
2127 661 2331 721 martyr

772 745 973 800 Christi
1006 742 1259 814 apparuit
1288 787 1301 808 ,
1343 762 1463 812 qum
1502 762 1589 797 res
1624 745 2036 799 medicamentis
2078 744 2193 798 fieri
2224 761 2333 799 non

775 847 955 906 potest
988 855 999 891 :
1034 855 1155 906 quae
1185 854 1305 891 cum
1344 838 1667 892 naturaliter
1693 846 1951 905 agerent,
1979 838 2336 905 longiore‘iu-

777 930 964 996 tiigent
1012 941 1258 997 tempore
1286 969 1299 991 ,
1350 929 1903 997 frcqucnlationcqtte
1948 930 2330 990 conveniente,

778 1036 847 1073 ne
879 1020 1087 1088 digesta
1117 1022 1169 1072 iu
1203 1020 1431 1072 dubium
1464 1020 1668 1084 aliquid
1709 1019 1993 1072 conferant
2034 1034 2047 1069 :
2081 1018 2225 1085 quod
2260 1028 2336 1070 ta—

780 1124 903 1163 men
965 1110 1188 1162 minime
1228 1110 1407 1163 facere
1439 1120 1688 1176 pOSaunt,
1736 1110 1779 1162 si
1821 1110 2002 1163 denuo
2034 1125 2235 1177 corpus
2274 1124 2338 1162 ac

781 1201 984 1267 saepius
1025 1200 1355 1264 exagitetur,
1383 1200 1498 1252 sive
1537 1199 1701 1252 etiam
1743 1199 1990 1253 atrocius
2032 1199 2334 1252 crucietur.

781 1288 910 1353 Qua:
940 1290 1113 1341 virtus
1146 1305 1305 1358 opem
1348 1290 1546 1343 aﬂerre
1598 1298 1774 1358 potest
1824 1297 2018 1356 praeter
2065 1290 2339 1343 divinam?

782 1375 1035 1431 Profecto
1061 1378 1230 1432 nulla.

857 1464 994 1518 \‘lll.’
1038 1467 1301 1520 Vicesima
1350 1468 1591 1519 secunda
1650 1466 1893 1534 ejusdem
1954 1468 2164 1519 metuis
2229 1467 2340 1530 die,

786 1556 1114 1624 producitur
1154 1556 1410 1609 similiter
1453 1566 1570 1623 post
1606 1558 1887 1616 meridiem
1914 1597 1929 1618 ,
1964 1572 2027 1610 ac
2066 1573 2263 1609 manus
2288 1569 2345 1609 et

790 1646 959 1711 pedes
992 1646 1071 1699 sic
1106 1650 1455 1710 torquentdr,
1500 1656 1559 1698 ut
1592 1661 1659 1698 ne
1684 1647 1977 1715 digitorum
2008 1649 2227 1714 quidem
2255 1664 2344 1699 ar—

2435 474 2615 542 primo
2649 472 3007 542 pontificatus
3032 488 3181 541 papae
3217 474 3365 528 Pauli
3396 476 3627 528 secundi
3654 476 3852 528 ultimo
3878 488 3995 543 pro-

2434 564 2662 619 ducitur
2697 564 2944 617 Andreas
2978 564 3045 617 de
3095 563 3265 629 Citio,
3301 577 3507 634 martyr
3555 563 3763 620 Christi
3814 566 3993 633 praci-

2434 671 2596 725 puus,
2626 657 2679 709 in
2707 655 2886 708 locum
2913 654 3145 707 solitum
3162 654 3226 707 ad
3250 654 3571 708 orientalem
3596 654 3749 708 urbis
3768 664 3994 723 partem,

2441 762 2612 815 prape
2639 760 3025 811 mare,-sanus,
3056 761 3235 806 vivax,
3258 745 3410 798 vultu
3438 744 3584 806 l:eto,
3610 745 3812 798 decora
3839 744 3990 801 facit.

2437 838 2853 898 Mahutnetisue,
2879 837 2961 890 his
2981 837 3140 890 rebus
3170 838 3324 897 muti,
3349 834 3872 887 medicamentorum
3894 834 3997 887 vir-

2440 940 2553 981 tute
2613 931 2692 981 sic
2752 929 2955 980 factum
3016 926 3377 987 asserebant.
3442 934 3496 977 et
3545 924 3992 993 ingratitudinem

2439 1010 2586 1073 illius
2616 1030 2940 1074 accusantes
2973 1038 2984 1071 :
3014 1018 3132 1071 Non
3165 1017 3333 1073 vides.
3372 1016 3716 1079 clamabant,
3749 1015 4002 1067 Andrea?

2441 1109 2571 1163 Tua}
2602 1110 2726 1161 vita:
2762 1125 2892 1161 cura
2946 1109 3107 1161 nobis
3160 1108 3345 1161 habita
3389 1118 3508 1165 est;
3544 1117 3736 1159 nostro
3794 1106 4001 1163 studio,

2442 1204 2552 1256 imo
2587 1202 2729 1269 regis
2761 1201 2969 1268 ipsius.
3005 1201 3295 1254 incolumis
3327 1214 3405 1259 es.
3439 1210 3495 1252 et
3532 1199 3736 1250 virtute
3768 1196 4004 1249 medica-

2442 1306 2778 1357 mentorum,
2811 1305 2865 1346 et
2912 1294 3209 1346 Mahumeti
3260 1293 3451 1361 gratia.
3486 1289 3577 1358 qui
3612 1299 3664 1343 te
3700 1289 3819 1340 vult
3867 1287 4003 1339 deii-

2444 1396 2689 1436 nimenta
2718 1384 3161 1438 Christianorum
3193 1384 3261 1437 de
3292 1395 3456 1435 cruce
3492 1396 3554 1434 ac
3587 1380 3841 1449 passione
3879 1378 4001 1431 Iesu

2447 1473 2727 1539 dt-Spicere
2758 1491 2769 1523 :
2802 1486 2921 1539 qua:
2969 1473 3231 1525 beneficia
3285 1471 3542 1538 quoniam
3600 1470 3847 1538 ingratus
3902 1482 4002 1518 non

2449 1563 2639 1622 sentis,
2691 1572 2865 1615 morte
2898 1563 3169 1614 morieris.
3207 1561 3321 1615 Non
3375 1571 3681 1623 estmors,‘
3726 1560 3807 1611 sic
3842 1572 4003 1611 mors.

2451 1653 2548 1706 ait.
2585 1652 2675 1703 scd
2710 1652 2839 1704 vita.
2871 1652 3050 1716 Quare
3092 1653 3257 1704 nolite
3294 1661 3483 1718 putare
3511 1689 3524 1712 ,
3564 1666 3647 1703 me
3692 1650 3878 1703 verbis
3922 1664 4007 1699 ve-

793 1738 970 1799 ticuii,
1015 1752 1117 1790 nec
1157 1738 1399 1800 cubitus,
1432 1752 1530 1790 nec
1570 1753 1745 1807 genua
1778 1739 1829 1790 iu
1866 1739 2001 1793 locis
2032 1741 2145 1792 suis
2176 1755 2347 1793 rema-
2384 1722 2419 1772 Β
2451 1741 2580 1791 stris
2618 1740 2813 1792 terreri
2851 1754 3010 1807 posse
3046 1756 3184 1792 :nee
3230 1739 3626 1792 medicamenta
3667 1739 4005 1804 profueram,

790 1837 988 1881 nerent
1013 1868 1026 1891 ,
1070 1828 1163 1882 sed
1204 1829 1340 1880 locis
1382 1828 1497 1879 suis
1534 1830 1718 1881 omnia
1756 1829 2022 1882 salirent:
2052 1829 2146 1898 qui
2194 1830 2369 1883 ilolor‘

793 1919 1059 1971 maximus
1085 1919 1331 1971 omnium
1358 1929 1462 1972 est.
1491 1918 1698 1972 Caetera
1725 1920 1979 1973 similiter
2003 1931 2152 1989 gesta
2177 1922 2350 1973 dicta-

774 2022 938 2075 ique,
972 1993 1080 2062 non
1120 2010 1190 2063 ab
1222 2010 1343 2077 ipso
1373 2000 1591 2074 solum,
1633 2011 1725 2078 qui
1764 2019 1943 2065 tamen
1986 2012 2130 2065 nihil
2175 2012 2345 2077 aliud,

792 2099 896 2153 nisi
932 2100 1137 2169 :V’irgo
1168 2100 1358 2165 Maria,
1383 2102 1509 2167 juva
1544 2116 1655 2161 me.
1688 2104 1743 2156 in
1775 2103 2044 2173 principio
2077 2105 2344 2167 dolorum,

794 2189 959 2262 idque
995 2193 1163 2245 semei
1201 2176 1506 2257 clamabat;
1542 2208 1731 2246 verum
1778 2196 1944 2248 etiam
1974 2211 2003 2248 a
2034 2196 2348 2263 Trapezun-

791 2283 869 2336 tio
902 2283 1029 2345 illo.
1067 2284 1162 2350 qui
1195 2285 1515 2352 martyrium
1547 2286 1626 2339 sic
1673 2288 1963 2354 expetebat
1988 2327 2002 2347 ,
2053 2299 2110 2341 ut
2144 2289 2343 2351 multis,

790 2375 957 2427 etiam
993 2373 1419 2439 Mabumetistis,
1446 2375 1801 2429 audientibus
1828 2377 2026 2445 saepius
2053 2389 2346 2445 repeteret,

792 2480 915 2533 qua:
943 2464 1087 2518 dicta
1118 2465 1371 2532 superius
1418 2476 1568 2519 sunt.
1603 2466 1935 2521 Medicorum
1966 2483 2185 2537 quoque
2222 2470 2354 2535 diii-,

787 2552 978 2621 gentia
1006 2553 1263 2607 similiter
1289 2594 1304 2619 ,
1352 2553 1462 2607 imo
1496 2552 1661 2607 etiam
1704 2556 1874 2622 major
1910 2555 2083 2610 fuisse
2123 2558 2346 2611 dicitur.

798 2645 1064 2701 Vicesima
1097 2645 1257 2700 tertia
1291 2645 1378 2699 die
1403 2646 1695 2699 incolumis
1728 2660 1999 2713 sanusque
2027 2662 2135 2700 non
2177 2648 2350 2700 medi-

713 2761 718 2767 -
792 2753 983 2791 corum
1024 2746 1176 2801 arte,
1212 2739 1307 2792 sed
1349 2740 1497 2793 illius
1525 2742 1682 2807 primi
1732 2741 2006 2810 martyris,
2047 2752 2105 2797 et
2135 2743 2347 2795 Domini

794 2829 1041 2886 omnium
1070 2828 1198 2880 Jesu
1234 2829 1443 2883 Christi
1475 2830 1775 2896 productus
1802 2831 2070 2891 Andreas,
2091 2847 2235 2884 novo
2263 2847 2352 2899 ge-

796 2931 929 2970 nere
964 2918 1241 2971 cruciatus
1296 2928 1523 2972 vexatur
1569 2934 1584 2971 :
1635 2918 1895 2991 humeros
1947 2920 2206 2973 carnibus
2255 2936 2351 2989 per

2452 1834 2652 1900 quippe
2693 1848 2813 1898 quae
2860 1831 2941 1886 vel
2991 1831 3043 1884 in
3084 1831 3326 1883 minimis
3375 1829 3700 1882 vulneribus
3750 1829 3838 1880 vix
3894 1842 4007 1894 post

2454 1925 2650 1976 multos
2682 1922 2799 1976 dies
2821 1921 3025 1989 aliquid
3052 1920 3250 1975 afferre
3286 1929 3533 1988 possunt.
3559 1920 3645 1989 Me
3665 1929 3852 1971 autem
3880 1934 4005 1972 crux

2453 2013 2666 2065 Domini
2724 2011 2894 2064 nostri
2945 2010 3073 2063 .Iesu
3106 2008 3317 2063 Christi
3346 2051 3361 2069 ,
3398 2017 3471 2061 et
3517 1996 3680 2076 Virgo
3734 2006 3901 2059 Maria
3947 2012 4005 2058 at

2452 2104 2598 2156 hunc
2626 2102 2770 2155 diem
2793 2100 3141 2155 conservavit
3165 2108 3328 2168 atque
3361 2097 3685 2153 reservavit.
3717 2096 3820 2151 Hie
3852 2098 4008 2150 dicti.

2451 2194 2632 2248 securi
2685 2200 2847 2259 caput
2907 2191 3237 2259 supposuit;
3293 2197 3348 2241 et
3403 2190 3469 2242 ad
3530 2186 3778 2242 coelestia
3850 2203 4003 2253 regna

2451 2284 2709 2339 evolavit.

2525 2376 2595 2431 Χ.
2638 2376 2793 2431 Tunc
2833 2376 3024 2430 mortis
3060 2376 3178 2445 ejus
3217 2371 3475 2436 ministri,
3517 2382 3577 2426 ut
3613 2373 3780 2441 judex
3829 2373 4001 2441 jusse-

2452 2477 2555 2529 rat,
2588 2476 2748 2535 caput
2780 2477 2836 2520 et
2873 2477 3127 2520 truncum
3160 2480 3362 2531 corpus
3395 2464 3621 2521 trahere
3650 2464 3917 2517 velociter
3944 2464 4000 2511 ad

2452 2574 2602 2612 mare
2630 2567 2919 2613 conantur.
2952 2556 3269 2611 Exclamant
3291 2542 3609 2614 Christiani.
3636 2556 3728 2623 qui
3756 2554 4002 2622 lacrymis

2450 2650 2641 2703 effusis
2671 2648 3124 2711 circumstabant,
3153 2661 3386 2714 quorum
3430 2662 3623 2714 magna
3666 2656 3790 2699 erat
3827 2644 4003 2697 multi-

2453 2742 2627 2800 tudo.
2663 2740 3035 2807 sepeliendum
3085 2753 3208 2793 esse
3263 2747 3564 2799 mortuum,
3614 2753 3721 2789 non
3777 2737 3831 2789 in
3868 2751 4007 2789 mare

2456 2831 2882 2898 projiciendum.
2940 2828 3051 2891 illis
3122 2828 3505 2881 resistentibus
3539 2866 3555 2891 ,
3615 2829 3816 2894 regiam
3863 2830 4009 2879 aiunt

2453 2921 2795 2987 maiestatem
2851 2933 2970 2972 esse
3031 2918 3467 2979 eonsuiendam,
3530 2917 3826 2983 sepelirine
3885 2918 4007 2970 velit

795 3006 1007 3073 gladios
1030 3006 1354 3069 ‘denudant,
1399 3007 1684 3061 studentes
1715 3022 1932 3076 semper
1954 3049 1971 3074 ,
2019 3024 2085 3065 ne
2118 3010 2351 3063 celerior

2456 3008 2631 3076 ipsum
2660 3010 2771 3077 jam
2803 3016 3101 3077 mortuum,
3134 3022 3203 3058 an
3242 3006 3293 3057 in
3329 3020 3476 3058 mare
3507 3006 3745 3073 projici?
3782 3006 3898 3059 lioc
3919 3022 4005 3058 au-

797 3113 945 3150 mors
994 3097 1171 3164 ipsum
1214 3097 1514 3151 invaderet.
1577 3097 2089 3168 Sperabant‘enim,
2148 3101 2191 3153 si
2241 3115 2349 3153 non

766 3185 1094 3241 .accrb‘tate
1133 3201 1196 3240 ac
1237 3188 1613 3256 magnitudine
1651 3189 1922 3251 dolorum,
1961 3196 2197 3243 attamen
2229 3189 2352 3243 diu-

798 3276 1058 3331 turnitate
1097 3292 1158 3332 se
1214 3277 1495 3341 victuros,
1535 3279 1631 3333 sed
1690 3278 1858 3335 derisi
1901 3280 2119 3335 tandem
2152 3276 2387 3349 jacue?

794 3378 943 3419 runt.
992 3367 1275 3423 Declinato
1311 3368 1401 3423 die
1432 3368 1729 3424 reducitur
1755 3409 1770 3434 ,
1848 3370 2013 3427 sicuti
2048 3374 2351 3441 superiori-

797 3461 901 3512 bus
946 3458 1175 3521 diebus,
1213 3459 1383 3514 dictis
1417 3459 1684 3528 factisque
1711 3499 1726 3525 ,
1768 3461 2353 3529 medicamentisque-

796 3562 904 3614 que
944 3561 1051 3599 non
1105 3547 1267 3600 aliter
1320 3561 1482 3614 quam
1545 3551 1694 3615 prius
1749 3548 2029 3602 adhibitis.
2071 3551 2168 3604 Die
2209 3554 2352 3603 vice-

797 3639 935 3691 sima
971 3646 1167 3705 quarta
1204 3638 1448 3706 ejusdem
1499 3639 1703 3691 mensis
1732 3679 1745 3702 ,
1784 3639 1978 3693 eodem
2017 3640 2180 3694 modo
2219 3641 2355 3695 fiunt

799 3729 1007 3789 omnia,
1032 3728 1336 3796 eodemque
1367 3725 1421 3780 iu
1453 3727 1593 3792 loco,
1620 3742 1730 3796 quo
1769 3728 1823 3781 in
1848 3728 1937 3783 die
1966 3714 2353 3785 clunescarni-

800 3820 904 3872 luis
932 3818 1216 3871 novaculis
1245 3818 1574 3887 spoliantur,
1598 3833 1707 3872 non
1737 3820 1939 3882 subito,
1962 3819 2058 3873 sed
2084 3835 2206 3874 cum
2238 3838 2352 3876 mo-

805 3926 897 3968 ra,
938 3920 997 3961 ut
1044 3908 1253 3963 doloris
1285 3909 1554 3964 acerbitas
1599 3909 1769 3979 magis
1798 3909 2117 3966 sentiretur.
2148 3910 2354 3965 Cretera

803 4002 986 4051 omnia
1034 4000 1287 4055 similiter
1333 4012 1471 4064 acta,
1521 4010 1579 4054 ut
1628 4002 1682 4054 in
1733 4000 2109 4070 superioribus
2139 4003 2353 4063 diebus,

806 4089 1061 4154 dictaque
1095 4092 1285 4141 eodem
1322 4090 1481 4142 modo
1524 4092 1687 4143 etiam
1738 4105 1767 4144 a
1819 4090 2187 4158 Trapezuntio
2218 4107 2359 4145 mar--

810 4186 923 4241 tire
954 4177 1137 4229 animo
1179 4190 1343 4244 atque
1389 4180 1686 4245 voluntate,
1719 4182 1811 4250 qui
1858 4182 1964 4235 illis
1993 4183 2209 4249 diebus,
2236 4185 2358 4253 qui-

812 4267 914 4316 lius
952 4264 1195 4319 Andreas
1235 4267 1539 4333 patiebatur
1566 4311 1581 4333 ,
1624 4272 1877 4327 similiter
1915 4284 1945 4328 e
1987 4276 2127 4328 tttrri
2162 4276 2357 4328 clami-

2455 3100 2571 3152 dito
2604 3139 2617 3161 ,
2663 3098 2974 3166 ipsejudex
3021 3097 3093 3150 ad
3133 3111 3313 3165 regem
3367 3097 3645 3162 procurrit
3695 3098 3821 3163 (nec
3868 3097 4003 3148 enim

2454 3187 2913 3257 lieetjudicibus,
2958 3186 3178 3254 quando
3226 3200 3405 3255 regem
3436 3184 3842 3239 consulendum
3894 3200 4003 3237 esse

2454 3281 2706 3343 audiunt,
2744 3279 3042 3349 quidquam
3081 3280 3264 3333 facere
3299 3278 3554 3342 ulterius,
3582 3275 3688 3330 nisi
3717 3278 3831 3347 regi
3867 3279 4005 3344 prius

2454 3371 2741 3441 referant).
2796 3370 2902 3427 Sed
2953 3364 3393 3426 Christianorum
3452 3385 3677 3440 quoque
3730 3371 4002 3437 primates

2458 3480 2619 3533 quam
2658 3464 2921 3517 velociter
2950 3471 3228 3531 poterant,
3263 3476 3440 3531 regem
3476 3460 3690 3515 adeunt
3723 3460 3860 3527 :qui
3891 3474 4000 3511 cum

2455 3554 2785 3621 percepisset
2808 3595 2821 3617 ,
2849 3553 3048 3622 quibus
3072 3550 3409 3606 cruciatibus
3432 3591 3448 3614 ,
3480 3560 3535 3604 et
3565 3549 3811 3619 quandiu
3849 3563 4003 3601 vexa-

2457 3625 2542 3697 tus
2588 3644 2689 3696 fuit
2721 3643 2986 3707 Andreas,
3013 3641 3337 3696 eﬂ'erbuisse
3372 3627 3449 3694 ira
3484 3641 3705 3705 dicitur,
3739 3650 3798 3694 et
3826 3637 4000 3691 verbis

2456 3734 2510 3787 in
2544 3734 2782 3799 indicem
2814 3735 2893 3788 sic
2920 3734 3202 3788 atrocibus
3255 3744 3389 3787 usus
3417 3731 3583 3787 fuisse
3610 3772 3622 3789 .
3643 3741 3711 3804 ‘ut
3744 3730 4002 3785 exanimis

2456 3840 2523 3876 ne
2568 3825 2795 3878 mutiret
2844 3824 3065 3895 quidem
3085 3823 3264 3890 .judex
3292 3810 3538 3890 iniquus.
3573 3822 3681 3875 Sed
3725 3836 3791 3874 ea
3825 3821 3924 3880 ira,
3958 3832 4003 3870 Ct

2458 3912 2561 3965 ill:e
2596 3912 2847 3980 ingentes
2871 3913 3033 3967 mina:
3080 3914 3241 3967 simul
3272 3926 3397 3966 cum
3433 3912 3616 3966 verbis
3647 3918 4002 3964 evanuerunt.

2455 4002 2784 4057 Christianis
2830 4003 3027 4057 deinde
3051 4004 3227 4071 jubet,
3273 4014 3331 4059 ttt
3376 4003 3652 4057 Andream
3692 3999 4003 4057 honoriﬁce.

2458 4080 2620 4149 sicuti
2650 4093 3009 4147 decct‘virum
3053 4093 3272 4155 fortem,
3300 4088 3590 4164 sepeliant.
3623 4094 3726 4160 Qui
3761 4101 4001 4162 apposito

2458 4188 2636 4255 capite
2666 4187 2878 4254 corpori
2910 4202 3030 4252 suo,
3083 4187 3148 4241 ad
3184 4187 3427 4243 Galata‘m
3460 4192 3847 4257 deportarunt.
3882 4186 4002 4239 Adc-

2460 4287 2544 4333 rat
2583 4285 2764 4330 autem
2798 4276 3090 4329 universus
3124 4290 3480 4345 utrarumque
3511 4276 3728 4330 urbium
3751 4261 3774 4342 ’,
3820 4277 4006 4333 Calai:

811 4357 983 4409 tabat.
1040 4356 1135 4410 Die
1169 4357 1425 4411 vicesima
1488 4363 1702 4427 quinta,
1760 4374 1941 4432 partes
1990 4366 2189 4435 pedum
2239 4383 2360 4437 qua!
2393 4353 2434 4406 Ῑ)
2464 4382 2625 4435 atque
2646 4356 3457 4437 Constantinopolis.populus,
3487 4366 3590 4417 viri
3616 4366 3779 4419 simul
3806 4383 3874 4420 ac
3902 4382 3997 4418 mu-

813 4449 959 4500 inter
987 4460 1162 4514 genua
1196 4447 1493 4516 clunesque
1526 4463 1676 4517 sunt,
1710 4458 1966 4511 carnibus
1991 4459 2241 4513 similiter
2266 4460 2357 4513 de-

814 4539 1136 4600 nudantur;
1196 4547 1391 4590 cetera
1444 4542 1635 4594 eodem
1696 4547 1873 4599 modo
1909 4548 2053 4602 dicta
2098 4562 2359 4620 gestaque

811 4633 1059 4682 fuerunt.
1106 4628 1369 4681 \‘iresima
1418 4638 1567 4684 sexta
1608 4633 1729 4696 die,
1768 4650 1948 4702 sura,
1991 4640 2041 4693 id
2081 4652 2202 4706 est,
2239 4656 2361 4693 caro

811 4735 959 4773 "osa:
1011 4728 1194 4788 partes
1254 4718 1493 4785 pedum,
1551 4737 1673 4789 qua:
1730 4738 1858 4779 sunt
1917 4728 2057 4783 intra
2097 4745 2270 4799 genua
2311 4708 2363 4784 et

814 4811 1049 4877 poplites
1084 4850 1097 4873 ,
1140 4808 1398 4861 similiter
1436 4812 1695 4867 carnibus
1731 4815 2095 4872 denudautur.
2127 4820 2363 4874 Caetera-

812 4916 921 4969 que
951 4901 1114 4962 facta,
1146 4900 1315 4961 dicta,
1342 4914 1627 4967 procurata
1657 4906 1909 4961 similiter
1942 4909 2180 4965 fuerunt.
2205 4902 2365 4965 Vice-

815 4994 951 5045 sima
976 4994 1205 5061 septima
1236 4992 1348 5054 die,
1372 4993 1568 5057 femur,
1590 5010 1818 5064 quaeque
1843 5000 1987 5052 circa
2014 5002 2187 5069 ipsum
2213 5012 2360 5065 sunt,

815 5083 1068 5152 corporis
1099 5094 1285 5150 partes
1311 5082 1685 5138 cxcoriantur.
1726 5085 1989 5140 Vicesima
2026 5098 2215 5143 octava
2252 5092 2361 5156 die,

817 5185 990 5229 totum
1019 5190 1217 5245 corpus
1242 5190 1271 5228 a
1299 5174 1477 5242 capite
1497 5175 1563 5227 ad
1591 5176 1756 5243 pedes
1771 5177 2089 5233 verberibus
2114 5182 2364 5245 auditur,

818 5280 877 5321 ut
908 5270 1189 5324 doloribus
1210 5269 1508 5332 renovatis,
1547 5269 1765 5323 tandem
1799 5281 2128 5325 moveretur.
2156 5274 2364 5328 Maxilla

817 5374 1035 5427 quoque
1067 5376 1174 5415 una
1208 5375 1319 5413 uno
1354 5359 1463 5414 ictu
1513 5357 1787 5412 denudata
1818 5374 1981 5413 carne
2013 5362 2112 5413 fuit
2139 5402 2153 5425 ,
2203 5379 2363 5430 quant

816 5449 1116 5504 Christiani
1156 5452 1435 5519 rapientes
1478 5460 1805 5523 servarunt,
1839 5451 2050 5520 fuitque
2098 5452 2150 5504 in
2182 5468 2366 5506 mona-

820 5540 990 5591 sterio
1035 5542 1176 5595 beati
1210 5542 1481 5597 Francisci
1521 5543 1775 5597 inusitato
1808 5544 2049 5613 fragrans
2082 5544 2248 5601 odore
2286 5556 2366 5599 at-

820 5642 925 5700 que
960 5630 1211 5688 mirabili.

2465 4458 2647 4519 lieres,
2700 4457 2855 4525 pueri
2904 4468 3068 4526 atque
3121 4448 3348 4525 puella,
3388 4457 3546 4512 liberi
3592 4468 3645 4510 et
3701 4456 3869 4519 servi,
3920 4472 4003 4508 nec

2463 4546 2898 4602 Christianorum
2930 4549 3105 4600 solum
3131 4590 3145 4612 ,
3184 4563 3369 4601 verum
3400 4551 3567 4600 etiam
3605 4547 4004 4602 Maltumetisu.

2465 4652 2584 4690 rum
2624 4637 2777 4691 multi
2830 4636 3199 4693 admiratione.
3228 4638 3507 4700 commoti,
3554 4652 3660 4691 non
3712 4640 4000 4705 pauciores.

2465 4743 2625 4797 quam
2660 4729 2845 4782 decies
2875 4728 3062 4783 decem
3104 4729 3269 4783 millia
3304 4727 3436 4796 :qni
3473 4743 3689 4786 omnes.
3720 4728 3811 4781 alii
3849 4730 3998 4791 lacri-

2468 4833 2705 4886 mantes,
2750 4822 2840 4873 alii
2875 4821 3064 4875 laudes
3090 4822 3211 4890 ejus
3245 4838 3307 4889 pr
3326 4822 3629 4882 mlieantes.
3664 4831 3719 4874 et
3749 4820 3843 4874 alii
3883 4812 3998 4872 eon-

2466 4914 2716 4965 stantiam
2764 4927 2827 4967 ac
2873 4913 3041 4985 robur
3071 4912 3277 4973 animi,
3332 4912 3422 4965 alii
3460 4913 3806 4978 prodi-titiam
3858 4922 4000 4976 atque

2466 5005 2816 5073 gravitatem,
2867 5004 2957 5055 alii
2996 5014 3373 5071 contemptum
3402 5004 3770 5059 humanarum
3804 5019 3999 5059 rerum;

2449 5084 2621 5147 'multi
2652 5093 2811 5148 fidem
2849 5094 2901 5162 ip
2930 5093 3115 5147 Jesum
3147 5093 3450 5152 Christum.
3476 5093 3531 5147 iu
3556 5110 3774 5150 crucem
3811 5111 3866 5149 et
3896 5109 4000 5162 pas-

2468 5189 2677 5239 sionem
2705 5187 2844 5254 ejus.
2880 5194 2937 5237 et
2990 5186 3045 5237 in
3077 5185 3495 5259 immaculatam
3526 5185 3807 5253 Virginem
3858 5186 4001 5241 dero-

2468 5278 2673 5329 tinnem
2734 5287 3047 5329 narrantes.
3106 5274 3344 5327 Tandem
3423 5274 3477 5329 in
3549 5276 3756 5329 Galatas
3817 5284 3999 5343 partem

2468 5374 2773 5417 extremam
2818 5379 3012 5417 versus
3057 5374 3238 5416 ortum
3275 5363 3411 5415 matri
3443 5364 3755 5432 contiguam
3786 5365 3999 5418 devene-

2473 5467 2633 5515 runt,
2690 5456 2781 5508 ubi
2837 5467 2924 5508 est
2962 5455 3191 5509 ecclesia
3256 5453 3460 5522 Virgini
3502 5452 3689 5509 Maria:
3721 5496 3737 5520 ,
3793 5454 3838 5507 si
3877 5462 3998 5504 rem

2472 5545 2713 5609 tuemini,
2758 5546 2957 5607 dicata,
2995 5546 3067 5598 illi
3098 5543 3380 5613 depositus
3405 5545 3570 5613 jacet.

2541 5635 2628 5699 XI.
2672 5636 2763 5689 His
2795 5637 2865 5689 ita
2894 5637 3095 5705 gestis,
3133 5652 3325 5703 magna
3357 5652 3446 5689 rex
3478 5621 3681 5692 exarsit
3725 5634 3995 5703 cupiditate
