4116 6336
172 235 303 300 889

933 237 1032 298 DE
1069 203 1941 296 UNIONE‘ECCLESlARUM
1984 234 2082 292 AD
2122 231 2533 292 EUGENIUM
2579 233 2674 290 tv.

3307 232 3412 292 890

184 350 557 421 Trapezuntii
586 350 688 403 viri
729 351 894 418 illius,
921 353 989 408 de
1036 371 1145 423 quo
1170 370 1336 424 supra
1369 353 1605 407 diximus
1629 394 1644 417 ,
1677 351 1744 405 li-
1772 352 1820 415 Α
1847 349 2155 414 solvissent.
2191 349 2370 400 statim
2405 349 2580 431 primo
2607 346 2719 410 die,
2762 347 2871 399 imo
2900 348 2955 431 in
3000 348 3114 415 ipsa
3157 347 3407 402 solvendi

134 514 144 518 _
180 442 424 500 δεηθῶ
455 459 468 496 :
502 444 594 496 sed
624 445 750 511 quia
784 435 1012 499 honeste
1045 445 1100 500 id
1127 445 1307 500 facere
1330 486 1346 510 ,
1383 445 1488 498 nisi
1527 453 1751 512 rogatus

179 546 359 601 posse
393 546 500 585 non
529 531 816 601 judicabat
844 572 859 594 ,
893 547 988 600 per
1020 535 1281 600 quasdam
1312 573 1326 596 ,
1360 541 1419 587 ut
1446 533 1752 597 dicebatur,

182 623 462 689 mulieres
491 622 788 690 elfecit,ut
832 639 966 677 uxor
998 624 1138 679 illius
1171 639 1267 693 pro
1317 624 1512 678 marito
1547 623 1754 691 suppli-

181 711 494 767 caret’suo.
521 710 610 767 Sic
636 729 787 770 mors
804 713 1031 767 Andrea:
1061 723 1223 780 atque
1254 713 1570 782 martyrium
1601 711 1750 764 illum

182 801 431 869 quidem.
452 805 650 872 palam,
675 806 766 880 sed
801 806 999 859 multos
1026 817 1244 871 quoque
1275 803 1413 857 alios
1447 818 1477 856 a
1507 801 1752 880 periculo

182 879 478 958 liberavit,
530 879 732 947 inultos
786 894 837 947 in
888 894 991 948 llde
1038 892 1340 946 orthodoxa
1385 879 1753 956 conﬁrmavit,

185 984 423 1051 eos-qui
454 992 579 1037 ante
611 986 932 1053 martyrium
979 998 1135 1037 suum
1167 983 1361 1052 quavis
1399 984 1610 1037 ratione
1643 982 1754 1036 illa-

189 1073 427 1126 bumcto
475 1073 816 1126 adlueserunt
844 1113 859 1134 ,
897 1073 1104 1140 pudore
1148 1073 1435 1138 confudit,
1490 1073 1752 1129 mmstitia

187 1164 423 1230 affecit,
449 1178 511 1217 ac
541 1163 689 1224 inani
723 1162 960 1238 denique
994 1162 1319 1231 paenitentia
1349 1172 1402 1216 ct
1432 1163 1650 1216 vexarit
1697 1175 1754 1223 et

188 1263 383 1307 vetat.
432 1250 524 1306 llis
570 1254 824 1322 omnibus
862 1268 960 1322 ego
1013 1253 1366 1306 vehementer
1410 1262 1753 1318 commotus,

188 1342 464 1396 ardebant
501 1342 776 1396 desiderio
805 1341 1028 1397 videndi
1068 1356 1270 1409 corpus
1300 1345 1442 1409 ejus,
1477 1347 1570 1396 s‘cd
1608 1342 1753 1404 nive,

194 1431 409 1500 frigore
447 1433 728 1501 glacieque
758 1432 1011 1486 detentus
1036 1471 1052 1493 ,
1083 1431 1284 1486 hiemis
1316 1431 1590 1497 marisrtue
1622 1441 1756 1484 tern-

192 1533 413 1594 pest-ite
440 1565 454 1588 ,
489 1525 601 1578 illic
635 1523 711 1577 lui
751 1523 836 1575 vix
873 1537 1058 1576 mense
1101 1523 1436 1585 Februario;
1468 1539 1587 1576 eaut
1621 1523 1755 1576 mihi

192 1613 384 1691 oranti
423 1614 652 1681 gratiam
703 1598 846 1667 Deus
884 1612 1276 1674 intercessione
1327 1614 1578 1691 martyris
1627 1626 1758 1667 con-

191 1687 376 1758 cessit
405 1721 418 1756 :
446 1703 664 1771 vidique
685 1701 865 1772 ipsum
889 1705 1162 1773 jacentem
1182 1706 1233 1756 in
1253 1687 1505 1772 sepulcro
1524 1703 1752 1757 nimium
1787 1685 1829 1742 Β

197 1791 501 1861 profundo,
525 1792 631 1845 situ
664 1791 912 1856 horrido,
945 1807 1008 1846 ea
1035 1803 1215 1846 tamen
1252 1793 1560 1869 integritate
1585 1806 1757 1846 mem-

127 1951 132 1954 ,
195 1885 430 1955 brorum
473 1881 742 1947 omnium,
772 1896 840 1935 eo
869 1883 1036 1936 totius
1070 1882 1323 1950 Corporis
1359 1883 1562 1945 colore,
1592 1881 1757 1935 etdi-

194 1973 414 2040 gnitate
439 1958 662 2038 ferina},
696 1972 785 2026 tali
822 1974 1006 2028 vultus
1038 1973 1328 2041 Splendore
1362 1982 1416 2027 et
1447 1971 1662 2038 habitu,
1698 1983 1758 2026 ut

197 2078 317 2118 non
353 2064 595 2119 animum
627 2065 958 2133 exspirasse,
996 2064 1090 2118 sed
1130 2063 1368 2117 dormire
1400 2064 1532 2118 mihi
1567 2063 1760 2117 leviter

197 2155 312 2209 sub
335 2156 522 2209 umbra
552 2154 856 2216 videretur,
880 2170 943 2223 ac
968 2153 1059 2221 qui
1088 2153 1300 2221 iacebat
1332 2155 1452 2207 loco
1483 2153 1551 2206 ita
1580 2152 1760 2205 humi-

199 2243 302 2308 do,
340 2253 400 2296 ut
431 2244 688 2296 omnibus
710 2245 820 2310 jam
854 2243 1215 2304 indumentis,
1238 2243 1437 2309 quibus
1463 2252 1580 2295 erat
1608 2245 1776 2306 invor

199 2333 388 2386 lutum
419 2347 642 2399 corpus,
679 2332 1025 2398 putrefactis,
1063 2331 1277 2382 nudum
1317 2339 1487 2382 totum
1539 2331 1760 2397 conspi-

201 2432 448 2485 cetctur,
469 2429 825 2488 praeterquam
849 2421 990 2488 quod
1014 2420 1274 2488 genitales
1293 2430 1471 2487 partes
1492 2420 1759 2488 fragmen-

203 2522 267 2566 to
289 2511 384 2563 lini
410 2511 1025 2579 obtegebanturzexarsi
1053 2500 1348 2576 cupiditate
1373 2508 1757 2572 descendendi,

209 2596 494 2672 tangendi,
525 2601 842 2666 osculandi,
878 2605 1063 2670 pedes,
1095 2615 1287 2653 manus
1314 2641 1328 2664 ,
1358 2600 1545 2654 faciem
1579 2602 1763 2669 praei.

209 2675 311 2761 pui
344 2692 636 2761 martyris,
670 2705 769 2746 nec
805 2699 1011 2744 tantum
1040 2691 1143 2744 loci
1187 2691 1500 2754 huntiditas,
1532 2692 1760 2745 descen-

208 2783 494 2850 dendique
544 2781 834 2836 dilﬁcultas
866 2822 880 2846 ,
932 2791 1201 2849 quantum
1240 2780 1406 2834 verba
1461 2767 1762 2850 presbyteri

207 2875 478 2932 custodis.
507 2881 562 2926 et
586 2887 710 2942 spes
747 2887 904 2941 posse
938 2871 990 2924 id
1024 2872 1154 2925 alias
1185 2857 1526 2926 commodius
1562 2871 1760 2935 facere,

205 2964 588 3017 deliuttetuut.
639 2962 938 3037 Consilium
978 2963 1173 3017 deinde
1206 2963 1335 3016 iuivi
1379 2978 1500 3014 etin
1536 2964 1760 3032 p:esby-

1855 437 2026 498 hera,
2089 451 2194 490 non
2228 438 2298 489 in
2353 424 2581 504 parvum
2634 435 2802 490 incidi
2851 424 3156 504 periculum
3207 438 3411 492 nimbis

1853 538 2043 604 contra
2097 527 2411 589 ﬂantibus,.
2442 528 2608 597 inque.
2657 542 2786 582 saxa
2842 541 3036 581 navem
3084 527 3410 597 depellenti-

1853 619 1974 673 bus.
2007 616 2296 688 ltnploravi
2342 618 2526 673 subito
2573 618 2826 688 martyris
2871 617 3168 677 auxilium,
3203 620 3403 686 promi~

1854 709 2032 777 siquo,
2068 709 2114 762 si
2155 709 2221 762 ad
2270 723 2420 761 meos
2450 707 2676 763 Romam
2728 707 3020 761 incolumis
3065 707 3406 772 devenirem,

1854 798 2175 868 martyrium
2213 798 2332 867 ejus
2363 798 2676 852 summatim
2705 797 2897 851 Latina
2925 797 3114 867 lingua
3141 813 3229 852 me
3267 813 3406 852 con-

1854 890 2207 956 scripturum.
2258 889 2414 942 Evasi
2466 890 2634 944 maris
2679 899 2736 943 et
2788 889 3064 942 latronum
3118 889 3404 959 pericula,

1853 980 2106 1050 quodque
2134 979 2400 1034 miraculo
2427 990 2534 1043 est,
2571 995 2736 1034 senex
2784 990 3133 1050 :rgrotusque
3163 979 3290 1034 hinc
3318 995 3403 1035 re.

1853 1071 2016 1136 cessi,
2032 1071 2220 1141 junior
2252 1085 2525 1140 sanusque
2544 1085 2608 1124 ac
2634 1071 2807 1126 multo
2834 1071 3112 1125 robustior
3142 1071 3406 1137 remeavi,

1854 1178 1956 1217 nec
1986 1164 2152 1226 maris
2180 1163 2486 1223 ﬂuctuatio,
2512 1179 2613 1217 nec
2647 1170 2916 1216 terrarum
2949 1161 3145 1215 itinera
3171 1163 3400 1215 nimiutn

1854 1264 2063 1317 aspera,
2101 1265 2222 1319 qum
2249 1266 2277 1304 a
2319 1251 2629 1304 Brundusio
2657 1251 2881 1304 Romam
2924 1252 3129 1304 metatis
3163 1261 3411 1320 tempore
3467 1267 3472 1272 ·

1855 1338 2186 1405 perducunt,
2208 1339 2340 1394 mihi
2368 1339 2680 1394 obfuerunt.
2717 1337 2833 1394 Huc
2854 1355 2983 1393 vero
3002 1341 3244 1402 delatus,
3272 1355 3410 1393 mar-

1858 1430 1990 1499 tyris
2023 1431 2243 1499 quidem
2279 1446 2558 1500 nunquam
2609 1431 2682 1485 fni
2734 1431 2936 1484 oblitus
2960 1473 2976 1495 ,
3012 1432 3104 1484 sed
3155 1440 3313 1486 nocte
3342 1444 3411 1492 ac

1855 1520 1945 1574 die
1981 1535 2105 1574 cum
2160 1521 2278 1589 ipso
2323 1521 2400 1574 fui
2429 1561 2443 1585 ,
2485 1522 2604 1591 ejus
2640 1522 2900 1574 memoria
2944 1519 3184 1582 fruebar,
3244 1529 3410 1586 atque

1854 1611 2034 1666 oculis
2063 1606 2312 1680 aspicere
2347 1612 2604 1682 putabam
2635 1628 2738 1665 nou
2770 1613 2944 1666 solum
2979 1611 3278 1673 dormiens,
3310 1625 3408 1664 ve-

1857 1721 1975 1758 rum
2013 1693 2178 1759 etiam
2227 1705 2458 1774 vigilans
2481 1707 2753 1774 jacentein
2796 1707 2972 1772 ipsum
3027 1705 3081 1758 in
3125 1703 3409 1776 sepulcro.

1858 1793 2245 1850 Promissionis
2286 1803 2465 1846 autem
2500 1805 2631 1847 tuere
2664 1793 2943 1860 nunqu’am
2992 1791 3126 1845 mihi
3157 1794 3308 1845 venit
3354 1792 3407 1844 itt

1856 1894 2114 1946 mentem,
2144 1884 2246 1936 nisi
2276 1892 2399 1950 post
2429 1898 2604 1937 annos
2646 1883 2807 1944 duos,
2841 1884 2968 1935 dum
3004 1882 3223 1951 Georgii
3263 1897 3406 1934 mar-

1859 1975 1994 2043 tyris
2019 1973 2280 2027 memoria
2311 1972 2646 2027 celebratur.
2699 1973 2830 2026 Nam
2861 1986 2984 2025 cum
3015 1987 3079 2025 ea
3115 1972 3206 2025 die
3252 1985 3407 2023 reca-

1857 2065 2022 2118 lerem
2051 2063 2265 2133 Georgii
2297 2065 2532 2129 dolores,
2557 2080 2694 2132 quos
2727 2065 2816 2118 ille
2848 2078 2949 2132 pro
2980 2063 3197 2116 Christo
3230 2063 3410 2116 Domi-

1861 2168 1930 2206 no
1958 2162 2146 2207 nostro
2177 2154 2369 2214 subiit,
2394 2154 2553 2206 ‘illico
2593 2152 2830 2222 pupugit
2877 2153 3120 2206 animum
3175 2154 3410 2220 promis;

1857 2241 2026 2295 sionis
2059 2241 2339 2294 memoria.
2389 2240 2498 2294 Nec
2537 2241 2685 2292 enim
2736 2242 2948 2293 minora
2991 2240 3249 2312 toleravit
3299 2240 3411 2292 An-

1857 2333 2058 2392 dreas,
2097 2345 2167 2383 ne
2225 2332 2398 2384 dicam
2459 2332 2626 2384 multo
2675 2329 2837 2383 etiam
2882 2331 3129 2400 majora,
3186 2324 3410 2398 propter

1857 2423 2222 2476 conditionem
2257 2431 2580 2488 temporum,
2616 2421 2670 2474 in
2703 2421 2906 2491 quibus
2954 2420 3124 2474 multo
3150 2421 3411 2490 iuvantur

1859 2513 2108 2581 exetnplo
2137 2552 2148 2571 ,
2182 2513 2276 2580 qui
2307 2511 2587 2566 Christum
2636 2524 2820 2566 amant
2857 2530 2870 2565 :
2902 2512 3040 2566 adeo
3076 2513 3127 2564 in
3173 2511 3411 2566 tenebris

1861 2604 2099 2655 eharitas
2155 2603 2363 2655 intrusa
2412 2603 2722 2657 marcescit.
2769 2601 2957 2670 Itaque
2987 2602 3167 2656 statim
3196 2618 3261 2657 co
3292 2607 3411 2672 ipsa

1862 2692 1951 2744 die
1981 2691 2249 2744 calamum
2280 2693 2485 2759 accepi,
2519 2701 2570 2744 et
2598 2691 2979 2759 promissionis
3018 2687 3264 2746 debitum
3300 2695 3409 2760 jam

1864 2780 2019 2833 solvi.
2054 2780 2131 2831 Tu
2169 2795 2315 2839 vero,
2350 2781 2616 2846 praecipue
2671 2791 2877 2849 martyr
2905 2779 3136 2842 Christi,
3186 2795 3404 2847 precor,

1864 2870 2172 2922 intercedas
2201 2870 2266 2921 ad
2299 2871 2586 2922 Dominum
2623 2880 2866 2923 nostrum
2914 2869 3099 2923 Jesutn
3135 2868 3414 2924 Christum

1844 2976 1964 3028 ,pro
2006 2960 2248 3014 Ecclesia
2292 2959 2616 3023 universali,
2651 2974 2711 3013 ac
2763 2959 3190 3027 ampliﬁcatione
3221 2960 3417 3029 ipsius,

155 3083 160 3087 -
206 3059 336 3103 tero
362 3050 428 3103 N.
467 3050 615 3103 furto
653 3053 792 3118 inde
811 3033 824 3037 in
841 3052 1065 3104 Romam
1101 3051 1362 3119 reliquias
1397 3051 1514 3103 illas
1538 3024 1762 3105 deferre
1791 3024 1833 3079 δ
1868 3024 1966 3118 pro
1998 3066 2212 3106 summo
2243 3050 2499 3118 pontiﬁce
2553 3051 2722 3106 Paulo
2770 3024 3014 3106 sec—nudo
3038 3089 3054 3113 ,
3091 3024 3258 3120 cujus
3282 3024 3416 3105 tem;

202 3151 435 3196 satietas
455 3181 469 3201 ,
506 3157 694 3210 resque
719 3144 829 3210 jam
858 3144 1232 3207 ordinabatur,
1260 3142 1354 3196 sed
1385 3144 1568 3196 nescio
1628 3159 1764 3210 quo-

205 3232 378 3283 modo
427 3231 516 3284 ille
555 3231 892 3295 deterritus,
954 3233 1277 3286 sententiam
1323 3232 1588 3298 iidemque
1643 3247 1760 3284 mtt-

205 3317 351 3374 tavit
379 3332 557 3388 suam.

286 3405 556 3478 XIIVEgo
607 3421 730 3460 cum
783 3408 910 3461 inde
942 3406 1155 3460 decimo
1201 3415 1394 3460 octavo
1445 3400 1641 3460 Martii
1675 3408 1762 3461 die

1603 3563 1882 3574 -—————-———

1866 3156 2018 3208 pora.
2034 3141 2293 3210 martyrio
2329 3153 2422 3193 tuo
2469 3141 2764 3200 decorasti,
2799 3152 3170 3210 perpetuaque
3197 3143 3416 3202 fecisti;

1864 3242 1921 3282 et
1952 3232 2092 3281 sicut
2124 3230 2176 3281 in
2202 3229 2408 3283 Gracia
2453 3223 2735 3298 perﬁdiam
2778 3230 3030 3300 dejecisti
3057 3271 3071 3295 ,
3110 3233 3190 3285 sic
3237 3235 3419 3286 insur-

1866 3329 2052 3383 gentes
2125 3320 2177 3368 iu
2254 3317 2404 3370 italia
2478 3319 2784 3371 Platonicos
2858 3319 3258 3372 intercessione
3324 3330 3418 3373 tua

1868 3407 2122 3473 reprime.

765 3729 1519 3855 GEORGII
1585 3657 2842 3850 manentium!

1618 3942 1998 4003 EPISTOLA

535 4131 682 4214 AD
769 4126 1398 4232 EUGENIUM
1479 4127 1602 4216 1v
1685 4123 2428 4222 PONTIFICEM
2521 4127 3102 4219 MAXIMUM
3190 4076 3192 4079 ¹

1281 4317 1392 4378 DE
1432 4313 1750 4390 ΠΝῙΟΝΕ
1782 4314 2371 4377 ECCLESIARUM

217 4466 548 4534 (Bibliotheca
579 4466 716 4518 codd.
740 4479 854 4516 mss.
878 4462 1154 4515 monasterii
1179 4465 1235 4513 S.
1259 4460 1506 4512 Michaelis
1531 4441 1874 4583 Yengngop‘el
1888 4457 2187 4581 tarianum,
2216 4461 2297 4511 ed.
2330 4460 2470 4510 Joan.
2502 4463 2689 4516 Beued.
2733 4463 3005 4523 Mittarelli,
3038 4464 3261 4517 Venetiis
3288 4457 3434 4525 I779,

298 4852 432 4912 Etsi,
470 4846 783 4902 Beatissime
832 4832 1010 4908 Pater,
1063 4854 1151 4895 tua
1186 4852 1378 4910 sponte
1408 4842 1473 4895 ad
1505 4843 1774 4895 uniendos
1804 4847 1849 4902 D
1878 4842 2060 4896 cordia
2091 4840 2409 4894 catholicam
2443 4838 2722 4890 veritatem
2764 4836 3134 4904 cognoverim,
3165 4839 3416 4906 turpissi-

226 4942 480 4997 licclesim
508 4947 613 4990 tua:
645 4935 923 4991 catholica:
953 4933 1168 4988 Graecos
1200 4934 1276 4985 sic
1301 4933 1512 4994 ardeas,
1547 4944 1605 4984 ut
1634 4933 1772 4986 divi-

227 5035 378 5088 nitus
403 5030 469 5080 ad
501 5028 604 5080 hoc
634 5035 794 5079 natus
820 5039 939 5079 esse
971 5024 1220 5084 videaris,
1267 5039 1372 5074 nou
1413 5023 1648 5076 alienum
1696 5033 1772 5075 ta-

231 5138 357 5176 men
410 5104 542 5171 mihi
593 5118 767 5171 visum
809 5128 916 5185 est,
944 5119 1028 5168 nTe
1056 5127 1268 5182 quoque
1316 5114 1414 5164 hac
1460 5112 1526 5165 de
1581 5129 1657 5174 re,
1707 5113 1770 5164 ad

226 5221 393 5277 quam
437 5191 788 5281 Sanctitatem
828 5212 970 5254 luant
1004 5201 1440 5268 praidestinatatn
1488 5203 1768 5266 pervideo,

223 5298 312 5352 cui
345 5293 720 5346 deditissimus
747 5308 884 5354 sum,
916 5291 1208 5359 quidquam
1240 5290 1604 5344 conscribere.
1639 5291 1770 5344 Nam

224 5383 484 5455 quoniam
516 5395 577 5432 ex
613 5376 921 5446 parentibus
979 5377 1180 5430 Gracis
1225 5388 1399 5440 natus,
1452 5379 1764 5452 non-solum

221 5485 443 5529 errores
475 5482 658 5520 eorum
688 5475 906 5520 secutus
933 5480 1074 5525 sum,
1109 5479 1293 5516 verum
1328 5465 1490 5516 etiam
1523 5464 1767 5529 aliquan-

155 5628 159 5631 τ
223 5564 394 5632 tisper
439 5566 677 5624 tutatus;
712 5571 832 5610 cum
863 5555 1125 5610 decennio
1151 5554 1267 5623 jam
1318 5552 1498 5606 divina
1549 5553 1764 5606 miseri-

1877 4946 2021 4998 mum
2071 4931 2203 4982 mihi
2246 4929 2456 4981 facinus
2505 4925 2840 4979 committere
2873 4929 3106 4996 viderer,
3140 4943 3262 4981 cum
3289 4945 3420 4999 _spe-

1877 5037 2010 5084 rem,
2045 5019 2187 5087 quod
2235 5008 2382 5086 opto,
2413 5016 2784 5068 reductionetu
2820 5018 2981 5068 tutius
3020 5017 3257 5082 nationis
3289 5038 3419 5073 mea:

1874 5113 1981 5163 cito
2012 5110 2268 5172 futuram,
2312 5107 2441 5158 nihil
2471 5121 2533 5156 ea
2566 5105 2631 5157 de
2658 5119 2712 5158 re
2738 5103 2804 5157 ad
2835 5103 3236 5158 Beatitudinem
3269 5116 3414 5160 tuam

1876 5188 2139 5260 scribere,
2195 5188 2349 5266 cujus
2408 5197 2616 5249 meritis
2674 5196 3045 5247 universorum
3105 5196 3412 5271 Graecarum
3479 5189 3482 5192 ’

1879 5292 2063 5359 generi
2115 5289 2354 5343 veritatis
2405 5287 2766 5353 cognitionem
2819 5287 3136 5338 concessum
3187 5288 3253 5340 iri
3304 5304 3412 5341 non

1879 5381 2088 5433 dubito.
2149 5377 2328 5443 Neque
2388 5376 2437 5427 id
2491 5377 2718 5441 injuria;
2763 5390 2882 5444 nam
2940 5376 3253 5444 quingentis
3304 5380 3412 5447 jam

1880 5483 2042 5535 prope
2081 5468 2254 5529 annis,
2292 5482 2352 5518 ex
2395 5482 2500 5532 quo
2546 5466 2850 5540 Gra'eorum
2890 5465 3415 5533 perniciosissimum

1877 5556 2107 5620 Scitisuta
2132 5571 2226 5623 per
2247 5555 2492 5607 Pholittzn
2520 5558 2839 5608 caritatum
2869 5566 2970 5621 est,
3006 5558 3176 5609 audeo
3201 5557 3402 5620 dicere,
