4116 6336
682 333 791 399 891

1854 330 2186 391 GEORGII
2223 330 2738 415 TRAPEZUNTII

3798 323 3914 387 892

691 444 836 517 quod
868 444 1030 500 etiam
1060 459 1148 499 me
1177 450 1403 499 tacente
1428 443 1553 513 ipsa
1578 456 1671 498 res
1698 443 2049 505 exclamaret,
2083 442 2250 495 nemi-
2276 446 2325 505 Α
2351 457 2590 508 unquam
2617 453 2775 497 aetate
2799 440 3082 494 hominum
3116 440 3305 509 major,
3331 434 3573 492 divinior
3605 444 3770 503 atque
3796 438 3913 489 uti-

694 554 821 592 nom
841 536 941 590 ﬁde
963 543 1068 589 tam
1100 542 1381 598 sanctum,‘
1396 535 1597 588 virtute
1624 545 1731 589 tam
1756 533 2069 602 probatum,
2094 540 2245 585 tanta
2344 537 2450 590 lior
2479 551 2578 605 per
2597 549 2875 589 summum
2897 533 3146 603 quemvis
3175 530 3485 600 pontiﬁcem
3512 539 3609 582 aut
3638 536 3786 597 gesta
3813 528 3913 584 sit.

697 621 1301 688 cbaritate'ardentem,
1348 633 1500 682 tanta
1548 634 1643 692 spe
1676 624 1987 689 praeditum,
2020 620 2246 689 pontiﬁ-

696 733 813 775 cem
843 718 1101 772 Ecclesite
1142 715 1509 784 gubernacula
1554 713 1813 766 tenuisse.
1849 712 1982 777 Quis
2006 710 2150 763 enim
2181 709 2248 763 ab

698 808 1068 865 adolescentia
1109 806 1255 859 illico
1288 813 1436 857 tanta
1485 802 1611 862 ﬁde.
1661 812 1771 855 tant
1818 799 2083 869 singulari
2119 814 2248 867 pru-

700 899 882 954 dentia
943 897 1180 960 fuit,‘ut
1231 909 1355 947 cum
1405 893 1508 945 sibi
1558 890 1802 959 undique
1853 890 2087 958 majores
2140 888 2253 941 fere

702 1005 835 1060 opes
865 1002 1027 1057 quam
1081 985 1306 1053 privatae
1353 982 1653 1045 alluerent,
1706 980 1987 1034 terrestria
2019 979 2135 1031 haac
2168 985 2250 1029 ta.

658 1106 663 1110 ι
708 1059 830 1133 men
863 1077 1044 1129 omnia
1073 1084 1131 1127 et
1167 1075 1372 1127 caduca
1411 1086 1529 1125 esse
1574 1071 1793 1139 penitus
1826 1059 2166 1138 cognoverit,
2201 1075 2256 1120 et

708 1168 924 1235 cognita
958 1165 1181 1218 omnino
1228 1161 1578 1229 despexerit?
1605 1159 1737 1225 Quis
1787 1161 1839 1211 in
1874 1173 1937 1211 ea
1988 1165 2166 1217 aetate.
2195 1156 2254 1208 in

711 1274 816 1327 qua
849 1256 1080 1309 maxime
1117 1262 1309 1305 natura
1353 1250 1633 1304 hominum
1669 1239 2039 1316 voluptatibus
2065 1237 2253 1312 exagi—

711 1359 874 1411 tatur,
906 1356 1012 1399 tam
1040 1344 1297 1414 grandem
1338 1344 1619 1409 pecuniam
1649 1338 1994 1406 pauperibus,
2023 1335 2255 1387 Christi-

711 1454 816 1506 que
856 1435 1056 1490 deditis
1104 1431 1346 1500 erogavit
1376 1424 1651 1497 unquam!
1684 1427 1816 1491 Quis
1846 1436 1923 1478 tot
1969 1434 2256 1492 tantusque

709 1527 923 1581 labores
946 1524 1143 1592 vigiliis
1167 1531 1223 1575 et
1247 1520 1470 1590 jejuuiis
1499 1531 1789 1586 perpessus
1822 1515 1944 1569 est?
1984 1514 2118 1581 Quis
2157 1515 2254 1567 de-

709 1620 873 1686 nique
920 1614 1130 1668 diurnis
1179 1608 1536 1670 orationibus,
1584 1604 1867 1665 nocturnis
1901 1594 2173 1671 lacrymis'
2202 1611 2257 1655 et

709 1705 989 1762 continuis
1018 1700 1270 1772 precibus
1294 1697 1551 1753 Ecclesiae
1582 1695 1837 1748 unionem
1864 1702 1969 1746 tam
2001 1690 2257 1745 ardenter

2348 626 2548 695 (placet
2568 624 2884 692 vaticinari)
2910 625 2962 677 in
2987 625 3230 676 futurum
3257 622 3371 690 geri
3396 618 3715 689 possit.Non
3738 618 3913 676 enim,

2318 702 2321 703 ⁷
2347 716 2475 784 quia
2494 715 2808 793 Graecorum
2827 714 2931 767 hoc
2951 712 3189 768 schisma
3208 711 3548 764 nominatum
3570 717 3679 769 est,
3701 704 3917 760 idcirco

2348 804 2417 857 de
2446 805 2664 857 Graeciae
2695 803 2872 857 solum
2920 801 3242 856 reductione
3291 810 3506 865 agetur,
3554 807 3755 850 verum
3804 793 3917 848 sub

2350 892 2660 947 Graecorum
2705 894 2947 953 nomine.
2977 894 3076 959 qui
3116 888 3563 959 excogitaverunt
3601 894 3660 941 et
3712 901 3915 955 perpe-

2353 992 2566 1037 trarunt
2597 984 2907 1059 schism'atig
2948 982 3307 1038 foedissimum
3336 978 3566 1043 facinus,
3588 992 3714 1064 ’που
3750 991 3916 1045 parva

2352 1074 2581 1143 Europa:
2603 1078 2747 1141 pars,
2768 1082 2823 1128 et
2853 1073 3103 1126 universa
3126 1071 3269 1133 Asia,
3300 1084 3460 1137 quam
3493 1068 3666 1122 solam
3700 1075 3917 1131 partem

2355 1165 2527 1225 multi,
2557 1164 2647 1231 qui
2678 1165 2741 1216 de
2772 1164 3039 1216 divisione
3065 1162 3213 1215 orbis
3242 1162 3604 1230 scripserunt,
3641 1158 3835 1210 Africae
3854 1164 3921 1208 et

2353 1252 2583 1320 Eur-0pm
2628 1250 2786 1303 simul
2817 1250 3078 1318 aequalem
3132 1254 3416 1313 asserunt,
3464 1246 3778 1301 Graecorum
3813 1259 3913 1297 er-

2355 1357 2509 1396 rores
2542 1350 2926 1412 susceperunt.
2964 1326 3151 1410 Itaque
3188 1355 3313 1395 cum
3357 1351 3731 1407 smpenumero
3775 1336 3915 1389 mihi

2354 1430 2469 1484 haec
2502 1426 3088 1499 accideritfcogitalio,
3138 1445 3205 1483 an
3262 1430 3317 1483 in
3367 1428 3611 1483 Romana
3668 1426 3917 1480 Ecclesia

2342 1521 2541 1589 'plures
2568 1529 2759 1590 gentes
2792 1531 2955 1590 atque
3000 1519 3250 1575 homines
3288 1520 3420 1580 sint.
3450 1533 3518 1572 an
3550 1518 3743 1586 plures
3788 1530 3917 1583 quae

2356 1610 2557 1666 Graecis
2582 1610 2864 1665 erroribus
2887 1619 3137 1681 agantur,
3164 1610 3305 1664 idem
3335 1622 3550 1677 semper
3577 1606 3711 1660 mihi
3735 1607 3916 1670 visum

2358 1710 2463 1762 est,
2506 1699 2629 1754 illos
2675 1700 2933 1754 videlicet
2978 1701 3161 1753 minus
3209 1700 3394 1769 plures
3438 1696 3606 1751 videri
3656 1695 3916 1758 numero,

711 1813 741 1849 a
773 1795 997 1849 Domino
1029 1789 1221 1860 petiit?
1276 1788 1524 1843 Profecto
1572 1799 1750 1859 nemo.
1785 1782 1918 1836 Nam
1956 1781 2059 1836 etsi
2083 1787 2086 1791 ’
2110 1780 2259 1849 cogi-

2362 1791 2455 1846 sed
2491 1791 2578 1846 his
2604 1790 2851 1845 doctrina
2884 1799 2936 1845 et
2968 1790 3209 1845 moribus
3229 1789 3400 1844 multo
3431 1788 3769 1857 superiores,
3793 1786 3919 1845 imo

714 1886 947 1939 lationes
976 1877 1339 1935 Beatitudinis
1370 1885 1476 1928 tua:
1500 1873 1707 1936 nescio,
1736 1871 1902 1925 rebus
1939 1882 2119 1924 tamen
2151 1868 2276 1923 tuis‘

2359 1882 2461 1937 hos
2484 1896 2613 1935 vero
2640 1890 2703 1935 ut
2740 1895 2972 1934 numero
2999 1879 3207 1948 plures,
3236 1879 3312 1932 ita
3340 1876 3588 1933 doctrina
3619 1877 3731 1946 jam
3762 1874 3917 1929 omni

713 1974 997 2044 impulsus,
1027 1969 1318 2040 praedicare
1356 1963 1698 2028 ausim,nihil
1731 1971 1783 2017 te
1819 1962 1990 2030 magis
2021 1974 2259 2028 unquam

2362 1974 2577 2036 amissa,
2621 1980 2677 2026 et
2727 1972 3037 2026 inﬁdelibus
3084 1978 3179 2025 aut
3210 1969 3509 2037 subjectos,
3560 1976 3658 2022 aut
3704 1967 3919 2021 vicinos

713 2076 967 2135 optasse;
999 2061 1135 2116 nihil
1159 2060 1326 2127 magis
1354 2054 1561 2118 eﬁ'usis,
1589 2062 1651 2107 ut
1680 2053 1902 2115 dicitur,
1928 2051 2182 2119 lacrymis
2208 2058 2263 2102 et

713 2156 972 2226 precibus
1017 2168 1044 2204 a
1079 2148 1306 2205 Domino
1356 2146 1599 2216 petiisse,
1652 2158 1814 2213 quam
1850 2140 2105 2195 Ecclesiae
2139 2154 2264 2215 sua:

720 2246 998 2317 unionem,
1029 2248 1087 2296 et
1116 2237 1413 2293 inﬁdelium
1445 2234 1884 2303 depressionem;
1933 2230 2135 2285 etenim
2164 2245 2264 2305 op.

716 2338 848 2388 time
899 2335 1013 2401 ipsa
1050 2328 1381 2398 experientia
1441 2327 1693 2393 magistra
1750 2323 1885 2399 scio,
1947 2317 2265 2373 beatissime

718 2428 896 2488 Pater,
923 2432 1047 2476 ante
1087 2417 1464 2490 pontiﬁcatum
1497 2423 1647 2468 tuum
1680 2412 1761 2466 sic
1784 2409 2100 2464 Graecorum
2130 2422 2263 2477 gen-

719 2528 852 2579 tem,
881 2530 911 2569 a
940 2514 1179 2569 veritate
1228 2507 1496 2565 catholica
1551 2502 1925 2566 abitat-ruisse,
1984 2510 2043 2553 ut
2087 2498 2267 2552 omnis

720 2611 989 2663 harescos
1021 2605 1316 2657 Romanam
1364 2596 1663 2660 Ecclesium
1717 2594 2021 2665 principem
2052 2605 2265 2647 assere-

721 2707 863 2754 rent.
898 2694 979 2751 Ad
1018 2694 1164 2765 quod
1201 2692 1409 2746 scilicet
1455 2686 1791 2748 credendum
1837 2683 2004 2739 astuti
2044 2684 2264 2752 quidam

725 2788 1053 2857 malignique
1071 2784 1319 2838 homines
1342 2782 1398 2834 in
1422 2778 1845 2849 indignationem
1878 2776 1962 2829 sui
1990 2785 2266 2838 aeternam,

726 2878 1036 2946 eloquentia
1079 2876 1185 2936 usi,
1227 2873 1326 2941 qui
1379 2872 1435 2926 in
1484 2868 1782 2921 Romanam
1812 2864 2106 2919 Ecclesium
2135 2863 2270 2916 scri-

722 2947 974 3040 pserunt,
1002 2966 1169 3019 rudes
1198 2961 1629 3017 cavillationibus
1656 2959 1772 3013 suis
1813 2957 2040 3025 populos
2081 2957 2269 3023 impu-

728 3062 947 3121 lerunt;
978 3054 1135 3120 cuius
1180 3066 1266 3106 me
1296 3065 1516 3120 quoque
1544 3048 1819 3116 Opinionis
1848 3045 2015 3100 fuisse
2044 3060 2153 3099 non
2188 3045 2271 3098 in-

731 3151 900 3204 llcior.
929 3148 1216 3215 Postquam
1240 3157 1369 3197 vero
1400 3138 1724 3194 universalis
1748 3138 1987 3191 habenas
2014 3136 2268 3191 Ecclesia:

730 3240 1001 3295 Sanctitas
1026 3248 1114 3289 tua
1145 3233 1402 3288 divinitus
1427 3229 1686 3295 obtinuit,
1711 3231 1782 3283 ita
1805 3230 2098 3282 immutata
2124 3226 2269 3282 Grae-

731 3345 916 3384 corum
948 3328 1191 3381 omnium
1220 3334 1427 3378 mentes
1449 3331 1597 3385 sunt,
1625 3330 1684 3372 ut
1714 3319 1894 3372 nullus
1922 3319 2035 3372 fere
2058 3319 2151 3383 sit,
2173 3316 2266 3387 qui

728 3440 838 3479 non
892 3421 1114 3475 moleste
1165 3416 1304 3471 ferat
1353 3412 1498 3483 quod
1548 3412 1881 3465 tardiuscule
1928 3409 1995 3463 ad
2040 3410 2269 3479 hujusce"

730 3518 986 3571 unionem
1044 3507 1421 3565 celebrandam
1474 3504 1775 3559 concilium
1829 3502 1945 3571 cogi
1997 3500 2265 3555 videatur.

708 3609 856 3675 Quae
907 3618 993 3657 res
1046 3614 1190 3657 cum‘
1220 3597 1460 3653 inaudita
1504 3594 1891 3664 magnitudine,
1928 3594 2269 3664 prodigiique

731 3702 900 3751 instar
930 3695 1019 3757 sit,
1068 3692 1202 3746 nihil
1234 3691 1380 3745 enim
1428 3687 1584 3742 video
1628 3686 1879 3739 humana:
1905 3684 2176 3753 opinionis
2201 3682 2267 3737 ad

730 3789 835 3841 hoc
866 3785 1193 3840 inducantur
1223 3780 1417 3841 Graaci‘,
1445 3777 1596 3833 nefas
1623 3777 1759 3832 mihi
1792 3776 2026 3841 videtur,
2070 3774 2113 3829 si
2146 3776 2268 3845 quis

730 3893 849 3931 eam
886 3877 1006 3929 loco
1056 3871 1305 3927 miraculi
1354 3885 1463 3925 non
1518 3868 1735 3953 habeat,
1758 3868 1936 3933 Quare
1980 3868 2086 3938 jam
2121 3878 2268 3921 certa

731 3974 948 4037 Oportet
998 3963 1101 4018 hoc
1156 3963 1311 4029 signo
1367 3950 1965 4027 Coniecturacredere,
2015 3950 2075 4008 ἰθ
2121 3953 2269 4007 illum

732 4072 875 4118 esse.
921 4072 1030 4125 quo
1059 4053 1310 4123 pontiﬁce
1338 4049 1520 4104 omnia
1554 4048 1795 4099 membra
1824 4044 2028 4098 Christi
2053 4042 2271 4098 Christo

700 4194 703 4198 Α
737 4148 1051 4202 reddantur.
1071 4142 1472 4195 ‘Praedicantem
1497 4138 1661 4192 etiam
1698 4134 2039 4189 Francisoum
2073 4132 2273 4186 Barba-

739 4251 880 4295 rum,
909 4234 1081 4285 virum
1103 4243 1321 4300 genere,
1354 4226 1621 4290 doctrina,
1650 4224 1875 4286 virtute,
1901 4236 2005 4275 una
2031 4222 2272 4274 omnium

735 4336 893 4382 voce,
938 4319 1258 4387 principem,
1294 4315 1387 4383 qui
1433 4329 1498 4367 ex
1526 4322 1598 4374 te,
1644 4326 1766 4364 cum
1799 4310 2163 4376 dubitaretur,
2208 4325 2275 4362 ne

2363 2062 2612 2116 moribus
2660 2062 2884 2115 ellectos
2936 2074 3075 2125 esse,
3131 2059 3255 2114 i‘llos
3302 2066 3360 2113 ut
3398 2058 3710 2128 pauciores,
3759 2056 3919 2109 itaes

2362 2153 2637 2219 doctiores
2674 2162 2730 2206 et
2785 2151 3129 2206 institutione
3178 2149 3395 2204 vivendi
3441 2149 3768 2208 ornatiores,
3818 2145 3918 2197 sed

2362 2232 2474 2303 isti'.
2520 2256 2627 2295 non
2664 2240 2788 2295 dico
2843 2238 3015 2295 Graeci
3069 2243 3306 2305 tantum,
3334 2238 3427 2293 sed
3461 2251 3654 2292 omnes
3702 2245 3915 2305 gentes,

2363 2347 2483 2401 qua!
2500 2330 2813 2386 Graecorum
2858 2318 3078 2384 errores
3120 2338 3318 2384 secuta!
3337 2336 3486 2392 sunt,
3508 2327 3695 2381 divino
3714 2326 3918 2396 judicio

2364 2422 2689 2494 deprehensi
2721 2420 2879 2485 multi
2912 2406 3196 2477 servitutis
3237 2421 3425 2493 iugum
3456 2419 3773 2475 subierunt.
3825 2419 3918 2471 Sic

2299 2574 2307 2581 ,
2364 2531 2556 2572 omnes
2604 2531 2743 2584 pene
2774 2522 3030 2570 auctores
3082 2513 3410 2578 schismatis,
3439 2513 3607 2582 )nulti
3639 2520 3702 2566 ut
3732 2509 3915 2571 Servi,

2296 3105 2339 3163 C

2362 2608 2569 2671 Bluchi,
2594 2607 2822 2663 lliberes
2845 2607 3382 2674 innumerabilesque
3402 2605 3495 2660 alii
3520 2605 3608 2658 vix
3627 2605 3913 2663 resistunt.

2364 2702 2851 2769 succumbentque,
2911 2700 3016 2755 nisi
3075 2698 3127 2753 ei
3187 2688 3350 2769 capiti
3376 2699 3702 2769 junguntur,
3760 2698 3909 2748 unde

2366 2792 2610 2872 abscissi_
2627 2798 2774 2846 sunt.
2799 2790 3043 2866 Utvenim
3076 2804 3173 2861 ego
3191 2790 3420 2845 schisma
3449 2804 3638 2844 eorum
3663 2788 3917 2841 laborum

2367 2870 2755 2950 servitutisque
2782 2897 2894 2936 suae
2943 2894 3159 2935 causam
3206 2890 3355 2949 puto,
3392 2882 3490 2946 sic,
3534 2880 3579 2934 si
3609 2880 3676 2933 ad
3719 2879 3919 2932 verita-

2370 2981 2479 3024 tem
2528 2974 2733 3038 integre
2785 2966 3102 3039 sincereque
3135 2960 3425 3034 redibunt,
3460 2952 3779 3023 libertatem
3824 2981 3920 3022 eos

2371 3073 2762 3123 conscensuros
2799 3061 3019 3115 minime
3046 3059 3248 3114 diﬁido.
3277 3060 3481 3115 Verum
3509 3060 3653 3113 sicut
3682 3068 3765 3113 tot
3802 3069 3921 3113 tan-

2315 3146 2339 3201 ,"
2372 3162 2562 3223 tasque
2591 3164 2799 3223 gentes,
2840 3162 3102 3222 quantum
3138 3165 3195 3205 se
3230 3151 3298 3205 ab
3338 3146 3629 3204 universali
3660 3149 3921 3207 Ecclesia:

2372 3258 2601 3311 corpore
2654 3243 3017 3307 resciderunt,
3069 3242 3299 3295 summis
3346 3239 3581 3317 cruciari
3629 3240 3918 3293 doloribus

2370 3331 2516 3385 Deus
2540 3332 2803 3399 permisit,
2834 3340 2894 3384 ut
2918 3330 3134 3384 tandem
3164 3328 3479 3383 commoniti
3508 3330 3564 3382 in
3590 3328 3731 3403 ovile
3755 3344 3917 3381 suum

2371 3422 2585 3491 regredi
2641 3422 2901 3491 c0gitent,
2957 3422 3035 3476 sic
3082 3420 3409 3475 crediderim
3442 3420 3698 3474 Romana:
3728 3421 3920 3473 orbem

2347 3515 2626 3568 Ecclesiae
2679 3514 2876 3582 sirpius
2927 3512 3209 3582 exagitari,
3266 3513 3392 3582 quia
3424 3525 3531 3566 non
3579 3525 3648 3586 eo
3696 3508 3920 3575 ardore,

2373 3618 2485 3672 quo
2541 3603 2863 3666 debuerant,
2938 3611 3186 3657 errantes
3242 3602 3439 3656 fratres
3490 3600 3920 3670 requisiverunt,

2371 3709 2553 3763 neque
2587 3694 2780 3748 imitati
2808 3694 3095 3747 Dominum
3147 3700 3293 3755 sunt,
3320 3692 3413 3763 qui
3444 3694 3615 3762 usque
3663 3691 3731 3745 ad
3765 3703 3922 3745 assu-

2373 3790 2622 3843 mendam
2658 3795 2895 3841 nostram
2925 3794 3177 3839 naturam
3209 3774 3499 3839 humanam
3529 3783 3829 3845 descendit.
3862 3768 3926 3835 ut

2374 3882 2625 3933 amissam
2658 3892 2817 3933 ovem.
2842 3876 2981 3931 ctelo
3016 3870 3525 3942 re‘stitueret.'Qnas
3554 3876 3624 3930 ob
3653 3890 3743 3930 res
3769 3875 3924 3928 Grae-

2375 3984 2559 4023 corum
2593 3971 2720 4023 unio
2754 3968 2921 4023 totius
2951 3965 3101 4022 orbis
3128 3965 3256 4019 unio
3291 3973 3394 4031 est,
3431 3951 3661 4034 Europae
3706 3964 3924 4035 stabili-

2376 4068 2640 4121 mcntum,
2672 4059 2813 4113 Asiae.
2842 4059 3007 4122 salus,
3047 4055 3419 4112 Occidentalis
3438 4055 3693 4110 Ecclesiae
3722 4055 3922 4125 gloria,

2376 4144 2672 4200 Orientalis
2728 4146 2969 4221 libertas,
3032 4144 3271 4199 universi
3336 4142 3573 4213 denique
3621 4140 3923 4196 Christiani

2377 4234 2594 4300 generis
2646 4235 2937 4300 reparatio.
2989 4234 3068 4288 Ad
3121 4234 3330 4289 haesi
3371 4234 3550 4288 nullus
3596 4248 3704 4287 non
3737 4241 3926 4301 mente

2379 4330 2571 4391 captus
2610 4336 2808 4390 negare
2836 4322 3020 4389 queat,
3058 4324 3191 4377 nihil
3222 4326 3374 4393 pejus
3406 4323 3717 4379 Graecorum
3760 4338 3924 4375 aver-

740 4418 962 4478 prspter
990 4405 1390 4458 monnuliorum
1418 4399 1817 4453 contentionem
1845 4398 2076 4451 schisma
2104 4400 2274 4453 orire-
2309 4432 2357 4484 υ
2381 4412 2533 4465 sione
2559 4427 2622 4463 ac
2647 4411 2945 4464 inﬁdelium
2978 4413 3259 4479 impietate
3282 4415 3518 4466 inveniri
3549 4428 3727 4479 posse,
3760 4427 3925 4465 nemo

740 4515 852 4565 tur,
884 4499 1171 4555 Florentia:
1204 4497 1341 4550 bane
1370 4507 1553 4546 vocem
1592 4491 1808 4546 audisse
1834 4492 2046 4559 asserit,
2078 4500 2132 4544 et
2159 4492 2276 4561 quis

738 4598 860 4649 dem
904 4608 1031 4648 curn
1086 4588 1337 4659 lacrymis
1369 4605 1381 4640 :
1415 4583 1634 4639 Utinam
1685 4599 1770 4636 me
1800 4584 1981 4651 potius
2014 4584 2112 4637 hac
2168 4584 2278 4636 vita

738 4682 998 4742 Doniinus
1026 4682 1282 4750 privaret,
1321 4690 1482 4746 quam
1517 4691 1600 4727 me
1631 4675 1849 4726 vivente
1880 4688 1975 4726 sua
2002 4674 2277 4727 scindatur

739 4775 1001 4831 Ecclesia.
1047 4770 1091 4825 Ο
1136 4784 1324 4823 vocem
1357 4768 1518 4837 piam,
1550 4774 1605 4818 et
1651 4774 1701 4817 te
1734 4764 1848 4816 solo
1890 4764 2125 4831 dignam,
2172 4780 2278 4831 qua

737 4870 987 4924 ell'ectum
1020 4873 1123 4927 est,
1159 4871 1217 4915 ut
1243 4869 1298 4914 et
1338 4859 1543 4912 te-vita
1586 4854 1729 4908 Deus
1777 4844 2175 4916 donaverit,'et
2211 4856 2279 4909 ab

738 4960 995 5019 Ecclesia,
1025 4955 1169 5024 quod
1195 4939 1387 5007 omnes
1414 4948 1831 5018 pertimuerunt,
1854 4943 2088 4998 schisma
2104 4954 2281 4999 exter-

739 5053 1055 5105 minaretur.
1098 5045 1293 5099 Verum
1338 5044 1471 5105 haec,
1504 5054 1603 5093 nec
1631 5039 1677 5091 si
1713 5037 1782 5090 de
1825 5036 2078 5090 laudibus
2103 5034 2281 5089 Beati-

738 5138 946 5195 tudiniu
990 5147 1096 5189 tua:
1122 5134 1303 5187 dicere
1351 5119 1869 5199 mihi'propositum
1911 5136 2073 5189 esset,
2119 5126 2278 5193 digna

736 5244 951 5302 poesem
988 5226 1235 5302 oratione
1264 5220 1572 5291 complecti.
1619 5216 1913 5285 llis'igitur
1949 5214 2056 5266 tuis
2107 5214 2281 5279 preci-
2311 5243 2318 5250 -

741 5296 842 5377 bus
889 5328 1067 5372 motus
1098 5296 1379 5373 humilius,
1428 5310 1514 5361 bis
1558 5308 1666 5360 tuis
1714 5306 1783 5358 ad
1836 5304 2004 5379 Deum
2052 5304 2280 5355 occultis

2385 4500 2632 4573 profecto
2655 4500 2948 4565 dubitabit,
2972 4500 3107 4569 nihil
3131 4500 3311 4571 fuisse
3328 4510 3421 4554 aut
3452 4503 3567 4554 lore
3596 4501 3927 4555 laudabilius

2378 4592 2778 4661 gloriosiusque
2823 4590 3035 4664 cuidam
3094 4605 3330 4657 usquam
3383 4605 3598 4643 summo
3654 4591 3923 4657 pontiﬁci,

2376 4698 2540 4751 quam
2572 4681 2896 4760 Beatitudtni
2925 4691 3047 4743 tua,
3081 4681 3126 4733 si
3147 4679 3364 4733 Graecos
3394 4680 3641 4743 reducas,
3672 4680 3923 4733 inﬁdeles

2377 4772 2674 4840 opprimas,
2703 4785 2935 4838 quorum
2968 4771 3199 4843 primum
3244 4777 3393 4822 tanto
3435 4769 3611 4839 n‘tajus
3648 4778 3730 4821 est
3755 4778 3924 4835 atque

2343 4913 2348 4917 _
2376 4853 2640 4926 divinius,
2670 4869 2873 4928 quanto
2914 4861 2993 4938 sic
3022 4849 3330 4915 Graecorum
3368 4858 3658 4913 schismate
3687 4860 3925 4928 ampliti-

741 5414 1067 5469 clamoribus
1093 5406 1371 5481 deliuiLus,
1405 5412 1498 5457 tuo
1532 5401 1648 5454 zelo
1675 5400 1981 5467 mitigatus,
2001 5402 2125 5447 tua:
2155 5396 2279 5448 tidei
2314 5452 2321 5457 ,

741 5506 935 5557 ardore
959 5509 1013 5553 et
1037 5498 1299 5553 charitate
1318 5493 1603 5551 adductus,
1640 5490 1745 5541 tuis
1774 5487 2075 5549 laboribus,
2100 5486 2279 5554 lacry-

748 5600 867 5650 nns,
899 5590 1184 5659 gemitibus
1216 5584 1462 5643 inﬂexus,
1487 5590 1687 5633 tantam
1721 5567 1833 5631 rem
1860 5586 2029 5644 parat,
2059 5584 2167 5628 tam
2201 5578 2281 5629 di-
2326 5596 2333 5603 ’

750 5686 947 5743 \ittatll,
994 5686 1101 5730 tam
1130 5674 1564 5731 Christianorum
1600 5670 1745 5738 genti
1791 5668 1999 5732 utilem,
2034 5678 2110 5721 ut.
2135 5669 2280 5723 nulla

2378 4962 2497 5005 cata
2545 4951 2841 5005 inﬁdelitas
2880 4962 2989 5015 est,
3025 4952 3099 5004 ita
3124 4954 3311 5003 eorum
3367 4949 3682 5005 reductiona
3711 4948 3925 5003 facilius

2369 5040 2646 5097 concidet.
2706 5042 2817 5097 Nec
2876 5056 3026 5106 vero,
3084 5041 3213 5104 quia
3270 5041 3515 5110 ingentes
3567 5054 3930 5108 res-semper

2376 5132 2730 5199 consequitur
2769 5146 2962 5199 magna
3016 5130 3329 5195 dillicultas,
3385 5126 3513 5184 huic
3565 5144 3780 5199 quoque
3825 5133 3921 5183 ad-

2371 5219 2561 5288 juncta
2598 5225 2732 5285 est,
2759 5220 2889 5276 imo.
2908 5234 3009 5288 pro
3040 5218 3412 5289 magnitudine
3443 5221 3525 5274 rei
3559 5222 3641 5275 vel
3668 5210 3813 5274 nulla
3842 5224 3925 5275 vel

2377 5324 2563 5377 parva,
2600 5325 2761 5379 quam
2818 5320 2998 5363 tamen
3032 5309 3161 5363 hinc
3209 5308 3403 5379 magis,
3434 5325 3597 5381 quam
3649 5326 3715 5365 ex
3772 5323 3926 5380 parte

2377 5400 2708 5461 Crtecorum,
2747 5400 3046 5452 remetionc
3076 5399 3318 5471 locorum
3348 5408 3403 5454 et
3430 5401 3686 5455 dilatione
3717 5412 3928 5471 tempo-

2380 5504 2542 5555 rum,
2612 5489 2748 5556 proh
2807 5488 2976 5541 dolorl
3036 5488 3259 5547 humani
3315 5490 3530 5558 generis
3586 5491 3932 5547 adversarius

2378 5577 2677 5631 adiuvenit.
2710 5574 2905 5629 Verum
2935 5575 3249 5655 sanctitatis
3268 5586 3373 5630 tuae
3391 5578 3599 5631 meritis
3624 5577 3795 5645 ipsam
3818 5580 3929 5632 cito

2381 5682 2539 5737 posse
2589 5668 2704 5722 tolli
2733 5666 3066 5724 credendum
3102 5678 3205 5725 est.
3238 5668 3485 5741 Nam_sic
3524 5668 3709 5723 divina
3743 5672 3930 5736 provi-
