4116 6336
144 272 261 334 $93

889 278 986 336 DE
1028 277 1320 340 UNIONE
1356 276 1883 347 ECCLESIARUM
1925 277 2033 336 ‘AD
2069 279 2489 341 EU‘GENIUM
2527 282 2632 343 IV.
2670 336 2675 343 .

3249 280 3360 343 891

143 384 366 451 dentia,
405 401 524 455 qua:
554 387 842 454 Sanctitati
878 399 984 445 tuae
1037 384 1237 447 tantam
1271 407 1383 447 rem
1415 391 1709 453 commisit,
1738 396 1781 451 Α
1815 389 1912 444 tibi
1935 390 2163 461 hujusce
2188 395 2265 448 rei
2298 396 2527 464 principi
2557 398 2797 465 reposita
2825 408 2929 451 est.
2959 397 3089 451 Nam
3119 396 3165 451 si
3192 398 3356 452 Atha-

142 477 411 533 eﬂectum
438 488 546 544 est,
579 489 639 533 ιιι
662 483 911 550 quamvis
939 485 1123 538 multis
1140 485 1252 554 jam
1270 472 1482 540 saeculis
1510 482 1701 551 dejecti

144 570 219 623 ab
248 570 509 625 Ecclesia:
533 572 740 642 gremio
756 572 929 628 Graeci
950 584 1159 637 errant,
1177 590 1283 628 non
1312 574 1493 627 minus
1522 583 1703 627 tamen

139 675 215 713 eo
239 660 452 724 redire,
476 661 622 716 unde
646 660 864 716 fuerant
887 661 1138 727 digressi,
1170 662 1508 732 percupiam,
1540 674 1702 729 quam

144 766 251 805 eos
290 754 539 814 recipere
570 751 793 824 Occidui
841 755 1124 823 pontiﬁces
1176 754 1345 822 parati
1399 763 1559 817 sunt;
1594 766 1701 805 non

145 840 317 909 longe
344 841 593 919 proiecto
611 841 787 899 aberit
814 844 923 898 tuis
946 844 1013 898 ad
1046 832 1337 898 Dominum,
1356 841 1713 898 intercessioc‘

144 930 343 995 uibus,
373 941 427 985 et
453 931 715 1001 quidquid
750 932 969 987 obstare
998 933 1289 999 videbitur,
1328 942 1581 1003 tanquam
1620 929 1703 985 fu-

149 1034 279 1074 mus
323 1010 649 1098 eianescet;
702 1022 1005 1091 praesertim
1048 1025 1094 1079 si
1126 1025 1257 1094 quid
1293 1024 1707 1093 pietatis‘nobis

141 1108 406 1165 relictum
449 1118 555 1173 est,
603 1120 801 1164 etnon
837 1114 1054 1179 penitus
1105 1126 1294 1165 omnes
1322 1125 1387 1164 ea
1437 1111 1705 1179 pravitate

143 1196 419 1262 feramur,
453 1209 513 1252 ut
559 1200 919 1269 redeuntibus
952 1201 1007 1261 in
1039 1202 1329 1257 Ecclesiam
1366 1200 1574 1256 Grecis
1615 1216 1704 1254 se-

144 1286 283 1340 dulo
317 1302 429 1341 non
456 1299 815 1356 occurratur;
853 1291 925 1344 ita
972 1291 1149 1346 omnis
1180 1292 1235 1344 in
1263 1290 1361 1344 hac
1394 1288 1706 1362 redillicul-

143 1386 224 1429 tas
258 1386 372 1442 est,
412 1388 476 1431 ut
510 1384 867 1446 conveniant;
903 1393 1098 1436 caetera
1146 1396 1243 1449 per
1284 1395 1344 1435 se
1387 1382 1506 1449 ipsa
1552 1381 1702 1446 ﬁent,

141 1467 389 1531 maxime
418 1468 464 1521 si
493 1458 877 1526 aﬂectionibus
920 1470 1373 1540 passionihusque
1414 1471 1527 1523 suis
1559 1486 1704 1524 com-

141 1556 310 1609 moda
358 1558 1022 1616 adhibeantur'remedia.
1055 1562 1131 1615 Ex
1178 1562 1378 1632 quibus
1405 1562 1535 1617 licet
1562 1578 1701 1617 non-
1759 1629 1766 1635 ,

140 1647 295 1701 nulla
332 1648 492 1713 mihi,
521 1651 612 1719 qui
641 1652 925 1719 passiones
955 1667 1081 1707 suas
1108 1652 1255 1717 novi,
1286 1662 1546 1721 quantum
1576 1653 1704 1707 huic

1811 482 2018 547 nasius,
2044 484 2091 537 si
2119 482 2413 553 Gregorius
2440 483 2840 548 Nazianzenus,
2870 488 2915 541 si
2946 487 3111 541 ambo
3149 486 3374 556 Cyril.i,'
3404 513 3409 516 ι

1808 571 1982 623 sancti
2008 571 2107 625 viri
2136 572 2522 640 etpontiﬁces,
2546 587 2611 627 ac
2631 575 2836 641 ceteri,
2857 576 2952 643 qui
2980 591 3079 644 pro
3100 575 3357 631 Ecclesiae

1806 658 2007 712 unione
2063 660 2551 729 iugenteslabom
2599 664 2951 732 periculaque
3005 679 3195 734 aSpera
3231 680 3354 733 per-

1806 748 1950 815 pessi
1985 759 2133 812 sunt,
2182 765 2390 805 summe
2438 768 2547 805 non
2594 760 2802 824 tantum
2834 754 2887 807 iu
2937 756 3100 808 terris
3153 755 3353 819 solum,

1805 836 1899 890 sed
1931 848 1988 892 et
2018 838 2070 891 iu
2105 840 2607 905 cmlisrlaudantur.
2656 858 2817 911 quam
2866 854 3022 912 putas
3056 844 3355 899 Beatitudi-

1804 926 1860 980 ni
1894 938 1997 981 tum
2039 930 2318 1000 paratam?
2347 940 2497 999 tanto
2540 932 2892 986 illustriorem
2953 934 3348 1004 maioremque,

1806 1026 2012 1086 quanto
2036 1035 2145 1084 res,
2170 1035 2331 1090 quam
2358 1022 2621 1083 intendis.
2650 1032 2703 1076 et
2737 1023 3083 1079 multitudine
3112 1026 3350 1093 gentium

1804 1117 1862 1161 et
1890 1106 2247 1165 diuturnitate
2279 1112 2537 1181 temporis
2562 1114 2732 1182 major
2761 1122 2814 1165 et
2842 1115 3218 1169 admirabilior
3249 1127 3352 1170 est.

1820 1195 1900 1248 Illi
1931 1198 2046 1250 suis
2076 1200 2408 1267 temporibus
2434 1201 2778 1278 incipientem
2803 1202 3050 1257 ha'resim
3075 1219 3346 1272 oppresse.

1764 1348 1769 1349 γ
1810 1294 1962 1349 runt,
1992 1279 2049 1340 tu
2077 1288 2521 1357 quingentisjam.
2544 1293 2701 1347 annis
2726 1292 3005 1347 fundatam
3032 1295 3351 1350 eradicabis.

1807 1373 1888 1428 llli
1940 1390 2235 1453 paucorum
2290 1380 2570 1433 hominum
2615 1381 2872 1451 'iniquam
2925 1383 3351 1452 propositionem

1808 1467 2168 1522 disseminare
2196 1468 2339 1536 passi
2362 1484 2467 1522 non
2494 1481 2655 1536 sunt;
2688 1479 2743 1523 tu
2774 1471 3083 1526 Graecorum
3113 1474 3351 1529 omnium

1807 1558 1983 1611 varias
2003 1557 2284 1626 epiuiones
2302 1561 2491 1632 majori
2516 1562 2654 1631 parti
2678 1563 2825 1617 orbis
2838 1563 3044 1633 jamdiu
3070 1564 3296 1618 traditas
3323 1580 3353 1618 e

1806 1648 1986 1703 medio
2029 1650 2205 1705 tolles.
2238 1651 2319 1704 Illi
2351 1651 2437 1704 vix
2474 1665 2708 1719 unquam
2752 1651 3029 1706 civitatein
3062 1668 3223 1706 unam
3273 1671 3355 1707 re-

144 1738 313 1791 modo
365 1751 706 1813 succurrant,
763 1741 984 1796 silentio
1042 1750 1223 1796 tamen
1254 1757 1315 1796 ea
1346 1741 1585 1795 retinere
1619 1712 1775 1796 in-B
1807 1738 2120 1805 duxerunt;
2188 1752 2243 1795 tu
2301 1757 2547 1809 magnam
2607 1750 2815 1810 partem
2877 1742 3133 1813 Europae,
3184 1752 3349 1798 totam

149 1828 335 1896 sti‘tui,
384 1822 975 1901 praesertimquoniam
997 1832 1176 1895 adhuc
1214 1834 1327 1900 ipsa
1367 1833 1703 1902 longiuscule

153 1922 386 1985 absunt,
437 1923 737 1990 praesertim
783 1923 1326 1992 quoniam-maxime
1377 1923 1494 1992 ipsa
1540 1923 1703 1977 celari

153 1998 543 2067 conducitQTu
559 2026 712 2088 vero,
742 2011 1059 2067 Beatissimo
1080 2010 1259 2077 Pater,
1281 2012 1373 2082 qui
1393 2027 1607 2083 semper
1622 2027 1704 2066 re~

147 2101 257 2156 bus
294 2101 549 2155 maximis
604 2104 845 2177 animum
899 2101 1220 2167 adhibuisti,
1274 2103 1402 2158 huic
1450 2107 1552 2167 rei,
1583 2117 1703 2170 qua

147 2205 259 2243 non
296 2190 399 2243 uni
439 2184 646 2245 civitati
677 2199 732 2245 et
778 2192 995 2260 populo,
1035 2206 1143 2245 non
1177 2193 1323 2258 genti
1371 2200 1463 2245 aut
1495 2191 1700 2258 regioni

141 2281 263 2344 uni,
295 2278 400 2333 sed
433 2281 532 2333 toti
560 2281 721 2333 simul
752 2281 873 2335 orbi
901 2290 1169 2333 terrarum
1196 2279 1503 2332 libertatem
1538 2287 1701 2345 atque

141 2368 385 2422 salutem
421 2368 652 2422 allatura
680 2375 787 2434 est,
820 2367 1095 2432 incumbe,
1124 2375 1183 2421 ut
1211 2365 1445 2435 coepisti,
1480 2366 1699 2421 subeas-

144 2474 253 2527 que
281 2472 629 2527 quacunque
659 2457 727 2511 ad
760 2458 865 2511 hoc
891 2456 1224 2526 propositum
1254 2456 1396 2510 ferre
1425 2456 1694 2520 videntur,

146 2562 205 2603 ut
254 2549 420 2604 iacis.
471 2547 593 2603 Non
629 2549 827 2618 pigeat‘
856 2556 1049 2603 cuncta
1101 2558 1434 2623 Oppugnare,
1491 2560 1612 2617 qua:
1646 2546 1697 2600 ei

144 2638 536 2703 adversantur,
560 2636 734 2692 donec
765 2636 937 2692 victor
960 2636 1029 2689 de
1061 2634 1369 2691 adversario
1396 2634 1695 2709 Christiani

141 2728 371 2797 generis
398 2728 720 2797 triumphos.
767 2727 899 2781 Nam
943 2728 987 2783 si
1021 2736 1239 2797 propter
1273 2728 1434 2783 unius
1468 2742 1696 2783 conver—

140 2820 360 2873 sionem
414 2819 652 2873 hominis
685 2819 942 2888 gaudium
999 2819 1053 2874 in
1085 2820 1226 2874 ccelo
1271 2817 1388 2885 ﬂat,
1440 2810 1697 2888 intelligis

140 2911 394 2978 profecto
424 2918 503 2964 tot
536 2910 810 2980 gentibus,
857 2905 936 2965 tot
970 2910 1305 2973 nationibus,
1338 2910 1545 2981 regnis,
1594 2910 1696 2973 lin-

139 3002 261 3067 guis
295 3001 357 3055 in
386 3001 672 3055 veritatem
722 3002 1020 3066 conversis,
1058 3012 1261 3071 quanta
1308 3001 1478 3070 gloria
1509 3000 1688 3059 exsul-
1722 3033 1767 3090 ϐ

142 3099 338 3155 tabent
377 3098 528 3165 caeli,
562 3108 619 3153 et
656 3109 709 3155 te
736 3108 956 3154 auctore
1004 3096 1490 3163 Domiuiegloriam
1540 3109 1699 3150 enar-

141 3195 363 3249 rabunt.
397 3192 517 3248 Non
566 3194 690 3248 dico
717 3193 834 3247 haec
890 3201 950 3245 ut
990 3191 1265 3253 exhorter,
1299 3204 1408 3259 quo
1460 3188 1697 3241 libenter

140 3300 288 3353 agas,
335 3279 859 3355 qua‘libentissime
889 3280 1211 3349 suscepisti;
1252 3293 1439 3357 verum
1483 3275 1696 3343 cupidi-

142 3384 306 3428 tatem
344 3387 549 3430 meam.
586 3386 693 3440 qua
743 3371 926 3431 ardeo,
967 3378 1026 3422 ut
1079 3365 1436 3441 omnes‘mihi
1470 3379 1691 3435 genere.

144 3462 492 3531 cognatione,
543 3460 800 3514 aﬂinitat‘e
831 3460 1150 3528 conjunctos
1171 3456 1447 3524 recipiam,
1472 3472 1579 3508 non
1612 3455 1695 3507 in-

140 3555 285 3607 vltus
314 3551 571 3607 ostendo.
602 3549 713 3604 Nec
741 3550 888 3604 enim
923 3547 1487 3618 iugit-Beatitudinem
1522 3556 1689 3609 tuam,

141 3651 341 3711 quanta
395 3641 540 3704 laus,
593 3650 793 3709 quanta
840 3640 1034 3709 gloria,
1084 3654 1203 3708 qua:
1241 3653 1441 3693 corona
1497 3645 1609 3690 tum
1659 3651 1690 3689 a

138 3731 396 3784 Creatore
448 3737 637 3783 nostro
691 3714 1077 3799 mternoﬂumq
1117 3729 1281 3783 etiam
1328 3730 1395 3783 ab
1448 3732 1690 3786 Ecclesia

139 3820 279 3893 ejus,
332 3827 391 3874 et
446 3820 696 3873 universa
751 3814 1179 3873 Christianorum
1233 3828 1396 3887 gente
1437 3822 1693 3889 perennis

1810 1829 2013 1892 Asiam,
2045 1844 2236 1885 omnes
2278 1829 2522 1885 Orientis
2570 1830 2861 1896 Ecclesias,
2915 1844 3147 1900 quatuor
3199 1835 3352 1887 vidc-

1805 1918 1930 1972 licet
1960 1918 2082 1972 illas
2131 1928 2253 1987 post
2298 1921 2526 1988 primatu
2566 1922 2788 1988 primas,
2841 1918 3056 1974 Christo
3085 1919 3212 1975 Iesu
3250 1923 3350 1975 Do-

1804 2008 1952 2061 mino
1982 2018 2190 2075 nostro,
2223 2019 2280 2063 et
2324 2010 2417 2064 tibi
2464 2013 2583 2079 ejus
2641 2024 2770 2063 vero
2799 2009 2999 2063 vicario
3029 2013 3339 2081 conjunges,

1803 2090 2077 2167 faciesque
2131 2099 2271 2152 ovile
2322 2114 2489 2152 unum
2542 2106 2595 2151 et
2642 2112 2842 2167 corpus
2876 2109 3043 2152 unum
3076 2100 3345 2165 Ecclesiae,

1802 2185 1959 2251 cujus
1986 2200 2108 2237 cum
2142 2185 2431 2240 Beatitudo
2469 2195 2557 2240 tua
2600 2193 2721 2254 post
2763 2185 3037 2241 Christum
3064 2188 3134 2241 sit
3166 2199 3347 2257 caput,

1803 2275 2166 2328 membrorum
2217 2289 2441 2330 suorum
2501 2275 2834 2330 abscissione
2887 2276 3071 2331 dolere
3124 2292 3349 2334 necesse

1800 2372 1904 2416 est.
1939 2363 2108 2429 Quam
2146 2364 2212 2417 ad
2251 2364 2364 2443 retu
2425 2364 2635 2417 utinam
2662 2379 2763 2434 ego
2820 2381 3037 2435 quoque
3084 2368 3343 2424 conferre

1799 2451 2009 2520 aliquid
2067 2466 2316 2522 possem;
2370 2468 2495 2507 nam
2559 2446 2825 2522 quantum
2871 2443 3345 2514 erroribus-meo-

1801 2561 1920 2600 rum
1945 2559 2185 2608 movear,
2212 2546 2303 2599 ivel
2332 2560 2397 2598 ex
2426 2543 2548 2609 hoc,
2579 2546 2723 2614 quod
2752 2546 2877 2612 feci,
2913 2549 3007 2617 qui
3033 2564 3127 2603 eas
3165 2561 3348 2620 partes

1797 2637 1959 2692 simul
2013 2652 2132 2691 cum
2173 2637 2431 2705 opinione
2461 2651 2706 2691 meorum
2747 2638 2965 2709 reliqui,
3010 2657 3188 2711 neque
3217 2644 3347 2699 illuc

1798 2737 2067 2792 revertar,
2097 2726 2204 2782 nisi
2250 2736 2345 2782 aut
2377 2727 2711 2796 compulsus,
2745 2739 2838 2783 aut
2882 2731 3031 2786 unita
3082 2732 3346 2798 Ecclesia,

1799 2820 1882 2873 vel
1911 2834 1977 2889 ex
2007 2818 2092 2871 his
2122 2833 2241 2887 quae
2268 2817 2334 2871 ad
2364 2830 2686 2875 accusantes
2713 2830 2965 2890 parentes
2990 2830 3152 2893 atque
3184 2840 3351 2892 agna-

1800 2917 1884 2963 tos
1930 2909 2252 2978 conscripsi,
2302 2911 2648 2979 apertissime
2689 2921 2856 2980 patet.
2892 2912 3087 2979 Quare,
3125 2914 3167 2967 si
3218 2916 3348 2984 quid
3413 2959 3417 2962 .

1799 2997 2018 3051 Grut-cus
2059 2996 2125 3051 ad
2161 2996 2470 3052 Graecorum
2509 3012 2623 3052 rem
2670 3000 2973 3054 conducere
2997 3013 3239 3068 Possum,
3268 3012 3349 3052 to-

1804 3095 1917 3140 tum
1944 3087 2017 3153 id,
2052 3100 2231 3154 neque
2260 3086 2435 3156 ipsum
2456 3078 2794 3141 'Beatitudini
2840 3098 2946 3143 tute
2974 3088 3167 3149 devote
3188 3099 3347 3159 atque

1798 3175 2078 3229 humiliter
2102 3177 2288 3231 oll'ero.
2326 3177 2432 3240 Sed
2462 3191 2531 3230 ne
2559 3177 2772 3246 longior
2804 3178 2930 3241 sim,
2964 3179 3107 3248 quod
3132 3188 3261 3248 opto
3292 3190 3347 3233 et

1797 3282 1981 3336 spero,
2012 3267 2339 3321 universalis
2362 3268 2616 3322 Ecclesiae
2636 3283 2824 3330 pacem
2852 3269 2994 3323 Deus
3012 3270 3346 3325 Christiano-

1795 3368 1915 3407 rum
1946 3357 2128 3421 generi
2158 3370 2256 3423 per
2288 3355 2643 3410 Sauctitatem
2678 3366 2825 3410 tuam
2856 3357 3019 3429 citius
3062 3362 3344 3416 concedat.

1794 3445 1984 3497 Amen.

1867 3533 2114 3609 Georgius
2140 3533 2535 3604 Trapezuntius,
2558 3535 2911 3590 devotissimus
2937 3553 3000 3591 ac
3019 3538 3341 3592 humillimus

1794 3621 2098 3699 Sanctitatis
2147 3632 2250 3676 tute
2286 3623 2536 3692 famulus,
2583 3632 2746 3678 totum
2772 3641 2829 3678 se
2850 3627 2960 3695 ipsi
3009 3630 3336 3682 commendat

1794 3732 1856 3769 ac
1877 3715 2038 3769 tradit
2066 3714 2166 3785 (i).
3131 3711 3135 3714 ’

191 4013 749 4094 'ﬂtTrapquut‘ium
783 4026 850 4094 et‘
868 4016 1008 4072 hanc
1052 4011 1553 4094 ipsiusﬂorationem
1586 4033 1681 4077 seu

1801 4018 2002 4074 istolam
2036 4015 2437 4073 commendavit
2502 4016 2775 4073 Ludovico
2807 4017 3101 4089 Scarampo
3160 4019 3341 4075 cardic

141 4082 244 4138 nali
268 4082 598 4140 Fraudatus
632 4084 892 4139 Barbattis
935 4082 1088 4145 aliud
1119 4090 1276 4144 H35.
1662 4118 1663 4121 η
