4114 6324
661 304 801 375 ΙΟΞἿ

1847 302 2449 403 CPOLITANon‘Uu
2498 307 2703 370 tMPP.

3742 306 3885 369 1028.

659 423 945 493 palatium,
972 419 1570 487 ecclesiam,balneum,
1607 420 1823 489 furnum
1854 430 1910 475 et
1930 422 2225 492 jardinum,
2254 432 2314 487 Α.
2343 408 2487 473 intra
2510 420 2679 488 ipsam
2707 417 3010 479 eccleSiam,
3056 423 3106 469 et
3164 416 3425 470 cimiterio
3476 415 3665 485 ipsius,
3722 426 3877 486 atque

663 522 716 567 et
738 513 925 565 domos
963 510 1286 566 suillcientes
1339 512 1405 564 ad
1456 512 1639 568 Stailos
1692 523 2072 574 mercatorum,
2117 511 2209 577 qui

661 598 860 652 ibidem
884 599 1125 650 venerint
1151 612 1309 650 causa
1346 591 1646 667 negotiandi
1680 615 1693 650 ε
1728 601 1804 652 ita
1826 606 2026 659 tamen,
2054 600 2197 663 quod

665 687 883 756 ex'ipsis
915 686 1095 754 aliqua
1124 689 1314 756 pensio
1341 690 1445 757 peti
1474 702 1581 741 non
1642 688 1803 742 debet
1836 703 1938 741 nec
1971 688 2130 755 exigi,
2163 691 2217 740 el

668 780 719 831 in
746 770 1025 855 praedictis
1050 778 1206 832 terris
1236 788 1292 832 et
1320 780 1511 835 insulis
1548 780 1749 833 habere
1782 781 1981 832 debent
2014 791 2067 831 et
2094 792 2217 845 pos-

664 870 771 922 sint
794 866 1092 923 Januenses
1117 872 1242 922 etin
1274 865 1513 936 qualibet
1545 883 1731 922 earum
1764 871 1825 920 ad
1858 884 2043 921 eorum
2080 868 2215 921 velle

669 960 939 1021 consules,
974 959 1177 1010 curiam
1208 967 1262 1011 et
1288 938 1725 1025 iurisdictionem
1755 972 1955 1009 meram
1986 968 2039 1009 et
2079 957 2217 1007 mix-

669 1056 779 1099 tam
814 1048 865 1098 iu
898 1046 1149 1110 civilibus
1198 1056 1252 1099 et
1308 1047 1690 1100 criminalibus
1746 1048 2000 1099 omnibus
2062 1061 2233 1113 super.

670 1136 1305 1191 omnibusJanuensibus
1331 1143 1385 1191 et
1433 1138 1499 1191 de
1553 1137 1806 1191 districto
1865 1137 2058 1191 Januas
2092 1134 2219 1206 [et]

670 1231 757 1296 qui
786 1225 1373 1281 dicunturJanuenses.
1399 1226 1464 1280 Et
1501 1227 1546 1279 si
1582 1226 1804 1293 quaestio
1856 1228 1979 1290 erit,
2044 1234 2222 1279 utrum

616 1360 622 1365 .
671 1316 862 1385 aliquis
884 1316 986 1368 erit
1010 1314 1297 1367 Januensis
1329 1316 1409 1368 vel
1443 1316 1507 1368 de
1536 1316 1791 1369 districto
1847 1316 1928 1367 vel
1983 1300 2222 1383 appella-

674 1416 777 1471 tur,
810 1406 1056 1459 credetur
1084 1413 1321 1459 etstetur
1353 1405 1643 1458 assertioni
1675 1406 1959 1459 consulum
1985 1403 2226 1457 Januen-

672 1496 829 1557 sium,
861 1496 949 1561 qui
986 1505 1113 1567 tunc
1147 1494 1402 1562 temporis
1454 1488 1675 1548 fuerint.
1732 1493 1989 1549 Promisit
2044 1504 2221 1546 autem

671 1594 724 1638 et
752 1584 1029 1646 convenit,
1054 1582 1198 1650 quod
1225 1598 1329 1636 non
1374 1585 1598 1651 recipiet
1620 1583 1853 1651 aliquem
1880 1582 2220 1636 Januensem

659 1688 771 1727 nec
810 1674 874 1727 de
902 1660 1238 1728 dislricltfiu
1267 1673 1530 1726 vasallum
1568 1673 1841 1726 hominem
1866 1687 1959 1726 seu
1990 1672 2229 1735 ﬁdelem,

2332 510 2506 564 solum
2522 510 2683 563 castri
2722 507 3062 569 Venetorum,
3090 504 3230 573 quod
3281 517 3363 560 est
3387 511 3441 559 in
3493 510 3604 574 ipsa
3635 509 3870 568 civitate,

2326 602 2371 654 si
2407 599 2604 653 dictum
2624 611 2908 652 commune
2930 597 3214 649 instantem
3236 596 3569 651 etetiicacem
3594 599 3660 648 ad
3686 598 3872 649 dictam

2326 690 2597 743 civitatem
2646 687 2958 754 capiendam
2994 702 3302 740 succursum
3339 672 3549 741 miserit
3578 690 3870 754 galearum.

2394 780 2525 831 item
2556 774 2706 831 dedit
2735 777 3237 843 et“concessitjure
3270 777 3628 843 proprietatis
3669 788 3723 828 et
3779 778 3873 828 do-

2321 868 2469 920 minii
2498 882 2616 919 cum
2645 870 2799 934 plena
2826 867 3205 934 iurisdictione
3227 880 3374 919 mera
3401 876 3455 920 et
3520 866 3689 919 mixta
3747 867 3845 917 civi

2321 967 2483 1010 tatem
2514 963 2624 1013 sive
2646 962 2821 1013 locum
2858 960 3071 1012 Sinrirri
3092 969 3147 1011 et
3173 961 3288 1024 ejus
3341 972 3554 1028 portum
3620 976 3741 1012 cum
3786 976 3873 1011 su-

2320 1048 2577 1113 pradictis
2609 1049 3045 1116 possessionibus
3078 1058 3130 1100 et
3165 1049 3412 1102 districto
3440 1032 3495 1102 ei
3547 1046 3870 1102 habitatori-

2322 1138 2443 1201 bus,
2475 1138 2696 1192 introitu
2733 1140 2987 1206 exitnqne
3040 1140 3204 1193 maris
3233 1148 3478 1194 ettterrm
3538 1142 3765 1193 liberam
3826 1150 3878 1193 et

2322 1229 2648 1294 expeditam,
2674 1237 2929 1297 perpetuo
2956 1230 3341 1297 possidendam
3372 1246 3391 1284 :
3434 1231 3873 1285 videlicettolom

2324 1316 2476 1379 illud,
2512 1320 2653 1383 quod
2688 1321 2921 1387 pertinet
2950 1322 3317 1388 imperatoriae
3378 1320 3673 1391 Majestati,
3720 1323 3876 1375 salvis

2320 1404 2531 1470 juribus
2559 1408 2901 1473 episcOpatus
2930 1419 2986 1461 et
3024 1410 3378 1465 ecclesiarum
3413 1411 3585 1479 ipsius
3618 1413 3871 1472 civitatis.

2326 1504 2379 1546 et
2406 1493 2592 1549 eorum
2621 1496 2846 1549 militent
2880 1499 2965 1564 qui
2994 1508 3117 1550 sunt
3150 1500 3471 1565 privilegiati
3496 1500 3557 1553 in
3582 1500 3699 1569 ipSa
3726 1502 3867 1553 ciri-

2334 1590 2441 1635 tate
2468 1583 2768 1637 inhabitare
2809 1585 2875 1637 ab
2900 1583 3142 1653 imperio
3167 1598 3349 1640 nostro
3377 1588 3427 1639 in
3446 1586 3637 1639 ordine
3659 1579 3876 1649 iniiitiz,

2331 1685 2450 1739 qua:
2478 1676 2685 1727 cunctis
2718 1685 2801 1727 est
2826 1674 2970 1729 utilis
3027 1677 3096 1729 ad
3162 1691 3316 1728 usum
3367 1676 3787 1737 mer'cationum,
3830 1686 3880 1727 et

674 1765 797 1831 quia
823 1776 1038 1829 semper
1068 1764 1250 1816 sitsub
1277 1764 1427 1817 curia
1465 1764 1923 1832 etjurisdictione
1944 1763 2227 1816 consulum
2264 1777 2310 1834 Β
2338 1759 2497 1813 habet
2521 1755 2946 1830 bonumportum
2994 1772 3048 1815 et
3073 1772 3156 1829 est
3181 1762 3403 1818 afﬂuens
3432 1764 3585 1817 bonis
3615 1762 3874 1817 omnibus.

674 1848 1042 1927 Januensium,
1080 1859 1151 1903 ‘et
1197 1850 1452 1917 sub‘ipsis
1485 1852 1807 1917 respondere
1838 1859 2080 1917 teneatur
2116 1857 2232 1900 tan-

675 1954 833 2004 quam
864 1940 998 1993 civis
1020 1948 1071 1993 et
1107 1940 1373 1992 habitator
1403 1938 1705 1994 Januensis.

747 2031 873 2082 Item
910 2028 1253 2096 promisitet-
1283 2030 1556 2091 convenit,
1613 2030 1754 2097 quod
1804 2045 1911 2081 nou
1966 2027 2228 2093 impediet

684 2121 760 2171 vel
788 2116 1031 2185 impediri
1060 2117 1219 2170 faciet
1252 2132 1350 2169 nec
1374 2119 1646 2184 permittet
1682 2119 1734 2168 in
1754 2126 1866 2168 toto
1917 2114 2230 2169 ιιοειτυιῐιη-

680 2196 848 2272 ιιρῒὶο,
881 2208 1019 2272 Quod
1048 2204 1207 2258 habet
1240 2216 1294 2257 et
1328 2204 1823 2258 Dei-misericordia
1887 2203 2228 2271 adquisierit,

680 2299 910 2365 aliquem
942 2297 1263 2351 Jmuensem
1298 2288 1471 2349 velde
1513 2296 1762 2347 districtu
1795 2297 1869 2347 vel
1904 2295 2119 2348 dictum
2146 2292 2235 2346 ιιι-
2264 2335 2268 2339 .

684 2402 937 2441 nueusem
975 2400 1071 2454 pro
1114 2387 1256 2438 facto
1308 2387 1386 2438 vel
1453 2386 1645 2439 delicto
1688 2387 1908 2439 alterius
1944 2388 2233 2439 occasione

685 2477 860 2545 aliqua
889 2477 943 2529 in
981 2477 1225 2542 personis
1254 2477 1334 2526 vel
1380 2475 1558 2536 rebus,
1593 2477 1687 2529 sed
1717 2484 2232 2543 pmna'suosteneat

685 2577 953 2625 auctores,
992 2563 1063 2614 ita
1105 2562 1249 2629 quod
1282 2547 1688 2629 caeteriuullmu
1721 2564 1971 2614 damnum
2006 2563 2086 2614 vel
2145 2563 2233 2623 ire-

683 2656 888 2707 siouem
920 2652 1188 2719 patiantur
1223 2666 1318 2715 pro
1352 2651 1550 2703 delicto
1611 2651 1852 2713 alterius,
1912 2652 2092 2705 debito
2151 2651 2231 2702 vel

688 2746 890 2811 rapina.
926 2741 987 2794 Et
1015 2742 1055 2793 si
1086 2742 1209 2809 quis
1225 2744 1325 2791 erit
1359 2752 1647 2793 accusatus
1677 2741 1757 2793 vel
1810 2725 2123 2807 inculpatus
2153 2741 2235 2792 vel

689 2832 975 2899 requisitus
1008 2832 1072 2885 de
1112 2829 1290 2895 aliquo
1317 2828 1516 2891 debito,
1578 2830 1759 2894 rapina
1800 2831 1878 2881 vel
1914 2831 2109 2881 delirio
2133 2829 2234 2880 ali-

614 2968 623 2970 _
687 2924 861 2989 cuius,
888 2931 1246 2989 cognoscatur
1279 2923 1343 2972 de
1372 2920 1454 2970 bis
1484 2918 1582 2971 sub
1606 2918 1754 2970 curia
1785 2928 1838 2969 et
1861 2910 2237 2983 iurisdictione

692 3012 967 3064 consulum
999 3008 1372 3060 latiuensium.
1406 3006 1474 3058 Et
1498 3007 1538 3059 si
1572 3006 1771 3071 aliquis
1803 3007 1865 3056 de
1898 3014 2044 3057 terra
2066 3005 2245 3056 nostri

2404 1849 2659 1904 Promisit
2688 1850 2881 1916 iterum
2907 1846 3229 1906 etcouvenit
3255 1854 3382 1905 dare
3408 1854 3687 1906 annuatim
3725 1866 3873 1905 eom-

2332 1937 2681 1993 muniJauuze
2715 1956 2810 2008 pro
2841 1941 3117 1994 solemniis
3172 1957 3465 2011 yperperos
3522 1942 3599 2011 (ft)
3631 1943 3877 2009 quingen-

2332 2040 2415 2083 tos
2447 2031 2619 2083 etduo
2645 2032 2802 2096 pallia
2826 2034 3105 2092 deaurata,
3131 2044 3196 2084 et-
3246 2032 3735 2100 archiepiscopatui
3792 2029 3872 2083 Ja-

2331 2119 2613 2171 nuensium
2670 2133 2958 2186 yperperos
2991 2117 3077 2169 LX
3108 2127 3161 2171 et
3206 2105 3424 2185 pallium
3461 2134 3628 2171 unum
3661 2120 3875 2170 deaura-

2326 2216 2465 2266 tunt,
2499 2218 2556 2258 ut
2584 2217 2911 2258 memoratur
2943 2207 2994 2258 in
3040 2207 3317 2273 privilegio
3381 2205 3552 2260 felicis
3608 2206 3873 2258 memoriis

2335 2286 2543 2350 Domini
2576 2297 2836 2350 Manuelis
2884 2289 3224 2363 Imperatoris
3252 2298 3518 2362 quoudatn
3550 2296 3873 2349 GrerOrum.

2404 2386 2530 2440 Item
2562 2390 2809 2457 promisu
2852 2396 2905 2440 et
2934 2390 3205 2449 convertit,
3235 2386 3376 2455 quod
3437 2402 3544 2440 non
3606 2387 3759 2440 faciet
3820 2390 3875 2437 de

2332 2490 2527 2539 cancro
2549 2478 2814 2531 communi
2850 2476 3032 2531 Janute
3079 2468 3327 2543 devictum
3382 2476 3600 2543 aliquod
3660 2480 3709 2526 in
3771 2487 3873 2527 tet.»

2332 2570 2476 2620 dicto
2538 2565 2785 2634 lnqierio.
2820 2567 2957 2633 quod
2997 2566 3153 2619 habet
3180 2574 3234 2619 et
3265 2564 3358 2618 Dei
3391 2565 3759 2618 misericordia
3792 2564 3874 2614 ad-

2335 2657 2603 2723 quisierit.
2649 2659 2711 2708 de
2742 2656 3007 2723 aliquibus
3057 2656 3509 2718 mereationibus,
3565 2654 3873 2707 victualibns

2338 2759 2494 2814 atque
2522 2763 2709 2815 grano,
2768 2747 2859 2799 sed
2913 2746 3051 2813 ipsis
3092 2747 3472 2806 mercationes,
3523 2744 3772 2797 victualia
3831 2752 3877 2793 et

2337 2854 2557 2907 granum
2580 2838 2848 2905 permittet
2868 2837 3185 2890 contrahere
3235 2840 3299 2888 de
3328 2843 3440 2888 toto
3461 2834 3571 2902 iam
3618 2834 3877 2886 autedicto

2341 2927 2568 2993 Imperio
2601 2926 2847 2978 omnibus
2873 2938 2926 2977 et
2953 2924 3577 2989 singulis'ianuenStbus,
3599 2933 3655 2975 et
3677 2922 3875 2973 deferre

2345 3016 2512 3068 libere
2537 3025 2587 3066 et
2617 3015 2881 3081 expedite,
2910 3016 3025 3066 sine
3059 3014 3240 3080 aliquo
3271 3014 3650 3080 impedimento
3680 3014 3876 3071 ducite,

694 3100 933 3167 imperii,
964 3096 1043 3150 vel
1066 3096 1260 3162 aliquis
1286 3096 1375 3162 qui
1412 3110 1513 3147 nou
1540 3095 1608 3147 sit
1652 3078 1723 3146 fde
1784 3103 1969 3153 nostro
2004 3093 2235 3159 imperio
2265 3101 2310 3153 ο
2344 3106 2654 3160 commercii
2684 3078 2797 3156 έίνθ
2823 3104 3141 3157 “actionis.

698 3202 796 3241 nec
825 3188 894 3240 sit
924 3184 1233 3247 Januensis,
1260 3182 1541 3239 oﬂ‘enderit
1567 3182 1800 3247 aliquem
1857 3184 2236 3249 praedictorum

693 3280 1045 3333 Januensimn
1086 3276 1297 3328 velerit
1332 3274 1543 3326 debitor
1570 3274 1634 3325 de
1671 3274 1847 3338 aliqua
1910 3274 2238 3338 quantitate,

700 3371 983 3440 imperium
1006 3376 1243 3421 nostrum
1276 3364 1529 3432 procedat
1557 3373 1607 3415 et
1633 3362 1785 3415 faciet
1807 3348 2069 3431 juStitiatu
2096 3379 2242 3417 stun-

696 3465 914 3518 tnari‘atu
952 3470 1005 3514 et
1038 3460 1362 3527 expeditam.

765 3554 915 3616 item,
940 3550 1088 3616 quod
1115 3563 1218 3601 non
1256 3550 1526 3614 permittet
1559 3548 1620 3601 de
1649 3558 1844 3600 cartero
1893 3547 1944 3598 in
1975 3557 2081 3598 tota
2142 3560 2239 3597 sna

699 3654 840 3697 terra
879 3642 1046 3692 vel-iu
1090 3640 1276 3691 insulis
1307 3638 1476 3690 nostri
1521 3637 1749 3705 Imperii,
1780 3652 1914 3703 quas
1976 3636 2134 3688 habet
2188 3645 2242 3687 et

695 3734 787 3786 Dei
846 3728 1219 3784 misericordia
1275 3728 1617 3805 ‘adqttisierit,
1673 3726 1905 3793 aliquant
1974 3737 2240 3801 armatam

695 3822 833 3885 lteri,
862 3821 1001 3889 quod
1025 3824 1229 3871 armata
1257 3818 1329 3872 sit
1357 3830 1409 3871 et
1440 3833 1558 3871 esse
1592 3817 1785 3870 debeat
1852 3828 2039 3870 contra
2092 3830 2242 3871 com-

696 3927 855 3966 mune
889 3909 1074 3964 Janus:
1099 3911 1177 3962 vel
1202 3908 1501 3962 Janueuses
1524 3920 1577 3962 et
1612 3908 1892 3961 districtus
1930 3923 1943 3956 :
2019 3922 2122 3959 non
2156 3920 2239 3958 re-

698 3986 935 4070 ceptabit
960 4014 1136 4066 neque
1164 4002 1428 4068 recepturi
1482 4001 1753 4066 permittet
1798 4003 2029 4065 aliquam
2065 4012 2244 4049 arma-

701 4106 806 4145 tam
847 4103 1029 4144 contra
1062 4090 1362 4144 Jauueuses
1388 4095 1445 4164 in
1480 4100 1589 4143 toto
1620 4090 1763 4143 dicto
1800 4088 2049 4156 imperio,
2075 4101 2247 4154 neque

698 4182 955 4235 concedet
985 4181 1219 4234 inimicis
1242 4174 1540 4233 communis
1564 4178 1917 4231 Januensium
1947 4188 2240 4229 mercatum

701 4267 941 4335 aliquod,
975 4265 1215 4331 exceptis
1242 4266 1473 4327 Pisanis,
1517 4266 1604 4329 qui
1663 4273 1791 4315 sunt
1838 4264 2017 4317 iideles
2076 4263 2243 4314 nostri

2415 3196 2544 3249 item
2565 3196 2814 3262 promisit
2854 3205 2905 3247 et
2934 3195 3205 3257 convenit,
3256 3193 3400 3261 quod
3468 3206 3572 3245 non
3628 3191 3877 3244 detinebit

2346 3302 2447 3341 nec
2485 3286 2710 3339 detineri
2738 3285 2896 3339 faciet
2947 3300 3045 3340 nec
3104 3284 3377 3353 permittet
3424 3282 3661 3351 aliquam
3709 3282 3872 3333 navim

2342 3394 2514 3445 neque
2549 3376 2749 3447 lignum
2781 3370 3008 3445 alicujus
3042 3375 3324 3429 Januensis
3368 3376 3545 3441 aliqua
3577 3373 3872 3429 occasione.

2342 3484 2440 3522 nec
2462 3470 2687 3536 aliquem
2727 3467 3045 3522 Januensem
3070 3467 3121 3519 in
3163 3468 3407 3539 personis
3466 3472 3519 3515 et
3561 3465 3746 3524 rebus,
3793 3464 3874 3514 sed

2342 3563 2485 3629 ipsos
2510 3571 2565 3613 et
2594 3559 2737 3627 ipsas
2770 3572 2980 3625 semper
3040 3559 3187 3620 exire
3231 3544 3505 3623 permittet
3531 3555 3598 3606 de
3646 3563 3756 3606 toto
3785 3553 3875 3605 itu-

2341 3652 2489 3718 perio
2523 3650 2883 3717 personaliter
2913 3658 2965 3702 et
2998 3648 3233 3709 reabtcr,
3271 3646 3371 3697 nisi
3403 3644 3709 3710 inculpatus
3750 3645 3873 3694 iuret

2344 3740 2409 3791 de
2436 3738 2613 3805 aliquo
2642 3737 2843 3814 debito,
2879 3736 3019 3789 furto
3051 3736 3131 3787 vel
3184 3734 3391 3800 rapina,
3430 3732 3496 3784 de
3551 3733 3751 3798 quibus
3793 3731 3879 3784 sub

2343 3829 2490 3884 Curia
2518 3816 2871 3882 Janueusiuin
2911 3828 3101 3879 debeat
3126 3826 3381 3893 iudicari.

2414 3920 2543 3971 item
2581 3920 2822 3985 promisit
2869 3905 2921 3971 et
2978 3918 3251 3979 convenit,
3308 3921 3450 3989 quod
3503 3933 3607 3970 non
3659 3921 3878 3987 imponet

2347 4018 2437 4061 aut
2462 4007 2635 4079 e'viget
2668 4008 2936 4099 nee-exigi
2974 4006 3133 4060 faciet
3187 4006 3252 4073 ab
3278 4008 3456 4075 aliqua
3524 3990 3753 4074 persona
3793 4006 3876 4057 ali-

2346 4102 2484 4167 quod
2510 4114 2703 4151 novum
2740 4093 3146 4161 commercium,
3176 4093 3404 4149 dacitain
3430 4111 3526 4149 seu
3554 4098 3876 4151 exactionem

2350 4192 2399 4243 in
2430 4197 2540 4245 toto
2566 4189 3090 4256 lmpe’rioprmdicto,
3114 4190 3251 4256 quod
3288 4168 3574 4242 habet‘vel
3623 4186 3879 4257 adquisie-

2352 4279 2418 4331 rit
2447 4278 2540 4330 Dei
2573 4276 2961 4337 misericordia,
2992 4279 3056 4327 de
3092 4277 3195 4331 illis
3250 4279 3691 4342 utercatiouibus,
3751 4291 3870 4343 quas

707 4356 920 4423 imperii
946 4372 959 4408 :
986 4363 1039 4406 et
1059 4367 1244 4407 Omnes
1266 4357 1467 4420 piratas
1491 4362 1675 4405 contra
1702 4366 1986 4405 commune
2014 4350 2233 4402 Januen-

2350 4368 2477 4421 emit
2516 4364 2928 4417 aJanuensibus
2952 4358 3071 4439 nec
3112 4365 3237 4431 ipsis
3290 4365 3587 4420 vendiderit
3645 4382 3747 4419 nec
3803 4364 3878 4432 Qui

706 4448 842 4497 sium
875 4446 942 4497 de
982 4451 1093 4495 toto
1126 4434 1313 4495 nostro
1336 4441 1570 4509 imperio
1608 4442 1856 4507 exnellet,
1877 4450 1930 4491 et
1963 4452 2248 4505 perseque-

709 4546 793 4587 tur
818 4551 908 4587 cos
932 4544 1092 4602 atque
1112 4532 1291 4600 puniet
1320 4532 1610 4585 secundum
1648 4530 1907 4597 justitiam
1937 4528 2246 4579 oilensores.

780 4648 905 4699 Item
944 4645 1206 4713 promisit,
1231 4641 1486 4697 convenit
1518 4649 1571 4693 et
1608 4638 1949 4692 c0ufirmavit
1985 4639 2125 4704 jura,
2162 4652 2248 4687 ra-

710 4744 899 4801 tiones
919 4737 992 4805 (ἡ)
1021 4747 1071 4787 et
1098 4733 1434 4803 privilegium
1461 4731 1665 4799 jurium
1690 4740 1741 4781 et
1764 4730 2138 4786 tetliiiciorum,
2173 4728 2251 4779 di~

708 4834 827 4881 vina
859 4824 1226 4881 misericordia
1260 4824 1491 4887 favente,
1546 4821 1685 4889 quod
1748 4835 2031 4873 commune
2068 4819 2253 4871 Janus:
2298 4822 2307 4829 ’

710 4937 800 4973 seu
830 4919 1020 4983 aliquis
1051 4932 1143 4981 pro
1174 4915 1441 4967 communi
1470 4915 1745 4967 consuevit
1765 4912 1987 4964 habere
2012 4912 2062 4962 in
2122 4910 2250 4962 urbe

715 5022 898 5071 magna
928 5006 1407 5071 Constantinopoli.
1436 5004 1499 5056 Et
1528 5006 1569 5056 si
1604 5003 1857 5056 Dtnitiitus
1912 5002 2251 5067 mnniputeus

714 5096 1035 5148 concesserit
1070 5095 1295 5161 imperio
1337 5106 1521 5147 nostro
1578 5084 1896 5161 recuperare
1946 5106 2002 5144 et
2062 5107 2250 5155 (rapere

714 5184 906 5233 dictant
940 5182 1227 5246 civitatem,
1262 5192 1385 5234 tunc
1423 5173 1568 5235 dabii
1622 5186 1671 5239 in
1735 5183 1952 5235 civitate
2004 5182 2251 5249 praedicta

714 5270 958 5335 palatium
983 5272 1247 5321 communi
1308 5270 1513 5333 ianum,
1572 5271 1807 5333 stuliuni,
1864 5271 2249 5336 pOSSBSaiUfl‘L‘S,

713 5366 764 5405 et
796 5358 847 5408 in
874 5359 1025 5409 terris
1053 5371 1105 5408 et
1142 5358 1367 5426 gratiam
1394 5357 1555 5409 faciet
1585 5358 1727 5409 dicto
1761 5358 2050 5418 communi,
2102 5356 2251 5405 vide-

716 5444 838 5497 licet
871 5448 1003 5511 quod
1036 5447 1172 5499 dabit
1205 5448 1350 5500 dicto
1374 5448 1643 5500 communi
1676 5447 1879 5499 ecciesi-
1922 5463 1951 5497 n
1987 5444 2250 5496 S.'Muri:n

715 5552 871 5603 quam
901 5540 1052 5592 modo
1088 5551 1263 5594 tencut
1300 5538 1568 5600 Venetici,
1619 5554 1736 5589 eum
1763 5537 1933 5603 logits,
1976 5549 2092 5601 qua:
2128 5543 2249 5586 sunt

786 5649 858 5717 (hi
894 5648 1084 5715 Νωνβῦ
1120 5650 1325 5720 λόγους,
1353 5650 1879 5721 δακρυσοΰούηονς.
1912 5646 2075 5700 lacu.

2352 4454 2933 4511 dicunturJanuenses,
2962 4454 3064 4505 nisi
3109 4463 3163 4504 ut
3192 4456 3313 4506 hinc
3334 4461 3474 4507 retro
3496 4463 3741 4521 tempore
3771 4453 3876 4507 foe-

2356 4544 2477 4597 licis
2540 4542 2811 4595 memoria:
2869 4542 3069 4594 domini
3108 4542 3457 4621 ‘lmperatoris
3545 4542 3890 4595 Kuloioannit‘

2352 4634 2528 4701 agnati
2549 4634 2712 4685 nostri
2746 4632 2959 4685 solitum
2982 4630 3141 4684 fuerit
3174 4632 3310 4698 exigi
3331 4633 3385 4683 et
3426 4630 3610 4684 haberi
3661 4634 3728 4685 de
3760 4631 3876 4684 ciri-

2353 4723 2491 4776 libus
2534 4723 2963 4776 inercationibus.

2422 4812 2665 4866 Promisit
2701 4814 2890 4865 iterum
2917 4823 2969 4865 et
2995 4812 3263 4875 convenit,
3304 4812 3444 4880 quod
3480 4826 3581 4865 non
3619 4816 3877 4881 pernutut

2353 4909 2415 4963 de
2444 4900 2635 4956 egi-tero
2666 4905 2921 4971 negotiari
2964 4904 3103 4955 inter
3128 4903 3299 4970 Maius
3346 4919 3492 4955 mare
3524 4904 3761 4971 aliquem
3792 4904 3877 4955 Ln-

2355 4998 2543 5053 lilllilll,
2567 4994 2666 5045 nisi
2707 4992 3029 5046 Janueusem
3063 5005 3115 5045 et
3146 4994 3395 5047 Pisanum
3430 5006 3481 5045 et
3508 5010 3627 5052 eos.
3663 4998 3751 5060 qui
3777 4996 3869 5044 dri-

2356 5080 2637 5133 fendtrunt
2667 5088 2873 5149 portum
2910 5096 3001 5131 seu
3031 5096 3115 5133 res
3149 5079 3419 5142 Vestiarii,
3441 5083 3638 5149 quibus
3662 5082 3875 5135 Janueuv

2354 5172 2498 5223 sibus
2533 5176 2771 5226 devetum
2803 5189 2904 5224 non
2943 5172 3097 5223 faciet
3120 5171 3278 5223 eundi
3330 5172 3467 5222 inter
3523 5167 3698 5239 Majns
3755 5184 3878 5223 utare

2354 5254 2405 5314 et
2436 5265 2689 5314 redeundi
2747 5279 2863 5316 cum
2904 5248 3190 5324 mercibus,
3221 5260 3302 5313 vel
3342 5260 3457 5313 Siue
3485 5265 3776 5327 mercibus,
3802 5258 3876 5313 sed

2356 5354 2516 5408 libere
2551 5355 2867 5422 possiut‘ire
2901 5366 2950 5405 et
2986 5352 3237 5403 redeundi
3268 5350 3325 5420 (ἡ)
3357 5350 3423 5403 ab
3457 5350 3599 5403 omni
3634 5364 3877 5403 commer-

2355 5444 2435 5493 cio
2466 5455 2515 5494 et
2543 5445 2734 5493 redire.

2424 5536 2674 5587 Promisit
2704 5536 2921 5601 insuper
2955 5543 3007 5584 ct
3030 5532 3297 5586 convenit.
3353 5532 3576 5583 firmatis
3633 5542 3707 5584 et“
3734 5526 3877 5583 ratiﬁ-

2424 5647 2483 5715 (ἱ)
2516 5647 2851 5715 Legendum:
2887 5648 3154 5707 immunes,
3187 5641 3265 5699 vel
3296 5654 3342 5696 et
3363 5621 3618 5711 εέρεάὶιε.
