4114 6324
217 324 347 389 I061

1264 324 1628 382 Not'tzt.t..t:
1666 282 2350 380 «κάκδτί-Γυιγιθκιςςς
2424 296 2425 299 γ

3246 304 3247 307 “
3300 314 3430 375 1062

205 445 387 489 neum,
426 428 670 497 proprius
724 430 802 480 sui
832 428 1109 490 ecclesias,
1166 429 1501 480 sacerdotem
1556 428 1632 478 vel
1675 442 1760 477 δίι-
1791 433 1835 484 Α
1865 427 2007 491 quod
2057 425 2168 477 tieri
2218 427 2405 478 debent
2464 424 2728 476 satist-alio
2769 423 2938 491 ipsius
2982 420 3218 488 datupui,
3273 439 3333 488 pr
3374 426 3433 474 ιιι

205 521 453 583 cerdutes
485 518 789 573 .Iauuenscs
824 529 875 573 el
904 500 1149 581 Latinos,
1182 528 1439 572 stateram
1477 529 1531 571 et
1564 518 1761 583 pouth-

207 618 416 661 ratores
458 608 831 669 Jauuensium.
882 609 1109 671 scribas,
1156 624 1440 661 mansuras
1485 617 1536 681 et
1586 623 1760 659 omnia

208 699 315 752 alia
344 716 444 767 que
493 700 759 753 voluerint
794 702 857 751 ad
911 703 1237 753 voluntatem
1275 710 1329 753 et
1372 700 1626 768 placitum
1666 715 1759 749 cu-

209 807 355 845 rum.
389 793 691 845 Ponderare
724 802 899 845 tamen
958 794 1185 846 debeam
1220 792 1412 860 prerati
1446 792 1764 859 ponderato-

156 872 161 885 ’
210 894 300 935 res
353 881 586 947 ipsorum
643 890 895 949 presente
944 880 1129 937 scriba
1196 882 1279 933 vel
1334 880 1438 933 alio
1470 879 1669 932 nuncin
1699 894 1759 930 ex

208 982 364 1038 parte
408 973 660 1026 contercii
692 971 909 1039 Imperii
952 973 1145 1026 nostri.
1206 972 1273 1023 Et
1302 971 1403 1039 ipsi
1431 971 1647 1038 quidem
1675 967 1765 1020 Ja-

212 1076 444 1116 uucnses
490 1063 686 1115 habere
710 1063 941 1116 debeant
984 1061 1348 1116 omnimodam
1374 1061 1676 1113 libertatem
1708 1068 1760 1112 et

214 1150 562 1203 fraucltiziam
594 1150 660 1204 ad
694 1153 1097 1219 ponderandum
1137 1152 1508 1206 mercaciones
1541 1166 1758 1205 eorum:

211 1240 380 1292 ceteri
428 1253 555 1293 vero
588 1241 680 1308 qui
731 1242 977 1296 redentes
1019 1252 1145 1296 sunt
1196 1240 1523 1296 c0mmercio
1552 1240 1761 1308 Imperii

146 1358 150 1363 -
216 1329 410 1388 nostri,
450 1330 576 1382 dare
614 1330 845 1383 debeant
875 1346 969 1399 pro
998 1332 1111 1400 ipsa
1140 1332 1503 1400 pouderatura
1536 1330 1588 1383 id
1622 1329 1762 1397 quod

210 1426 296 1472 est
326 1414 524 1473 decens
560 1424 854 1477 secundum
906 1422 1309 1477 ordiuacioueut
1342 1432 1395 1475 et
1425 1422 1773 1476 consuetutli-
1812 1446 1813 1449 η

212 1523 362 1571 nem,
400 1510 472 1561 ita
504 1513 643 1579 quod
685 1526 791 1565 non
823 1514 997 1582 possit
1041 1513 1314 1568 occultare
1344 1515 1409 1567 ’se
1442 1512 1524 1566 vel
1554 1513 1766 1565 det‘rau-

211 1599 345 1652 dare
375 1602 698 1655 centerciunt
711 1641 725 1656 .

286 1692 415 1745 Item
444 1710 564 1745 cum
615 1695 666 1746 in
703 1694 892 1750 eodem
934 1695 1053 1749 loco
1094 1696 1206 1749 sint
1234 1696 1463 1752 ecclesie
1492 1703 1602 1749 tres
1628 1694 1763 1749 Gre-

211 1793 421 1841 corum,
455 1797 617 1848 super
644 1784 839 1851 quibus
860 1785 1026 1838 habet
1048 1784 1412 1839 munimodam
1448 1793 1763 1852 potestatem

216 1873 590 1941 sanctissimus
639 1874 886 1930 dominus
953 1876 1220 1942 generalis
1288 1876 1613 1945 patriarcha,
1676 1874 1767 1927 dei

216 1962 381 2015 beant
433 1965 571 2028 ipsas
600 1964 861 2019 ecclesias
921 1954 1120 2022 habere
1148 1967 1457 2020 sacerdotes
1501 1966 1677 2027 Greci,
1714 1973 1769 2015 et

218 2063 439 2107 cantare
470 2063 523 2107 et
547 2052 827 2108 celebrare
874 2056 926 2109 in
957 2056 1105 2123 ipsis,
1147 2057 1288 2122 quod
1324 2070 1417 2123 per
1446 2054 1619 2122 ipsum
1647 2067 1769 2105 san-

212 2141 517 2194 ctissimum
568 2143 842 2198 dominum
902 2145 1267 2213 patriarcham
1318 2144 1619 2213 generalem
1679 2157 1772 2193 au-

214 2230 419 2285 unatim
456 2232 613 2285 fuerit
647 2219 976 2291 ordinatum.

284 2320 415 2374 Item
443 2321 585 2388 quod
628 2335 837 2385 omnes,
864 2323 957 2390 qui
996 2323 1288 2376 secundum
1338 2324 1618 2376 veritatem
1651 2322 1770 2373 fne-

212 2410 325 2462 rint
372 2409 671 2464 Jauuenses
695 2422 747 2465 et
778 2413 866 2480 qui
901 2413 1269 2465 nominabitur
1290 2421 1343 2465 et
1376 2406 1643 2465 tenebitur
1674 2414 1765 2466 Ja-

214 2500 458 2561 uueusis,
501 2512 622 2553 esse
669 2501 859 2555 debeat
897 2502 995 2555 sub
1032 2504 1280 2557 examine
1328 2503 1477 2557 curie
1528 2505 1767 2572 ipsorum

210 2586 585 2654 Januensium,
618 2588 742 2644 licet
765 2592 1126 2658 lranspositus
1145 2592 1306 2645 fuerit
1329 2592 1395 2646 ad
1415 2594 1575 2647 aliam
1594 2596 1769 2648 natio-

211 2690 362 2738 nem,
396 2676 510 2729 sive
539 2676 805 2732 masculus
838 2677 1001 2732 fuerit
1031 2681 1141 2735 sive
1178 2680 1399 2734 femina.
1433 2680 1487 2735 Si
1527 2682 1647 2737 facti
1686 2699 1771 2737 es-

210 2775 332 2819 sent
366 2765 521 2821 Greci
552 2768 635 2821 vel
666 2769 887 2824 alterius
920 2771 1173 2834 nationis,
1207 2783 1365 2837 prout
1391 2772 1433 2827 si
1454 2773 1658 2828 Grecus
1692 2779 1770 2829 Vel

214 2851 387 2910 Greca
422 2856 501 2909 vel
527 2856 662 2910 alius
685 2858 771 2925 qui
803 2859 916 2930 sub
940 2857 1315 2927 iurisdictione
1345 2872 1527 2915 nostra
1555 2864 1661 2917 sint
1694 2867 1773 2920 vel

152 2970 163 2977 ν
211 2962 337 3003 esse
365 2948 596 3003 debeant
624 2950 930 3007 reudabiles
954 2953 1181 3021 imperio
1206 2963 1412 3018 nostro,
1450 2955 1574 3010 licet
1599 2956 1776 3009 elIit-e-

215 3047 425 3112 rentur;
445 3039 764 3106 Januenses,
795 3042 1025 3104 debeant
1061 3058 1179 3100 esse
1205 3045 1306 3097 sub
1327 3048 1574 3102 examine
1605 3052 1772 3116 partis
1804 3068 1840 3121 (ς

212 3128 429 3209 Imperii
477 3131 672 3196 nostri,
721 3148 819 3187 nec
864 3134 1311 3205 computabuutur
1344 3135 1396 3189 in
1446 3153 1672 3194 numero
1722 3150 1776 3192 et

212 3223 554 3278 ordinatione
596 3224 890 3279 Iraucltizie
926 3239 978 3281 et
1023 3226 1283 3281 libertatis
1305 3226 1673 3284 Januensium.

287 3314 420 3365 Item
443 3315 585 3381 quod
618 3317 965 3370 concedimus
993 3318 1129 3384 parti
1156 3316 1393 3383 ipsorqu
1422 3317 1769 3373 Januensium

210 3403 389 3459 locum
424 3407 780 3462 Itabitacionis
817 3408 867 3460 in
902 3416 1041 3461 terra
1067 3407 1429 3467 Smiruarum,
1470 3418 1523 3461 et
1550 3413 1774 3473 permit-

214 3496 383 3550 timus
411 3498 557 3564 ipsos
586 3497 783 3553 habere
807 3499 857 3551 in
890 3499 1074 3561 eodem
1105 3496 1220 3551 loco
1249 3497 1467 3565 Iogiam,
1500 3498 1772 3562 balneum,

214 3585 458 3647 furnum,
490 3586 773 3642 ecclesiam
803 3598 856 3640 et
883 3586 983 3639 alia
1020 3601 1120 3653 que
1151 3587 1456 3655 speeilicata
1492 3599 1615 3641 sunt
1643 3604 1705 3655 pa
1720 3605 1773 3639 r-

216 3677 520 3733 ticulariter
556 3679 610 3730 in
638 3678 872 3745 capitulo
898 3679 966 3731 de
1006 3677 1217 3744 Galata,
1247 3687 1303 3731 ut
1335 3677 1533 3732 dictum
1567 3689 1670 3731 est.

286 3768 417 3822 Item
447 3768 586 3836 quod
612 3769 943 3823 salvabimus
971 3778 1078 3821 tam
1100 3770 1154 3823 in
1184 3769 1317 3823 mari
1341 3784 1499 3836 quam
1528 3768 1579 3822 iu
1610 3779 1783 3832 terra,-

214 3859 269 3912 iu
302 3858 550 3937 portibus
573 3868 625 3911 et
651 3858 842 3913 insulis
870 3874 1002 3929 quas
1033 3857 1294 3923 habemus
1332 3865 1385 3911 et
1412 3856 1657 3911 habituri
1690 3872 1779 3907 su-

212 3966 336 4009 mus
361 3964 455 4019 per
485 3938 713 4018 gratiam
757 3950 847 4003 Dei
897 3962 956 4009 et
981 3948 1422 4001 intercessionem
1452 3946 1569 4012 ejus
1621 3960 1777 3999 sanc-

213 4044 423 4099 tissime
447 4043 753 4105 Genitricis,
796 4054 983 4096 omnes
1013 4038 1308 4093 Jauuenses
1345 4041 1487 4092 etde
1527 4037 1775 4091 districta

211 4132 386 4188 Janue
415 4142 468 4186 et
490 4149 676 4187 omnes
707 4133 1006 4185 nominatos
1044 4128 1339 4182 Jauuenses
1366 4138 1420 4181 et
1451 4129 1541 4196 qui
1568 4142 1661 4195 pro
1688 4128 1778 4180 .la-

216 4226 517 4278 ttucnsibus
542 4226 943 4288 distinguuntur
966 4221 1047 4273 vel
1083 4218 1428 4282 tenebuntur,
1458 4222 1507 4272 iu
1534 4222 1778 4288 personis

214 4326 269 4368 et
304 4316 465 4368 rebus
514 4314 764 4366 omnibus
794 4327 1005 4376 eorum,
1055 4320 1107 4363 et
1134 4310 1238 4364 hiis
1268 4311 1344 4381 (ιι)
1376 4310 1465 4379 qui
1507 4313 1779 4378 patientur

1868 516 1964 579 ipsi
2001 516 2350 581 probaverim
2378 514 2429 567 in
2461 516 2688 567 veritate
2718 522 2771 564 et
2793 512 3101 579 juraveriut
3126 511 3179 564 in
3209 526 3431 579 presen-

1868 606 1937 655 tia
1998 605 2210 658 illorum
2251 606 2341 672 qui
2400 604 2717 673 petestatcm
2752 602 3040 656 habuerint
3078 601 3430 656 Januensiuut

1867 696 2361 761 presentenuucio
2422 696 2633 761 Imperii
2664 695 2854 747 nostri.
2906 693 3148 748 Probare
3204 693 3436 747 debeant

1862 786 2111 839 similiter
2164 802 2283 840 cum
2319 787 2456 839 veris
2480 786 2801 853 iuramentis
2825 785 2985 838 etiam
3034 786 3122 837 alii
3154 783 3244 854 qui
3284 786 3433 839 inve-

1868 877 2081 929 nieutur
2136 878 2185 928 itt
2220 860 2433 931 eodem
2464 866 2743 945 naufragio
2778 879 2867 944 qui
2905 876 3175 929 evaserint
3206 878 3271 930 de
3314 878 3433 946 ips't

1867 972 2106 1036 periculo
2153 982 2405 1035 prcsente
2447 972 2559 1037 ipso
2615 969 2811 1021 nuncin
2847 967 3055 1034 Imperii
3108 968 3298 1029 nostri,
3343 970 3430 1044 qui
3492 1030 3495 1031 ν

1867 1060 2043 1115 videat
2083 1065 2230 1133 ipsos
2279 1075 2442 1119 testes
2484 1064 2686 1133 jurare,
2719 1069 2779 1111 ut
2817 1073 2978 1126 supra
3011 1060 3213 1114 dictum
3244 1070 3347 1124 est,
3380 1073 3433 1113 ιιι

1867 1151 2111 1209 sumcere
2142 1156 2331 1210 debeat
2361 1156 2460 1208 hoc
2490 1155 2555 1208 ad
2580 1165 2946 1211 ostensrouem
2982 1165 3035 1211 ct
3058 1144 3429 1223 probationem

1865 1244 2129 1299 veritatis.
2245 1318 2249 1322 _

1938 1336 2067 1389 Item
2130 1337 2272 1401 quod
2330 1337 2690 1406 preatabimus
2742 1332 2969 1405 semper'
3009 1336 3147 1406 parti
3213 1337 3431 1392 illustris

1868 1428 2112 1482 comunis
2163 1428 2334 1483 Janue
2366 1437 2419 1481 et
2458 1427 2681 1496 singulis
2716 1407 3071 1481 Januensibns
3117 1435 3170 1479 et
3215 1427 3282 1481 de
3320 1410 3431 1481 dis-

1874 1518 2031 1570 trietu
2072 1518 2241 1574 Janue
2272 1528 2324 1573 et
2361 1518 2597 1583 illorum,
2624 1518 2723 1586 qui
2747 1515 3073 1571 tenebuntur
3120 1516 3434 1570 utJauuen-

1868 1624 1976 1673 ses,
2006 1609 2311 1664 libertatem
2340 1617 2394 1663 et
2433 1608 2789 1662 franchiziam
2836 1615 2891 1662 et
2944 1606 3334 1661 immunitatem
3366 1610 3431 1661 de

1869 1710 2049 1751 cetero
2088 1712 2297 1766 semper
2326 1707 2433 1753 tam
2471 1698 2525 1751 in
2561 1696 2698 1750 mari
2726 1712 2883 1765 quam
2926 1697 2979 1750 in
3028 1706 3191 1761 terra,
3221 1696 3273 1751 in
3307 1686 3433 1765 per-

1868 1784 2009 1836 tibus
2037 1795 2088 1837 et
2128 1784 2319 1839 insulis
2350 1785 2553 1840 nostris
2588 1800 2721 1853 quas
2749 1783 3008 1838 habemus
3038 1794 3088 1839 et
3117 1785 3433 1840 habebimus

1869 1872 1967 1926 Dei
1992 1874 2385 1929 misericordia
2415 1884 2465 1929 et
2490 1889 2586 1945 per
2618 1875 3060 1928 intercessionem
3090 1858 3441 1937 sanctissime

1871 1962 1961 2016 Dei
1989 1964 2309 2027 Genitricis,
2340 1966 2412 2017 ita
2444 1966 2583 2033 quod
2616 1978 2800 2018 omnes
2831 1962 3125 2017 Junucnses
3146 1974 3201 2018 et
3227 1967 3292 2019 de
3324 1965 3432 2017 dis~

1872 2054 2030 2107 trictu
2068 2053 2246 2107 Jauue
2295 2065 2349 2109 et
2389 2056 2478 2124 qui
2525 2064 2774 2109 tenentur
2804 2052 3096 2107 Januenses
3125 2054 3233 2108 sint
3261 2055 3427 2108 [rauci

1872 2155 1923 2198 et
1982 2144 2164 2205 liberi.
2224 2145 2388 2199 nichil
2455 2144 2723 2200 solventes
2776 2144 2827 2197 in
2873 2153 2981 2199 tota
3032 2155 3172 2198 terra
3217 2145 3433 2217 Imperii

1873 2234 2038 2285 nostri
2088 2248 2187 2300 pro
2218 2235 2485 2288 coruercio
2519 2249 2616 2288 nec
2655 2250 2815 2289 causa
2853 2235 3080 2302 alicujus
3111 2228 3428 2296 eiactionis.

1873 2322 2134 2375 intrantes
2166 2323 2414 2376 videlicet
2442 2339 2536 2390 per
2568 2335 2734 2377 totam
2782 2334 2976 2377 terram
3012 2325 3223 2391 Imperii
3254 2325 3424 2378 nostri

1872 2412 1953 2461 vel
1981 2422 2234 2465 exeuntes
2267 2426 2329 2464 ex
2368 2414 2501 2480 ipsa,
2560 2417 2853 2469 vendentes
2885 2424 2939 2468 et
2970 2427 3211 2468 ementes
3242 2424 3297 2468 et
3338 2424 3432 2467 cx-

1873 2500 2204 2553 catnbiantcs
2237 2502 2314 2555 vel
2336 2503 2551 2571 aliquod
2585 2505 2722 2557 aliud
2750 2507 3087 2574 negociantes
3107 2506 3278 2561 modis
3303 2520 3433 2568 con,-

1872 2593 2039 2644 suetis
2072 2594 2448 2656 mercacionis,
2481 2603 2660 2661 preter
2688 2595 2769 2649 Sal
2807 2604 2860 2648 et
2888 2596 3189 2661 masticem’,
3217 2605 3424 2652 stantes

1873 2694 1929 2739 et
1956 2687 2019 2738 de
2047 2694 2187 2737 terra
2216 2684 2267 2736 in
2313 2693 2510 2759 terram
2546 2694 2823 2745 exeuntes,
2855 2700 2949 2755 per
2974 2696 3185 2753 terram
3220 2688 3304 2741 vel
3332 2676 3427 2757 per

1877 2790 2044 2838 mare,
2063 2790 2184 2828 cum
2214 2775 2642 2829 mercacionibus
2662 2776 2743 2828 vel
2770 2777 2884 2830 sine
2908 2778 3325 2842 merac'onibus,
3364 2781 3428 2831 ait

1876 2866 1989 2921 loca
2014 2865 2314 2920 deterentes
2340 2865 2420 2918 vel
2448 2865 2566 2918 inde
2594 2867 2935 2919 extrahentes
2968 2881 3028 2920 ex
3058 2867 3324 2935 emptione
3351 2868 3432 2920 vel

1878 2958 1983 3011 alio
1999 2957 2151 3010 lucro
2170 2968 2219 3012 et
2238 2958 2359 3013 alibi
2382 2957 2698 3021 deterentes,
2716 2958 3065 3027 personaliter
3082 2973 3172 3012 seu
3194 2960 3428 3018 realitcr.

1945 3048 2075 3111 Item
2102 3049 2147 3102 si
2176 3048 2294 3117 quis
2322 3048 2615 3103 Januensis
2646 3048 2730 3103 vel
2759 3050 2847 3117 qui
2887 3059 3096 3103 tenetur
3121 3049 3432 3104 ιειὲεηιιεη-

1881 3144 1956 3196 sis
1982 3143 2203 3198 solverit
2228 3142 2426 3210 aliquid
2456 3143 2535 3195 vel
2568 3141 2976 3210 datnpnillcatus
3008 3142 3140 3196 foret
3176 3143 3225 3195 iu
3259 3141 3435 3211 aliqua

1882 3242 2022 3286 terra
2085 3232 2321 3300 subjecta
2382 3232 2607 3299 Imperio
2669 3221 2876 3294 nostro,
2909 3240 2963 3286 et
3018 3232 3251 3285 ablatum
3294 3244 3437 3285 esset

1879 3322 1980 3374 sibi
2029 3322 2235 3373 ratione
2260 3320 2490 3379 staliaua
2522 3321 2604 3372 vel
2640 3320 2878 3372 maxerie
2900 3328 3000 3371 ’aut
3029 3320 3434 3387 prepteraliatn

1880 3424 2098 3462 causam
2146 3410 2225 3463 vel
2260 3411 2472 3462 modum
2510 3418 2788 3477 operatum
2824 3409 2984 3461 fuerit
3021 3400 3213 3461 contra
3239 3410 3434 3462 dictum
3470 3441 3474 3444 ε

1878 3494 2228 3547 franchiziam
2245 3506 2298 3549 et
2316 3496 2438 3550 libet
2454 3504 2617 3548 tatem
2643 3496 2877 3563 ipsorum
2900 3494 3271 3562 Januensium,
3292 3500 3432 3564 quod

1882 3587 2170 3653 Imperium
2209 3586 2651 3648 nostrumgfacere
2677 3588 2867 3641 debeat
2900 3586 3146 3639 satisﬁeri
3177 3598 3231 3640 et
3270 3588 3432 3640 resti-

1879 3680 2148 3732 tuciouem
2194 3678 2305 3733 ﬁeri
2334 3676 2460 3740 ltiis',
2493 3679 2582 3747 qui
2615 3679 2901 3745 dampnuut
2936 3678 3073 3743 passi
3098 3677 3318 3743 fuerint,
3351 3675 3442 3731 to;

1880 3781 1989 3824 lunt
2033 3771 2082 3824 id
2113 3755 2253 3839 quod
2289 3771 2387 3837 ipsi
2419 3771 2551 3824 tales
2585 3768 2884 3835 iuraverint
2914 3769 2964 3820 in
3007 3770 3284 3835 presencia
3327 3769 3430 3820 Ρο-

1887 3860 2100 3915 testatis
2126 3874 2220 3914 seu
2252 3859 2541 3915 Consulum
2565 3858 2906 3912 Januensium
2936 3858 3078 3927 quod
3108 3858 3350 3914 dederint
3373 3861 3435 3913 il-

1878 3952 1967 4005 Iud
2000 3952 2100 4011 tali
2123 3953 2280 4006 modo
2322 3962 2410 4003 aut
2439 3950 2672 4004 ablatum
2708 3950 2873 4015 fuerit
2910 3954 2976 4002 ab
3006 3950 3151 4018 i'psis.

1948 4044 2077 4097 Item
2127 4044 2271 4113 quod
2320 4036 2421 4096 nun
2444 4044 2694 4109 recipere
2736 4042 2926 4095 debeat
2961 4042 3027 4113 de
3057 4026 3236 4095 cetero
3265 4042 3435 4109 Impe-

1880 4134 2015 4187 riqu
2048 4144 2289 4189 nostrum
2329 4134 2560 4200 aliquem
2600 4132 2925 4186 Januensem
2972 4135 3052 4186 vel
3090 4134 3154 4185 de
3188 4134 3433 4187 districti:

1877 4226 2048 4281 Junue
2083 4228 2133 4279 in
2164 4228 2473 4288 vassalluut,
2508 4228 2578 4279 ita
2609 4226 2747 4293 quod
2780 4230 3049 4280 eximatur
3083 4238 3136 4279 et
3173 4241 3434 4281 non‘esse

1882 4319 2075 4371 debeat
2098 4318 2201 4371 sub
2238 4320 2489 4371 evamiue
2525 4328 2577 4371 et
2623 4317 3000 4388 jurisdictioue
3033 4318 3316 4372 l’otestatis
3354 4322 3435 4371 νιιι

218 4404 557 4470 naufragium
612 4412 666 4455 et
720 4399 847 4453 inde
894 4402 1187 4466 evaserint,
1238 4400 1283 4452 SI
1342 4402 1771 4455 testiﬁcabttntur
1807 4398 1846 4452 D
1877 4405 2169 4462 Consulum
2221 4407 2597 4473 λωηιεηδὶυω,
2647 4413 2735 4463 sed
2772 4412 2963 4463 delicat
3001 4412 3109 4473 ipse
3144 4410 3265 4461 [alis
3296 4410 3437 4478 judj.

218 4510 314 4561 per
358 4494 541 4545 literas
575 4491 863 4546 Potestatis
895 4489 1065 4544 Janue
1090 4505 1182 4543 seu
1214 4487 1504 4544 Potestatis
1532 4491 1611 4543 vel
1635 4491 1771 4545 Cou-

217 4583 354 4636 sulis
384 4578 727 4633 Jauuensium
766 4580 856 4647 qui
889 4580 939 4631 in
988 4578 1237 4647 partibus
1270 4577 1530 4632 Routauic
1556 4580 1795 4639 invenir

218 4684 380 4725 entur
409 4687 471 4725 eo
514 4681 755 4741 tempore
805 4685 911 4738 quo
954 4672 1053 4724 ltoc
1112 4672 1215 4722 tale
1266 4670 1777 4736 Cottliget‘it,'eldc-

224 4772 580 4815 monstratum
608 4760 763 4814 inerit
794 4776 888 4828 per
914 4761 1210 4827 IIleIISIHOIlI
1246 4760 1605 4812 testimonium
1632 4760 1777 4826 ipsis

189 4846 339 4906 'ess'c
362 4851 657 4906 Januenses
684 4852 765 4903 vel
793 4854 856 4903 de
884 4850 1129 4903 districtu
1156 4847 1324 4900 Jauue
1360 4846 1442 4900 vel
1468 4848 1778 4901 uoutiuatos

193 4955 272 4999 πει
305 4944 595 5012 appellatos
624 4941 944 4995 Janueuses.

294 5033 428 5084 Item
458 5032 597 5097 quod
624 5027 949 5089 Janueuses,
987 5034 1039 5081 et
1068 5027 1156 5094 qui
1188 5026 1314 5079 dicti
1351 5026 1549 5080 fuerint
1587 5034 1641 5081 et
1684 5040 1779 5079 uo-

220 5118 413 5171 tninati
456 5115 983 5172 IueriutJanueuses
1018 5126 1073 5169 ut
1104 5129 1287 5185 supra,
1322 5116 1366 5167 si
1394 5114 1678 5183 contigerit
1714 5114 1776 5167 II-

219 5210 301 5263 eri
331 5209 410 5262 eis
439 5205 659 5262 oIIensio
688 5222 779 5262 seu
827 5206 1113 5274 dampnum
1149 5204 1361 5271 aliquod
1409 5203 1461 5255 in
1488 5204 1649 5257 terris
1677 5206 1780 5256 ἰω-

220 5298 359 5370 perii
407 5298 577 5365 nostri
604 5298 672 5351 de
717 5296 1014 5365 naufragiis
1070 5294 1509 5363 provenicntibus
1537 5296 1601 5347 ad
1638 5296 1782 5362 ipsos

219 5405 344 5446 cum
389 5388 548 5442 rebus
591 5388 846 5455 ipsorum,
875 5400 928 5441 et
962 5390 1249 5453 dampnum
1306 5388 1446 5454 passi
1484 5386 1680 5442 fuerint
1717 5392 1781 5443 de

224 5478 359 5545 ipsis
412 5478 569 5530 rebus
610 5492 703 5543 per
757 5478 965 5533 alienos
1000 5477 1267 5545 subjectos
1304 5475 1516 5544 Imperii
1587 5480 1779 5540 nostri,

298 5652 378 5721 (ιι)
414 5649 550 5718 Lege
574 5651 685 5705 hos.

1878 4498 1990 4551 cari
2049 4514 2144 4566 per
2206 4500 2351 4567 ipsos
2388 4508 2547 4568 prout
2586 4500 2748 4553 ceteri
2806 4502 2949 4554 cives
2998 4512 3050 4552 et
3103 4501 3433 4566 habitatores

1875 4586 2068 4643 Janue.

1953 4679 2083 4733 Item
2110 4682 2247 4749 quod
2282 4698 2381 4733 non
2415 4682 3147 4749 impediemusnecimpediri
3176 4682 3436 4741 {mitius
3506 4724 3515 4729 .

1882 4787 1977 4826 seu
2012 4772 2260 4841 impediri
2295 4776 2672 4841 permittemus
2706 4774 2758 4824 in
2790 4783 2897 4824 tota
2952 4780 3092 4823 terra
3122 4773 3289 4824 nostri
3336 4771 3433 4823 im-

1882 4862 2035 4925 perii,
2083 4876 2240 4929 quam
2298 4863 2552 4914 habemus
2598 4871 2651 4913 et
2682 4861 2747 4913 de
2790 4861 2959 4931 gratia
3011 4859 3100 4910 Dei
3137 4852 3449 4913 Genitricis

1881 4954 2236 5021 acquiremus,
2262 4952 2499 5020 aliquem
2528 4948 2847 5004 Janueusem
2884 4959 2937 5002 et
2962 4951 3029 5003 de
3064 4950 3306 5003 districto
3335 4949 3430 5003 Ja-

1882 5057 1983 5095 nue
2010 5052 2226 5109 propter
2280 5041 2476 5095 factum
2538 5054 2628 5092 seu
2658 5040 2913 5093 delictum
2962 5038 3043 5091 vel
3096 5038 3296 5092 furtum
3336 5056 3427 5092 seu

1884 5132 2122 5199 rapinam
2149 5131 2229 5183 vel
2270 5130 2504 5183 debitum
2532 5130 2756 5180 alterum
2789 5128 2838 5179 in
2871 5139 3100 5195 persona
3134 5128 3219 5184 vel
3250 5142 3306 5181 re
3335 5130 3432 5180 alio

1882 5236 2006 5288 qua,
2069 5222 2160 5274 sed
2215 5219 2576 5287 unusquisque
2628 5216 2913 5277 Jauueusis
2958 5216 3040 5271 vel
3077 5220 3164 5285 qui
3216 5226 3429 5271 tenetur
3462 5223 3482 5231 ’

1881 5311 2165 5365 Jannensis
2203 5312 2301 5363 sub
2336 5310 2487 5374 culpa
2511 5308 2675 5374 ipsius
2704 5308 2790 5357 tali
2832 5307 2990 5360 modo
3024 5310 3317 5361 examinari
3339 5309 3433 5365 dc-

1883 5402 2007 5453 beat
2036 5403 2132 5453 sub
2180 5402 2325 5450 curia
2368 5408 2426 5448 et
2454 5396 2831 5462 jurisilictione
2863 5393 3154 5449 Potestatis
3184 5396 3265 5449 vel
3296 5397 3437 5451 Coit-

1886 5493 2013 5544 sulis
2037 5490 2406 5550 Jauucusium,
2436 5498 2486 5539 et
2522 5488 2660 5554 quod
2686 5488 2937 5554 puniatur
2970 5497 3023 5541 et
3053 5488 3439 5544 reddatracio-
