4114 6324
712 428 853 490 1123

1877 394 2473 498 ρ’ῐιῡιιτλκοιιωι
2516 410 2725 484 ιδίινιι.

3750 386 3902 479 im

705 550 762 592 et
791 547 975 593 trncre
1000 536 1122 587 rata
1155 538 1307 600 grata
1326 539 1373 584 et
1401 527 1553 581 ﬁrma
1593 542 1661 581 on
1686 529 1773 581 nia
1800 539 1871 609 .et
1901 528 2109 596 singula
2148 540 2251 592 quc
2280 534 2323 590 Α
2353 496 2471 608 rum
2512 527 2595 580 vel
2632 525 2947 611 Venetorum
2979 516 3191 581 veniret
3220 520 3275 578 in
3302 496 3782 591 Constantinopoli
3806 523 3902 590 du-

705 646 799 700 per
830 631 1003 698 ipsum
1037 625 1313 678 dominum
1345 620 1709 675 Atnmiratunt
1761 629 1815 674 et
1838 608 2254 673 santimendos

622 732 628 740 '
704 728 859 775 niteo
890 719 1031 773 facta
1075 723 1323 782 gestaret
1377 711 1639 781 promissa
1679 720 1734 764 ct
1786 720 1995 777 recepta
2054 709 2254 763 fuerint

644 830 649 837 ί
704 827 828 863 eum
854 809 1289 878 quibuscumque
1319 803 1556 856 dominis
1610 814 1952 867 quocumque
1982 798 2139 851 titulo
2169 798 2255 850 tli-

703 900 925 969 gnitatis
962 897 1197 951 existant
1230 903 1322 946 :et
1354 893 1444 962 qui
1485 892 1737 952 Ubertus,
1767 888 1969 951 iittﬂ‘us,
2005 886 2253 941 Frederi-

705 1005 823 1049 (τις,
849 996 901 1041 et
936 984 1263 1045 Lantrsncns
1284 992 1408 1041 sunt
1434 979 1713 1042 substituti
1742 989 1955 1032 actores
1977 986 2029 1030 et
2060 990 2255 1050 proeli;

712 1089 921 1133 ratores
950 1074 1076 1130 dicti
1109 1069 1644 1130 domini-Atnmirati,
1668 1083 1791 1123 cum
1817 1078 1924 1122 tota
1961 1063 2251 1146 potestate,

708 1184 871 1240 quam
895 1170 1009 1236 ipse
1037 1165 1201 1234 liabet
1224 1177 1321 1230 prn
1339 1144 1688 1225 supradictis,
1708 1167 1894 1211 tenore
1910 1144 2252 1227 instrumenti

706 1259 945 1331 ,tubblici
971 1252 1191 1321 scripti:
1212 1265 1374 1311 manu
1399 1247 1607 1306 Thome
1631 1245 1857 1301 Orionis
1883 1247 2087 1303 notarii
2115 1261 2256 1303 anno

710 1348 948 1417 presenti
974 1347 1062 1399 die
1091 1341 1369 1410 trigesima
1401 1338 1648 1410 Aprilis;
1681 1337 1845 1403 igitur
1871 1346 2117 1391 nostrum
2148 1336 2257 1389 Im-

711 1440 918 1509 perium
949 1450 1070 1489 cuin
1100 1430 1361 1501 predictis
1387 1427 1658 1481 nobilibus
1686 1427 1832 1479 venit
1884 1427 1949 1479 ad
1983 1422 2260 1480 infrascri-
2299 1491 2303 1495 ἢ

678 1543 853 1601 'ptatn
894 1540 1080 1597 pacem
1124 1533 1182 1577 ut
1215 1521 1379 1576 infra.

786 1621 964 1673 I'ritno
991 1614 1238 1670 videlicet
1264 1613 1408 1679 quod
1427 1607 1713 1667 ﬁrmamus
1740 1606 2127 1663 conventiones
2164 1621 2265 1662 no-

602 1772 605 1775 v
713 1728 812 1766 vas
833 1720 889 1765 et
906 1718 1137 1768 veteres,
1155 1717 1259 1772 que
1278 1710 1405 1755 sunt
1422 1699 1562 1757 inter
1588 1696 1872 1765 Imperium
1896 1705 1951 1751 et
1977 1710 2275 1764 commune

712 1801 905 1861 .Ianne,
958 1809 1079 1849 cum
1112 1788 1482 1846 reservatione
1517 1793 1723 1847 tamen,
1751 1784 1895 1852 quod
1936 1798 2036 1852 pax
2084 1794 2140 1843 et
2195 1798 2257 1838 ea
2310 1856 2318 1863 ι

2354 629 2510 677 tante
2552 619 2695 679 «Πρω
2719 608 2911 685 gnem
2941 627 3066 669 cum
3103 610 3311 671 Bainlio
3331 608 3663 669 Venetorum
3701 612 3904 671 velali-

2355 724 2463 777 qtto
2504 701 3071 773 stnltssistore,quod
3100 716 3307 760 encssn
3332 704 3379 757 si
3414 711 3545 759 tunc
3585 701 3660 773 (si
3687 701 3909 773 poneret

2354 802 2588 865 stabam,
2620 814 2724 853 non
2744 796 3075 866 intelligatur
3102 793 3489 852 eontrsfeciase
3518 810 3733 865 pacem.

2422 888 2557 943 Item
2587 887 2763 943 extitit
2794 902 2891 956 per
2907 894 3153 955 pactum,
3181 885 3326 963 quod
3349 884 3651 955 Imperium
3664 886 3903 951 nostrum

2324 979 2647 1038 occasione
2664 978 2823 1033 dicte
2868 975 3022 1045 pacis
3059 974 3191 1030 dare
3250 974 3447 1043 debeat
3494 975 3639 1031 dicte
3690 976 3906 1032 domino

2353 1070 2654 1125 A'nntirato
2689 1082 2882 1127 omnes
2927 1066 3252 1132 iattuenses,
3298 1081 3439 1137 quos
3478 1060 3694 1136 habent
3737 1070 3907 1130 nosttl

2352 1162 2525 1223 Glauci
2557 1163 2609 1215 in
2636 1160 2860 1227 imperio
2883 1170 2937 1215 et
2977 1173 3115 1228 quos
3140 1158 3305 1225 etiam
3332 1158 3621 1228 Imperium
3664 1171 3903 1215 nostrum

2354 1251 2519 1308 habet
2544 1260 2855 1319 eareerstos
2876 1249 2959 1305 vel
2985 1250 3390 1315 detemptos,-et
3411 1247 3582 1307 libere
3606 1250 3782 1304 eidem
3808 1249 3905 1304 dna

2358 1337 2505 1397 mino
2536 1319 2835 1398 Ammirato
2853 1350 2948 1397 eos
2977 1336 3229 1398 demittat
3285 1346 3342 1391 et
3376 1336 3623 1390 similiter
3656 1336 3908 1393 dominus

2324 1474 2325 1477 η
2359 1428 2688 1480 Ammiratus
2723 1424 2892 1481 libere
2920 1424 3154 1479 dimittat
3201 1438 3392 1479 omnes
3410 1414 3627 1479 unum
3652 1440 3793 1495 qm
3816 1425 3910 1479 ba-

2359 1506 2451 1572 bet
2475 1516 2527 1568 itt
2547 1529 2835 1570 commune
2880 1523 3089 1568 tantum
3111 1514 3469 1584 etquisnnt
3519 1514 3577 1569 in
3610 1518 3907 1582 communi.

2426 1604 2558 1660 Item
2589 1605 2770 1659 extitit
2796 1619 2889 1673 per
2908 1611 3146 1673 pactum,
3168 1601 3313 1674 quod
3347 1602 3641 1677 Inperiu-
3668 1615 3909 1661 nostrum

2361 1710 2469 1769 non
2520 1696 2710 1749 debeat
2748 1709 2961 1765 ponere
3006 1694 3091 1749 vel
3137 1695 3386 1763 accipere
3423 1697 3852 1751 contmercbinm
3885 1713 3913 1751 a

2363 1782 2538 1838 Greco
2561 1784 2655 1854 qui
2683 1792 2827 1837 emat
2856 1783 3199 1839 tnercitnonia
3232 1801 3261 1837 a
3295 1783 3588 1847 Jattttense,
3617 1794 3674 1839 et
3698 1786 3744 1839 si
3768 1788 3913 1839 esset

713 1898 890 1959 pst-ta,
921 1891 1070 1956 gesta
1106 1894 1198 1951 per
1228 1878 1503 1937 dominum
1533 1874 1894 1928 Ammiratutn
1926 1887 2051 1927 cum
2088 1872 2259 1928 Ores-
2290 1884 2338 1946 ῃ
2366 1873 2421 1927 in
2472 1876 2927 1930 conventionibus
2957 1874 3097 1942 quod
3127 1874 3295 1944 possit
3330 1873 3411 1928 vel
3450 1873 3642 1930 debeat
3677 1876 3917 1943 recipere

716 1979 858 2033 nibei
888 1970 1193 2033 Atntnirttti,
1226 1968 1331 2021 sint
1355 1965 1509 2019 Iirtna
1532 1979 1634 2018 non
1658 1962 2001 2019 obstantibus
2025 1976 2261 2018 come..-

713 2067 955 2137 tionibus
990 2058 1264 2133 predictis.

784 2156 916 2212 Item
946 2167 1044 2227 per
1076 2158 1289 2225 partum
1341 2142 1627 2214 Imperium
1686 2153 1931 2201 nostrum
1968 2143 2035 2199 de
2089 2151 2262 2212 gratis

714 2245 1060 2301 donationem
1105 2241 1230 2299 facit
1268 2237 1542 2295 communi
1591 2232 1765 2290 Janus
1806 2233 1873 2290 de
1901 2229 2107 2285 Gallitta
2138 2245 2261 2289 eum

718 2346 956 2394 terreno,
994 2338 1156 2398 prout
1188 2326 1449 2383 fossatum
1482 2324 1653 2378 tendit
1704 2335 1878 2390 usque
1902 2320 1969 2374 ad
2025 2330 2263 2374 castrum

720 2425 911 2470 sancte
929 2413 1149 2476 Cret-is,
1175 2422 1231 2466 et
1261 2412 1399 2465 ultra
1428 2410 1631 2466 dictum
1664 2406 1928 2460 fossatum
1953 2406 2262 2483 cubitprntn

719 2513 958 2570 centum,
1001 2502 1139 2555 inira
1168 2501 1444 2568 quodnon
1475 2499 1645 2566 possit
1676 2495 1980 2549 bediiicintn
2012 2493 2263 2547 Latinum

717 2594 798 2646 vel
819 2590 1047 2646 Grecam
1074 2602 1174 2643 nec
1195 2589 1375 2655 aliqua
1403 2587 1508 2640 alia
1541 2584 1752 2656 novitas
1788 2582 1925 2636 ﬁeri.
1948 2581 2135 2650 Itaque
2166 2596 2263 2636 cu-

718 2683 861 2735 bitus
884 2686 1100 2735 centum
1142 2678 1229 2731 isti
1248 2679 1358 2732 sint
1383 2678 1435 2730 in
1470 2674 1609 2729 facie
1668 2672 1978 2736 incipiendo
2019 2686 2047 2724 a
2088 2673 2266 2741 capite

718 2770 1122 2839 Gallsta‘usque
1147 2766 1215 2821 ad
1238 2772 1479 2822 castrum
1500 2774 1691 2845 sancte
1716 2762 1907 2819 Crucis
1932 2760 2266 2835 rectslines,

702 2869 781 2925 ,ειη
804 2875 832 2912 a
866 2867 1047 2924 castro
1087 2865 1273 2910 sancte
1303 2854 1497 2910 Crucis
1551 2868 1724 2924 usque
1766 2852 1836 2907 ad
1873 2861 2080 2908 turrem
2132 2851 2266 2905 Tra-

722 2950 877 3005 verii.

795 3038 924 3104 Item
949 3037 1128 3094 extitit
1158 3045 1253 3105 per
1292 3043 1505 3104 pactum
1532 3043 1591 3087 et
1626 3032 1951 3102 promissum
1978 3046 2075 3099 per
2096 3032 2271 3101 Impe-

727 3130 868 3181 rium
900 3136 1167 3188 nostrum,
1200 3130 1342 3191 quod
1369 3125 1534 3192 galeis
1572 3123 1843 3191 aliquibus
1883 3121 2268 3176 Catalanorum

2367 1965 2573 2019 dictum
2618 1965 3066 2028 commorcbintn,
3126 1963 3269 2032 quod
3306 1977 3411 2016 non
3461 1962 3784 2032 accipiatur,
3814 1962 3914 2018 nisi

2370 2054 2667 2123 sccipiatur
2699 2054 3021 2124 generaliter
3051 2069 3081 2106 a
3128 2053 3332 2108 nostris
3383 2052 3571 2117 Grecis
3610 2054 3912 2127 canentibus

2361 2138 2429 2200 ab
2458 2143 2780 2198 aIiisGreeis
2805 2143 3182 2199 meteimdnia.
3207 2140 3275 2196 Et
3290 2142 3547 2195 similiter
3572 2140 3737 2204 (sciat
3768 2158 3912 2196 com-

2336 2245 2527 2284 «ιιιυηο
2559 2229 2926 2285 Ianuensibus
2964 2232 3089 2285 suis
3119 2230 3427 2306 ementibus
3453 2230 3809 2293 mercinmnia
3834 2229 3910 2304 [δ]

2362 2318 2570 2375 ϐηάι

2436 2409 2566 2464 Item
2600 2410 2777 2464 extitit
2814 2422 2913 2476 per
2939 2417 3182 2477 pactum,
3214 2408 3355 2479 quod
3385 2410 3429 2463 si
3464 2409 3661 2481 aliquis
3706 2409 3908 2467 Grecns

2364 2500 2667 2557 vendiderit
2694 2502 2747 2555 in
2779 2500 2934 2558 Peira
2959 2500 3042 2555 vel
3068 2502 3121 2553 in
3146 2500 3335 2570 burgis
3366 2502 3572 2560 vinum.
3600 2505 3747 2572 quod
3765 2519 3915 2567 eom-

2365 2595 2660 2647 mercbiunt
2694 2592 3006 2663 impositum
3039 2581 3329 2647 secundum
3359 2593 3763 2649 ordinationem
3804 2597 3914 2649 sin-

2364 2673 2605 2738 dieorum
2624 2684 2941 2737 «communis
2991 2682 3163 2738 Janue
3198 2680 3503 2751 huiusmodi
3556 2686 3767 2740 Grecus
3821 2688 3913 2741 deo

2372 2772 2499 2829 beat
2524 2774 2735 2828 solvere
2764 2783 2922 2847 prout
2939 2773 3029 2829 alii
3063 2773 3384 2841 Januenses,
3423 2785 3479 2829 et
3498 2774 3748 2829 similiter
3772 2790 3910 2830 cont-

2368 2863 2657 2933 mercltsrii
2697 2864 2911 2932 Imperii
2952 2865 3122 2920 nostri
3161 2864 3417 2934 colligant
3441 2875 3495 2921 et
3523 2866 3797 2935 accipiant
3825 2868 3917 2920 int-

2368 2955 2599 3025 positum
2626 2970 2720 3022 per
2736 2969 2835 3009 nos
2850 2955 3271 3010 commercbintn
3292 2970 3322 3007 a
3356 2956 3722 3011 Januensibus
3738 2958 3790 3011 vi
3800 2973 3917 3011 uult

2371 3042 2732 3097 vendentibus
2771 3044 2824 3095 in
2854 3042 3323 3111 Constantinopoli
3354 3042 3515 3113 prout
3540 3046 3608 3097 ab
3638 3046 3765 3099 aliis
3788 3045 3911 3100 Gre-

2371 3131 2472 3185 cis.
2507 3132 2566 3186 Et
2596 3135 2832 3201 predicta
2864 3135 3039 3187 locum
3065 3133 3299 3188 babeant
3326 3134 3551 3188 durante
3579 3150 3776 3201 guerra
3810 3136 3914 3189 Cs-

726 3226 780 3271 ct
818 3216 1160 3275 Venetorum,
1210 3227 1317 3281 que
1366 3213 1613 3266 venirent
1667 3211 1721 3265 in
1777 3208 2267 3285 Constantitwpoli.

2372 3221 2671 3274 talentorum
2695 3230 2751 3274 et
2772 3220 3093 3275 Venetorum
3129 3237 3249 3275 cum
3269 3221 3633 3276 Ianuensibus
3687 3224 3769 3277 vel
3798 3239 3919 3294 quo-

730 3321 834 3360 non
860 3305 1048 3359 debeat
1078 3304 1239 3358 istum
1270 3301 1555 3369 Imperium
1576 3311 1821 3357 nostrum
1849 3314 1944 3354 seu
1966 3298 2122 3353 Greci
2144 3298 2274 3351 dare

729 3401 777 3451 al
804 3399 945 3465 quod
976 3382 1308 3461 refrigerium
1367 3408 1465 3447 nec
1516 3376 1814 3462 receptum.
1862 3406 1960 3445 nec
1999 3390 2275 3443 dimittere

730 3504 826 3541 eos
849 3474 1042 3555 ponere
1086 3484 1320 3547 stallnnt,
1352 3500 1450 3539 nec
1482 3484 1535 3537 in
1569 3484 1690 3538 aliis
1742 3482 2051 3537 forensibus
2074 3479 2274 3534 castris

732 3578 844 3631 sive
871 3573 1166 3643 pstcnciatn
1199 3574 1270 3640 (r)
1306 3573 1571 3626 dictorum
1600 3581 1935 3627 castrorum:
1963 3570 2038 3625 ita
2068 3558 2271 3631 tamen,

736 3668 875 3734 quod
906 3668 957 3718 in
986 3664 1088 3718 illis
1110 3664 1302 3717 castris
1336 3665 1389 3717 in
1418 3664 1615 3733 quibus
1637 3679 1741 3717 non
1777 3674 1861 3717 est
1883 3661 2130 3731 potencia
2152 3659 2275 3715 dei-

731 3758 876 3811 I‘endi
906 3772 965 3810 se
992 3755 1061 3809 ab
1081 3754 1186 3808 illis
1214 3754 1400 3824 galeis,
1431 3757 1475 3808 si
1497 3755 1584 3807 ille
1602 3754 1752 3823 galee
1774 3754 1845 3808 ibi
1881 3754 2273 3807 reirescametr-

732 3860 846 3899 tum
872 3846 1200 3913 acciperent,
1227 3858 1332 3897 non
1359 3844 1693 3912 intelligatur
1721 3851 1939 3911 propter
1963 3856 2025 3896 ea
2059 3846 2275 3895 dettrn-

733 3940 844 3992 ctio
874 3936 1024 4005 pacis
1059 3935 1142 3988 vel
1176 3935 1555 3989 contral’ecisse
1592 3943 1835 3987 nostrum
1876 3934 2161 3997 Imperium
2192 3933 2277 3998 itt-

732 4036 981 4080 rumento
999 4034 1202 4077 nostro.
1238 4021 1345 4077 IIec
1368 4035 1544 4077 autem
1569 4023 1799 4076 habeant
1833 4021 2009 4075 locum
2044 4023 2276 4074 durante

740 4128 932 4183 guerra
952 4113 1096 4169 inter
1119 4111 1425 4177 Catalanos,
1461 4112 1697 4167 Venetos
1722 4121 1777 4165 et
1794 4108 2119 4165 Januenses.

810 4205 941 4257 Item
966 4202 1150 4261 extitit
1185 4217 1276 4271 per
1305 4212 1519 4270 pactum
1548 4211 1602 4257 et
1643 4200 2020 4269 promtnissnm
2054 4212 2152 4269 per
2176 4197 2280 4251 Int-

740 4296 949 4365 pcriutn
983 4302 1251 4357 nostrum,
1282 4292 1425 4361 quod
1479 4292 1526 4346 si
1554 4304 1754 4345 causes
1806 4291 2106 4354 adveniret,
2134 4290 2279 4357 quod

746 4386 797 4439 In
833 4392 1018 4438 nostro
1064 4381 1294 4449 Imperio
1322 4383 1406 4436 vel
1435 4380 1490 4436 In
1528 4381 1711 4451 aliqua
1764 4390 1918 4450 parte
1975 4380 2147 4449 Ipsius
2195 4377 2277 4431 vel

2376 3321 2547 3376 usque
2576 3307 3000 3361 contineri-hinni
3028 3309 3138 3362 vini
3169 3317 3312 3385 esset
3340 3310 3754 3379 disobbligatnm
3784 3313 3919 3381 sipi-

2372 3402 3918 3466 gnoraretur......................dicte

2371 3499 2588 3556 gncrre.

2443 3576 2571 3651 Item
2593 3575 2770 3631 extitit
2793 3589 2889 3645 per
2906 3586 3143 3646 pactum,
3165 3579 3331 3645 quod,
3372 3580 3419 3632 si
3448 3592 3609 3634 rasus
3634 3580 3923 3645 accideret,

2374 3665 2515 3735 quod
2540 3667 2705 3733 absit,
2730 3666 2887 3735 quod
2918 3666 3187 3721 videretur
3211 3667 3440 3739 Imperio
3465 3679 3655 3726 nostro
3674 3676 3924 3739 quodper

2372 3756 2669 3811 Jannenses
2694 3764 2842 3811 esset
2869 3755 3095 3820 factum,
3128 3757 3327 3811 dictum
3354 3759 3437 3811 vel
3465 3771 3751 3828 operatum
3783 3777 3924 3815 cnu-

2376 3856 2454 3900 tra
2491 3862 2701 3917 pacein,
2730 3847 2911 3901 taliter
2956 3847 3101 3916 quod
3156 3848 3459 3904 intenderet
3498 3849 3788 3918 Imperium
3831 3866 3924 3905 uno

2374 3947 2546 3991 strunt
2568 3952 2780 3991 movere
2803 3938 2882 3992 rel
2906 3938 3101 3997 habere
3125 3950 3373 4013 guerra
3394 3952 3516 3993 cum
3537 3938 3924 4005 Jaanensibns,

2378 4037 2503 4080 tunc
2533 4027 2862 4097 intelligatur
2886 4027 3120 4082 vincullo
3156 4028 3449 4096 juratnenti
3489 4043 3588 4097 per
3617 4046 3773 4085 suum
3806 4046 3925 4086 eer-

2377 4128 2487 4172 tutn
2519 4121 2774 4173 nuncium
2800 4130 2852 4173 et
2882 4118 3172 4188 specialem
3203 4119 3269 4172 ad
3299 4116 3625 4174 Potestateni
3650 4120 3806 4175 Peire
3831 4124 3922 4177 de-

2378 4210 2632 4263 nunciare
2658 4212 2835 4264 eidem
2865 4220 2919 4263 et
2954 4208 3248 4279 protestari
3298 4209 3366 4263 de
3388 4210 3669 4279 predietis,
3695 4220 3753 4267 ut
3782 4228 3815 4267 a
3846 4215 3927 4269 ὥς

2378 4311 2481 4365 qua
2507 4300 2607 4352 Itoc
2625 4299 2814 4353 fecerit
2833 4314 3003 4368 usque
3027 4302 3093 4353 ad
3120 4309 3245 4353 octo
3271 4313 3488 4354 menses
3509 4308 3639 4356 tunc
3680 4306 3927 4371 proxime

2380 4396 2631 4443 venturos
2663 4404 2764 4442 non
2800 4390 2970 4456 possit
3015 4404 3123 4442 non
3153 4392 3495 4444 obstantibus
3519 4392 3779 4459 predtrtis
3814 4394 3929 4447 ﬁeri

740 4467 986 4569 etimit-In
1005 4464 1469 4569 (ξοιιιιιῗιὶιωφοξί
1497 4466 1637 4569 Quod
1668 4466 1843 4569 ali-(lus
1876 4466 2026 4569 bris:
2051 4465 2135 4569 ζει
2166 4468 2277 4516 τίιο
2311 4512 2358 4569 D
2384 4478 2557 4543 aliqua
2592 4475 2820 4529 oiIensio
2866 4476 3010 4529 inter
3046 4486 3230 4543 partes
3279 4477 3456 4545 aliqua
3501 4481 3806 4534 occasione
3846 4482 3927 4535 vel

747 4557 831 4611 vel
857 4554 1183 4611 oﬂcnsionu
1206 4555 1398 4608 ﬁerent
1427 4555 1568 4607 inter
1594 4553 1884 4627 Cal-Olenos
1908 4552 2010 4625 [οι]
2051 4552 2281 4606 νοηθείη
2312 4552 2356 4569 “’
2385 4564 2562 4617 modo.
2582 4564 2647 4617 Et
2676 4564 2926 4617 similiter
2952 4566 2997 4617 si
3024 4564 3282 4618 Poteststi
3301 4565 3458 4619 Peire
3480 4567 3758 4620 videretur
3788 4572 3929 4635 quod

745 4662 869 4699 cunt
900 4642 1283 4704 hnuenribus,
1312 4650 1367 4694 et
1394 4640 1690 4695 Isnsenses
1720 4655 1844 4696 cum
1901 4641 2176 4694 Catalanis
2232 4649 2285 4693 et

748 4735 988 4797 Venetis,
1016 4733 1155 4801 quod
1179 4730 1337 4785 Greci
1364 4731 1536 4798 ipsius
1566 4730 1776 4798 Imperii
1800 4743 1910 4782 non
1936 4730 2163 4783 debeant
2188 4729 2285 4781 sii-

749 4825 978 4890 qnaliter
1014 4820 1082 4875 de
1113 4821 1253 4875 dicta
1280 4820 1398 4873 rixa
1428 4821 1510 4873 vel
1537 4820 1683 4887 briga
1726 4834 1784 4872 se
1820 4817 2121 4885 impedire:
2158 4829 2207 4870 et
2240 4818 2285 4871 si

749 4917 870 4982 quis
897 4913 1162 4967 dictorum
1190 4909 1487 4965 Grecorum
1520 4923 1579 4963 se
1603 4909 1885 4977 impediret
1912 4909 1977 4963 de
2010 4908 2285 4977 predictis,

750 5004 1032 5055 Intnniatnr
1061 5002 1129 5054 ab
1151 5000 1382 5067 Imperio
1406 5008 1590 5051 nostro
1614 4998 1693 5050 vel
1724 4997 1979 5064 puniatur
2036 5010 2133 5064 per
2189 5011 2286 5048 no-

752 5104 922 5144 strum
958 5090 1262 5157 Imperium.
1293 5087 1499 5141 Tamen
1528 5086 1726 5138 debent
1753 5084 2017 5153 rapitsnei
2037 5083 2205 5135 nostri
2237 5082 2289 5134 in

754 5182 858 5233 illis
897 5180 1026 5232 locis
1056 5179 1261 5245 imperii
1292 5178 1381 5230 ubi
1418 5193 1473 5231 se
1536 5174 1857 5236 invenirent,
1909 5174 2103 5241 quibus
2150 5180 2295 5225 esset

755 5273 903 5338 briga
936 5270 1017 5322 vel
1070 5269 1183 5320 rixa
1218 5268 1358 5319 inter
1386 5270 1662 5335 predictus
1693 5250 2023 5325 Janucnses,
2062 5261 2289 5314 Venetos

751 5370 804 5408 et
848 5358 1150 5420 Catalanos,
1189 5368 1372 5409 tenere
1417 5371 1527 5409 eos
1556 5356 1647 5422 qui
1683 5352 1801 5411 face
1859 5359 1924 5405 ω
1960 5352 2164 5418 bt-igam
2225 5350 2283 5402 et

754 5452 966 5500 mittere
996 5447 1293 5500 Januettses
1351 5446 1567 5513 quidem
1629 5446 1693 5496 ad
1738 5422 2056 5497 Potesiste‘tn
2113 5440 2290 5504 Peite,

752 5538 979 5593 Venetos
994 5548 1169 5589 autem
1205 5538 1268 5590 nd
1296 5534 1554 5589 Bainllntn
1588 5533 1939 5588 Venetorum.

820 5626 949 5681 Item
980 5627 1154 5679 extitit
1181 5640 1273 5693 per
1300 5636 1538 5693 pactum,
1558 5622 1705 5693 quod
1726 5623 1772 5675 si
1819 5621 1965 5689 galea
2003 5620 2289 5674 Catalaun-

816 5738 885 5799 (r)
916 5731 1053 5802 Lege
1082 5751 1098 5785 :
1130 5737 1389 5802 potentia.

2384 4665 2479 4719 per
2504 4650 2792 4720 Imperium
2832 4663 3080 4704 nostrum
3110 4662 3167 4709 et
3194 4651 3399 4708 Grecos
3435 4668 3561 4707 suos
3588 4654 3929 4708 Μινυειί-

2388 4750 2537 4793 retnr
2566 4742 2683 4809 paci
2704 4740 2967 4809 predicte.
2992 4750 3238 4795 teneatur
3262 4739 3507 4813 Petestss
3529 4742 3660 4795 illud
3688 4744 3833 4797 idern
3863 4745 3932 4797 si-

2388 4830 2587 4885 militer
2618 4838 2676 4883 nt
2696 4830 3065 4898 supradictntn
3112 4844 3201 4886 ess
3226 4840 3281 4885 et
3312 4832 3598 4898 pretestari
3625 4841 3679 4886 et
3716 4832 3928 4888 denun-

2387 4920 2529 4972 cisre
2556 4918 2788 4987 Imperio
2809 4928 3014 4983 nostro,
3044 4934 3142 4973 nec
3168 4921 3380 4989 possint
3406 4920 3547 4975 dicte
3568 4933 3752 4990 partes
3787 4924 3931 4977 sint

2386 5008 2513 5061 liter
2544 5022 2712 5078 usque
2733 5010 2799 5062 ad
2831 5018 2953 5063 orto
2985 5023 3194 5064 menses
3241 5018 3367 5066 tunc
3396 5011 3637 5077 proxime
3671 5026 3929 5070 venturos

2388 5096 2566 5152 facere
2588 5098 2793 5169 aliquas
2825 5099 3057 5155 olensss
3090 5118 3106 5155 :
3133 5100 3331 5170 quibus
3361 5111 3484 5157 octo
3512 5106 3797 5159 mensibus
3822 5105 3931 5159 els-

2390 5187 2502 5253 psis
2523 5188 2662 5249 dicte
2680 5200 2857 5256 partes
2879 5192 2984 5244 sint
3010 5198 3065 5244 et
3088 5204 3209 5246 esse
3233 5190 3461 5247 debeant
3483 5193 3537 5249 in
3552 5207 3741 5249 eorum
3771 5196 3933 5251 Iiber-

2390 5282 2502 5324 tate
2535 5288 2642 5328 non
2672 5275 2919 5329 obstante
2952 5276 3092 5332 dicta
3115 5293 3264 5347 pace.
3308 5284 3309 5287 “

2462 5359 2587 5413 Item
2612 5365 2793 5416 extitit
2820 5380 2913 5432 per
2938 5374 3173 5434 pactum,
3206 5367 3348 5434 quod
3381 5369 3592 5438 navigia
3625 5369 3925 5425 Grecorum

2390 5466 2495 5502 non
2538 5454 2803 5521 ,navigent
2830 5468 2926 5505 nec
2951 5458 3204 5523 navigare
3231 5458 3460 5511 debeant
3491 5455 3803 5515 sd'Tsnarn
3855 5466 3931 5515 vel

2393 5539 2448 5591 in
2469 5541 2605 5591 mari
2630 5540 2799 5604 ’I‘ane,
2824 5542 2926 5595 nisi
2949 5547 3166 5611 quando
3191 5546 3396 5615 navigia
3420 5544 3783 5601 anuensistu
3812 5552 3933 5602 illnc

2391 5630 2725 5696 navigarent,
2746 5632 2897 5684 salvo
2917 5646 3127 5713 semper
3157 5636 3296 5704 quod
3344 5650 3471 5691 cum
3500 5638 3802 5708 Imperium
3841 5653 3935 5695 ne.

2460 5737 2526 5807 (s)
2551 5736 2695 5793 Sauli
2730 5756 2746 5794 :
2772 5740 2843 5793 sit
2861 5747 3020 5797 seu.
