4114 6322
823 335 1075 346 ..ι--ιν
1096 335 2881 348 *Μ-Ψ-*ε--η-υ-Ὴ
2921 337 3045 347 ...υ-υλ-
3066 340 3352 354 -Ἧ

1041 1004 1063 1016 κ
1223 781 2705 988 BESSABION
2724 783 2976 990 IS

1685 1145 1832 1204 CAR
1847 1143 2156 1205 DlNALlS
2197 1147 2484 1208 NICENI
2522 1233 2526 1238 '

455 1339 988 1502 "TA,
1045 1339 1738 1455 REBUS
1792 1335 2594 1496 GESTIS,
2667 1333 3697 1497 sunmus,

1428 1619 2582 1737 COMMENTARIUS
2668 1599 2700 1631 ⁴

832 2068 1335 2119 EMINENTISSIMO
1380 2073 1456 2120 AC
1497 2071 2045 2117 REVE'REN‘DISSIMO
2081 2071 2353 2118 PRINCI‘PI
2396 2072 2457 2116 J0

1679 2071 2045 2117 κεκωδωΜο
2081 2071 2353 2118 ΡΒῘΝΟΓΡῙ
2396 2071 2670 2116 JOSEPHO
2715 2070 2932 2114 MAR“!
2968 2071 3304 2114 CASTELLIO

491 2218 712 2260 ἹῚἸῚΊᾸ
755 2219 806 2260 S.
853 2220 1064 2263 ALEXII
1108 2221 1510 2265 PRESBYTERO
1555 2221 1891 2264 CARDINALI
1935 2221 2265 2264 ET-SACRE
2307 2219 2616 2264 CONGREG.
2667 2219 2746 2261 DE
2788 2219 3052 2264 PROPAG.
3109 2221 3252 2263 FIDE
3295 2221 3631 2264 PREFECT)

1491 2368 1790 2412 ALOYSIUS
1836 2368 1909 2410 ΒΛ
1921 2367 2179 2412 NDINIUS
2224 2366 2631 2410 FELICITATEM
2642 2394 2654 2407 .

522 2499 704 2575 Saepe
745 2499 1145 2579 multumque
1178 2515 1414 2579 anceps
1445 2497 1566 2574 fui,
1614 2497 1958 2561 cardinalis
1986 2497 2398 2577 amplissime,
2427 2502 2642 2558 utrum
2677 2495 2788 2556 tibi
2827 2493 3117 2556 libellum
3148 2492 3322 2556 hunc
3362 2509 3572 2556 meum
3605 2492 3702 2553 of-

431 2594 671 2656 ferrem
709 2599 1206 2678 tnoquejudicio
1241 2615 1491 2660 summo
1533 2599 1864 2676 probatum
1903 2599 2073 2677 typis
2109 2597 2530 2676 evulgandum
2567 2598 3060 2659 committerem.
3104 2595 3384 2657 Verebar
3415 2595 3582 2655 enim
3619 2611 3699 2654 ne

429 2697 846 2774 importunus
879 2699 1077 2778 magis
1111 2714 1303 2778 quam
1343 2699 1668 2760 ofﬁciosus
1696 2716 1928 2771 essent,
1968 2699 2021 2759 si
2062 2705 2199 2760 tuas
2229 2696 2947 2776 multas‘occupationes
2984 2701 3044 2757 et
3074 2695 3282 2757 studia
3317 2694 3697 2773 gravissima

430 2792 942 2875 interpellarem,
979 2799 1213 2877 quibus
1244 2795 1438 2860 etIicis
1471 2807 1534 2858 ut
1568 2798 1675 2877 qui
1721 2797 2022 2860 virtutem
2077 2799 2290 2861 colunt
2332 2815 2526 2860 unum
2558 2804 2616 2860 te
2653 2798 2930 2860 maxime
2974 2798 3264 2862 omnium
3298 2797 3698 2861 admirentur

419 2917 508 2962 ac
543 2901 822 2962 laudent.
858 2902 996 2963 Duo
1030 2901 1184 2964 mihi
1215 2910 1422 2963 tamen
1454 2903 1733 2963 audendi
1791 2917 2184 2982 omnemque
2226 2903 2722 2983 suspensionem
2757 2921 2828 2965 ac
2878 2919 3116 2964 moram
3153 2901 3586 2980 abrumpendi
3631 2902 3698 2962 in

431 3020 628 3065 causa
667 3004 865 3067 fuere.
902 3005 1176 3067 Primum
1238 3004 1602 3067 humanitas
1642 3015 1746 3067 tua
1792 3005 2162 3086 singularis,
2199 3024 2341 3086 qum
2389 3006 2546 3070 nihil
2580 3025 2844 3088 parvum
2878 3005 3118 3069 fastidit
3165 3012 3699 3086 aspernaturque,

429 3107 550 3168 sed
586 3121 843 3183 uiagnas
880 3106 1124 3184 ingenii
1165 3123 1322 3186 Opes
1351 3114 1418 3168 ut
1455 3106 1714 3185 plurimi
1740 3106 1914 3182 facit,
1959 3106 2050 3169 sic
2089 3107 2372 3171 modicas
2405 3116 2762 3188 tenuesque
2795 3124 2914 3170 suo
2949 3107 3135 3169 habet
3167 3109 3235 3169 in
3271 3110 3476 3185 pretio
3502 3114 3697 3187 atque

424 3206 717 3282 hamore;
751 3208 983 3270 deinde
1015 3207 1236 3280 alium,
1275 3207 1449 3286 quod
1480 3208 1668 3270 video
1697 3207 2022 3270 neminem
2059 3206 2165 3285 qui
2201 3205 2465 3286 propius
2502 3206 2757 3284 vestigia
2791 3224 2903 3284 pre
2922 3213 3052 3267 mat
3079 3223 3453 3285 morumque
3481 3224 3699 3271 exem-

433 3313 542 3389 pla
579 3311 867 3373 imitetur
899 3308 1299 3372 celeberrimi
1333 3307 1638 3370 antistitis
1688 3309 1868 3388 cujus
1907 3324 2005 3369 res
2042 3317 2250 3387 gestas
2282 3313 2341 3369 et
2374 3307 2556 3370 vitam
2592 3308 3005 3371 illustrandas
3028 3310 3303 3386 suscepi.
3348 3309 3688 3390 Equidem.

421 3421 505 3476 ut
533 3412 638 3474 ille
671 3430 738 3474 se
779 3417 974 3473 totum
1027 3411 1106 3473 ad
1162 3410 1466 3473 Ecclesim
1491 3411 1686 3471 decus
1714 3417 1779 3471 et
1819 3409 1911 3470 rei
1947 3409 2320 3472 Christianae
2352 3410 2606 3473 tutelam
2631 3410 3019 3488 composuit,
3058 3409 3166 3484 ita,
3213 3412 3504 3473 omnium
3538 3429 3692 3490 sen-

428 3513 653 3588 tentia,
689 3522 752 3572 tu
789 3527 1051 3592 quoque
1089 3509 1355 3588 vigilias,
1389 3527 1597 3581 curas,
1630 3509 1881 3571 labores
1918 3509 1982 3570 in
2015 3509 2134 3572 hoc
2183 3511 2371 3572 unice
2404 3511 2720 3589 impendis
2751 3519 2818 3571 ut
2856 3509 3037 3572 Sedis
3069 3511 3450 3586 Apostolicm
3481 3512 3689 3590 digni-

423 3623 556 3689 tas,
592 3623 683 3676 tot
723 3628 1035 3676 concussa
1087 3609 1410 3689 procellis,
1442 3609 1507 3670 in
1539 3625 1656 3671 suo
1689 3607 1886 3687 gradu
1925 3611 2257 3686 consistat,
2299 3616 2496 3689 utque
2529 3610 2772 3689 religio,
2809 3626 2998 3689 quam
3034 3619 3258 3672 nostro
3291 3611 3412 3675 hoc
3449 3616 3687 3676 saeculo

423 3714 708 3777 novandi
750 3709 985 3786 cupido
1018 3706 1633 3787 pseudophilosoyhi
1681 3707 1940 3786 quidam
1985 3717 2172 3787 atque
2205 3709 2476 3787 improbi
2510 3708 2808 3772 homines
2850 3711 3187 3786 lacessunt,
3217 3728 3345 3774 non
3379 3714 3570 3775 modo
3593 3715 3694 3775 in-

426 3828 593 3882 tacta
628 3820 1013 3894 permaneat,
1042 3813 1150 3874 sed
1193 3809 1559 3889 longinquis
1590 3809 1776 3871 etiam
1811 3810 1876 3870 in
1910 3811 2094 3873 terris
2127 3818 2188 3871 et
2220 3828 2422 3892 usque
2448 3813 2525 3873 ad
2565 3819 2886 3873 extremos
2913 3813 3144 3875 Oceani
3174 3815 3416 3877 accolas
3441 3814 3692 3876 felicius

425 3923 748 4003 germinet
780 3920 1095 3998 latiusque
1129 3913 1414 3976 virescat.
1449 3911 1533 3971 De
1558 3918 1648 3972 tot
1681 3911 2016 3972 virtutibus
2046 3928 2192 3990 qum
2221 3912 2336 3973 tibi
2356 3913 2715 3974 uberrimos
2752 3913 2968 3988 gloria:
3001 3913 3385 3993 fructusjam
3413 3919 3688 3995 pariunt,

433 4025 599 4105 quid
639 4020 981 4100 proferam,
1012 4029 1254 4096 quaaso,
1291 4011 1462 4090 quod
1500 4007 1647 4071 huic
1679 4009 1860 4070 almae
1890 4011 2172 4086 ignotum
2208 4027 2324 4072 nec
2379 4011 2564 4087 plane
2598 4019 2996 4087 perspectum
3046 4012 3126 4072 sit
3167 4014 3352 4076 urbi?
3401 4017 3694 4078 Tuamne

427 4135 932 4186 commemorem
966 4118 1031 4178 in
1069 4117 1267 4176 Deum
1305 4113 1630 4191 pietatem,
1672 4117 1733 4170 et
1761 4111 2022 4172 eﬂ'usam
2087 4111 2153 4172 in
2199 4111 2460 4173 miseros
2502 4117 2563 4172 et
2594 4117 2851 4191 egentes
2905 4116 3032 4172 tam
3070 4115 3301 4176 multos
3338 4115 3682 4179 liberalita-

426 4222 598 4286 tem?
629 4226 718 4284 An
753 4239 899 4282 vero
937 4217 1333 4299 prudentiam
1368 4211 1688 4284 extollam,
1737 4212 2158 4290 integritatem
2221 4219 2280 4273 et
2329 4212 2700 4274 modestiam
2763 4212 2896 4274 viro
2938 4215 3374 4278 ecclesiastico
3408 4217 3688 4296 dignam,

422 4342 558 4403 qua
595 4323 868 4385 lautitias
901 4335 1122 4381 omnes
1149 4334 1220 4377 ac
1247 4313 1362 4376 aevi
1409 4312 1669 4373 delicias
1700 4320 1818 4374 ate
1851 4317 2036 4389 longe
2086 4314 2343 4392 tuisque
2385 4312 2624 4374 uadibus
2656 4312 3013 4376 eliminatas
3041 4316 3512 4394 conSpicimus?
3544 4320 3688 4383 Dies
3749 4313 3755 4321 ⁷

429 4424 586 4487 mihi
621 4426 810 4486 citius
841 4439 1027 4502 quam
1072 4419 1272 4481 laudis
1304 4415 1571 4477 materia
1601 4413 1877 4489 deﬁciat,
1908 4414 1957 4474 si
2010 4421 2314 4494 quantum
2345 4415 2650 4478 doctrinm
2707 4416 2935 4478 merito
2965 4417 3224 4480 excellis
3255 4425 3443 4499 atque
3493 4423 3688 4485 animi

433 4525 798 4607 priest-autin
842 4523 1025 4584 velim
1063 4534 1456 4602 percurrere,
1504 4534 1620 4578 nec
1662 4515 1783 4578 mei
1824 4523 2062 4590 partem
2117 4515 2406 4595 obsequii
2450 4517 2776 4580 silentium
2827 4518 3207 4580 existimem.
3243 4522 3394 4593 Quae
3430 4539 3574 4585 cum
3609 4527 3694 4586 ita

429 4629 583 4701 sint,
620 4643 732 4688 oro
759 4632 842 4697 te,
887 4625 1181 4701 princeps
1216 4617 1742 4688 eminentissime,
1786 4623 1852 4678 ut
1891 4633 2013 4696 qua
2046 4617 2438 4696 benignitate
2493 4635 2593 4680 me
2650 4619 2951 4699 prosequi
3001 4621 3223 4683 solitus
3255 4639 3346 4699 es,
3378 4625 3598 4686 eadem
3631 4639 3694 4688 et

431 4731 606 4792 hunc
637 4728 942 4808 ingenioli
969 4725 1092 4788 mei
1124 4723 1320 4785 fetum
1350 4721 1634 4800 excipias
1660 4728 1898 4800 tuoque
1936 4719 2286 4798 patrocinio
2321 4719 2529 4784 faveas
2560 4729 2750 4802 atque
2774 4730 3113 4786 sustentes.
3153 4725 3219 4786 ld
3260 4725 3415 4788 mihi
3447 4726 3496 4788 si
3534 4744 3692 4807 prm-

431 4845 588 4908 stas,
621 4844 683 4896 et
715 4850 827 4912 pro
861 4843 968 4895 tuo
996 4831 1228 4893 eximio
1265 4829 1460 4891 facies
1498 4829 1564 4889 in
1611 4843 1743 4888 rem
1802 4825 2169 4887 litterariam
2202 4825 2440 4899 studio,
2473 4825 2727 4907 tuisque
2759 4827 3178 4907 amplissimis
3211 4828 3274 4891 in
3313 4846 3412 4892 me
3445 4829 3686 4893 beneﬁ-
3717 4834 3742 4926 ί

431 4943 548 5007 ciis
575 4956 806 5004 novum
847 4937 1018 5000 hunc
1049 4933 1378 5014 cumulum
1416 4939 1608 5012 atque
1639 4935 2079 4994 ornamentum
2109 4927 2444 5007 adjunges.

513 5110 756 5177 Romae.
789 5121 865 5165 ex
903 5103 1146 5164 uadibus
1178 5116 1371 5162 sacra)
1399 5098 1625 5178 Congr.
1682 5097 1768 5157 De
1823 5109 2082 5175 propag.
2123 5095 2267 5169 title,
2317 5097 2521 5174 pridie
2574 5099 2732 5162 Non.
2779 5099 3041 5179 Augusti
3083 5099 3251 5161 1777.

503 5297 566 5362 (⁸)
593 5294 756 5344 Romae
785 5295 916 5345 l777.
953 5295 1020 5346 4ο.

771 5770 1036 5830 ΡΑτιιυι.
1097 5760 1210 5821 Gn.
1256 5755 1464 5820 CLXI.

3221 5838 3232 5848 Ι
3262 5775 3304 5820 α
