4114 6410
405 496 489 540 vn
1239 481 1337 541 DE
1381 481 1556 542 νιΤΑ
1599 479 1696 540 ΕΤ
1738 481 1992 540 REBUS
2033 480 2309 540 GESTIS
2351 480 2862 540 BESSARIQ-le

411 594 612 659 vellet
662 590 949 655 secundo
993 591 1336 662 utebatur;
1377 607 1572 651 cavea
1607 588 1806 662 enim,
1857 605 1986 650 nou

412 689 605 736 secus
655 687 727 734 ac
762 669 976 732 bellua
1023 668 1399 738 saevissima,
1449 668 1770 737 incl-usus,
1814 678 1876 730 et
1913 669 1990 728 ad

413 750 775 814 ludibrium
835 765 945 826 per
986 747 1155 807 Asiae
1191 746 1380 826 urbes
1433 763 1503 808 ac
1539 746 1817 826 populos
1860 746 1988 807 cir-

414 824 1169 895 cumvectus—extremas
1204 824 1370 886 inter
1398 825 1778 886 acerbitates
1811 841 1988 886 mor-

413 916 542 971 tem
577 924 718 969 cum
752 905 878 965 vita
913 903 1273 965 miserrime
1310 904 1751 965 commutavit.

1147 1025 1257 1083 Vl.

494 1143 568 1203 In
598 1138 718 1200 hoc
749 1153 964 1199 rerum
991 1135 1268 1215 ancipiti,
1296 1142 1460 1198 statu
1505 1137 1755 1198 nullum
1787 1139 1987 1199 Graeci

415 1218 794 1302 praesidium
847 1215 1319 1302 arbitrabantur
1359 1215 1636 1277 validius
1682 1233 1874 1302 quam
1924 1224 1992 1277 ut

413 1292 491 1362 ad
520 1295 842 1377 principes
859 1292 1116 1377 Latinos
1142 1294 1586 1377 confugerent,
1621 1303 1681 1355 et
1700 1292 1989 1377 omnium

418 1371 828 1448 ma'xime,'ad
860 1371 1213 1433 Romanum
1253 1373 1638 1448 pontiticem,
1669 1373 1778 1448 qui
1811 1376 1990 1434 solus

419 1463 637 1537 posset
673 1450 1044 1537 auctoritate
1084 1467 1209 1526 qua
1257 1448 1463 1526 fulget
1513 1451 1853 1537 classicum
1891 1468 1992 1537 ca-

421 1529 602 1603 iiere,
641 1531 1032 1593 etadversus
1065 1543 1472 1590 communem
1523 1529 1766 1590 hostem
1810 1531 1992 1591 Occi-

421 1610 775 1673 dentalium
832 1607 1082 1685 animos
1134 1615 1324 1685 atque
1379 1623 1546 1685 arma
1596 1608 1989 1670 consociare.

421 1695 661 1752 Verum
718 1683 1044 1761 pontifex,
1097 1683 1233 1761 quo
1285 1684 1560 1746 consilio
1609 1695 1715 1746 aut
1763 1687 1990 1747 ﬁducia

422 1771 788 1830 Grmcorum
825 1780 1074 1824 causam
1113 1763 1474 1840 susciperet
1513 1765 1570 1822 in
1624 1772 1792 1825 tanta
1834 1763 1986 1823 reli-

423 1847 638 1927 gionis
677 1841 1254 1927 discordiaquanta
1294 1845 1458 1927 inter
1497 1841 1672 1917 ipsos
1709 1859 1779 1927 ac
1826 1842 1989 1901 Lati-

420 1920 540 1987 nos
581 1929 948 1986 excreverat
1001 1920 1145 1980 inde
1177 1936 1210 1980 a
1242 1921 1479 1981 scendo
1512 1935 1709 1998 nono,
1759 1921 1822 1981 in
1857 1936 1987 1998 quo

415 2004 703 2083 primum
745 1999 957 2076 erupit
985 1998 1289 2083 Photiana
1315 1997 1606 2083 secessio
1627 2000 1667 2083 ?_
1687 1997 1986 2075 Anteigi-

424 2075 529 2144 iur
557 2080 702 2141 fidei
734 2075 1103 2140 communio
1131 2083 1188 2151 8
1219 2077 1708 2151 red‘intcgranda
1732 2085 1793 2137 et
1825 2087 1992 2136 rete-

425 2178 528 2222 res
560 2158 917 2219 simultates
951 2171 1022 2214 ac
1056 2156 1201 2214 odia
1225 2154 1662 2215 exscindenda
1690 2154 1991 2216 videban-

423 2247 528 2300 tur
569 2253 766 2315 quam
805 2233 1060 2315 foederis
1106 2234 1348 2293 mentio
1403 2233 1493 2315 ad
1535 2233 1772 2315 Turcas
1817 2234 2018 2295 bello'

423 2312 732 2395 petendos
756 2313 1137 2395 haberetur;
1178 2327 1386 2395 neque
1408 2312 1494 2395 Aid
1522 2312 1765 2395 melius
1799 2329 1989 2393 quam

421 2389 540 2472 per
565 2390 1364 2472 synodummcumenicam
1399 2389 1532 2472 ﬁeri
1565 2407 1754 2469 posse
1787 2389 1987 2472 appa-

424 2468 630 2541 rebat,
665 2470 774 2532 ubi
819 2484 1078 2548 {equum
1112 2468 1412 2528 omnibus
1451 2468 1988 2548 disceptandijus

425 2558 619 2623 esset,
657 2557 718 2609 et
749 2545 1069 2626 quidquid
1101 2554 1345 2606 rectum
1385 2564 1453 2626 ac
1489 2547 1847 2626 legitimum
1884 2545 1996 2626 ‘l'o-

431 2637 547 2699 ret,
583 2623 910 2689 communi
936 2623 1223 2684 'decreto
1255 2623 1609 2685 sanciendi.
1641 2625 1776 2686 Hoc
1808 2625 1993 2684 bonis

427 2707 676 2767 cunctis
727 2703 1142 2764 vehementer
1182 2702 1486 2775 placebat,
1533 2710 1593 2762 et
1626 2700 1988 2762 Bessarioni

426 2785 496 2844 in
526 2782 770 2854 primis,
803 2780 942 2858 qui,
975 2777 1215 2858 nullam
1249 2795 1426 2856 spem
1451 2778 1643 2858 aliam,
1669 2781 1996 2840 exhaustae

433 2856 1146 2938 reipublicae—relinqui
1186 2873 1594 2938 asseverans,
1631 2857 1880 2938 hortatu
1920 2875 1994 2919 ac

429 2933 732 3015 precibus
799 2938 1053 2998 tandem
1099 2933 1286 2995 evicit
1339 2943 1403 2996 ut
1463 2937 1597 3010 ipse
1649 2936 1996 3014 imperator

425 3017 807 3093 Cpolitanus
871 3015 1148 3093 Joannes
1190 3015 1542 3093 concilium
1588 3030 1633 3093 Aa
1697 3015 1995 3093 pontifiCe

426 3090 723 3172 Eugenio
757 3094 834 3153 IV
861 3091 1165 3172 Ferrariaa
1186 3090 1499 3172 indictum
1525 3090 1994 3171 adire’ejusque

427 3171 833 3234 sesSionibus
883 3171 1196 3230 interesse
1235 3171 1559 3232 statuerit.
1592 3172 1735 3243 Quo
1778 3180 1992 3232 autem

427 3251 829 3323 splendidius
859 3256 917 3308 et
965 3247 1188 3326 majori
1229 3265 1372 3310 cum
1405 3248 1712 3326 dignitate
1765 3250 1997 3310 Orien-

428 3329 573 3388 talis
611 3327 890 3388 Ecclesia
931 3343 1112 3387 suam
1165 3326 1230 3384 in
1289 3326 1566 3388 concilio
1597 3344 1851 3387 causam
1885 3327 1995 3387 de-

425 3406 738 3480 fenderet,
789 3413 916 3466 tres
967 3404 1352 3481 prtecellenti
1385 3406 1673 3465 doctrina
1705 3407 1880 3465 viros
1919 3408 1991 3466 ad

426 3485 669 3546 infulas
695 3493 754 3544 et
788 3485 1052 3560 gradum
1089 3484 1510 3559 metropolitaa
1544 3487 1858 3558 prOvexit,
1900 3483 1996 3543 hi-

427 3581 582 3640 que,
604 3571 669 3622 ut
700 3563 1104 3638 SgurOpulus
1130 3570 1341 3620 narrat
1375 3562 1524 3639 (11),
1551 3560 1733 3622 fuere
1762 3563 1999 3638 Diony-

430 3643 567 3702 sius
602 3644 895 3709 Sot‘deOS,
937 3641 1185 3698 Marcus
1231 3640 1494 3714 Ephesi,
1535 3647 1595 3698 et
1628 3640 1995 3711 Bessarion,

428 3732 582 3780 tunc
636 3721 842 3797 primo
899 3718 1122 3778 Nicaeae
1173 3716 1700 3795 archiepiscopus
1761 3735 1999 3778 renun-

430 3807 647 3858 tratus.

1149 3919 1277 3980 VII.

513 4037 627 4097 His
664 4036 931 4114 peractis
962 4035 1218 4095 Grmcus
1268 4034 1630 4114 imperator,
1658 4033 1821 4114 aulai
1854 4051 2000 4112 pro-

431 4113 691 4176 reribus
750 4114 1203 4176 ecclesiasticis
1253 4130 1324 4172 ac
1383 4113 1559 4172 Iaicis
1619 4113 1999 4184 comitatus,

428 4195 599 4254 inter
631 4211 794 4272 quos
818 4203 878 4251 et
919 4191 1113 4272 frater
1141 4193 1354 4272 ipsius
1390 4191 1751 4251 Demetrius
1793 4200 1861 4272 et
1885 4192 2000 4250 Jo-

434 4269 703 4346 set-hus,
743 4269 1094 4347 patriarcha
1127 4269 1545 4341 Cpolitanus,
1579 4270 2004 4330 numeraban-

431 4364 560 4418 tur,
599 4351 894 4409 triremes
928 4347 1324 4415 conscendit,
1356 4364 1514 4422 quas
1552 4349 1680 4407 sub
1713 4349 1998 4408 Antonio

433 4427 900 4487 tLondulmerio
950 4423 1242 4500 prtefet-to
1294 4426 1623 4498 magniﬁce
1658 4425 2002 4486 instructas

435 4517 624 4582 atque
657 4512 910 4564 ornatas
942 4504 1019 4562 ad
1054 4518 1201 4561 eum
1237 4503 1525 4580 pontifex
1563 4503 1823 4564 miserat
1849 4506 1999 4582 (t2),

509 4669 622 4739 (ll)
665 4667 809 4724 Hist.
844 4684 988 4722 conc.
1022 4666 1198 4728 Flam,
1226 4681 1362 4722 scss.
1404 4682 1480 4727 ut,
1520 4682 1568 4720 c.
1605 4666 1688 4720 l5.

510 4735 621 4805 (ΥΞ)
655 4741 922 4808 Eugenius
952 4753 1060 4791 non
1109 4739 1266 4790 modo
1321 4739 1569 4790 triremes
1601 4739 1666 4790 ad
1699 4735 1921 4791 Gnaeos
1949 4737 2002 4791 in

338 4831 345 4846 ι
443 4811 652 4865 Italiam
713 4808 1143 4863 trausveliendes
1203 4811 1430 4873 paravit,
1473 4812 1565 4860 sed
1626 4808 2005 4874 imperatorem

441 4885 619 4948 ipsum
653 4893 976 4948 onmemqne
1008 4877 1149 4948 illius
1181 4877 1516 4948 coiuitatum,
1548 4891 1828 4948 quousque
1848 4879 2008 4930 domo

442 4945 691 5002 absentes
737 4945 975 5010 fuerunt,
1024 4945 1303 5014 Splendtde
1345 4947 1478 4998 aluit
1535 4947 2002 5015 sustentavitque:

441 5021 640 5072 milites
694 5018 914 5084 insuper
943 5019 1150 5084 Cpolitu
1211 5018 1354 5068 misit
1386 5016 1477 5084 qui
1525 5015 1772 5082 priesidio
1825 5024 2008 5068 essent

440 5090 603 5150 urbi,
661 5102 860 5155 easque
909 5090 977 5140 ob
1012 5089 1277 5151 impensas
1309 5095 1490 5155 "latitat
1545 5087 1782 5155 pecunia:
1830 5085 2005 5150 inopia

441 5158 610 5228 premi
637 5153 802 5226 erepit
825 5165 881 5209 ut
904 5157 1158 5224 Oppidum
1185 5155 1341 5228 Burgi
1371 5155 1428 5208 Si.
1460 5153 1700 5228 Scpulcri
1738 5169 1834 5222 pro
1863 5169 2011 5228 suru-

444 5224 526 5281 iua
567 5228 636 5282 25
670 5224 814 5280 mille
843 5240 1158 5288 aureorum,
1215 5225 1495 5293 ipsamque
1537 5224 1752 5277 mitram
1798 5224 2011 5292 puutili-

440 5300 580 5351 ciam
622 5296 874 5367 pretiosis
906 5296 1136 5367 genuinis
1191 5297 1528 5367 distinctam,
1575 5293 1840 5367 pro__aliis
1879 5308 2014 5367 qua-

439 5361 684 5434 draginta
755 5361 1225 5434 mille'similibus
1269 5366 1626 5434 oppignerare
1682 5361 2012 5434 Florentinis

439 5431 704 5490 debuerit.
751 5437 882 5491 \t'ide
908 5433 1168 5504 Baynald.
1195 5431 1332 5486 Anni.
1366 5432 1593 5499 Eccles.,
1633 5443 1762 5485 tum.
1801 5431 1893 5495 IX,
1921 5432 2009 5486 ed.

441 5506 570 5559 Luc.
603 5507 760 5562 1752.

513 5576 627 5645 (15)
657 5575 785 5629 Fuit
818 5575 904 5645 hic
947 5572 1201 5645 Nicolaus
1237 5573 1556 5645 Alltergatus
1577 5612 1591 5634 ,
1624 5569 1884 5645 Bononiae
1918 5587 2010 5625 or-

441 5643 530 5698 tus
555 5643 642 5698 an.
669 5647 826 5701 1375.
868 5644 949 5698 0b
975 5643 1200 5698 eximias
1223 5645 1388 5696 animi
1421 5643 1576 5696 dotes
1606 5644 1942 5709 virtutesque
1974 5659 2004 5694 ει

441 5715 671 5769 Martiuo
712 5714 752 5767 V
814 5715 1066 5782 poutitice
1115 5713 1300 5783 patri-.8
1350 5714 1641 5780 episc0pus
1687 5727 1753 5783 ac
1811 5713 2005 5765 deinde

441 5787 733 5840 rardinalis
763 5781 975 5838 (reatus
1023 5781 1196 5838 tith‘.
1231 5781 1421 5836 Crucis
1457 5784 1506 5835 in
1539 5781 1860 5843 Jerusalem,
1885 5783 2004 5847 plu-

441 5856 769 5922 rima-gessit
799 5853 1050 5908 Ecclesia:
1082 5855 1292 5923 negotia
1328 5869 1388 5906 ac
1419 5854 1710 5923 legationes
1748 5862 2004 5923 perpetua

442 5944 560 5981 cum
619 5928 769 5980 laude
804 5925 1100 5991 prudentia:
1133 5921 1183 5979 et
1235 5925 1586 5993 integritatis.
1631 5921 1760 5976 Vita:
1799 5922 2008 5976 sancti-

3571 486 3666 529 \‘ﬂl

2093 599 2152 648 et
2186 590 2566 668 prosperam
2587 589 2990 668 navigatione
3022 605 3202 662 usus,
3233 607 3342 652 vui
3368 590 3664 652 ΙᾱἚώιεο

2096 667 2253 729 1ἰι38
2301 667 2601 730 Venetias
2638 667 2952 746 pervenit.
2991 669 3084 728 lbi
3141 685 3369 744 magno
3395 687 3667 730 concur-

2094 763 2172 806 su
2256 745 2590 808 hominum
2642 745 3016 822 e'ximioque
3091 763 3303 806 rerum
3360 757 3664 822 apparatu

2101 833 2432 904 exceptus,
2461 825 2713 904 obviam
2745 823 2969 904 habuit
3005 824 3392 904 cardinalem
3427 825 3669 885 Sancta:

2095 901 2318 965 Crucis
2349 904 2470 981 (13)
2511 913 2571 965 et
2617 901 2975 975 Nicolaum,
3039 903 3469 964 marchionem
3517 906 3667 963 Ale-

2096 982 2362 1053 stinum,
2392 983 2659 1060 Eugenii
2697 981 2956 1060 nomine
2985 982 3368 1060 gratulatum
3397 982 3666 1041 venien-

2098 1068 2216 1131 tes,
2253 1061 2362 1137 qui
2399 1059 2615 1136 paticis
2644 1069 2790 1120 ante
2824 1059 3051 1123 diebus
3078 1060 3428 1120 Ferrariam
3467 1061 3666 1120 intra-

2099 1147 2595 1216 verantoperam
2629 1137 2897 1200 concilio
2952 1137 3317 1216 inchoando
3341 1139 3666 1214 rebusque

2106 1229 2247 1291 apte
2280 1215 2740 1294 componendis
2777 1215 3234 1276 daturi.Pridie
3268 1216 3478 1278 Nonas
3515 1233 3666 1292 pro-

2096 1297 2249 1354 Χιῑηὶ
2321 1297 2560 1356 mensis
2631 1294 2836 1355 Martii
2920 1295 3268 1356 Ferrariam
3322 1296 3666 1370 imperator

2097 1373 2388 1449 equitum
2440 1373 2628 1450 globo
2659 1381 2878 1448 septus
2925 1371 3215 1444 accessit,
3261 1372 3454 1450 eique
3485 1383 3662 1450 extra

2101 1453 2323 1512 urbem
2354 1449 2709 1513 cardinales
2745 1451 3185 1529 praisulesque
3221 1449 3503 1510 uniVersi
3551 1467 3661 1529 oc-

2097 1541 2457 1591 currerunt.
2486 1531 2615 1592 Sub
2645 1527 2841 1591 aureo
2872 1531 3059 1605 pallio
3079 1527 3166 1590 ad
3203 1529 3372 1590 aedes
3402 1527 3660 1604 pontiﬁ-

2097 1609 2186 1667 cis
2243 1610 2516 1670 solemni
2583 1626 2810 1685 pompa
2863 1609 3220 1678 deductus,
3258 1614 3661 1685 consuetam

2096 1685 2334 1747 Christi
2385 1683 2622 1749 vicario
2691 1683 3113 1748 reverentiam
3172 1683 3664 1764 exhibuitttlt).

2094 1764 2281 1826 Haud
2337 1768 2538 1827 multo
2585 1774 2723 1844 post
2777 1763 3342 1844 patriarclia._mari
3392 1762 3662 1844 delatus,

2097 1847 2321 1903 eodem
2360 1842 2694 1921 applicuit,
2725 1842 2945 1904 etcum
2974 1842 3293 1920 pontiﬁce,
3329 1857 3518 1916 quem
3548 1842 3663 1918 pit-

2095 1921 2258 1982 hlice
2289 1924 2444 1982 adiit
2475 1922 2929 1996 salutavitque,
2959 1939 3151 1998 pauca
3177 1921 3562 1990 collocutus,
3599 1921 3666 1980 in

2097 1999 2447 2078 hospitium
2483 2003 2605 2062 sibi
2644 2002 2808 2062 laute
2836 1997 3326 2076 lionorii‘rceque
3375 2005 3662 2073 paratum

2093 2081 2130 2136 d
2167 2085 2373 2140 Vertit.
2401 2080 2625 2140 Paucis
2650 2079 2998 2158 interjectis
3023 2079 3256 2158 diebus
3276 2092 3484 2158 coram
3523 2077 3675 2158 ipso

2093 2162 2378 2218 antistite
2437 2173 2689 2219 summo
2735 2153 3023 2232 synodus
3082 2153 3390 2217 celebrari
3444 2155 3663 2232 cmpit,

2095 2234 2287 2313 eique
2339 2237 2625 2296 Orientis
2678 2235 3024 2313 imperator
3065 2241 3128 2296 et
3175 2232 3668 2313 patriarchalo

2094 2311 2467 2390 Ctiolitanus
2514 2331 2637 2375 una
2672 2311 2814 2375 cum
2850 2326 3105 2374 centum
3137 2311 3194 2372 et
3243 2311 3665 2390 quadraginta

2095 2387 2298 2452 Latini
2352 2395 2684 2470 Graecique
2747 2394 2909 2453 ritus
2969 2387 3291 2468 episcopis
3351 2387 3675 2451 interfue-

2097 2478 2264 2532 runt.

2798 2635 2965 2696 VIII.

2177 2772 2246 2832 lu
2279 2771 2483 2848 primo
2515 2771 2766 2831 Patrum
2801 2785 3412 2849 consessu'surgens
3447 2773 3676 2835 Bessab

2101 2852 2267 2919 rion,
2292 2857 2679 2927 acceptaque
2711 2849 2968 2909 dicendi
2999 2856 3338 2926 potestate,
3367 2851 3668 2913 disertam

2102 2929 2626 3006 luculentamque
2651 2927 3002 3006 orationem
3042 2927 3282 2995 habuit,
3332 2929 3393 2987 in
3427 2946 3549 3006 qua
3577 2932 3679 2990 vi-r

2106 3010 2200 3065 vis
2247 3005 2632 3082 eloquentiaeI
2680 3005 3008 3066 coloribus
3058 3021 3182 3064 non
3232 3013 3352 3064 tam
3397 3005 3663 3083 gloriam

2102 3101 2291 3164 quam
2328 3084 2571 3144 fructus
2604 3083 2926 3160 eXpressit
2953 3084 3020 3143 in
3057 3083 3338 3164 Latinam
3366 3088 3674 3146 Graecam-

2103 3162 2228 3252 qoe
2262 3170 2512 3239 gentem
2550 3169 3056 3252 promanatu_ros,
3090 3162 3141 3252 si
3176 3180 3306 3252 quo
3329 3165 3543 3223 animo
3564 3182 3671 3240 sy-

2103 3239 2341 3304 nodum
2368 3239 2786 3316 expetisseut,
2815 3241 3040 3299 eodem
3061 3239 3492 3316 absOlverent,
3523 3239 3672 3304 can.

2100 3337 2334 3398 sasque
2381 3335 2604 3378 omnes
2632 3319 3380 3398 iprmciderentantiqum
3414 3337 3670 3398 separa-

2102 3396 2320 3473 tionis,
2361 3398 2444 3457 ita
2482 3405 2550 3458 ut
2579 3397 2810 3457 Christi
2845 3396 3147 3467 Ecclesia,
3172 3398 3232 3456 in
3264 3401 3426 3458 duas
3462 3396 3668 3472 partes

2102 3477 2322 3538 tandiu
2357 3487 2684 3553 segregata
2715 3491 2784 3535 ac
2809 3475 3080 3542 divulsa,
3119 3475 3183 3534 in
3221 3493 3420 3536 unum
3456 3480 3671 3539 denuo

2101 3572 2337 3631 corpus
2389 3562 2449 3613 et
2505 3555 2804 3630 Spiritum
2862 3555 3270 3614 coalesceret.
3334 3555 3670 3617 Sessiones

2104 3635 2254 3693 inde
2289 3633 2505 3709 plures
2541 3640 2692 3692 sunt
2725 3631 2978 3694 habitae.
3017 3632 3340 3708 variisque
3375 3635 3452 3693 de
3481 3634 3670 3694 rebus

2104 3720 2164 3770 et
2215 3711 2648 3771 controversis
2709 3709 3126 3789 dogmatibus
3179 3727 3298 3789 sex
3363 3712 3673 3789 utrinque

2103 3789 2329 3849 delecti
2393 3789 2860 3866 praestantiores
2911 3787 3194 3864 theologi
3237 3787 3672 3866 diSputnrnnt.

2104 3869 2222 3927 Sed
2249 3868 2417 3928 nulla
2449 3866 2652 3926 acrior
2675 3867 2943 3944 quaestio
2975 3868 3428 3926 acdiuturnior
3445 3869 3675 3928 exarsit

2104 3962 2293 4024 quam
2322 3947 2398 4005 de
2427 3947 2698 4022 Spiritus
2718 3947 2913 4007 sancti
2947 3946 3358 4024 processione
3383 3964 3525 4024 qum
3553 3948 3676 4022 pri-

2108 4023 2277 4083 mum
2307 4023 2628 4084 schismati
2653 4032 3028 4100 prietextum
3053 4023 3392 4093 obtulerat,
3416 4034 3677 4085 conten-

2105 4103 2405 4162 dentibus
2459 4103 2690 4163 Grazcis
2722 4120 2942 4164 vocem
2986 4101 3272 4178 Filioque
3317 4113 3533 4163 contra
3567 4101 3676 4178 jus

2107 4179 2354 4258 fasque,
2375 4180 2504 4240 imo
2529 4189 2820 4241 etcontra
2843 4182 3167 4258 decretum
3197 4179 3450 4240 concilii
3479 4179 3681 4258 Ephe-

2108 4257 2262 4332 siui,
2309 4260 2582 4320 additam
2658 4259 2961 4335 Symbolo
2999 4334 3006 4335 ί
3039 4257 3243 4317 fuisse
3301 4277 3331 4318 a
3393 4257 3676 4333 Latinis,

2107 4334 2712 4418 ejusquenovitatis
2755 4334 3056 4397 seandalo
3116 4336 3500 4418 s_t-_cessionis
3538 4337 3678 4418 init-

2107 4414 2518 4477 tium'dcberi
2550 4435 2565 4486 ;
2592 4416 2690 4474 his
2717 4429 2864 4474 vero
2907 4414 3290 4491 negantibus
3322 4415 3680 4492 Ephesinos

2093 4495 2323 4556 Patres
2350 4495 2410 4553 id
2455 4509 2736 4574 unquam
2759 4495 3064 4566 sensisse,
3089 4492 3262 4570 quod
3291 4492 3490 4555 Graeci
3517 4511 3674 4571 prm-

2108 4666 2291 4719 monia
2332 4664 2510 4719 clarus
2543 4664 2775 4718 decessit
2805 4664 2838 4717 9
2891 4664 3012 4718 Maii
3054 4662 3210 4720 1115.
3256 4661 3388 4717 Vide
3419 4661 3676 4717 Ciaccon.

2111 4735 2246 4789 Hist.
2283 4744 2424 4802 pom.
2465 4747 2511 4788 et
2545 4735 2694 4786 card.
2726 4735 2792 4787 ad
2829 4751 2919 4788 an.
2958 4735 3112 4788 1417.

2182 4807 2292 4872 (lt)
2327 4803 2498 4872 Hujus
2531 4806 2604 4856 rei
2632 4805 2836 4857 mentio
2865 4805 2917 4857 tit
2947 4805 3086 4871 apud
3129 4803 3415 4868 Georgium
3448 4801 3681 4856 Phrant-

2111 4889 2254 4940 zam,
2288 4875 2488 4926 Chron.
2513 4873 2608 4928 lib.
2640 4888 2699 4939 Il,
2736 4890 2786 4928 c.
2817 4873 2902 4938 15,
2932 4873 2998 4928 iis
3028 4875 3205 4927 verbis
3234 4872 3490 4941 :Cogm’to
3517 4873 3680 4934 impc-

2101 4953 2337 4998 ratorem
2377 4945 2444 4994 ad
2474 4953 2680 5010 portam
2716 4945 2916 5006 adesse,
2965 4947 3192 4997 surrexit
3220 4955 3267 4995 et
3311 4943 3676 4999 inambulavit.

2109 5023 2157 5068 et
2184 5016 2256 5067 ita
2292 5015 2462 5079 spatia
2496 5015 2773 5081 facientem
2828 5015 3112 5079 imperator
3162 5013 3392 5082 offendit,
3440 5013 3530 5076 qui
3560 5026 3680 5062 cum

2109 5087 2162 5138 in
2198 5099 2362 5150 genua
2402 5083 2546 5135 relict
2581 5083 2934 5148 procumbere,
2979 5099 3078 5134 non
3113 5083 3165 5136 id
3225 5099 3363 5149 papa
3421 5082 3678 5148 permisit,

2111 5155 2199 5206 sed
2249 5167 2369 5206 eum
2397 5153 2718 5218 Complexus,
2762 5163 3099 5220 porrectaque
3152 5154 3365 5204 dextera
3414 5151 3678 5204 osculatus

2112 5232 2188 5276 est
2233 5232 2281 5275 et
2317 5223 2385 5274 ad
2425 5224 2695 5275 sinistram
2749 5237 2899 5274 suam
2933 5223 3226 5274 collocavit.
3263 5221 3460 5274 Eadem
3515 5234 3682 5287 prope

2114 5293 2278 5346 refert
2301 5293 2535 5360 scriptor
2565 5293 2872 5360 Graecorum
2897 5291 3018 5344 Act.
3052 5306 3208 5344 conc.
3235 5289 3679 5360 lt'lorent.,t_|.uem

2115 5361 2224 5415 Leo
2245 5358 2474 5415 Allatius
2509 5377 2613 5414 non
2643 5361 2806 5412 alium
2842 5359 3007 5413 fuisse
3035 5361 3288 5428 opinatur
3319 5375 3480 5426 quam
3507 5358 3684 5428 Theo-

2116 5435 2305 5485 dorum
2337 5429 2762 5498 Xatttlmpulum,
2783 5430 2872 5495 qui
2907 5433 2977 5481 ita
2999 5445 3059 5483 se
3074 5426 3303 5482 decreto
3325 5429 3537 5480 uniouis
3555 5426 3683 5478 sub-

2113 5501 2326 5566 scripsit
2358 5515 2371 5551 :
2417 5499 2475 5550 '0
2508 5501 2680 5569 μέγας
2737 5498 3080 5565 σκευόφυλαξ
3130 5499 3372 5559 διάκονος
3401 5498 3681 5569 Θεόδωρος

2113 5566 2834 5636 Ξανϐόπτυλοςῦπέγραψα.
2888 5569 3109 5635 Magnus
3170 5567 3518 5636 sceuopltylaa:
3561 5566 3684 5616 «tia-

2112 5657 2275 5693 conus
2311 5638 2608 5692 Theodorus
2634 5637 2994 5704 Xumhoputus
3014 5639 3321 5705 subscripsi.
3371 5639 3684 5690 Theodorus

2119 5720 2296 5762 tamen
2333 5712 2417 5763 hic
2463 5712 2631 5772 addit,
2665 5711 3035 5776 praecipueque
3064 5718 3237 5769 notat,
3277 5710 3682 5776 imperatorem,

2114 5781 2452 5847 apprehensa
2512 5780 3015 5848 ponttlicisAmanu
3092 5777 3234 5829 illam
3306 5777 3678 5848 deosculatum

2113 5846 2280 5918 tuisse
2315 5865 2325 5898 :
2370 5849 2480 5901 Kal
2513 5846 2653 5910 eos;
2689 5846 2836 5918 αὐτῷ
2863 5847 2958 5914 τὴν
3007 5851 3160 5916 χείρχ
3209 5850 3273 5918 ἢν
3312 5849 3595 5914 urticam
3655 5847 3681 5894 ὁ

2113 5917 2386 5988 βασιλεὺς,
2413 5918 2664 5973 ἐκάθισεν
2689 5916 2849 5972 αὑτὸν
2884 5918 2939 5981 ἐξ
2973 5916 3275 5987 ἀριστερῶν
3304 5919 3487 5970 αὐτῆς).
