4114 6434
328 393 425 434 ιιι

323 519 354 554 tt
395 492 719 556 resirmt-‘m
753 491 978 548 nat-tus
1011 482 1242 544 tertius
1297 477 1595 540 laudandi
1635 475 1899 549 Campa-

318 599 348 631 α
389 591 508 634 nus
547 572 936 650 epigramma
969 566 1086 626 hoc
1117 561 1429 623 condidit.

397 733 663 794 Bessario,
697 741 866 784 totum
897 730 984 784 cui
1015 744 1070 782 se
1098 725 1352 781 concessit
1379 722 1590 790 Apollo.

473 803 542 857 Et
579 818 688 872 quo
719 802 795 854 nil
827 800 1002 872 majus
1039 798 1237 872 sa'culn
1271 807 1448 872 nostra
1483 797 1703 872 vident;

401 874 504 930 Per
539 865 924 940 te‘prisCurum'
952 869 1133 922 laudes
1168 866 1506 940 egressiuttts,
1542 865 1618 917 ire

469 943 535 996 In
570 937 824 996 trutinam
847 941 1012 992 victor
1033 955 1150 992 cum
1183 937 1431 990 Cicerone
1487 945 1652 997 potes.

413 1014 566 1066 I’irta
593 1015 756 1065 etiam
783 1027 873 1076 per
901 1020 950 1063 te
969 1009 1150 1078 magni
1192 1005 1550 1060 Demosthenis
1573 1022 1694 1072 ora,

484 1083 706 1136 liberior
731 1097 822 1150 per
849 1091 896 1135 te
937 1081 1141 1134 (ἐνατία
1175 1083 1318 1150 facta
1347 1086 1440 1150 tua
1468 1087 1568 1129 est.

397 1153 640 1208 Pectoris
670 1147 740 1202 nt'
766 1152 902 1204 tanti
935 1150 1182 1202 minimas
1218 1147 1468 1215 facundia
1499 1157 1678 1216 partes

479 1223 714 1280 Obtiuet.
745 1225 998 1288 exiguum
1025 1218 1303 1283 splendida
1335 1218 1488 1270 verba
1511 1228 1689 1284 putus.

395 1295 564 1349 Terra
591 1301 756 1361 patet,
779 1292 998 1360 pelagus
1029 1301 1233 1361 notum,
1277 1303 1434 1361 mens
1456 1290 1572 1341 altu
1597 1289 1814 1341 deorum

474 1359 838 1433 Cognita,scis
867 1359 1054 1416 caelum
1085 1359 1288 1433 scitque
1315 1359 1435 1433 quid
1461 1370 1607 1433 astra
1636 1361 1812 1426 [erant

401 1430 666 1502 Qnirqrtid
704 1444 750 1490 te.
775 1436 929 1484 latuit
961 1448 1060 1484 non
1085 1442 1159 1482 est
1189 1432 1243 1482 in
1281 1431 1452 1488 rebus,
1480 1430 1550 1480 ad
1589 1445 1766 1484 omnes

474 1503 748 1574 Ingenium
785 1505 1012 1554 latebras
1043 1502 1082 1552 it
1112 1511 1452 1574 penetratque
1483 1511 1655 1574 tuum.

399 1570 634 1640 Imperio
663 1591 724 1629 ac
756 1589 933 1626 rerum
967 1572 1208 1640 sceptris,
1239 1581 1286 1623 et
1319 1570 1386 1640 ad
1416 1572 1594 1622 omnia
1631 1584 1784 1626 natus

485 1639 632 1697 Unus
675 1650 822 1699 mille
848 1644 987 1710 geris
1027 1639 1260 1709 pectora,
1295 1639 1440 1693 mille
1473 1642 1639 1707 sapis.

359 1777 368 1782 _
401 1716 639 1787 Ipsoque
663 1733 783 1769 rum
811 1724 1012 1766 tantum
1048 1712 1169 1787 {erit
1205 1722 1418 1787 natura,
1455 1713 1661 1764 videtur

484 1781 561 1838 Ιιί
587 1787 744 1853 vires,
776 1794 976 1854 quanta
1003 1795 1103 1848 est,
1146 1781 1448 1840 incubuisse
1479 1797 1628 1840 suae.

407 1951 706 2024 (37))oan.
758 1951 1075 2024 Bonifacius
1127 1951 1180 2006 in
1227 1951 1439 2021 dialogo
1467 1953 1552 2006 cui
1591 1953 1782 2008 titulus
1818 1971 1831 2008 :
1867 1953 1919 2010 Il

327 2023 652 2085 Frarltetta,
686 2038 796 2075 rem
823 2024 982 2091 paulo
1011 2023 1167 2075 aliter
1197 2035 1383 2076 narrat
1409 2039 1426 2089 ;
1459 2025 1533 2077 ait
1561 2025 1728 2088 cnim,
1759 2024 1920 2078 Cam-

329 2111 544 2163 paunm
579 2094 801 2152 infestis
841 2093 1260 2146 bacchanalibus
1297 2091 1673 2148 licssariuuent
1697 2095 1924 2161 adiisse,

327 2176 378 2218 et
447 2173 811 2234 personatum
856 2168 1019 2228 (quod
1066 2179 1192 2222 vero
1227 2163 1478 2234 absunile
1525 2166 1760 2234 videtur)
1805 2179 1927 2218 car-

333 2235 488 2288 mina
515 2232 762 2300 ([Uil'dttlll
795 2233 981 2289 Latina
1017 2235 1067 2286 in
1095 2237 1210 2300 ejus
1240 2232 1451 2288 laudem
1487 2237 1553 2288 ad
1583 2232 1754 2305 lyram
1787 2237 1930 2290 ceci-

351 2343 626 2360 *-

627 2346 950 2356 ———-—_—

1247 368 1546 431 ALOYSII
1583 360 1940 426 BANDINII
1977 353 2612 418 COMMENTARIUS.

3473 352 3584 406 uti

2077 464 2310 531 Corpore
2338 463 2393 514 in
2423 462 2626 516 excelso
2651 460 2900 526 maiestas
2923 473 3056 514 caua
3084 459 3282 531 fatetur

2157 528 2286 590 Plus
2307 533 2552 594 homine;
2577 537 2792 584 heroum
2822 533 2964 596 {roris
2992 533 3107 592 tibi,
3137 528 3400 588 Bessario,
3425 535 3532 588 est;

2085 603 2151 658 Et
2184 607 2311 658 data
2347 619 2465 656 cum
2497 603 2658 670 fuerit
2685 611 2835 656 tanta
2873 617 2968 666 pro
2984 603 3183 654 stantia
3221 600 3488 660 membris.

2147 675 2216 727 Di
2242 674 2476 728 animam
2509 673 2754 725 membris
2787 675 3058 726 inseruere
3083 687 3286 740 parent.

2010 791 2038 822 α
2073 767 2259 840 Quod
2289 783 2432 826 cum
2478 765 2757 824 larvatus
2799 764 3090 842 ephebus
3143 761 3591 842 vocalissimus

2013 869 2041 904 α
2079 839 2252 906 festo
2314 844 2419 904 die
2481 849 2759 920 quodam
2791 887 2808 915 ,
2843 839 3366 920 'submodulante
3426 839 3590 920 lyra,

2014 947 2042 980 α
2077 921 2484 992 mcinuisset,
2508 919 2700 982 tantis
2729 919 3026 999 perfusus
3051 921 3260 980 ltetttia
3287 919 3593 979 laudibus

2015 1027 2044 1058 ι(
2083 1002 2214 1072 ille,
2259 1002 2521 1078 lyr-istic,
2553 1011 2712 1078 quot
2749 1001 2853 1060 illa
2887 1007 3066 1060 erant
3116 999 3423 1066 carmina,
3487 1013 3597 1056 an.

2018 1103 2044 1137 α
2090 1097 2232 1141 reos
2293 1087 2382 1140 tot
2444 1094 2748 1142 nummos
2811 1079 3154 1156 clargitur;
3207 1080 3594 1156 Campanum

2017 1184 2044 1216 α
2087 1175 2233 1220 n-ox
2267 1161 2742 1236 adventantem,
2773 1154 3144 1236 factumque
3178 1154 3598 1236 dissimulant.

2019 1261 2048 1294 ιι
2079 1251 2202 1298 ten.
2224 1237 2602 1314 cntnplexus
2629 1235 2984 1312 :Campanc,
3011 1235 3602 1314 inquit,Camp_ane,

2021 1341 2049 1372 α
2085 1315 2192 1376 ubi
2216 1310 2493 1377 sunt—illi
2523 1310 2844 1392 digitiqui
2877 1323 2968 1374 tot
3000 1315 3072 1375 dc
3105 1310 3215 1372 ‘me
3282 1310 3604 1371 mendacia

2023 1420 2049 1450 α
2085 1395 2524 1471 scripserunt?
2565 1401 2626 1454 et
2681 1411 2876 1453 aureo
2925 1409 3192 1470 gemmas
3227 1393 3604 1471 adamatum

2023 1499 2049 1528 α
2095 1470 2278 1550 pretii
2306 1472 2624 1550 70Wducat.
2654 1471 2894 1532 annulo
2920 1471 3199 1532 donavit.
3245 1470 3398 1530 Inde
3432 1485 3606 1550 mus-

2025 1577 2052 1608 α
2083 1546 2300 1612 tellina
2326 1549 2539 1612 ellerri
2566 1550 2745 1629 jussu
2784 1550 3048 1620 fultura,
3081 1565 3271 1626 quam
3303 1565 3376 1608 cx
3412 1546 3608 1629 trariis

2027 1655 2056 1687 ‹‹
2093 1630 2298 1690 nostri
2329 1625 2584 1703 vocant,
2609 1630 2782 1690 dono
2819 1629 2942 1689 sibi
2980 1625 3133 1688 olim
3179 1643 3210 1686 a
3240 1643 3388 1705 rege
3416 1625 3608 1686 Polo-

2029 1732 2057 1774 ι
2096 1725 2325 1772 norum
2387 1710 2608 1782 missa,
2667 1706 3310 1784 cumulatimuneris
3375 1719 3612 1766 manu.

2031 1811 2060 1844 ι(
2101 1795 2387 1849 mentum
2423 1788 2599 1848 addit
2630 1786 2778 1866 (37).
2819 1810 2849 1844 ι)

2030 1957 2200 2022 uisse,
2242 1972 2345 2026 pro
2379 1955 2579 2026 quibus
2627 1963 2702 2010 tul
2755 1968 3004 2026 nummos
3045 1960 3318 2021 acceperit
3352 1961 3482 2026 quot
3511 1948 3614 2026 illa

2031 2021 2284 2093 fuerant;
2305 2021 2550 2080 retleunti
2571 2027 2767 2080 deinde
2787 2021 2994 2092 absque
3025 2039 3253 2094 persona
3281 2021 3615 2094 cardinalcm

2032 2097 2242 2150 dixisse
2266 2091 2282 2149 ἐ
2322 2095 2422 2149 Ubi
2447 2106 2568 2148 sunt
2595 2096 2636 2146 ii
2667 2097 2842 2161 digiti,
2869 2091 3002 2156 etc.,
3025 2091 3476 2162 apprclteusaquc
3501 2091 3618 2158 ejus

2036 2170 2226 2220 dextra
2257 2166 2404 2228 haud
2429 2167 2628 2222 modici
2660 2167 2820 2236 pretii
2853 2166 3110 2218 annulum
3151 2162 3472 2218 inseruisse.

415 2408 522 2468 llic
561 2405 832 2458 exhibebat
890 2405 1092 2458 Auctor
1138 2404 1539 2460 Dissertationis
1590 2403 1910 2476 Catalogum
1959 2422 2176 2475 operum
2237 2405 2592 2472 Bcssarionis,
2637 2414 2694 2458 at
2730 2420 2920 2473 parum
2957 2413 3209 2457 accurate
3243 2403 3538 2474 confectum
3570 2407 3622 2464 et

329 2507 526 2584 multis
578 2497 785 2554 lacunis
830 2497 1200 2564 laborantem;
1236 2513 1386 2567 quem
1435 2499 1554 2551 ideo
1584 2509 1761 2564 potius
1801 2499 2154 2552 omittendum
2200 2515 2359 2568 quam
2401 2498 2755 2569 supplendum
2789 2497 3180 2566 judirauimus.
3214 2495 3342 2551 Vide
3365 2495 3506 2564 infra
3537 2510 3626 2556 ett-

331 2598 584 2654 rnmdeut
617 2609 832 2664 cperam
862 2595 1215 2648 recensionem
1245 2595 1704 2648 accuratissimam
1732 2609 1796 2648 ex
1829 2592 2078 2649 Fabricio
2109 2606 2157 2649 et
2191 2593 2439 2650 llarlesio
2469 2595 2856 2665 depromptum.
2893 2593 3051 2650 Eot'r.

619 2909 1598 3072 APPENDIX
1697 2847 3344 3136 MONUMENTORUM

1517 3186 1670 3274 AN
1699 3184 2450 3280 ECDOTOBUM

421 3391 719 3460 PARTIM
757 3390 862 3454 EX
905 3388 1252 3460 ARCiIlVO
1296 3388 1674 3451 BASILlC/E
1713 3389 1822 3450 SS.
1863 3389 1984 3450 XII
2025 3387 2626 3461 APOSTOLORUM,
2668 3387 2972 3449 PARTIM
3007 3382 3138 3454 {EX
3180 3385 3562 3452 VATICANA

1419 3478 1943 3550 BlBLIOTIlECA
1977 3482 2163 3541 DESC
2175 3481 2253 3544 Ri
2266 3481 2600 3550 PTOliUM,

1939 3670 2011 3686 ’.ρ

943 3791 1291 3864 103-115
1330 3789 1348 3845 Ι

347 3887 516 3946 Bttila
579 3885 900 3942 reductionis
951 3889 1328 3940 canonicorum
1385 3883 1616 3938 basilica:
1663 3882 1767 3940 SS.
1827 3881 1943 3936 XII

454 3957 850 4028 Apostolorum,
878 3955 1024 4024 facta
1056 3971 1150 4025 per
1186 3955 1477 4026 Eugenium
1501 3971 1702 4024 papam
1733 3952 1842 4009 ιγ.

431 4069 708 4138 Eugenius
757 4069 1086 4138 cpiscnpus,
1141 4083 1330 4124 servus
1382 4083 1664 4121 servorum
1717 4067 1835 4130 Dei,
1868 4066 1949 4120 di-

353 4165 501 4218 lecto
531 4162 644 4216 lilio
673 4160 1010 4226 Bessarioni,
1042 4161 1282 4216 basilica:
1317 4159 1419 4214 SS.
1439 4157 1536 4213 Xll
1563 4159 1946 4228 Apostolorum

353 4255 604 4326 presbyt.
650 4253 828 4319 card.,
863 4254 1096 4308 salutem
1127 4262 1184 4307 et
1217 4252 1575 4322 apostolicam
1615 4251 1951 4306 benedictio-

355 4365 392 4402 11
402 4363 485 4400 Cll]
495 4385 510 4399 .

433 4439 571 4494 itum
618 4439 685 4494 ad
719 4451 1008 4506 personam
1041 4445 1212 4503 tuam,
1245 4450 1412 4506 quam
1443 4434 1628 4490 divina
1657 4433 1947 4488 clementia

360 4534 576 4599 magnis
623 4529 918 4584 illustravit
965 4529 1284 4582 muneribus
1332 4521 1654 4596 giatiarum,
1707 4539 1949 4596 paternae

360 4624 650 4693 diriginws
682 4621 1138 4678 considerationis
1189 4620 1473 4685 intuitum,
1503 4629 1559 4674 et
1593 4627 1797 4674 attente
1825 4635 1950 4688 pro-

362 4715 630 4784 spicimus
677 4715 822 4782 quod
863 4719 920 4766 tu
951 4711 1255 4766 Romanam
1287 4709 1616 4775 Ecclesium,
1657 4709 1812 4780 cujus
1846 4709 1948 4764 bo-

365 4806 609 4868 norubile
665 4805 967 4868 membrum
1013 4802 1256 4864 exsistis,
1305 4810 1524 4856 tttorum
1560 4803 1801 4856 bonoras
1834 4817 1952 4854 ma-

363 4897 647 4972 gnitudine
689 4894 1054 4960 meritorum,
1108 4894 1369 4962 dignum,
1427 4893 1558 4961 quin
1609 4893 1717 4945 imo
1767 4891 1953 4961 potius

364 4989 606 5044 debitum
662 4995 977 5056 reputamus
1030 4993 1088 5044 ut
1121 5001 1183 5042 ea
1215 4985 1311 5038 tibi
1347 4983 1728 5042 favorabiliter
1757 5000 1954 5040 conce-

355 5082 562 5146 damus
612 5096 708 5150 per
766 5093 887 5148 quae
933 5093 1058 5133 cum
1111 5076 1283 5131 divini
1329 5077 1510 5134 cultus
1553 5077 1952 5132 instauratione

367 5174 679 5228 animarum
723 5170 982 5241 periculis
1012 5181 1066 5225 et
1097 5168 1456 5228 ecclesiarum
1490 5178 1594 5222 tute
1623 5183 1769 5223 cura:
1801 5183 1952 5221 com-

371 5261 664 5323 missarum
717 5259 1015 5326 dispendiis
1082 5258 1378 5312 salubriter
1425 5243 1768 5314 occurratur.
1816 5255 1951 5320 Cum

373 5353 575 5420 itaque,
613 5350 754 5406 sicut
785 5349 944 5403 nobis
975 5363 1146 5418 nuper
1179 5349 1508 5417 exposuisti,
1554 5349 1760 5402 [ructus
1782 5387 1797 5413 ,
1833 5349 1957 5402 red-

376 5446 522 5498 ditus
562 5457 626 5496 ac
665 5451 968 5510 proventus
995 5439 1415 5495 canouiratuum
1447 5449 1502 5493 ct
1539 5439 1954 5508 praebendarutn

377 5537 610 5594 basilica:
636 5533 747 5590 -ΧΙΙ
791 5533 1177 5603 Apestolurum
1212 5533 1278 5586 de
1311 5532 1479 5598 Urbe,
1515 5546 1635 5601 qua:
1672 5531 1746 5584 tui
1777 5533 1957 5585 cardi-

376 5634 588 5686 uatatus
624 5629 810 5684 titulus
851 5625 1184 5697 parocltialis
1223 5623 1456 5688 exsistit,
1498 5623 1763 5692 cujusque
1795 5637 1954 5691 paro-

375 5725 720 5785 cttiannrum,
749 5722 841 5790 qui
871 5719 927 5773 in
961 5730 1190 5772 numero
1214 5715 1438 5784 copioso
1470 5723 1621 5778 sunt,
1646 5714 1951 5769 animarum

382 5829 512 5872 cura
556 5829 650 5885 per
685 5813 833 5870 iilius
857 5809 1156 5866 canonicos
1183 5811 1294 5878 regi
1327 5807 1628 5874 consuevit,
1671 5813 1724 5861 ct
1753 5805 1808 5860 in
1847 5821 1954 5876 qua

853 5911 1122 5976 Pt't'noL.
1164 5905 1282 5970 Gtt-
1330 5902 1535 5972 CLXI.

2051 3805 2191 3844 unus
2233 3789 2549 3856 cardinalis,
2596 3803 2718 3862 quae
2751 3791 2926 3862 ipsam
2953 3791 3238 3850 basilicam
3273 3806 3372 3862 pro
3396 3802 3640 3864 tempore

2048 3885 2292 3950 obtinet,
2337 3901 2550 3942 necnon
2601 3896 2726 3942 octo
2779 3889 3027 3942 canonici
3083 3887 3304 3942 totidem
3347 3885 3480 3942 inibi
3505 3900 3640 3956 prte-

2050 3979 2252 4034 bemlas
2303 3979 2615 4034 obtinentes
2671 3978 2739 4034 ab
2772 3979 2900 4034 olim
2933 3979 3160 4034 instituti
3193 3977 3310 4034 fore
3339 3989 3640 4033 noscuntur

2052 4080 2279 4138 prepter
2331 4066 2880 4132 bostilesincursus,
2927 4081 3246 4138 guerrarum
3297 4065 3638 4138 discrimina,

2048 4160 2464 4226 mortalitatem,
2496 4167 2700 4228 pestes,
2731 4159 2980 4229 aliasque
3003 4158 3248 4214 diversas
3279 4158 3639 4230 calamitates,

2049 4251 2185 4304 adeo
2236 4259 2432 4304 tenues
2484 4257 2540 4304 et
2589 4251 2764 4304 exiles
2809 4247 2936 4304 facti
2984 4258 3129 4318 sunt,
3153 4249 3298 4318 quod
3328 4249 3508 4304 dilecti
3541 4249 3638 4320 lilii

2049 4341 2227 4411 ipsius
2253 4341 2508 4396 ecclesiae
2534 4339 2788 4396 canonici
2816 4356 2880 4398 ex
2909 4341 3017 4397 illis
3040 4356 3101 4397 se
3120 4342 3404 4397 commode
3426 4351 3642 4396 susten-

2053 4445 2167 4489 tare
2219 4450 2328 4490 non
2363 4433 2648 4500 valentes,
2679 4434 2822 4503 apud
2875 4433 3154 4505 praefatam
3193 4435 3476 4491 basilicam
3509 4435 3644 4512 resi;

2051 4527 2199 4592 dere,
2251 4527 2327 4581 illi
2371 4525 2425 4581 in
2477 4525 2681 4582 divinis
2722 4527 3002 4582 deservire
3028 4542 3132 4582 non
3159 4537 3379 4592 curant,
3410 4541 3474 4582 ac
3509 4542 3639 4598 pro-

2053 4628 2234 4690 pterea
2283 4618 2398 4689 ipsa
2448 4619 2679 4676 basilica
2728 4627 2838 4675 tam
2893 4619 3038 4674 circa
3068 4621 3274 4675 cultum
3301 4635 3466 4692 quam
3507 4621 3645 4688 regi-

2049 4727 2174 4767 men
2222 4727 2367 4768 cura:
2397 4711 2705 4782 bujusmodi
2737 4727 2932 4782 magna
2961 4712 3224 4770 hactenus
3256 4728 3418 4783 passa
3455 4712 3646 4778 fuerit,

2051 4813 2106 4859 et
2147 4803 2252 4860 nisi
2297 4819 2464 4874 super
2509 4803 2595 4860 bis
2639 4803 2936 4864 salubriter
2959 4805 3328 4874 providoatur,
3357 4803 3560 4874 majora
3592 4807 3647 4870 in

2054 4895 2170 4950 dies
2225 4911 2452 4966 passura
2499 4895 2572 4952 sit
2638 4895 2990 4961 detrimenta,
3023 4897 3188 4972 116
3220 4905 3276 4952 et
3315 4899 3462 4954 sicut
3493 4912 3651 4953 accc-

2052 4989 2253 5058 pimus,
2302 4987 2653 5043 canonicatus
2708 4997 2764 5044 et
2821 4987 3126 5062 praebenda:
3181 4990 3452 5057 praedictae
3509 4991 3649 5045 Itasi-

2061 5080 2200 5146 “CIR,
2251 5093 2391 5149 quos
2443 5079 2718 5148 quondam
2758 5079 3094 5136 Laurentius
3125 5079 3194 5136 de
3223 5080 3442 5149 Surdis,
3473 5081 3650 5152 ipsius

2062 5171 2304 5228 basilicae
2345 5173 2649 5228 canonicos
2697 5173 2824 5228 dum
2878 5173 3124 5238 viveret,
3179 5173 3496 5240 obtinebat,
3554 5188 3652 5243 per

2065 5265 2271 5320 obitum
2329 5264 2570 5332 ejusdem
2625 5261 2929 5334 Laurentii,
2975 5265 3068 5336 qui
3111 5267 3165 5320 in
3215 5265 3354 5321 alma
3391 5267 3526 5320 urbe
3553 5281 3652 5324 no.

2065 5367 2182 5412 εει-τι·
2232 5356 2570 5410 domicilium
2627 5357 2884 5424 habebat,
2917 5357 3062 5413 diem
3097 5357 3293 5414 clausit
3321 5365 3647 5428 extremum,

2064 5448 2383 5503 vacaverint
2433 5455 2489 5502 et
2519 5457 2715 5502 vacant
2745 5448 2812 5503 ad
2849 5461 3126 5516 prtcsens;
3158 5463 3254 5504 nos
3285 5449 3380 5520 qui
3405 5448 3649 5512 divinum

2059 5541 2266 5596 cultum
2323 5537 2546 5594 ubilibet
2598 5547 2654 5593 et
2715 5540 3022 5608 praesertim
3081 5541 3137 5594 in
3197 5540 3448 5596 ecclesiis
3492 5541 3655 5602 dicite

2062 5633 2232 5698 urbis,
2263 5645 2496 5700 quarum
2527 5629 2687 5684 nobis
2716 5644 2850 5684 cura
2897 5629 3190 5698 specialius
3214 5640 3298 5686 est
3323 5631 3648 5704 commissa,

2059 5721 2263 5792 jugiter
2294 5719 2521 5775 inteusis
2569 5719 2854 5774 desideriis
2892 5711 3234 5788 aliéctamus,
3288 5721 3540 5778 volentes
3585 5735 3652 5782 ea

2062 5809 2162 5873 tibi
2221 5807 2524 5870 concedere
2573 5823 2674 5890 per
2718 5823 2838 5888 quae
2891 5807 3132 5874 basilica:
3185 5811 3354 5869 statui
3401 5819 3456 5868 et
3493 5827 3655 5890 paro.

3169 5941 3206 5988 Β
