4114 6432
352 5468 358 5475 ’
448 5478 635 5522 teuore
691 5468 1041 5536 praesentium
1102 5469 1452 5523 concedimus
1503 5469 1873 5527 facultatem:

449 330 579 374 LXIII

454 434 779 488 chianorttm
828 430 1000 502 primi.
1046 428 1349 485 animarum
1392 431 1549 485 saluti
1594 431 1772 486 valeat
1808 432 2043 486 salubri-

453 535 541 580 ter
568 524 865 595 provideri,
919 538 987 579 ae
1025 537 1225 579 mensa:
1248 522 1560 591 capitularis
1588 522 1748 578 dictae
1780 525 2035 588 basilicm,

456 618 502 669 si
551 629 657 685 qua
708 614 802 678 sit,
848 613 1143 681 fructuum,
1197 614 1503 668 reddituum
1556 628 1621 668 ae
1661 624 2029 684 proventuum

451 722 609 762 veros
674 707 891 763 valores
947 720 1159 761 annuos
1205 706 1702 776 praesentibuspro
1760 706 2036 777 expressis

450 798 732 863 habentes,
786 798 891 853 tuis
936 797 993 853 in
1039 800 1141 853 hac
1167 808 1319 868 parte
1344 799 1839 869 supplicationibus
1877 800 2035 854 incli-

451 889 583 954 nati,
632 889 1110 958 circutnspectioni
1160 900 1264 945 tum
1301 891 1629 945 auctoritate
1680 900 1866 945 nostra
1901 905 2037 960 prte-

448 981 614 1044 dicta,
660 982 1051 1037 canonicorum
1096 991 1150 1037 et
1185 982 1599 1051 praebendarum
1635 999 1919 1038 numerum
1969 985 2033 1037 ad

365 1100 371 1107 ι
448 1085 743 1125 numerum
789 1082 1033 1141 quatuor
1082 1073 1374 1128 reducendi
1407 1089 1470 1129 ac
1493 1076 1769 1130 statuendi
1806 1078 2035 1131 etordi-

448 1164 648 1229 nandi,
705 1165 849 1233 quod
902 1176 1160 1221 vacantes
1216 1165 1496 1236 praedicti,
1556 1176 1607 1221 et
1661 1175 1775 1222 tres
1821 1168 1912 1222 alii
1986 1169 2033 1223 si

444 1264 648 1309 vacant
679 1255 745 1309 ad
782 1271 1045 1325 praesens,
1078 1257 1162 1311 vel
1204 1272 1342 1328 quos
1371 1259 1548 1328 primo
1575 1274 1771 1313 vacare
1793 1260 2035 1327 contige-

448 1345 539 1410 rit,
570 1345 825 1415 personis
855 1346 908 1399 in
942 1348 1261 1402 sacerdotio
1308 1348 1617 1405 constitutis
1642 1365 1761 1420 qua:
1787 1352 1925 1419 apud
1950 1352 2031 1404 tli-

446 1446 590 1490 ctam
639 1437 921 1493 basilicam
969 1440 1333 1507 personaliter
1374 1441 1615 1495 residere
1658 1441 1845 1512 illique
1871 1443 1921 1496 in
1951 1443 2032 1496 di-

443 1525 590 1580 vinis
637 1524 950 1594 hujusmodl
1019 1528 1296 1583 deservire
1353 1544 1423 1585 ac
1473 1545 1660 1584 curam
1718 1532 2028 1599 prmdictam

445 1630 633 1681 gerere
662 1626 717 1670 et
738 1630 995 1671 exercere
1017 1616 1280 1671 continuo
1299 1627 1605 1673 teneantur.
1635 1618 1882 1688 Alioquin
1912 1634 2017 1673 non

446 1708 745 1763 residentes
791 1718 845 1763 et
904 1724 1007 1762 non
1052 1707 1445 1774 deservientes,
1494 1725 1560 1765 ac
1604 1725 1803 1765 curam.
1845 1711 2029 1779 hujus-

447 1799 587 1853 tnodi
617 1812 744 1854 'non
790 1808 1128 1864 exercentes,
1178 1810 1235 1854 ut
1275 1800 1584 1870 praefertur,
1610 1802 2025 1857 canonicatibus

443 1898 499 1942 et
526 1890 830 1957 przebendis
860 1906 952 1960 per
975 1905 1069 1945 eos
1094 1890 1330 1946 obtentis
1365 1892 1636 1960 pranlictis
1664 1893 1857 1962 privati
1899 1894 2027 1959 sint,

444 1982 629 2050 illique
670 1996 865 2037 vacare
907 1993 1235 2038 censeantur
1262 1997 1327 2037 eo
1348 1983 1491 2051 ipso,
1528 1984 1592 2037 de
1619 1992 1814 2038 cmtero
1842 1998 2031 2054 perpe-

444 2073 555 2128 tuis
602 2073 800 2128 futuris
850 2075 1186 2144 temporibus
1238 2073 1629 2137 conferantur,
1680 2089 1743 2128 ac
1795 2076 2031 2145 reliquos

441 2180 509 2219 ex
544 2165 761 2231 eisdem
807 2166 1220 2222 canonicatibus
1263 2178 1317 2221 et
1370 2167 1676 2236 prmbendis
1723 2185 1883 2238 quam
1912 2170 2029 2241 prio

440 2272 588 2311 mum
655 2257 773 2312 illos
839 2258 1000 2312 simul
1053 2257 1135 2313 vel
1185 2259 1495 2313 successive
1540 2274 1636 2330 per
1667 2275 1878 2315 cessum
1937 2271 2030 2315 aut

440 2350 724 2405 decessum
776 2350 896 2406 illos
943 2351 1357 2419 obtinentium,
1424 2366 1521 2405 seu
1579 2351 1700 2407 aliis
1748 2353 2031 2422 quibusvis

439 2440 616 2495 modis
659 2456 856 2498 vacare
892 2442 1213 2513 contigerit,
1247 2443 1459 2497 etiamsi
1503 2458 1694 2499 omnes
1733 2446 2030 2499 canOnica-

441 2539 529 2587 tus
578 2541 634 2589 et
676 2533 977 2601 praabendze
1032 2534 1116 2589 vel
1153 2549 1343 2589 eorum
1392 2535 1560 2605 aliqui
1589 2536 1901 2605 specialiter
1933 2550 2028 2591 seu

436 2625 768 2694 generaliter
822 2626 1165 2695 dispositioni
1212 2629 1524 2698 apostolicae
1574 2629 1833 2683 reservati
1879 2629 2031 2683 exsi-

439 2725 614 2784 stant,
644 2717 1011 2786 supprimendi
1044 2720 1261 2787 penitus
1292 2730 1346 2773 et
1376 2720 1780 2790 exstinguendi;
1813 2734 1877 2775 ac
1904 2722 2032 2775 sub-
2070 2767 2076 2774 .

439 2818 731 2876 sequenter
761 2817 954 2872 terras,
977 2809 1124 2877 jura,
1149 2809 1521 2879 possessiones
1543 2820 1597 2863 et
1619 2810 1757 2865 bona
1783 2826 2032 2882 suppres-

439 2912 624 2951 sorum
675 2900 1090 2953 canonicatunm
1143 2910 1196 2954 et
1251 2902 1666 2970 praebendarum
1725 2902 2028 2974 huiusmodi

438 2990 595 3044 dicta:
654 3005 879 3056 mensae,
934 2992 979 3046 si
1027 3008 1130 3062 qua
1166 2994 1276 3060 sit,
1309 2994 1549 3064 alioquin
1579 2996 1644 3049 de
1668 3010 1813 3050 nova
1845 3012 1939 3065 per
1981 3007 2031 3053 te

438 3081 787 3136 instituendas
825 3098 921 3152 pro
954 3084 1291 3152 quotidianis
1343 3085 1820 3142 distributionibus
1884 3088 2027 3144 inter

437 3175 735 3229 canonicos
760 3186 812 3229 et
845 3176 1156 3243 capellauos
1182 3177 1425 3248 ejusdem
1460 3179 1697 3234 basilica:
1728 3180 1779 3233 in
1808 3180 1895 3235 illa
1924 3180 2013 3237 di-

437 3267 579 3321 vinis
612 3266 806 3321 ciliciis
830 3267 1220 3323 interessentes
1247 3269 1638 3325 distribuendis
1666 3286 1787 3326 eum
1819 3287 2013 3328 eorum

441 3360 727 3422 fructibus,
778 3359 1076 3415 redditibus
1127 3375 1190 3414 ae
1227 3363 1607 3430 proventibus,
1638 3364 2027 3436 aliisquejuri-

436 3450 542 3505 bus
575 3458 627 3505 et
655 3450 1003 3518 pertinentiis
1040 3453 1157 3506 suis
1185 3452 1236 3506 in
1272 3461 1599 3523 perpetuum
1629 3456 1873 3524 uniendi,
1911 3471 2021 3511 an-

439 3544 713 3608 neCtendi,
745 3543 1048 3612 applicandi
1104 3555 1156 3598 et
1207 3547 1582 3615 approbandi,
1637 3564 1848 3603 necnon
1880 3554 2023 3620 quod

441 3635 684 3699 interim,
707 3648 993 3704 quousque
1015 3634 1256 3689 reductio
1292 3644 1347 3689 et
1375 3635 1477 3689 alia
1514 3638 1821 3706 praemissa.
1857 3641 1899 3694 si
1928 3655 2025 3708 per

440 3732 495 3777 te
540 3723 690 3787 (ient,
744 3722 984 3777 debitum
1037 3723 1337 3777 sortiantur
1384 3723 1657 3791 eﬂ‘ectnm,
1704 3728 1930 3797 quilibet
1959 3746 2024 3785 ex

402 3818 405 3821 '
441 3810 604 3865 dictis
628 3810 907 3866 canonicis
939 3812 1077 3880 apud
1110 3811 1389 3882 praefatam
1431 3814 1713 3869 basilicam
1746 3833 1849 3871 non
1884 3820 2026 3873 resi-

441 3902 725 3969 dentibus,
779 3914 833 3957 et
877 3903 930 3957 itt
984 3903 1072 3957 illa
1105 3904 1301 3958 divinis
1339 3903 1530 3961 ulﬁciis
1561 3906 1875 3977 hujusmodi
1916 3925 2022 3964 non

447 3997 901 4051 interessentibus
929 4011 1093 4051 unam
1125 3997 1389 4053 duntaxat
1420 4001 1708 4069 percipiat,
1751 4003 1858 4055 alia
1893 4008 2024 4058 vero

395 4146 407 4160 δ
447 4089 712 4144 medietas
749 4103 970 4145 suorum
1026 4092 1442 4147 canonicatuum
1504 4094 1661 4164 117
1693 4104 1748 4149 et
1778 4097 2027 4165 praeben-

400 4176 401 4179 “
438 4184 629 4236 darum
661 4182 973 4251 huiusmodi
1005 4183 1163 4237 dicta:
1191 4199 1391 4239 mensa:
1417 4200 1517 4254 pro
1543 4185 2026 4242 distributionibus

439 4271 680 4342 [tralatis
702 4274 1053 4344 assignetur,
1079 4276 1334 4346 quodque
1370 4277 1551 4330 nullus
1592 4291 1658 4331 cx
1700 4279 1904 4334 eisdem
1937 4296 2028 4332 ca-

438 4364 652 4419 nonicis
677 4365 742 4417 de
768 4365 1042 4432 praedictis
1073 4380 1167 4420 seu
1197 4367 1320 4421 aliis
1343 4368 1835 4423 distributionibus
1856 4372 2026 4441 ipsius

382 4500 385 4503 .
438 4454 697 4520 basilicas,
729 4456 941 4509 etiamsi
993 4455 1083 4509 illa
1132 4458 1183 4511 in
1226 4458 1596 4515 oblationibus
1643 4476 1736 4515 seu
1765 4461 1884 4516 aliis
1908 4465 2028 4532 qui-

438 4545 762 4617 buscunque
803 4547 1128 4611 consistant,
1161 4563 1259 4619 pro
1305 4552 1604 4605 residentia
1644 4566 1738 4606 seu
1793 4552 2029 4608 interi-s-

441 4637 617 4691 seutia
664 4637 897 4705 alicujus
937 4638 1045 4691 diei
1073 4638 1274 4707 aliquid
1304 4641 1585 4710 percipere
1615 4643 1807 4710 possit,
1843 4628 1943 4698 nisi
1972 4646 2027 4700 in

441 4727 631 4781 eadem
686 4727 909 4780 basilica
952 4741 1048 4795 per
1095 4737 1263 4781 totum
1290 4744 1491 4784 annum
1526 4732 1875 4788 residentiam
1906 4750 2029 4805 per-

441 4818 682 4874 sonalem
730 4817 923 4873 fecerit
970 4830 1024 4874 et
1069 4821 1122 4873 in
1158 4835 1222 4878 ea
1268 4821 1465 4877 divinis
1500 4823 1810 4893 bujusmodi
1864 4828 2030 4883 inier-

443 4911 632 4973 l'uerit,
660 4923 723 4963 ac
757 4910 940 4963 omnia
974 4919 1027 4963 et
1058 4909 1271 4979 singula
1309 4911 1414 4965 alia
1449 4913 1594 4969 circa
1627 4918 1907 4984 praemissa
1934 4934 2028 4973 ne-

443 5001 687 5057 cessaria
709 5041 724 5067 ,
763 5016 861 5056 seu
890 5002 1306 5071 quomodolibet
1341 5014 1646 5073 opportuna
1672 5044 1687 5072 ,
1722 5010 2023 5076 statuendi,

442 5095 756 5159 ordinandi,
782 5095 1131 5159 decernendi,
1162 5094 1391 5151 faciendi
1418 5108 1474 5151 et
1499 5102 1870 5170 exsequendi;
1899 5117 2029 5157 con-

418 5178 419 5181 “
448 5186 776 5242 tradictorcs
812 5202 1030 5257 quoque
1070 5202 1166 5256 per
1199 5202 1484 5244 censuram
1515 5192 1943 5249 ecclesiasticam
1973 5203 2029 5250 et

444 5282 551 5335 alia
602 5280 743 5351 juris
784 5282 1049 5355 remedia,
1096 5283 1458 5351 appellatione
1515 5288 1839 5354 postposita,
1880 5304 2030 5342 cont-

444 5375 704 5445 pesceudi
758 5375 973 5444 plenam
1001 5384 1058 5430 et
1101 5374 1328 5430 liberam
1370 5379 1695 5433 auctoritate
1732 5382 2029 5448 apostolica

1920 5488 2029 5527 non

446 5558 793 5614 obstantibus
825 5560 1244 5629 quibuseunque
1272 5561 1760 5618 constitutionibus
1794 5573 1849 5619 et
1882 5566 2033 5619 ordi-

447 5645 762 5703 nationibus
813 5649 1168 5718 apostolicis,
1224 5665 1289 5707 ac
1347 5653 1507 5709 dicta:
1565 5654 1813 5710 basilicze
1876 5657 2031 5727 jura-

448 5746 668 5805 mcnto,
706 5740 1119 5799 conﬁrmatione
1160 5746 1501 5816 apostolica,
1556 5745 1637 5803 vel
1690 5748 1881 5821 quavis
1933 5749 2027 5805 lir-

1243 314 1341 376 DE
1378 314 1558 379 VITA
1599 313 1695 375 ΕΤ
1738 316 1993 377 REBUS
2026 314 2301 379 GESTIS
2337 318 2843 380 BESSARIONIS

3600 328 3728 373 LXIV

2150 435 2335 489 unitate
2387 435 2490 490 alia
2544 435 2860 498 roboratis,
2928 432 3154 489 statutis
3205 441 3261 489 et
3314 435 3725 489 consuetudini-

2145 526 2247 582 bus
2266 566 2283 589 .
2334 528 2547 583 etiamsi
2604 528 2670 581 de
2714 526 2825 582 illis
2855 542 3158 596 eorumque
3176 526 3318 581 lotis
3348 525 3629 582 tenoribus
3659 527 3727 580 de

2144 614 2312 671 verbo
2371 618 2439 673 ad
2506 618 2728 672 verbum
2782 616 2835 671 in
2880 616 3238 686 prmsentibus
3286 615 3534 671 habenda
3589 614 3727 671 foret

2146 708 2369 771 mentio,
2415 708 2614 777 quibus
2656 707 2930 772 omnibus,
2969 706 3104 761 alias
3139 706 3191 759 in
3228 718 3328 759 suo
3367 705 3567 782 robore
3594 717 3727 773 per-

2146 799 2437 866 mansuris,
2488 798 2757 867 derogare
2810 798 3143 852 intendimus
3185 805 3240 852 et
3280 795 3727 864 derogamus-per

2145 898 2472 958 prmsentcs,
2517 890 2840 961 privilegiis,
2894 888 3085 959 gratiis
3115 897 3169 943 et
3216 887 3440 942 indultis
3486 884 3555 941 de
3605 898 3727 954 per-

2144 980 2406 1048 cipiendis
2450 982 2715 1037 fructibus
2763 984 2817 1037 in
2868 982 3113 1036 absentia
3152 980 3462 1050 praesertim
3492 978 3726 1047 patriar-

2143 1069 2380 1124 cballum
2435 1070 2793 1125 ecclesiarum
2850 1072 2915 1126 de
2970 1072 3110 1126 dicta
3152 1071 3284 1125 urbe
3324 1069 3724 1136 eanonicispro

2146 1166 2385 1224 tempore
2433 1159 2823 1215 assistentibus
2879 1175 2975 1230 per
3026 1160 3209 1215 sedem
3263 1161 3619 1231 apostolicam
3665 1159 3721 1212 in

2144 1248 2325 1315 specie
2368 1264 2470 1303 seu
2503 1250 2553 1304 in
2586 1265 2786 1320 genere
2816 1252 3114 1319 concessis,
3141 1252 3467 1321 emterisque
3502 1259 3727 1305 contra-

2142 1339 2240 1395 riis
2287 1339 2723 1410 quibuscunque.
2758 1342 2863 1395 Aut
2887 1341 2929 1394 si
2967 1340 3133 1409 aliqui
3168 1340 3465 1409 apostolica
3494 1337 3578 1392 vel
3617 1338 3722 1391 alia

2143 1432 2336 1498 quavis
2380 1433 2703 1488 auctoritate
2752 1434 2805 1486 in
2847 1431 2993 1485 dicta
3046 1431 3269 1486 basilica
3322 1431 3374 1484 in
3425 1431 3722 1484 canonicos

2143 1523 2250 1579 sint
2282 1527 2510 1594 recepti,
2545 1525 2628 1579 vel
2660 1535 2719 1579 ut
2754 1525 3085 1595 recipiantur
3126 1525 3406 1589 insistant,
3440 1537 3533 1578 seu
3558 1535 3722 1592 super

2142 1616 2538 1683 provisionibus
2584 1616 2689 1672 sibi
2770 1616 3032 1671 faciendis
3088 1616 3156 1671 de
3202 1615 3612 1670 canonicatibus
3664 1623 3721 1668 et

2141 1707 2446 1773 prmbcndis
2495 1708 2661 1777 ipsius
2697 1702 2934 1762 basilica:
2962 1706 3249 1778 speciales,
3280 1707 3361 1759 vel
3397 1706 3516 1759 aliis
3550 1705 3717 1757 bene-

2142 1797 2279 1852 ﬁciis
2310 1800 2703 1854 ecclesiasticis
2741 1802 2789 1853 in
2824 1800 2931 1853 illis
2977 1799 3221 1870 partibus
3250 1798 3529 1866 generales
3560 1798 3719 1851 dictae

2140 1892 2283 1945 sedis
2311 1890 2388 1944 vel
2420 1890 2716 1961 legatorum
2746 1892 3090 1961 inipetrarint
3118 1892 3348 1955 litteras,
3378 1890 3593 1945 etiamsi
3622 1904 3719 1958 per

2139 1998 2234 2037 eas
2280 1984 2343 2035 ad
2400 1982 2801 2045 inbibitionem,
2861 1981 3284 2037 reservationem
3326 1991 3381 2037 et
3414 1982 3717 2046 decretum,

2141 2074 2220 2127 vel
2274 2074 2393 2129 aliis
2428 2074 2829 2144 quomodolibet
2868 2075 2938 2128 sit
2970 2076 3285 2141 provisum;
3316 2090 3451 2144 quas
3490 2077 3711 2144 quidem

2140 2164 2349 2217 litteras
2394 2172 2449 2217 et
2496 2178 2782 2231 processus
2824 2162 3036 2218 habitos
3071 2178 3165 2232 per
3196 2162 3449 2227 easdem;
3504 2180 3717 2219 necnon

2139 2269 2477 2326 quaacunqne
2509 2254 2633 2307 inde
2672 2262 2881 2318 secuta,
2906 2256 2972 2310 ad
3006 2255 3358 2310 canonicatus
3388 2264 3441 2310 et
3464 2257 3716 2325 praeben-

2142 2350 2241 2401 das
2298 2344 2606 2416 huiusmodi
2663 2347 2912 2402 volumus
2958 2363 3065 2402 non
3108 2347 3348 2414 extendi,
3380 2347 3473 2402 sed
3509 2348 3714 2403 nullum

2140 2455 2235 2508 per
2264 2440 2365 2493 hoe
2405 2439 2485 2494 eis
2536 2439 2729 2510 quoad,
2768 2440 3164 2496 assccutionem
3212 2442 3630 2497 canonicatuum
3662 2453 3719 2498 et

2139 2526 2547 2599 praebendarmu
2606 2542 2702 2586 aut
2757 2532 3142 2587 beueliciorum
3184 2532 3415 2588 aliorum
3462 2533 3743 2603 praejudi-'

2140 2621 2283 2675 cium
2340 2622 2634 2691 generari;
2706 2638 2921 2678 necnon
2984 2624 3315 2692 quibuslibet
3378 2623 3499 2681 aliis
3549 2625 3719 2695 privi-

2142 2714 2297 2783 legiis
2322 2754 2337 2777 ,
2375 2713 2725 2784 indulgentiis
2760 2724 2811 2769 et
2858 2715 3053 2770 litteris
3088 2716 3401 2784 apostolicis
3440 2717 3715 2787 generali-

2140 2806 2240 2859 bus
2287 2804 2370 2859 vel
2411 2803 2737 2872 specialibus
2789 2818 3241 2873 quorumcunque
3291 2813 3539 2858 tenerum
3565 2805 3716 2859 exsio

2139 2904 2317 2963 stant,
2354 2910 2449 2965 per
2478 2910 2597 2964 quae
2627 2895 2989 2965 praesentibus
3019 2907 3125 2948 non
3154 2907 3412 2962 expressa
3453 2894 3538 2948 vel
3572 2904 3717 2946 tota-

2141 2988 2264 3043 liter
2313 3004 2417 3043 non
2473 2988 2679 3042 inserta
2733 2986 2959 3041 electus
3006 2999 3191 3038 earum
3243 2982 3493 3052 impedisi
3540 2984 3717 3036 valeat

2139 3076 2544 3148 quomodohbet
2583 3075 2667 3129 vel
2713 3073 2941 3139 dilTerri,
2976 3081 3029 3127 et
3060 3076 3125 3127 de
3149 3073 3346 3141 quibus
3376 3087 3716 3142 quorumque

2143 3171 2270 3226 totis
2305 3168 2587 3223 tenoribus
2633 3165 2882 3222 habenda
2911 3165 2976 3220 sit
3020 3165 3072 3219 in
3110 3164 3310 3219 nostris
3342 3165 3535 3220 litteris
3564 3179 3717 3220 men-

2142 3263 2214 3317 tio
2237 3261 2510 3331 specialis.
2540 3259 2651 3314 Nos
2685 3258 2831 3314 enim
2857 3272 2923 3312 ex
2954 3271 3094 3311 nunc
3125 3255 3341 3311 irritum
3369 3256 3715 3313 decernimus

2136 3368 2188 3411 et
2231 3355 2411 3421 inane,
2462 3354 2505 3407 si
2532 3367 2699 3408 secus
2732 3366 2895 3421 super
2928 3350 2995 3404 iis
3020 3365 3050 3404 a
3081 3349 3243 3418 11,8
3271 3362 3547 3418 quoquam
3577 3362 3717 3418 qua-

2140 3449 2221 3501 vis
2275 3446 2616 3512 auctoritate,
2665 3444 2903 3500 scienter
2948 3440 3045 3526 vel.
3085 3442 3399 3509 ignoranter
3429 3441 3717 3513 contigerit

2138 3541 2465 3609 atlemptari.

2211 3633 2401 3687 Datum
2446 3631 2631 3685 Romae
2674 3629 2817 3699 apud
2865 3627 2925 3685 S.
2974 3626 3217 3692 Petrum,
3266 3641 3408 3684 anno
3437 3625 3711 3684 Incarnat.

2138 3724 2430 3779 Doniinica:
2495 3722 2779 3776 millesimo
2813 3719 3361 3791 {quadringentesimo
3409 3721 3715 3790 quadrage-

2138 3818 2276 3871 simo
2334 3814 2529 3878 tertio,
2589 3829 2642 3868 xi
2694 3812 2816 3869 Kal.
2873 3811 3089 3879 Martii,
3143 3811 3491 3883 pontiﬁcatus
3542 3810 3714 3868 nostri

2136 3922 2281 3965 anno
2316 3922 2429 3961 XIII.

2137 4094 2355 4150 Staluta
2384 4103 2431 4149 et
2475 4094 2836 4147 ordinationes
2874 4090 3125 4162 Eccieslw
3152 4088 3254 4147 SS.
3287 4088 3402 4146 XII
3431 4090 3715 4162 Apostolo-

2638 4220 2641 4223 λ
2733 4179 2848 4215 rum
2879 4163 2941 4215 de
2983 4161 3139 4216 Urbe.

2206 4280 2517 4344 Bessarion,
2545 4279 2897 4335 miseratione
2944 4276 3130 4332 divina
3165 4275 3269 4332 SS.
3302 4274 3399 4332 XII
3427 4277 3713 4348 Aposmlo-

2137 4389 2255 4428 rnm
2320 4374 2384 4428 de
2438 4371 2582 4427 Urbe
2633 4375 2809 4441 presb.
2859 4370 3110 4434 cardiu.,
3163 4370 3383 4426 dilectis
3439 4370 3601 4426 nobis
3652 4370 3709 4424 in

2135 4465 2354 4521 Christo
2403 4464 2660 4534 capitulo,
2697 4462 2974 4516 canonicis
3019 4470 3074 4515 et
3120 4461 3413 4531 capellanis
3440 4462 3598 4516 dicta:
3623 4476 3719 4516 ec.

2138 4557 2315 4612 clesia:
2342 4555 2567 4609 salutem
2604 4555 2655 4607 in
2690 4552 2801 4607 Deo
2831 4553 3239 4622 sempiternam.

2210 4646 2477 4713 Quoniam
2513 4644 2773 4700 eiTrenata
2808 4643 3083 4699 hominum
3126 4643 3395 4713 cupiditas
3437 4652 3491 4699 et
3524 4643 3716 4699 noxius

2137 4740 2427 4811 appetitus,
2476 4752 2692 4808 semper
2740 4737 2806 4790 ad
2857 4736 3057 4790 malum
3128 4751 3223 4790 sua
3264 4735 3527 4790 labilitate
3553 4736 3718 4790 decli-

2140 4847 2297 4897 nans,
2352 4829 2451 4884 nisi
2498 4830 2598 4884 sub
2647 4828 2791 4900 juris
2832 4835 2884 4884 et
2933 4826 3161 4882 rationis
3206 4828 3388 4896 regula
3429 4826 3714 4889 limitetur,

2140 4937 2306 4993 prava
2366 4923 2599 4992 quadam
2651 4920 2912 4976 abusione
2970 4930 3027 4973 et
3074 4918 3381 4986 corruptela
3441 4917 3579 4972 bene
3638 4917 3719 4969 vi-

2136 5014 2295 5070 vendi
2318 5013 2524 5084 justum
2555 5012 2801 5067 ordinem
2830 5009 3153 5078 corrumpit,
3187 5011 3372 5078 sicque
3402 5010 3602 5077 passim
3635 5008 3719 5061 di-

2139 5108 2260 5162 vina
2307 5106 2510 5177 pariter
2552 5112 2607 5158 et
2648 5103 2886 5157 humana
2934 5102 3184 5156 instituta
3218 5102 3528 5171 mquissima
3558 5102 3719 5167 depe-

2137 5208 2299 5257 reunt
2328 5216 2341 5253 :
2373 5195 2864 5263 idcirco,volentes
2897 5194 2962 5247 ad
2998 5192 3259 5247 honorem
3291 5204 3344 5245 et
3375 5190 3589 5246 laudem
3627 5192 3717 5244 Al-

2140 5292 2368 5359 tissiini,
2426 5291 2670 5348 omnium
2727 5288 3037 5354 Creatoris,
3090 5286 3455 5357 apostolorum
3506 5300 3721 5355 quoque

2137 5383 2371 5454 Philippi
2416 5393 2471 5438 et
2520 5382 2731 5446 Jacobi,
2763 5394 2997 5449 quorum
3034 5392 3279 5448 _corpora
3319 5377 3371 5455 in
3406 5378 3593 5432 eadem
3628 5393 3721 5434 ec-

2139 5476 2304 5531 clesia
2356 5473 2634 5528 recondita
2681 5478 2827 5534 sunt,
2863 5478 2916 5525 et
2949 5469 3180 5523 aliorum
3210 5468 3589 5539 apostolorum
3618 5472 3718 5519 sub

2139 5582 2370 5638 quorum
2421 5562 2734 5620 nominibus
2786 5563 2926 5617 dicta
2977 5560 3210 5616 ecclesia
3250 5566 3565 5613 consecrata
3614 5567 3717 5620 est,

2139 5671 2345 5729 proque
2404 5654 2755 5723 ampliatione
2821 5652 2989 5708 divini
3043 5650 3223 5707 cultus
3287 5648 3599 5719 respicere,
3655 5658 3722 5701 ac

2141 5752 2303 5809 etiam
2338 5765 2403 5806 ex
2434 5750 2614 5807 debito
2656 5747 2832 5805 nostri
2861 5746 3024 5815 tituli,
3070 5758 3178 5817 quo
3205 5742 3383 5802 eidem
3414 5740 3721 5815 praesiden-
