4114 6416
449 406 553 451 LXV

442 523 527 570 tes
563 510 809 569 ecclesia:
831 511 900 568 ad
945 512 998 568 id
1052 527 1152 569 nos
1186 515 1576 583 cognoscimus
1608 514 1898 582 obligatos,
1931 516 2014 568 in-

444 607 762 675 trascriptas
816 604 1090 661 edidimus
1140 621 1306 676 super
1347 605 1731 660 reformatione
1781 606 2019 675 praelate

440 698 681 753 ecclesiae
708 713 775 754 ac
798 699 1174 754 ministrorum
1200 699 1318 770 ejus
1340 699 1755 754 constitutiones
1780 697 2023 765 etLrefor-

441 791 714 846 mationes
749 801 856 846 tam
899 791 1266 861 spiritualium
1313 806 1474 860 quam
1507 791 1903 860 temporalium.
1940 791 2022 844 Α]

443 897 539 937 eas
597 883 782 952 igitur,
839 883 933 937 lilii
962 883 1170 950 dilecti,
1205 883 1466 938 inclinate
1496 884 1827 937 unanimiter
1862 898 2023 938 aures

443 986 680 1040 vestras,
737 976 992 1033 adhibete
1048 977 1490 1047 promptitudinis
1525 977 1882 1044 intellectum,
1912 978 2028 1032 col-

447 1069 674 1138 ligentes
726 1069 996 1125 setninum
1042 1070 1253 1126 fructus
1296 1085 1435 1140 quos
1465 1071 1518 1124 in
1545 1085 1677 1138 agro
1703 1080 1898 1125 vestr-.e
1931 1071 2026 1124 de.-

447 1159 680 1215 votionis
733 1161 1073 1230 providentia
1133 1172 1360 1231 paterna
1417 1165 1764 1230 conSpergit,
1821 1163 1901 1216 sic
1961 1177 2024 1215 ea

446 1252 646 1307 culturi
691 1251 876 1307 studio
913 1253 1177 1322 diligenti,
1215 1254 1359 1323 quod
1395 1269 1584 1325 sparsa
1623 1253 2028 1308 fructificentet

448 1344 661 1411 operosi
703 1343 904 1399 laboris
928 1357 1202 1414 speratam
1227 1339 1514 1399 utilitatem
1554 1347 1882 1400 conducant.
1921 1343 2026 1399 Eas

449 1433 616 1500 igitur
649 1434 952 1502 hujusmodi
987 1436 1412 1492 constitutiones
1447 1446 1502 1493 et
1533 1437 1903 1492 ordinationes
1936 1449 2027 1488 vo-

448 1526 536 1580 bis
575 1520 631 1580 et
673 1527 896 1582 cuilibet
927 1536 1167 1584 vestrum
1200 1531 1302 1584 sub
1330 1530 1505 1600 poenis
1536 1531 1586 1582 in
1619 1530 1683 1583 iis
1716 1529 2028 1584 constitutis

450 1618 728 1673 observari
756 1620 1100 1690 praecipimus
1130 1631 1185 1676 et
1209 1622 1548 1677 mandamus.

651 1751 730 1806 De
768 1769 982 1808 numero
1013 1755 1385 1809 canonicorum
1430 1767 1478 1809 et
1510 1754 1816 1811 residentia.

526 1888 584 1942 in
636 1889 824 1958 primis
855 1890 1071 1961 quidem
1109 1891 1402 1946 statuimus
1439 1901 1494 1947 et
1519 1893 1853 1955 ordinamus,
1885 1889 2025 1961 quod

457 1981 510 2034 in
557 1982 695 2035 dicta
725 1983 953 2036 ecclesia
998 1984 1273 2052 perpetuis
1319 1982 1515 2038 intutis
1550 1975 1881 2052 temporibus
1918 1984 2028 2038 sint

456 2083 509 2127 et
542 2089 661 2127 esse
691 2073 925 2128 debeant
953 2083 1185 2142 quatuor
1214 2075 1464 2128 canonici
1501 2073 1832 2142 przebcndati
1883 2075 2027 2128 dun-

459 2176 626 2228 taxat,
679 2165 835 2233 juxta
888 2165 1338 2220 constitutionem
1380 2176 1431 2219 et
1481 2166 1881 2220 ordinationem
1932 2164 2025 2219 lcl.

457 2258 665 2310 record.
725 2257 953 2326 Eugenii
1007 2272 1156 2326 papae
1198 2255 1288 2325 IV,
1343 2267 1500 2327 prout
1543 2259 1594 2312 in
1635 2258 1803 2326 ipsius
1832 2258 2030 2313 litteris

461 2346 623 2416 119
663 2360 824 2416 super
858 2347 982 2402 inde
1019 2348 1282 2404 conlectis
1313 2348 1525 2416 plenius
1556 2350 1886 2403 continetur.
1923 2347 2027 2414 Qui

458 2440 673 2506 quidem
708 2448 940 2507 quatuor
973 2441 1238 2506 canonici,
1268 2441 1358 2509 qui
1396 2455 1492 2509 pro
1526 2448 1768 2508 tempore
1799 2440 2025 2504 fuerint,

461 2537 745 2583 teneantur
795 2536 851 2583 et
883 2528 1110 2584 debeant
1155 2530 1209 2584 in
1249 2529 1393 2584 dicta
1435 2531 1664 2584 ecclesia
1696 2530 1936 2585 residere
1966 2544 2031 2584 ac

461 2633 781 2675 nocturnam
826 2621 960 2676 inibi
993 2622 1340 2677 residentiam
1377 2639 1470 2692 per
1499 2633 1668 2678 totum
1711 2637 1912 2676 annum
1942 2622 2027 2675 in-

461 2723 669 2782 tcgrum
712 2728 742 2768 a
815 2711 1047 2769 Kalend.
1096 2716 1300 2770 mensis
1333 2712 1606 2781 Octobris,
1637 2725 1692 2770 et
1721 2714 2032 2770 successive
2099 2725 2102 2729 ‘

461 2807 805 2876 utsequitnr,
828 2807 1088 2862 continuo
1119 2805 1333 2874 facere;
1366 2808 1618 2877 quodque
1645 2807 1691 2862 si
1721 2807 2028 2877 hujusmodi

433 2899 808 2954 'residentiam
861 2899 1201 2970 integraliter
1245 2913 1351 2954 non
1396 2898 1650 2966 iecerint,
1698 2901 1791 2955 sed
1817 2915 1912 2968 per
1938 2914 2031 2954 sex

462 3003 668 3046 tantum
715 2991 928 3046 nienses
974 2992 1450 3060 pernm-taverint,
1506 3003 1614 3046 tres
1646 2992 1878 3046 ﬂorenos
1919 2991 2030 3045 lio-

461 3098 686 3150 manos;
720 3086 827 3152 'qui
880 3098 1009 3138 vero
1060 3083 1321 3154 integram
1383 3082 1728 3138 rcsidentiam
1787 3083 2032 3151 perfece-

462 3177 571 3242 rint
597 3191 694 3246 per
743 3184 913 3229 totum
964 3189 1190 3239 annum,
1241 3189 1336 3230 sex
1383 3173 1622 3229 ﬂorcnns
1668 3175 1917 3229 similiter
1966 3177 2032 3229 de

463 3266 843 3323 coinmunibus
868 3257 1112 3322 ecclesia:
1139 3266 1487 3336 proventibus
1505 3282 1533 3319 a
1558 3267 1857 3321 camcrario
1876 3267 2032 3321 dictae

461 3360 708 3414 ecclesiae
756 3360 845 3429 qui
911 3357 1077 3414 fuerit
1121 3374 1218 3427 pro
1273 3368 1515 3428 tempore
1569 3358 1907 3426 percipiant;
1969 3373 2034 3413 ac

461 3454 552 3521 qui
607 3453 786 3506 minus
816 3467 911 3507 sex
951 3451 1228 3506 mensibus
1259 3450 1680 3520 pernoctaverit,
1727 3451 1830 3504 nisi
1878 3450 2034 3504 intir-

464 3542 650 3595 mitate
705 3549 799 3594 aut
850 3540 958 3594 alia
1009 3539 1251 3609 legitima
1299 3555 1464 3596 causa
1508 3540 1669 3594 luerit
1715 3542 2031 3611 impeditus,

462 3634 597 3688 nihil
626 3633 850 3688 omnino
882 3633 1165 3703 percipiat.
1194 3632 1251 3688 Si
1278 3648 1406 3689 vero
1427 3634 1623 3703 aliquis
1644 3635 2032 3690 canonicorum

461 3741 558 3797 per
605 3741 804 3780 annum
851 3711 1115 3794 integrum
1165 3725 1518 3781 residentiam
1555 3740 1663 3780 non
1698 3726 1909 3793 fecerit,
1943 3742 2035 3781 ca-

465 3815 718 3871 nonicatu
762 3813 999 3885 pmiata:
1049 3816 1301 3871 ecclesiae
1344 3817 1416 3870 sit
1453 3817 1568 3886 ipso
1598 3816 1741 3872 facto
1766 3819 2032 3884 privatus,

465 3908 538 3959 ita
564 3906 703 3975 quod
739 3922 806 3962 ex
835 3915 946 3960 tum
976 3907 1119 3962 dicto
1153 3922 1294 3962 anno
1319 3907 1526 3976 elapso,
1560 3909 1666 3963 nisi
1699 3910 1764 3963 de
1797 3909 2036 3976 legitimo

466 3995 851 4064 impedimento
883 3997 1229 4064 constiterit,
1269 3999 1427 4054 liceat
1465 3999 1725 4054 cardinali
1773 4015 1870 4070 pro
1903 4011 2038 4055 tem-

463 4104 596 4159 pore
649 4089 956 4154 exsistenti,
997 4105 1091 4146 seu
1137 4095 1298 4146 etiam
1339 4092 1544 4147 vicario
1569 4094 1950 4146 canonicatum
1982 4099 2038 4147 et

465 4181 810 4262 prmbendam
858 4197 964 4237 non
1013 4183 1304 4240 residentis
1375 4184 1628 4240 canonici
1657 4185 1748 4239 alii
1805 4185 1874 4240 de
1912 4186 2037 4255 jure

462 4272 739 4337 conferre,
767 4289 868 4330 nec
890 4277 1190 4344 superioris
1229 4278 1406 4346 aliqua
1431 4277 1570 4346 juris
1600 4275 1915 4332 solemnitas
1943 4283 2036 4332 aut

463 4369 731 4422 sententia
764 4368 1083 4437 privationis
1117 4379 1170 4424 et
1200 4370 1557 4425 declaratoria
1588 4370 1925 4440 requiratur.

465 4481 541 4535 De
569 4483 876 4550 juramento
934 4481 1175 4536 canonici
1222 4498 1324 4536 non
1383 4482 1661 4537 residentis
1693 4492 1742 4536 et
1800 4483 2037 4539 absentia

813 4553 1147 4622 pantillanda
1179 4569 1272 4621 per
1309 4555 1682 4607 camerarium.

533 4666 689 4734 Item,
728 4681 798 4720 ne
829 4665 882 4721 in
920 4665 1287 4735 pernoctaudo
1322 4665 1473 4721 fraus
1508 4666 1687 4736 aliqua
1731 4667 2040 4723 committa-

463 4768 551 4813 tur
574 4761 626 4812 in
664 4769 962 4828 posterum,
1001 4758 1296 4813 statuimus
1325 4767 1377 4814 et
1399 4759 1720 4815 ordinamus
1745 4761 1888 4829 quod
1925 4762 2038 4816 sin-

461 4851 604 4918 gulis
631 4850 842 4904 duobus
886 4849 1162 4904 mensibus
1211 4849 1441 4918 quilibet
1476 4850 1769 4904 canonirus
1793 4859 2041 4905 teneatur

464 4949 518 4996 et
551 4939 746 4994 debeat
777 4939 831 4993 in
853 4940 1100 4993 manibus
1129 4938 1335 5008 praefati
1362 4937 1547 4993 vicarii
1576 4939 1872 4994 cardinalis
1904 4953 2040 5007 pra:-

462 5033 693 5086 sentiam
720 5044 815 5085 seu
835 5030 1154 5084 :absentiam
1195 5045 1349 5085 suam
1382 5040 1702 5085 nocturnam
1743 5031 1924 5085 medio
1955 5031 2038 5101 ju-

462 5131 712 5178 ramento
760 5135 1048 5191 accusare,
1090 5131 1148 5176 et
1206 5121 1548 5177 camerarius
1601 5121 1760 5175 dicta!
1793 5121 2039 5176 ecclesia:

463 5213 609 5267 illam
642 5214 697 5266 in
755 5211 893 5266 libro
917 5227 1017 5267 suo
1043 5220 1308 5266 annotare
1341 5221 1394 5266 et
1417 5211 1729 5266 describere
1751 5220 2038 5278 teneatur;

462 5308 535 5361 ita
567 5305 711 5378 quod
742 5305 1010 5376 completo
1042 5319 1189 5360 anno
1217 5305 1523 5360 residentis:
1570 5304 1841 5374 praedicta:
1869 5303 2042 5374 possit

461 5399 531 5454 de
583 5398 874 5469 praesentia
896 5407 952 5452 et
972 5397 1216 5453 absentia
1250 5397 1497 5452 canonici
1561 5404 1835 5450 constare.

461 5536 539 5590 De
569 5537 776 5590 duabus
805 5535 979 5589 missis
1021 5533 1260 5589 dicendis
1319 5534 1552 5603 quotidie
1608 5549 1701 5604 per
1739 5535 2040 5590 canonicos.

537 5651 689 5719 ltem,
723 5650 1016 5708 statuimus
1047 5659 1102 5705 et
1133 5651 1451 5705 ordinamus
1485 5651 1624 5720 quod
1649 5650 1778 5706 dicti
1803 5662 2041 5720 quatuor

462 5744 711 5799 canonici
741 5753 1035 5799 teneantur
1059 5748 1123 5798 ad
1153 5744 1335 5798 minus
1364 5745 1624 5813 qualibet‘
1647 5744 1736 5798 die
1763 5742 2041 5798 celebrare

463 5835 599 5892 duas
628 5835 823 5891 missas
848 5835 1150 5894 secundum
1181 5844 1309 5892 nota
1333 5850 1350 5902 ;
1376 5843 1431 5890 et
1459 5835 1503 5892 si
1531 5833 1833 5892 defecerint
1879 5833 2039 5902 quili-

1927 6014 2040 6024 ..Δ

1090 397 1390 460 ALOYSII
1434 397 1787 459 BANDINII
1829 399 2459 465 COMMENTARIUS.
2486 426 2556 438 —
2594 399 2998 464 APPENDIX.

3569 417 3694 458 LXV'

2131 519 2217 570 bet
2241 516 2496 571 deﬁciens
2523 516 2780 585 puniatur
2809 530 2907 585 pro
2937 512 3175 583 qualibet
3205 514 3372 572 missa
3422 515 3474 571 in
3509 519 3666 574 bolen
3687 547 3703 560 ο

2127 607 2270 660 dinis
2301 608 2471 660 tribus
2504 609 2568 661 de
2604 607 2716 662 suis
2740 605 3010 660 fructibus
3059 621 3151 675 per
3183 608 3542 662 camerarium
3605 609 3699 677 qui

2126 711 2225 766 pro
2282 707 2520 766 tempore
2575 695 2740 750 fuerit
2801 697 3147 752 deducendis.
3207 694 3469 751 Volumus
3524 706 3704 754 tamen

2125 785 2264 854 quod
2292 787 2624 840 camerarius
2657 787 2941 855 provideat
2998 788 3064 842 de
3105 791 3489 843 communibus
3519 791 3693 845 (δοριθ-

2129 879 2225 932 siae
2250 876 2519 945 pecuniis,
2553 893 2620 932 ne
2649 879 2702 930 in
2735 878 2932 933 divinis
2955 877 3182 932 ecclesia
3211 878 3262 931 in
3287 881 3390 934 hoc
3411 880 3707 934 detrimen-

2129 975 2238 1019 tum
2263 965 2482 1034 aliquod
2508 968 2766 1035 patiatur.

2132 1077 2290 1146 120
2329 1076 2403 1131 Dc
2427 1076 2556 1132 liora
2596 1077 3283 1154 VesperarnmetMatutino
3318 1085 3369 1138 in
3402 1083 3703 1154 duplicibus

2823 1151 2998 1218 festis.

2201 1259 2356 1320 Item.
2389 1262 2679 1315 statuimus
2711 1271 2765 1316 et
2800 1264 3115 1319 ordinamus
3163 1268 3307 1335 quod
3343 1269 3392 1321 in
3431 1268 3701 1322 festivita-

2130 1353 2269 1406 tibus
2301 1363 2354 1407 et
2390 1353 2689 1408 Dominicis
2719 1354 2907 1409 diebus
2935 1357 3058 1412 dicti
3084 1369 3318 1429 quatuor
3347 1361 3593 1414 canonici
3621 1371 3702 1414 te-

2129 1455 2503 1500 neantnrcum
2537 1457 2660 1501 nota
2698 1459 2918 1504 cantare
2951 1449 3217 1520 Vesperas
3253 1453 3538 1521 utriusque
3571 1453 3704 1517 diei,

2126 1535 2325 1605 vigiliae
2369 1545 2422 1591 et
2454 1534 2789 1604 festivitatis,
2827 1553 2890 1593 ac
2921 1542 3244 1595 matutinum
3280 1550 3333 1595 et
3368 1532 3584 1596 missam
3609 1558 3624 1608 ;
3650 1550 3708 1597 et

2130 1627 2178 1680 si
2204 1626 2650 1692 contrafecerint,
2683 1630 2910 1699 quilibet
2932 1633 3129 1688 absens
3157 1633 3407 1701 puniatur
3441 1649 3539 1704 pro
3568 1649 3710 1704 qua-

2129 1717 2262 1773 libet
2292 1721 2546 1774 horarum
2583 1722 2892 1792 hujusmodi
2932 1725 2984 1778 in
3021 1741 3124 1779 uno
3150 1725 3453 1797 bolengeno
3479 1744 3601 1782 cum
3625 1727 3709 1780 di-

2131 1810 2317 1876 midio;
2340 1813 2504 1868 missa
2533 1830 2660 1869 vero
2701 1816 2754 1869 in
2782 1815 3100 1886 bolengenis
3134 1828 3390 1888 quatuor,
3414 1818 3519 1874 nisi
3542 1817 3707 1873 fuerit

2132 1899 2376 1956 inﬁrmus
2403 1918 2497 1956 sea
2535 1904 2586 1957 in
2621 1905 2776 1959 iactis
2801 1907 3044 1960 ecclesia:
3079 1917 3397 1977 occupatus,
3451 1911 3524 1962 ita
3557 1909 3706 1978 quod

2131 1994 2420 2061 infirmitas
2451 1998 2522 2051 sit
2547 1998 2768 2052 evidens
2801 1999 2982 2054 taliter
3014 2001 3157 2069 quod
3194 2018 3300 2055 non
3347 2004 3520 2070 possit
3552 2005 3702 2058 exire

2131 2083 2350 2138 domum
2375 2101 2482 2140 sua:
2516 2089 2885 2156 habitationis,
2919 2100 3008 2143 aut
3053 2108 3240 2161 parum
3275 2103 3426 2148 extra
3456 2096 3707 2149 ambula-

2131 2193 2211 2242 re,
2236 2194 2330 2234 seu
2361 2182 2658 2236 secundum
2694 2184 3077 2240 discretionem
3110 2187 3296 2241 vicarii
3321 2187 3702 2256 judicandnm.

2132 2269 2391 2328 Volumus
2423 2283 2622 2342 tamen,
2656 2276 2797 2346 quod
2830 2293 2969 2331 unus
3015 2279 3252 2346 ipsorum
3291 2280 3458 2334 faciat
3515 2292 3706 2336 canto-

2133 2362 2266 2416 riam
2293 2363 2344 2416 in
2375 2366 2648 2434 praedictis
2676 2368 2824 2421 horis
2857 2383 2978 2423 cum
3009 2371 3398 2438 Stiperpt-lliceo
3426 2389 3441 2438 ;
3481 2374 3528 2424 in
3555 2376 3707 2426 ivsti-

2132 2455 2392 2510 vitatibus
2424 2471 2550 2512 vero
2573 2458 2868 2529 majoribus
2901 2462 3213 2529 duplicibus
3241 2479 3366 2517 cum
3421 2465 3632 2530 piviale.

2133 2567 2210 2622 De
2242 2568 2475 2625 habendo
2503 2571 2775 2642 capellano
2801 2574 3088 2642 sumptibus
3123 2576 3520 2642 canonicorum,
3551 2587 3598 2632 ct
3622 2595 3708 2632 ec-

2523 2641 2681 2695 clesia
2712 2641 3055 2697 custodienda
3088 2661 3182 2715 per
3210 2662 3319 2700 eos.

2203 2757 2358 2825 Item,
2385 2761 2672 2816 statuimus
2702 2769 2756 2816 et
2785 2761 3105 2818 ordinamus
3131 2766 3273 2832 quod
3305 2764 3433 2819 dieti
3469 2773 3705 2834 quatuor

2135 2851 2380 2905 canonici
2413 2851 2676 2907 continuo
2703 2853 2968 2908 retineant
2999 2870 3164 2908 unum
3215 2857 3495 2909 honestum
3525 2859 3710 2928 capel-

2133 2937 2316 2993 lanum
2351 2941 2442 3010 qui
2477 2957 2674 2998 canere
2704 2944 2842 2998 sciat
2875 2954 3095 2999 cantum
3123 2946 3362 3014 planum,
3390 2956 3443 3001 et
3509 2948 3564 3003 in
3593 2965 3713 3004 om-

2134 3032 2292 3087 nibus
2325 3033 2473 3087 horis
2507 3034 2560 3089 in
2588 3035 2842 3100 ecclesia,
2885 3037 3029 3091 sicut
3065 3039 3156 3091 alii
3189 3041 3460 3107 canonici,
3521 3041 3712 3096 deser-

2133 3124 2263 3179 viat.
2300 3125 2440 3181 Etsi
2475 3127 2883 3194 contrafccerit,
2939 3129 2993 3183 in
3061 3146 3170 3184 uno
3225 3132 3532 3203 bolengeno
3590 3135 3710 3188 vice

2135 3217 2376 3287 qualibet
2405 3219 2684 3287 puniatur.
2713 3218 2974 3275 Volumus
3005 3232 3179 3276 tamen
3211 3224 3355 3291 quod
3384 3225 3511 3280 dicti
3537 3241 3708 3280 cauo-

2136 3308 2242 3362 nici
2274 3309 2362 3376 qui
2398 3309 2467 3362 ibi
2493 3309 2908 3377 pernoctabunt,
2944 3313 3088 3365 omni
3115 3325 3239 3366 sero
3261 3314 3510 3371 claudere
3539 3317 3716 3372 eccle-

2136 3399 2270 3452 siam
2296 3407 2599 3454 teneantur.
2627 3400 2752 3455 Etsi
2773 3401 3215 3468 contraiecerint,
3240 3403 3292 3458 in
3323 3421 3539 3473 positam
3567 3422 3710 3476 qua-

2138 3498 2262 3543 tuor
2287 3490 2709 3561 bolengenorum
2742 3493 3004 3560 incurrat,
3045 3494 3161 3549 vice
3196 3496 3458 3565 qualibet,
3516 3498 3614 3568 qui
3650 3499 3708 3556 in

2136 3581 2321 3635 cadem
2349 3581 2630 3652 culpabilis
2655 3581 2837 3640 fuerit.

2218 3731 2244 3742 ..
2442 3694 2521 3750 De
2547 3695 2816 3753 honestate
2849 3700 3108 3756 servanda
3142 3702 3196 3756 in
3218 3703 3397 3762 choro.

2206 3809 2360 3876 ltem,
2401 3811 2694 3868 statuimus
2715 3824 2766 3868 et
2791 3814 3113 3872 ordinamus
3143 3819 3288 3888 quod
3317 3821 3567 3879 canonici
3604 3822 3702 3894 qui

2140 3912 2434 3972 praesentes
2461 3915 2623 3958 erunt
2652 3905 2705 3958 in
2740 3907 2936 3974 choro,
2971 3907 3101 3961 dum
3151 3910 3523 3968 celebrabitur
3569 3915 3715 3970 divi-

2139 4009 2268 4046 nunt
2304 3992 2566 4059 cilicium,
2599 4003 2742 4049 stent
2763 4009 2890 4050 cum
2915 3997 3147 4050 maxima
3192 3999 3476 4056 honestate
3508 4011 3564 4056 et
3583 4001 3714 4058 abs-

2138 4099 2243 4153 que
2269 4083 2372 4138 alia
2403 4084 2877 4150 confabulatione;
2915 4096 2968 4140 et
3013 4087 3277 4143 medietas
3329 4091 3574 4158 ipsorum
3634 4093 3710 4148 sit

2138 4179 2206 4230 ab
2258 4192 2363 4230 una
2422 4189 2576 4247 parte
2633 4179 2810 4241 chori,
2865 4179 2968 4233 alia
3001 4193 3131 4233 vero
3157 4183 3224 4234 ab
3249 4181 3394 4237 alia:
3428 4197 3602 4251 neque
3636 4184 3707 4240 ab

2140 4283 2244 4322 una
2266 4280 2422 4338 parte
2447 4270 2599 4325 chori
2622 4273 2688 4324 ad
2710 4271 2871 4326 aliam
2899 4273 3197 4337 discurrat,
3232 4282 3327 4327 aut
3355 4275 3423 4330 ab
3453 4275 3580 4332 inde
3616 4293 3708 4334 re-

2139 4361 2332 4416 cedere
2350 4361 2430 4416 vel
2457 4363 2607 4417 abire
2627 4374 2942 4433 praesumat,
2970 4365 3074 4420 nisi
3099 4367 3406 4424 necessitas
3429 4370 3716 4428 in‘tmineat

2140 4452 2386 4521 corporis
2416 4453 2504 4508 vel
2533 4455 2810 4524 negotium
2835 4458 3108 4512 ecclesiae.
3139 4457 3206 4512 Et
3227 4459 3271 4514 si
3297 4459 3568 4530 quispiam
3628 4463 3716 4518 fe-

2143 4545 2282 4599 cerit
2315 4545 2574 4600 adversus
2606 4561 2672 4601 ea
2711 4548 2931 4617 aliquod
2965 4549 3306 4617 indecorum,
3339 4552 3520 4621 quoad
3563 4552 3714 4609 illam

2142 4637 2364 4692 missam
2389 4639 2484 4703 vel
2505 4639 2694 4696 horam
2724 4655 2824 4710 pro
2847 4642 3070 4697 absente
3093 4642 3309 4710 penitus
3350 4643 3640 4699 habeatur.

2147 4769 2300 4839 121
2335 4769 2408 4824 De
2444 4771 2924 4848 administratione
2948 4786 3407 4848 sacramentorum
3469 4777 3712 4848 facienda

2620 4858 2712 4912 per
2739 4846 3015 4899 canonicos
3065 4847 3256 4901 solum.

2213 4953 2370 5020 Item,
2403 4957 2692 5012 statuimus
2715 4967 2769 5013 et
2791 4945 3107 5015 ordinamus
3142 4963 3285 5031 quod
3319 4963 3448 5018 dicti
3476 4947 3712 5034 quatuor
3771 5033 3774 5036 .

2144 5049 2389 5102 canonici
2414 5049 2652 5103 habeant
2681 5050 3214 5107 administrationem
3243 5055 3515 5122 parochias
3535 5056 3712 5110 eccle-

2144 5141 2269 5208 siae;
2299 5151 2352 5196 et
2378 5143 2520 5211 quod
2548 5143 2730 5198 nullus
2760 5146 3073 5214 capellanus
3104 5161 3201 5200 seu
3237 5148 3413 5216 aliqua
3443 5147 3545 5201 alia
3595 5162 3719 5217 per-

2148 5247 2282 5287 sona
2312 5248 2371 5288 se
2412 5234 2466 5287 in
2503 5234 2623 5304 ejus
2654 5249 2786 5290 cura
2816 5236 3000 5306 aliquo
3042 5236 3204 5293 modo
3237 5237 3463 5292 misceat
3523 5237 3624 5290 nisi
3660 5239 3714 5293 in

2145 5339 2274 5380 casu
2300 5325 2657 5394 necessitatis,
2695 5327 2779 5382 vel
2813 5330 2881 5385 de
2907 5341 3163 5399 expressa
3200 5327 3420 5383 licentia
3454 5327 3710 5383 cardina-

2035 5409 2051 5423 ⁹
2145 5416 2232 5484 lis,
2268 5418 2352 5474 vel
2375 5418 2491 5489 ejus
2513 5419 2724 5487 vicarii,
2784 5435 2881 5478 seu
2913 5423 3325 5478 canonicorum.

2147 5551 2223 5608 De
2276 5553 2446 5607 missis
2505 5552 2739 5607 dicendis
2805 5570 2897 5621 per
2964 5554 3264 5622 capellanus
3319 5557 3567 5613 habentes
3627 5573 3722 5616 ca-

2495 5623 2664 5687 pellas
2688 5625 2832 5679 intra
2862 5640 3050 5695 corpus
3080 5627 3332 5684 ecclesiis.

2215 5735 2374 5802 item,
2401 5733 2653 5791 volumus
2689 5737 2834 5806 quod
2856 5737 3124 5807 capellani
3158 5740 3250 5811 qui
3278 5742 3334 5797 in
3363 5742 3513 5799 dicta
3537 5719 3718 5799 eccle-

2153 5830 2234 5885 sia
2262 5826 2497 5898 capellas
2527 5825 2747 5897 habent,
2785 5841 2915 5887 suas
2955 5829 3152 5890 missas
3181 5831 3458 5891 celebrent
3498 5833 3723 5890 statutis
