4114 6418
430 356 580 401 LXVI!

426 460 642 527 diebus,
675 467 767 515 aut
798 456 1063 515 celebrari
1097 455 1422 528 faciantper
1461 458 1682 513 idoneos
1702 456 2001 512 secundum

427 548 803 606 fundationem
827 558 882 606 et
924 549 1175 606 ordinem
1220 559 1577 619 patronorum
1636 547 2006 616 capellarum;

426 652 481 697 et
515 643 558 699 si
600 642 1048 711 contral‘eeerint,
1101 642 1343 712 qualibet
1392 642 1511 697 vice
1568 642 1621 696 in
1678 638 2006 710 bolengenis

426 738 601 794 tribus
627 738 944 809 puniantur.

427 852 505 909 Ds
533 852 1420 925 lampadibusqaccendendisante
1459 851 1633 925 altare
1692 849 1871 919 majus
1919 865 2011 919 per

740 923 1070 993 capellanum
1125 924 1342 990 capella
1371 922 1431 978 S.
1456 922 1689 977 Tltonza’.

490 1040 964 1104 ltem,statuimus
1011 1047 1065 1093 et
1117 1038 1443 1094 ordinamus
1494 1039 1640 1107 quod
1696 1035 2009 1105 capellauus

348 1144 351 1147 ‘
421 1133 644 1203 capellae
684 1131 743 1187 S.
786 1131 1175 1195 'l‘honuc,sit-.e
1210 1130 1266 1183 in
1300 1130 1443 1185 dicta
1470 1128 1723 1192 ecclesia,
1775 1126 1867 1197 qui
1933 1135 2011 1179 te-

422 1236 581 1281 netur
634 1241 696 1279 cx
762 1232 1088 1279 testamento
1143 1223 1350 1291 quond.
1415 1219 1650 1275 Mancini
1708 1216 2009 1272 accendere

420 1316 731 1384 sumptibus
750 1315 968 1386 capella:
1000 1315 1138 1369 duas
1172 1312 1452 1381 lampades
1502 1322 1633 1366 ante
1661 1311 1842 1379 majus
1874 1308 2007 1362 alta-

421 1426 502 1477 re,
534 1426 655 1481 qua:
682 1408 773 1464 diu
805 1390 1075 1477 noctuque
1109 1407 1303 1461 ardere
1334 1406 1551 1470 debent,
1592 1405 1664 1459 ita
1686 1403 2002 1473 diligentem

420 1504 475 1558 in
515 1503 822 1575 hujusmodi
862 1502 1228 1557 luminaribus
1259 1516 1318 1555 se
1346 1499 1627 1563 exhibeat,
1660 1497 1803 1565 quod
1857 1494 2005 1549 nulla

424 1600 581 1663 hora,
615 1597 717 1650 nisi
747 1611 877 1650 casu
904 1594 1152 1659 fortuito,
1188 1593 1532 1663 reperiantur
1572 1590 1857 1646 exstincta:
1891 1605 1907 1655 ;
1953 1594 2007 1641 et

429 1690 475 1745 si
506 1688 912 1751 contrafecerit,
965 1687 1082 1741 vice
1122 1686 1363 1752 qualibet
1406 1684 1664 1752 puniatur
1695 1696 1795 1751 pro
1825 1677 2002 1749 quali-

423 1782 509 1836 bet
532 1781 780 1850 lampade
808 1780 858 1831 in
889 1779 1208 1846 holengcnis
1232 1777 1467 1831 duobus.
1506 1776 1572 1829 Et
1597 1775 1662 1827 de
1694 1774 1798 1827 hoc
1826 1781 2002 1827 stetur

421 1874 567 1929 dicto
597 1871 911 1935 camerarii,
935 1886 1028 1925 seu
1059 1870 1202 1923 alius
1242 1870 1488 1923 honeStae
1518 1880 1788 1935 personae,
1828 1865 2007 1918 medio

415 1967 754 2038 iuramento.
787 1963 855 2017 Et
887 1964 930 2019 si
962 1962 1282 2030 capellanus
1315 1961 1417 2014 hoc
1471 1958 1657 2013 facere
1712 1971 2007 2012 recusave-

419 2059 510 2124 rit,
533 2058 775 2112 vicarius
790 2054 1085 2111 cardiualis
1108 2064 1359 2109 teneatur
1382 2053 1642 2107 ordinare
1664 2053 1804 2120 quod
1828 2050 2002 2107 dictas

418 2150 696 2219 lampades
725 2148 988 2203 accendat
1014 2160 1138 2200 cum
1171 2146 1361 2199 eadem
1391 2158 1549 2212 paena
1584 2142 1855 2212 apposita.

629 2277 707 2333 De
747 2275 996 2332 electione
1036 2276 1323 2330 camerarii
1383 2284 1429 2329 et
1456 2275 1570 2345 ejus
1602 2274 1788 2345 oﬁicio.

452 2393 459 2399 ’
487 2391 645 2457 Item,
677 2391 969 2446 statuimus
1003 2398 1056 2446 et
1080 2390 1400 2445 ordinamus
1431 2388 1581 2459 quod
1626 2388 1774 2442 omni
1829 2402 1996 2453 anno,

418 2485 473 2538 in
504 2483 768 2538 Kalendis
805 2482 1079 2547 Januarii,
1116 2481 1346 2551 eligatur
1378 2496 1472 2551 per
1524 2483 1789 2536 vicarium
1866 2496 2005 2551 pra:-

418 2578 543 2632 lata:
597 2577 843 2632 ecclesia:
901 2580 1204 2633 canonicus
1260 2592 1401 2632 unus
1452 2593 1517 2631 cx
1577 2578 1857 2632 canonicis
1910 2578 2002 2646 qui

413 2672 747 2724 catncrarius
822 2677 1217 2737 nuncupatur,
1305 2679 1431 2724 ante
1539 2669 1694 2739 cujus
1777 2671 2005 2726 electio-

415 2769 540 2818 nem
608 2762 805 2830 singuli
876 2761 1127 2817 canonici
1193 2752 1561 2817 teneanturin
1620 2763 1871 2817 manibus
1924 2764 2005 2818 vi-

414 2854 550 2909 Curii
578 2854 767 2924 jurare
794 2853 937 2923 quod
966 2854 1169 2923 eligant
1211 2854 1491 2909 meliorem
1520 2866 1574 2909 et
1600 2857 1773 2926 magis
1817 2856 2003 2913 utilio-

415 2960 529 3000 rem
564 2946 632 3000 ad
683 2946 994 3015 praedictum
1063 2946 1223 3015 122
1306 2944 1542 3000 cilicium
1608 2947 2001 3002 exercendum.

412 3037 716 3093 Prmdictus
751 3045 931 3093 autem
957 3038 1295 3094 camerarius
1328 3037 1410 3092 sic
1446 3037 1654 3093 electus
1688 3053 1876 3093 omnes
1920 3056 2006 3094 re-

414 3132 564 3186 ditus
590 3140 959 3201 etproventus
993 3130 1153 3186 dictae
1180 3130 1424 3185 ecclesias
1456 3131 1761 3201 recipiatet
1794 3131 2002 3187 descri-

411 3225 530 3289 bat,
562 3234 617 3280 et
648 3226 714 3279 de
749 3226 879 3295 ipsis
909 3223 1257 3278 administret
1289 3224 1573 3292 mqualiter
1599 3224 1884 3280 canonicis
1920 3240 2005 3280 rc-

411 3319 716 3374 sidentibus
740 3328 793 3372 et
822 3318 875 3373 in
909 3317 1142 3373 ecclesia
1174 3316 1569 3382 servientibus,
1598 3327 1659 3370 ut
1705 3332 1867 3387 supra
1908 3332 2002 3370 no-

417 3421 590 3467 tatqu
615 3421 699 3467 est
728 3412 781 3466 in
817 3426 938 3482 cap.
968 3412 1034 3467 de
1061 3410 1355 3465 residentis
1409 3418 1465 3464 et
1499 3410 1552 3463 in
1608 3424 1722 3480 seq.
1761 3424 1884 3479 cap.
1937 3410 2003 3463 de

414 3505 598 3560 divina
634 3505 932 3569 servitute;
959 3513 1012 3557 et
1039 3518 1232 3558 omnes
1276 3502 1413 3556 alias
1445 3517 1716 3571 expensas
1751 3503 2000 3557 ecclesiae

413 3596 581 3652 faciat
620 3596 849 3651 lidelitcr
884 3611 1055 3665 usque
1080 3594 1150 3651 ad
1189 3609 1390 3649 annum
1424 3610 1615 3649 unum.
1667 3594 1734 3649 Et
1769 3596 2000 3666 singulis

414 3690 624 3744 duobus
650 3688 928 3743 mensibus
958 3696 1208 3742 teneatur
1230 3676 1417 3742 coram
1452 3688 1658 3742 vicario
1691 3696 1748 3743 et
1776 3689 2003 3742 canoni-

415 3782 498 3839 cis
550 3783 783 3838 reddere
830 3782 1099 3837 rationem
1154 3782 1225 3838 de
1280 3781 1547 3836 omnibus
1578 3782 1892 3839 iutroitihas
1949 3792 2003 3838 et

414 3877 653 3933 exitibus
684 3876 838 3931 dicta:
868 3875 1135 3941 ecclesiae,
1172 3889 1237 3929 ac
1264 3875 1425 3929 etiam
1451 3873 1519 3929 de
1547 3874 1819 3943 noctibus,
1851 3876 2001 3931 horis

414 3978 470 4025 et
498 3969 687 4025 missis
716 3984 812 4039 per
850 3968 1149 4025 canonicos
1178 3966 1488 4037 praedictos,
1528 3977 1690 4036 prout
1752 3970 2000 4038 superius

413 4071 662 4119 notatum
693 4060 879 4119 est.ln
916 4060 1019 4118 line
1053 4076 1182 4117 vero
1224 4060 1351 4115 anui
1408 4061 1491 4116 sui
1544 4059 1727 4127 cilicii,
1776 4071 1886 4115 tam
1932 4061 2000 4115 de

414 4156 648 4226 receptis
679 4170 843 4225 quam
877 4154 944 4209 de
972 4154 1249 4225 expensis,
1282 4162 1336 4208 et
1359 4153 1691 4225 generaliter
1721 4153 1787 4208 de
1812 4153 1997 4207 omni-

413 4250 513 4305 bus
530 4248 925 4303 administratis
948 4261 1043 4316 per
1064 4262 1189 4303 eum
1218 4247 1521 4317 plcnariam
1572 4247 1839 4303 rationem
1870 4250 1996 4302 red—

414 4342 541 4397 dere
571 4349 869 4405 teneatur;
936 4346 992 4394 et
1042 4340 1086 4394 si
1143 4339 1348 4409 aliquid
1391 4339 1746 4409 superfuerit,
1813 4354 1994 4395 coram

412 4434 618 4489 vicario
639 4444 695 4488 et
722 4432 988 4501 capitulo,
1050 4448 1189 4488 novo
1220 4433 1526 4488 camerario
1577 4432 1718 4491 infra
1765 4434 1998 4502 quinde-

413 4527 522 4582 eim
553 4524 669 4580 dies
699 4534 988 4593 poSIquam
1030 4523 1096 4579 de
1123 4524 1399 4595 prmdietis
1457 4527 1723 4581 rationem
1772 4524 1995 4593 fecerit,

419 4619 525 4672 hoc
553 4616 901 4685 consignare,
929 4616 1085 4680 alias,
1109 4617 1294 4687 elapso
1321 4617 1554 4672 termino
1577 4618 1629 4673 in
1658 4631 1872 4688 pmnam
1895 4618 1997 4672 du-

415 4709 488 4783 pli
527 4709 641 4777 ipso
672 4706 813 4761 facto
839 4708 1103 4761 incurrat.
1139 4707 1204 4761 Et
1236 4723 1301 4761 ne
1347 4709 1679 4762 camerarius
1710 4710 1828 4764 sine
1854 4725 1996 4766 mer-

419 4794 554 4857 cede
580 4802 811 4864 laboret,
846 4815 944 4869 pro
970 4801 1190 4869 aliquali
1224 4814 1320 4855 sua
1351 4801 1825 4855 mercedelaboris
1860 4801 2005 4855 reei~

417 4895 584 4965 cipiat
613 4894 679 4948 de
712 4893 978 4948 fructibus
1006 4892 1250 4948 ecclesiae
1273 4891 1478 4946 solidos
1516 4892 1701 4949 decem
1731 4907 1828 4963 pro
1857 4908 1994 4963 quo-

415 4987 546 5043 libet
576 5001 783 5042 mense.

512 5192 515 5193 7
548 5122 625 5178 De
641 5121 774 5177 libro
794 5118 1077 5175 camerarii
1105 5129 1153 5174 et
1202 5118 1348 5189 [allis
1378 5119 1665 5174 scribendis
1686 5120 1742 5173 in
1773 5135 1859 5177 eo.

420 5262 421 5265 “
487 5263 643 5329 Item,
679 5261 971 5319 statuimus
996 5269 1050 5314 ct
1080 5260 1397 5315 ordinamus
1420 5258 1566 5328 quod
1600 5256 1777 5313 dictus
1813 5272 1997 5313 came-

417 5340 593 5411 rarius
631 5363 881 5409 teneatur
905 5367 1068 5407 unum
1095 5351 1292 5407 librum
1348 5350 1530 5405 facere
1578 5350 1633 5403 in
1684 5365 1789 5418 quo
1838 5349 1998 5404 fallas

417 5465 512 5505 seu
539 5450 811 5504 absentias
840 5444 1224 5501 cauonicorum
1260 5452 1315 5498 et
1343 5441 1750 5512 capellanorum
1787 5439 1995 5495 descri-

406 5544 546 5598 bere
575 5552 631 5598 et
655 5553 923 5599 annotare
953 5547 1227 5601 teneatur,
1276 5549 1378 5591 nec
1418 5549 1525 5589 non
1559 5532 1835 5588 absentias
1865 5548 1996 5588 noc-

419 5630 552 5684 tium
577 5630 909 5695 earumdem,
961 5641 1025 5682 ac
1055 5624 1130 5681 de
1150 5622 1450 5695 praemissis
1485 5636 1671 5677 coram
1701 5622 1905 5676 vicario
1944 5631 1998 5676 et

414 5722 695 5779 canonicis
722 5722 878 5779 dicta:
898 5720 1145 5778 ecclesia:
1176 5717 1409 5775 reddere
1425 5718 1703 5774 calculum
1730 5728 1785 5772 et
1824 5717 1989 5771 ratio~

408 5832 569 5891 stem,
608 5819 757 5878 nulla
789 5817 978 5877 fraude
1006 5818 1423 5884 interveniente,
1463 5815 1565 5873 sub
1590 5829 1748 5887 ptena
1805 5812 1993 5883 priva-

1269 346 1369 407 DE
1409 346 1589 411 VITA
1632 345 1730 406 ET
1769 342 2025 405 REBUS
2064 342 2342 405 GESTIS
2381 342 2889 405 BESSARIONIS

3536 359 3701 401 LXVIII

2126 455 2292 511 tionis
2324 454 2485 512 oﬂicii
2519 472 2582 513 ac
2611 459 2835 529 praestiti
2858 457 3176 527 jurameuti,
3211 458 3530 529 adjicieutcs
3558 464 3704 532 quod

2122 547 2155 601 ii
2191 548 2282 618 qui
2317 563 2422 604 non
2456 551 2703 604 venerint
2739 550 2791 604 in
2825 551 3067 604 secundo
3098 550 3306 620 psalmo
3339 549 3704 619 Vesperarum

2118 649 2172 693 et
2196 640 2467 705 matutini,
2498 643 2624 696 etin
2653 642 2817 698 missa
2848 644 2974 698 dmn
3000 645 3287 716 presbyter
3321 645 3513 715 incipit
3557 643 3693 699 Glo-

2120 734 2202 787 ria
2242 734 2295 787 in
2320 736 2563 802 excelsis,
2594 752 2690 792 seu
2718 738 2869 791 linito
2891 738 3055 807 Kyrie
3084 737 3301 803 eleison,
3364 739 3706 799 camerarins

2121 828 2172 880 in
2210 827 2508 883 continenti
2542 831 2660 885 sine
2694 831 2876 901 aliqua
2912 832 3172 888 dilatione
3206 841 3435 888 annotet
3470 833 3523 888 in
3567 834 3705 890 libro

2117 920 2219 973 sub
2251 936 2413 990 penna
2448 931 2704 976 contenta
2734 925 2984 993 superius
3009 925 3063 979 in
3098 925 3203 981 isto
3244 924 3502 996 capitulo.

2310 1054 2391 1109 De
2424 1058 2736 1127 quotidiana
2762 1059 3151 1116 distributionis
3186 1046 3505 1133 quantitate.

2188 1187 2346 1259 Item,
2377 1194 2470 1264 qui
2519 1196 2713 1251 altario
2765 1198 2935 1253 servit
2993 1203 3060 1255 de
3090 1199 3284 1254 altario
3310 1200 3495 1255 vivere
3521 1199 3700 1255 debet.

2120 1284 2423 1341 Statuimus
2456 1287 2600 1356 quod
2627 1290 2867 1357 przedicti
2903 1292 3148 1346 canonici
3200 1292 3436 1346 habeant
3465 1292 3700 1346 cotidia-

2116 1392 2214 1431 nas
2252 1378 2665 1437 distributiones
2720 1384 2789 1438 de
2849 1382 3117 1440 fructibus
3158 1383 3317 1439 dicta:
3364 1384 3605 1440 ecclesiae
3648 1386 3704 1439 in

2117 1468 2262 1524 hunc
2319 1471 2557 1537 modum,
2617 1472 2888 1541 videlicet,
2933 1476 3076 1543 quod
3121 1460 3353 1545 quilibet
3402 1477 3703 1530 canonicus

2115 1560 2360 1629 qualibet
2383 1562 2471 1616 die
2512 1564 2711 1618 habeat
2736 1563 3064 1634 holeugenos
3095 1574 3245 1633 tres;
3304 1565 3360 1621 in
3393 1566 3700 1635 duplicibus

2116 1666 2246 1705 vero
2277 1652 2800 1721 etDmuinicalibus,
2836 1656 3101 1726 quinque,
3131 1656 3357 1725 quilibet
3391 1670 3488 1724 pro
3561 1672 3700 1726 qua-

2116 1742 2246 1798 libet
2272 1744 2430 1815 123
2471 1746 2582 1809 die,
2631 1749 2675 1801 si
2710 1762 2948 1816 praesens
2976 1748 3215 1803 fueritin
3240 1749 3570 1818 supradictis
3602 1750 3696 1803 ho-

2115 1835 2214 1903 ris,
2250 1838 2479 1905 proutin
2507 1838 2744 1909 capitulo
2771 1841 3026 1909 superius
3055 1850 3301 1896 notatum
3344 1851 3450 1896 est.

2112 1973 2189 2029 De
2214 1975 2477 2031 solutione
2530 1977 2776 2048 facienda
2810 1995 2902 2047 per
2953 1996 3111 2037 novos
3153 1981 3438 2036 canonicos
3490 1981 3546 2035 in
3609 1981 3699 2037 in-

2800 2066 3006 2121 gressu.

2184 2158 2660 2223 ltem,statuimns
2715 2173 2769 2219 et
2836 2165 3161 2222 ordinamus
3211 2169 3352 2237 quod
3398 2179 3690 2240 antequam

2110 2252 2360 2307 canonici
2394 2254 2461 2307 de
2490 2269 2631 2308 novo
2664 2256 3001 2324 recipiantur
3032 2260 3083 2312 in
3126 2259 3268 2313 dicta
3302 2258 3558 2323 ecclesia,
3591 2276 3691 2330 pro

2113 2345 2445 2412 parameutis
2484 2355 2539 2399 et
2567 2349 2903 2403 ornamentis
2953 2348 3115 2405 dictae
3168 2350 3413 2406 ecclesia:
3478 2352 3695 2409 solvere

2112 2434 2346 2492 ﬂorenos
2382 2437 2663 2494 Romanos
2709 2448 2831 2495 octo
2865 2443 3166 2499 camerario
3202 2452 3511 2514 teneantur,
3558 2462 3695 2516 quos

2112 2528 2225 2595 ipse.
2254 2530 2594 2586 camerarius
2630 2531 2681 2586 in
2720 2531 2881 2588 dictis
2936 2536 3289 2604 paramentis,
3323 2552 3487 2608 quam
3532 2540 3695 2595 citius

2113 2619 2336 2688 poterit,
2367 2630 2693 2677 convertere
2728 2631 2975 2678 teneatur
3008 2625 3107 2679 sub
3138 2639 3296 2692 pcena
3347 2627 3573 2695 praestiti
3601 2628 3694 2695 ju-

2110 2713 2367 2775 ramenti,
2391 2714 2495 2767 nisi
2518 2715 2814 2769 cardinalis
2834 2717 2915 2772 vel
2932 2715 3050 2785 ejus
3074 2717 3312 2772 vicarius
3328 2717 3381 2772 in
3401 2719 3690 2788 specialem

2111 2803 2400 2859 utilitatem
2424 2807 2507 2860 vel
2537 2809 2914 2863 necessitatem
2941 2809 3186 2865 ecclesia:
3206 2809 3375 2879 ipsam
3402 2813 3693 2881 pecuniam

2110 2898 2329 2953 duxerit
2359 2902 2807 2958 convertendam.

2113 3016 2187 3071 De
2206 3017 2513 3087 juramento
2541 3022 2848 3089 pra'stando
2870 3037 2962 3088 per
3002 3039 3160 3077 novos
3188 3024 3468 3077 canonicos
3496 3024 3560 3077 de
3582 3038 3697 3077 sero

2535 3093 2718 3145 vandis
2762 3096 2979 3146 statutis
3012 3095 3265 3148 ecclesiw.

2182 3203 2339 3269 item,
2368 3206 2660 3261 statuimus
2694 3208 3087 3264 etordinamus
3110 3208 3254 3279 quod
3285 3208 3509 3278 quilibet
3532 3223 3697 3265 cano-

2111 3295 2356 3350 nicorum
2387 3298 2733 3367 recipiendus
2757 3299 2811 3353 iu
2843 3300 2989 3354 dicta
3027 3300 3278 3366 ecclesia,
3330 3301 3383 3354 in
3440 3302 3693 3357 manibus

2110 3388 2299 3441 vicarii
2328 3396 2547 3456 praestet
2579 3388 2951 3457 juramentum
2982 3390 3046 3443 de
3076 3389 3435 3445 observandis
3469 3399 3693 3452 statutis

2108 3491 2162 3534 et
2193 3480 2683 3535 consuetudinibus
2714 3481 2962 3536 ecclesiae
2993 3492 3331 3539 memoratre.

2111 3593 2185 3649 De
2206 3595 2393 3665 quibus
2424 3596 2733 3651 mulieribus
2762 3600 3085 3666 permittitur
3124 3602 3391 3656 canonicis
3447 3614 3499 3658 ut
3528 3604 3696 3658 inter-

2497 3670 2624 3721 dum
2658 3670 2853 3723 intrent
2890 3670 3070 3724 domos
3094 3688 3295 3725 eorum.

2178 3782 2336 3847 Item,
2388 3783 2679 3838 statuimus
2738 3784 2878 3853 quod
2940 3784 3117 3840 nullus
3176 3789 3474 3844 canonicus
3523 3798 3691 3846 tantas

2110 3875 2435 3931 temeritatis
2465 3885 2517 3930 ct
2547 3876 2791 3931 audaeire
2820 3878 2893 3931 sit
2922 3880 3063 3947 quod
3098 3879 3150 3932 in
3184 3881 3415 3936 cameris
3442 3882 3689 3952 ipsorum

2108 3962 2341 4033 aliquam
2374 3964 2654 4019 mulierem
2690 3979 3004 4036 suspectam
3047 3970 3265 4037 audeat,
3294 3972 3395 4025 nisi
3432 3981 3684 4037 matrem,

2107 4071 2350 4112 sororem
2389 4068 2478 4111 aut
2513 4058 2759 4126 amitam,
2794 4060 3182 4128 iutromittere,
3213 4073 3266 4117 et
3300 4064 3406 4120 hoc
3444 4064 3513 4121 de
3543 4082 3689 4129 raro.

2102 4164 2285 4219 neque
2338 4162 2623 4223 receptare
2679 4154 2917 4222 aliquem
2976 4154 3305 4211 homicidam
3368 4158 3454 4214 vel
3505 4158 3691 4229 aliquo

2104 4244 2317 4299 enormi
2359 4245 2589 4300 crimine
2641 4245 2978 4302 dill‘amatum
3009 4287 3025 4313 ,
3087 4250 3188 4305 sub
3251 4264 3411 4320 paena
3459 4252 3691 4309 arbitrio

2108 4336 2205 4391 Dni
2236 4337 2535 4392 cardinalis
2564 4336 2647 4391 vel
2669 4338 2788 4409 ejus
2820 4339 3031 4396 vicarii.

2174 4449 2255 4504 De
2282 4450 2553 4520 capellano
2584 4451 2675 4520 qui
2704 4451 2864 4520 fuerit
2914 4453 3101 4509 absens
3133 4472 3225 4526 per
3258 4473 3459 4513 menses
3489 4467 3617 4517 tres.

2178 4564 2330 4631 item,
2375 4565 2672 4636 statuimus
2722 4576 2777 4620 et
2827 4567 3147 4624 ordinamus
3186 4573 3330 4641 quod
3361 4573 3405 4629 si
3439 4575 3561 4643 quis
3597 4592 3688 4632 ca-

2102 4656 2355 4727 pellanus
2392 4658 2599 4726 absque
2652 4658 2870 4713 licentia
2913 4659 3211 4717 cardinalis
3250 4665 3333 4719 vel
3361 4666 3480 4737 ejus
3498 4668 3687 4724 vicarii

2102 4766 2165 4805 se
2199 4750 2590 4817 ahscntaverit,
2635 4762 2690 4805 et
2741 4752 2881 4806 infra
2934 4755 3099 4809 trium
3143 4758 3414 4812 mensium
3448 4764 3684 4826 spatlum

2105 4858 2212 4897 non
2242 4842 2464 4897 redierit
2492 4842 2557 4896 ad
2579 4843 2865 4898 ecclesiam
2887 4846 3222 4913 praelibatam
3246 4848 3311 4903 ad
3341 4851 3685 4906 serviendum

2104 4936 2346 5006 capellae,
2372 4946 2575 4991 extunc
2623 4952 2717 5007 per
2733 4937 2969 4993 edictum
3006 4940 3276 5009 publicum
3311 4943 3363 4997 in
3391 4943 3565 4999 choro
3592 4960 3687 5000 ec-

2104 5030 2304 5094 clesias,
2330 5029 2460 5084 dum
2495 5030 2785 5085 missarum
2809 5031 3071 5087 solemnia
3103 5034 3471 5102 celebrantur,
3499 5038 3684 5107 publi-

2103 5124 2441 5191 candum,et
2475 5134 2661 5193 postea
2696 5125 2748 5179 in
2777 5126 2947 5194 portis
2994 5125 3236 5191 ejusdem
3288 5130 3531 5187 ecclesia:
3568 5131 3686 5186 alii-

2103 5219 2337 5287 geudum
2368 5219 2435 5273 ad
2464 5221 2804 5274 serviendum
2840 5228 3168 5277 revocetur:
3195 5232 3247 5277 et
3277 5224 3322 5277 si
3355 5223 3498 5279 infra
3535 5242 3687 5279 mcu-

2104 5322 2217 5366 sem
2245 5311 2408 5365 alium
2435 5325 2465 5364 a
2483 5320 2731 5380 tempore
2757 5312 2917 5384 124
2938 5313 3216 5370 citationis
3235 5315 3545 5387 hujusmodi
3571 5335 3678 5373 non

2105 5401 2526 5472 redierit,justo
2579 5402 2967 5473 impedimento
3025 5418 3298 5477 cessante,
3348 5424 3449 5479 per
3505 5412 3682 5482 ipsum

2103 5497 2367 5551 vicarium
2406 5496 2717 5566 capellania
2750 5512 2848 5552 sua
2885 5498 3090 5569 absque
3126 5501 3387 5572 aliajuris
3427 5505 3689 5561 Solemni-

2107 5597 2215 5641 tate
2248 5589 2488 5656 privetur
2521 5593 2574 5641 et
2603 5586 2742 5642 alius
2771 5602 2872 5642 suo
2906 5588 3027 5643 loco
3054 5591 3438 5647 substituatur.

2104 5699 2179 5755 De
2208 5697 2482 5753 audiendis
2508 5699 2937 5754 excusationibus
2956 5700 3256 5771 fallentium
3278 5718 3370 5771 per
3399 5703 3679 5759 vicarium.

2180 5810 2337 5879 Item,
2378 5812 2667 5871 statuimus
2713 5820 2767 5870 et
2817 5802 3131 5873 ordinamus
3171 5814 3314 5887 quod
3350 5814 3583 5872 vicarius
3610 5822 3701 5873 te-
