4114 6418
458 479 585 518 LXIX

459 587 653 632 neatur
687 577 1026 646 singulorum
1056 577 1150 649 qui
1197 591 1258 632 se
1307 590 1573 630 excusare
1604 573 1901 636 voluerint,
1943 579 2034 626 aut

459 671 754 739 potuerint,
774 661 1155 726 excusationes
1178 670 1368 724 audire
1401 668 1628 738 singulis
1653 666 1864 720 duobus
1888 680 2036 718 tuen-

459 763 633 828 sibus,
663 765 1048 819 excusationes
1079 762 1351 834 legitimas
1384 762 1694 826 admittere,
1730 757 1901 828 ipsius
1944 756 2037 826 qui

456 869 516 910 se
539 864 763 909 excusat
799 855 976 909 medio
997 853 1332 924 iuramento.

453 991 532 1047 De
559 991 895 1063 [muralibus
957 1007 1075 1061 qua:
1131 991 1341 1045 eeniant
1392 989 1460 1044 ad
1506 1006 1693 1044 manus
1729 988 2032 1043 camerarii.

523 1107 680 1175 Item,
725 1107 1020 1163 statuimus
1065 1105 1209 1175 quod
1245 1107 1422 1161 omnis
1448 1121 1588 1162 certe
1621 1105 1899 1174 quantitas
1933 1104 2033 1158 ob-

451 1201 679 1255 veniens
703 1198 952 1254 ecclesiae
984 1214 1051 1252 ex
1080 1199 1360 1266 exsequiis
1389 1198 1790 1260 defunctorum,
1823 1193 2032 1251 omnis-

451 1304 557 1361 que
595 1290 822 1359 pecunia
853 1289 1066 1344 ratione
1093 1290 1221 1353 soli,
1252 1292 1471 1343 veniant
1503 1289 1571 1343 ad
1621 1303 1813 1343 manus
1845 1300 2029 1340 carue-

449 1383 580 1437 rarii
607 1396 706 1452 pro
738 1380 983 1435 candelis
1013 1383 1185 1435 cereis
1219 1380 1272 1433 in
1321 1379 1463 1436 festo
1495 1377 1888 1448 puriticationis
1917 1376 2032 1446 glo-

450 1473 610 1528 riosae
636 1471 873 1541 Virginis
893 1470 1096 1537 Mariae,
1118 1486 1182 1526 ac
1204 1471 1367 1526 etiam
1401 1487 1496 1540 pro
1521 1471 1644 1525 aliis
1671 1469 2030 1526 luminaribus

446 1563 770 1636 Opportunis
792 1565 844 1617 in
873 1562 1020 1616 dicta
1053 1563 1306 1618 ecclesia.
1336 1563 1404 1618 Et
1448 1563 1495 1617 si
1553 1562 1773 1630 aliquod
1807 1575 2030 1628 supere-

447 1661 542 1724 rit,
570 1658 715 1712 inter
744 1664 1039 1725 pratseutes
1075 1654 1130 1708 in
1179 1653 1344 1710 dictis
1395 1654 1671 1725 exsequiis
1729 1651 2028 1710 distribua-

447 1762 557 1806 tur.

448 1865 526 1922 De
555 1866 922 1921 distributione
971 1867 1026 1920 in
1083 1866 1254 1921 locum
1290 1865 1520 1919 absentis
1551 1860 1794 1915 canonici
1827 1861 1906 1915 uel
1937 1877 2029 1914 ca-

1135 1937 1354 2006 pellani.

521 2051 588 2107 Et
617 2068 686 2109 ne
715 2053 863 2109 circa
917 2051 1084 2106 divini
1136 2049 1315 2104 cultus
1345 2049 1736 2104 exhibitionem
1764 2048 1907 2104 dicta
1937 2064 2028 2104 ec-

452 2144 619 2200 clesia
666 2143 934 2200 defectum
987 2143 1220 2212 aliquem
1258 2141 1518 2210 patiatur,
1547 2141 1836 2196 statuimus
1881 2143 2025 2211 quod

450 2237 496 2290 si
547 2235 768 2304 quando
825 2233 1120 2288 canonicos
1165 2232 1250 2286 vel
1297 2229 1612 2298 capellanus
1635 2231 1925 2299 contigerit
1956 2231 2026 2285 ab

441 2329 674 2384 ecclesia
711 2327 1006 2392 absentari,
1047 2331 1167 2394 post
1199 2323 1267 2378 15
1299 2323 1415 2378 dies
1447 2321 1682 2376 vicarius
1711 2323 1780 2376 de
1825 2321 2026 2376 substi-

445 2431 559 2476 tuto
607 2421 889 2492 provideat
934 2418 1031 2489 qui
1081 2418 1201 2472 loco
1248 2414 1492 2471 absentis
1546 2413 1790 2469 ecclesiae
1821 2414 1904 2468 vel
1933 2427 2022 2467 ca-

444 2515 597 2585 pellae
647 2513 958 2578 deserviat;
991 2511 1085 2582 qui
1131 2509 1456 2564 substitutus
1493 2522 1683 2560 onmes
1703 2519 1757 2559 et
1780 2506 2022 2575 singulas

446 2605 579 2659 dicti
632 2603 883 2659 canonici
921 2590 1004 2656 vel
1055 2601 1322 2668 capellani
1385 2598 1818 2664 distributiones,
1878 2598 2021 2652 sicut

443 2713 580 2766 ipse,
605 2696 651 2750 si
682 2695 1048 2764 personaliter
1077 2694 1391 2755 interesSet,
1426 2689 1707 2758 percipiat.

441 2811 520 2868 De
553 2811 705 2866 rebus
755 2808 1036 2864 mobilibus
1079 2805 1313 2860 ecclesiae
1347 2821 1450 2858 non
1491 2803 1886 2861 caiitiitodaitdis
1910 2807 2019 2861 sine

957 2882 961 2886 “
1003 2879 1212 2931 licentia
1252 2878 1458 2930 vicarii.

510 2994 665 3059 Item,
689 2993 980 3049 statuimus
1007 2991 1149 3062 quod
1180 2990 1360 3045 nullus
1391 2991 1690 3045 eauonicus
1720 3007 1896 3062 neque
1925 3007 2016 3046 ca-

442 3089 707 3142 merarius
753 3085 1035 3153 reliquias,
1077 3097 1306 3152 pannos,
1337 3082 1896 3152 _libr0s,qpar:unenta
1935 3086 2016 3139 \el

439 3181 543 3234 alia
584 3195 738 3235 sacra
783 3193 928 3245 vasa,
979 3189 1072 3231 aut
1102 3181 1443 3242 Ornamenta,
1495 3191 1592 3230 seu
1625 3185 1910 3246 argentum
1948 3179 2015 3231 ad

438 3275 679 3329 divinum
711 3271 918 3326 cultum
948 3269 1196 3325 ecclesia:
1241 3270 1499 3336 deputata
1531 3280 1684 3322 extra
1728 3267 2014 3322 ecclesiam

438 3366 598 3421 alicui
658 3364 1007 3420 commodare
1067 3361 1176 3415 ullo
1229 3363 1385 3415 modo
1433 3370 1744 3430 praesumat,
1795 3359 2015 3413 licentia

442 3459 538 3513 [tui
589 3457 881 3512 cardinalis
941 3454 1026 3510 vel
1078 3454 1194 3523 ejus
1253 3453 1439 3508 vicarii
1501 3469 1606 3506 non
1663 3453 1904 3505 obtenta.
1951 3450 2014 3503 Et

439 3550 659 3621 quando
693 3551 756 3602 de
788 3547 1008 3602 licentia
1060 3543 1265 3615 pra-fati
1312 3543 1499 3598 vicarii
1551 3543 1860 3613 contigerit,
1898 3549 2013 3595 tum

435 3642 772 3697 camerarius
824 3639 1020 3694 debeat
1049 3638 1105 3692 in
1140 3652 1239 3691 suo
1289 3636 1430 3690 libro
1476 3636 1742 3689 adnotare
1773 3636 2004 3704 portito-

438 3750 569 3800 res;
608 3741 663 3788 et
696 3732 742 3787 si
796 3739 989 3785 contra
1044 3729 1252 3795 fecerit,
1291 3727 1549 3798 puniatur
1605 3727 1830 3781 arbitrio
1867 3728 2016 3781 vica-

437 3826 524 3880 rii.
719 3842 728 3844 ‘
1893 3836 1900 3842 ’

439 3935 594 4006 125
619 3935 706 4016 ¹οε
729 3935 1026 4016 residentia
1062 3933 1307 4016 facienda
1335 3935 1524 3988 iterant
1555 3950 1715 4004 usque
1755 3935 1882 4016 dum
1909 3935 2012 3988 sint

540 4007 740 4062 redacti
776 4007 1016 4060 canonici
1043 4007 1113 4058 ad
1147 4021 1424 4058 numerum
1479 4007 1904 4076 quatcmarium.

504 4123 660 4190 Item,
695 4121 840 4190 quod
876 4120 1172 4176 secundum
1225 4127 1490 4174 Statututn
1529 4128 1583 4174 et
1643 4119 2014 4175 ordinationes

434 4213 642 4283 pra:fa.i
697 4214 799 4268 Diti
843 4212 1073 4283 Eugenii
1104 4227 1370 4278 numerus
1422 4214 1809 4267 eanonicorttm
1843 4215 1914 4268 sit
1945 4219 2010 4268 ad

433 4320 666 4378 quatuor
697 4307 962 4361 duntaxat
1015 4307 1290 4368 redactus,
1318 4321 1385 4359 ne
1429 4306 1652 4374 praefata
1693 4305 1924 4360 ecclesia
1958 4308 2010 4358 in

431 4399 631 4455 divinis
662 4397 1069 4451 incommodum
1103 4395 1319 4450 interim
1355 4397 1612 4463 patiatur,
1640 4397 1930 4450 statuimus
1959 4406 2014 4451 et

431 4491 754 4546 ordinamus
799 4490 942 4558 quod
990 4486 1238 4543 canonici
1275 4487 1420 4556 quia
1449 4488 1571 4542 data
1602 4487 1904 4542 litterarum
1931 4488 2012 4542 di-

433 4586 502 4641 cti
539 4582 639 4636 Diti
670 4580 898 4652 Eugenii
952 4580 1091 4634 citra
1127 4579 1182 4632 in
1216 4578 1361 4632 dicta
1400 4578 1632 4634 ecclesia
1661 4579 1866 4650 recepti
1897 4579 2012 4635 fue-

436 4677 563 4743 rint,
593 4689 823 4728 necnon
856 4670 1126 4742 capellani
1161 4673 1254 4740 qui
1288 4670 1406 4726 vice
1453 4671 1758 4726 absentium
1792 4673 2011 4728 canoni-n

434 4781 621 4821 eorum
651 4763 832 4819 divina
855 4765 1150 4817 secundum
1177 4760 1464 4831 deputatas
1487 4761 1565 4816 eis
1587 4763 1864 4831 portiones
1886 4779 2013 4832 sup-

435 4855 582 4925 plere
613 4862 903 4908 teneantur
942 4869 1006 4907 ac
1034 4852 1292 4915 debeant,
1335 4868 1399 4906 ex
1433 4861 1562 4908 tunc
1585 4868 1614 4906 a
1642 4854 2010 4922 publicationc

433 4945 789 5015 praesentiunt-
825 4952 1178 5009 statutorum,
1214 4943 1514 4999 secundum
1565 4944 1873 5012 huiusmodi
1913 4959 2009 4998 no-

431 5050 574 5093 stras
613 5039 995 5092 ordinationes
1043 5045 1097 5091 et
1149 5044 1375 5102 statuta,
1405 5036 1458 5089 in
1513 5035 1735 5104 prafata
1779 5036 2007 5092 ecclesia

429 5140 752 5201 pernoctare
778 5141 833 5185 et
875 5129 1154 5186 deservire
1186 5128 1470 5183 nocturnis
1514 5130 1720 5197 pariter
1775 5137 1828 5182 et
1863 5129 2009 5182 diur-

430 5225 512 5278 nis
537 5224 726 5278 olIiciis
752 5225 986 5278 debeant
1013 5222 1068 5276 in
1118 5221 1371 5275 omnibus
1413 5229 1466 5274 et
1513 5235 1607 5288 per
1649 5222 1834 5274 omnia
1867 5235 1930 5274 ac
1961 5221 2005 5275 si

428 5316 715 5386 pra-dictus
744 5329 1002 5368 numerus
1034 5322 1183 5369 esset
1216 5312 1459 5382 plenarie
1491 5313 1838 5381 adimpletus.

780 5427 857 5482 De
890 5426 1154 5480 oblatione
1183 5425 1374 5479 altaris
1406 5424 1650 5493 majoris.

495 5542 798 5613 Adjicimus
826 5556 1043 5612 quoque
1097 5541 1163 5595 de
1209 5541 1578 5595 oblationibus
1613 5542 1830 5613 majoris
1866 5543 2004 5597 alta-

428 5636 504 5691 ris
551 5637 725 5706 ipsius
755 5636 1026 5699 ecclesiae,
1060 5633 1313 5686 videlicet
1341 5649 1370 5685 a
1400 5633 1586 5687 decem
1623 5635 1812 5688 solidis
1860 5636 2000 5690 infra

427 5728 694 5796 capellani
728 5729 886 5780 dictae
913 5726 1180 5791 cetlesite,
1209 5725 1304 5794 qui
1344 5740 1440 5794 pro
1492 5729 1770 5783 canonicis
1802 5730 1999 5784 absen-

430 5819 570 5872 tibus
611 5833 757 5872 nunc
793 5817 1130 5882 deserviunt,
1169 5819 1495 5887 participare
1530 5819 1786 5890 debeant,
1838 5835 2000 5893 prout

427 5911 668 5966 canonici
701 5912 796 5977 ipsi
833 5911 1156 5970 Darticibant

1119 463 1422 526 A-LOYSII
1462 459 1821 524 BANDINII
1861 459 2492 524 COMMENTARIUS.
2535 489 2604 502 -
2638 467 3049 563 APPEt‘iDlX.

3619 485 3724 528 LXX

2259 573 2337 628 De
2364 573 2612 644 lampade
2645 581 2977 635 accendenda
3022 592 3146 638 ante
3185 602 3373 655 carpas
3401 586 3620 648 Christi.

2226 689 2527 758 Adjicitnus
2561 691 2786 762 insuper
2809 710 3050 765 quoque,
3089 701 3232 766 qttod
3263 709 3604 765 camerarius
3647 711 3734 767 di-

2147 789 2246 835 cta:
2296 781 2540 837 ecclesia:
2573 783 2641 839 de
2665 785 2932 842 fructibus
2979 789 3151 859 ipsius
3189 795 3432 852 ecclesiae
3480 809 3730 858 teneatur

2147 876 2444 929 accendere
2471 875 2777 945 lampadem
2803 892 2932 936 ante
2946 896 3138 954 corpus
3158 887 3359 944 Christi
3393 891 3519 946 dum
3544 883 3728 952 divina

2144 965 2524 1033 celebrantur;
2555 979 2610 1022 et
2635 969 2680 1024 si
2714 973 3124 1042 contrafecertt,
3177 978 3230 1032 in
3283 980 3594 1054 bolengenis
3626 992 3726 1042 tri-

2142 1057 2244 1111 bus
2273 1058 2512 1128 qualibet
2540 1060 2655 1116 vice
2694 1063 2970 1132 puniatur,
3002 1077 3056 1123 et
3097 1077 3273 1126 stetur
3317 1075 3462 1130 dicto
3494 1081 3724 1136 canoni-

2141 1163 2354 1216 corum,
2391 1150 2569 1206 medio
2592 1150 2928 1222 juramento.

2876 1315 2966 1372 ΙΙΙ.

2141 1421 2299 1516 Bulla
2331 1424 2842 1516 quarlfugen'iuslni’
2863 1437 3485 1516 calrr’liitgli_Bessarioni,
3523 1458 3572 1502 et
3603 1462 3722 1516 post

2209 1495 2337 1582 eius.
2362 1495 2611 1582 morienti
2638 1501 2885 1582 basilica?
2912 1507 3012 1562 SS.
3043 1509 3158 1566 XII
3603 1495 3722 1574 'éc'l

2210 1567 2424 1646 clesiam
2463 1567 2524 1622 S.
2575 1572 2824 1646 Andreae,
2857 1589 2963 1629 Ima
2997 1597 3116 1636 cum
3152 1567 3723 1646 dolttibus'etvvvitort'is

2210 1637 2279 1688 ad
2306 1652 2423 1691 eam
2450 1637 3137 1707 Peril-"cutibus,com-ed”.
3199 1637 3206 1638 '
3281 1637 3388 1641 "“
3448 1637 3487 1641 ’“
3556 1637 3722 1646 ’ν’-η·-
3792 1648 3803 1662 ,

2211 1768 2486 1841 Eugenius
2537 1776 2846 1850 episcopus,
2899 1799 3092 1842 servus
3149 1804 3434 1850 servorum
3475 1795 3594 1862 Dei,
3649 1801 3716 1854 ad

2137 1857 2372 1916 futuram
2413 1866 2489 1920 rei
2537 1877 2883 1928 memoriam.
2922 1875 3050 1934 illas
3085 1881 3374 1948 potissime
3423 1888 3719 1956 petitiones
3759 1949 3766 1960 ι

2137 1952 2202 2007 ad
2255 1957 2624 2014 exauditionis
2679 1965 2906 2030 gratiam
2957 1965 3330 2028 favorabiliter
3377 1952 3717 2038 admittimus

2136 2059 2233 2113 per
2262 2063 2399 2118 quas
2437 2055 2694 2112 venerab.
2718 2055 2947 2114 fratrum
2981 2072 3293 2120 nostrorum
3329 2069 3490 2141 126
3515 2071 3574 2126 S.
3606 2072 3716 2129 Ilo-

2137 2154 2313 2195 manae
2372 2141 2632 2200 Ecclesiae
2701 2151 3064 2208 cardinalium
3122 2162 3408 2214 commodo
3454 2177 3716 2232 speratur

2135 2239 2298 2299 atque
2319 2233 2582 2302 profectui
2619 2239 2917 2306 provideri.
2939 2241 3102 2310 Sane,
3121 2247 3265 2301 sicut
3297 2249 3454 2305 nobis
3486 2252 3714 2310 dilectus
3791 2254 3800 2266 '

2134 2322 2276 2377 titius
2307 2333 2494 2380 n0ster
2547 2327 2862 2398 Bessarion,
2898 2333 3137 2392 basilcat
3174 2335 3265 2392 XII
3297 2340 3486 2409 Apost.
3522 2347 3707 2414 presb.

2131 2415 2280 2469 card.
2313 2457 2328 2475 .
2363 2433 2535 2487 nuper
2561 2434 2833 2490 exponere
2853 2428 3088 2495 curavit,
3113 2431 3345 2488 ecclesia
3371 2433 3428 2491 S.
3453 2437 3710 2504 Andreae,

2131 2508 2235 2562 sita
2275 2509 2326 2564 in
2362 2512 2444 2564 via
2482 2512 2732 2582 Ergatica
2780 2518 2848 2574 de
2899 2518 3064 2588 Urbe,
3113 2537 3232 2592 quae
3267 2526 3394 2580 olim
3437 2541 3710 2586 monaste-

2130 2603 2268 2654 rium
2296 2605 2610 2660 tnonialium
2640 2623 2761 2663 esse
2791 2611 3022 2680 solebat,
3056 2625 3110 2669 et
3135 2626 3258 2685 post
3292 2620 3708 2678 translationem

2130 2694 2444 2750 monialium
2492 2697 2802 2768 huiusmodi
2854 2703 2923 2759 ab
2980 2705 3126 2774 inde,
3155 2723 3278 2764 cum
3309 2712 3582 2780 quondam
3605 2713 3707 2770 ba-

2128 2787 2482 2844 bitationibus
2515 2791 2828 2848 monialium
2855 2810 2921 2850 ac
2955 2799 3120 2853 certis
3157 2801 3410 2858 domibus
3441 2808 3709 2863 censuali-

2128 2875 2229 2932 bns
2259 2878 2436 2933 cidem
2461 2882 2706 2938 ecclesia:
2733 2886 3003 2957 contiguis
3029 2890 3144 2947 sive
3173 2893 3575 2964 adiacentibus,
3608 2917 3707 2954 nec

2127 2980 2232 3019 non
2259 2966 2451 3034 hortis,
2487 2969 2776 3029 hortalitiis
2804 2990 2866 3030 ac
2893 2978 3107 3048 juribus
3133 2990 3185 3036 et
3217 2984 3566 3052 pertinentiis
3593 2991 3709 3046 suis

2128 3062 2457 3115 monasterio
2489 3063 2544 3118 S.
2582 3064 2876 3123 Clementis
2915 3069 2984 3126 de
3027 3072 3168 3127 dicta
3204 3074 3365 3143 Urbe,
3400 3080 3608 3136 ordinis
3644 3082 3704 3137 S.

2125 3145 2429 3217 Jeronymi,
2451 3153 2550 3206 sub
2581 3154 2745 3209 certis
2767 3156 2928 3213 modo
2953 3170 3004 3214 et
3030 3159 3202 3217 forma
3228 3168 3552 3226 auctoritate
3579 3187 3708 3241 apo-

2126 3239 2320 3294 stolica
2365 3242 2512 3297 unita
2551 3254 2604 3298 et
2635 3245 2983 3317 incorporata
3036 3256 3266 3324 exstitit,
3316 3261 3551 3316 totaliter
3597 3239 3709 3320 dis-

2124 3345 2382 3400 cooperta
2429 3345 2483 3388 et
2521 3337 2820 3407 destructa,
2850 3357 2913 3396 ac
2950 3345 3313 3406 habitationes
3359 3367 3568 3408 necnon
3606 3358 3704 3411 do-

2127 3437 2248 3477 mus
2283 3427 2554 3493 prtediclte
2584 3428 2854 3499 pleraeque
2871 3434 3102 3492 ruinosae
3131 3453 3146 3504 ;
3181 3455 3244 3494 ac
3274 3455 3540 3512 praeterea
3571 3448 3707 3514 dile-

2123 3517 2228 3572 ctis
2275 3517 2404 3572 ﬁliis
2456 3519 2624 3590 priori
2684 3532 2739 3577 et
2794 3523 3053 3586 fratribus
3107 3532 3236 3588 dicti
3287 3543 3605 3596 monasterii
3639 3545 3699 3598 ὃ.

2123 3609 2416 3668 Clementis
2451 3615 2628 3672 minus
2669 3616 2828 3673 utiles
2856 3630 2910 3675 et
2933 3628 3300 3684 accommoda:
3326 3629 3440 3686 fore
3467 3625 3704 3690 noscun-

2125 3711 2232 3758 tur.
2262 3704 2399 3760 Cutn
2431 3717 2638 3774 autem,
2667 3709 2809 3764 sicut
2836 3713 3168 3784 accepimus,
3197 3723 3703 3793 ecclesia,'habita-

2125 3797 2302 3851 tiones
2327 3807 2382 3851 ct
2419 3801 2613 3855 domus
2653 3803 2922 3870 pratdictce
2954 3806 3110 3876 juxta
3149 3812 3367 3869 domum
3395 3833 3505 3872 sua:
3548 3820 3700 3875 habi-

2125 3888 2346 3946 tationis
2373 3891 2486 3948 sive
2531 3895 2839 3953 residentize
2871 3900 3201 3969 consistant,
3233 3919 3294 3958 ac
3338 3909 3702 3966 habitationes

2123 3992 2176 4036 et
2225 3983 2418 4039 domus
2469 3987 2758 4057 prtedictte,
2802 4007 2926 4061 qua:
2987 3995 3229 4064 quinque
3299 4013 3522 4054 numero
3577 4015 3703 4056 sunt

2123 4078 2257 4150 citra
2283 4078 2423 4131 viam
2458 4081 2525 4134 ad
2562 4079 2699 4135 latus
2731 4082 3064 4140 occidentale
3093 4087 3332 4151 situatae,
3369 4090 3543 4146 eidem
3578 4106 3701 4148 car-

2122 4171 2286 4226 dinali
2324 4187 2420 4240 pro
2461 4188 2558 4227 sua
2590 4174 2642 4227 iit
2690 4176 2768 4230 cis
2803 4175 3118 4231 collocanda
3166 4178 3370 4235 familia
3403 4183 3695 4250 plurimum

2123 4265 2445 4320 necessarite
2483 4267 2770 4336 exsistant,
2819 4269 3044 4339 ipseque
3082 4272 3378 4329 cardinalis
3407 4275 3452 4330 si
3487 4277 3700 4333 habita-

2122 4356 2299 4412 tiones
2324 4367 2375 4411 et
2406 4358 2640 4428 quinque
2663 4361 2856 4416 domus
2885 4363 3190 4431 huiusmodi
3215 4368 3263 4420 ei
3300 4369 3695 4438 concedantur,

2121 4460 2214 4501 eas
2262 4461 2422 4517 posse
2470 4458 2630 4505 tenus
2686 4467 2942 4522 reparare
2971 4465 3024 4510 et
3060 4467 3369 4515 restaurare
3396 4461 3643 4519 intendat
3677 4485 3692 4519 ;

2121 4554 2221 4594 nos
2248 4539 2444 4607 quibus
2477 4556 2598 4596 ven.
2634 4542 2806 4600 frater
2835 4558 3020 4602 noster
3048 4547 3378 4608 Franciscus
3409 4555 3694 4626 episcopus

2121 4630 2455 4700 Portuensis,
2516 4633 2575 4688 S.
2639 4634 2797 4692 Rom.
2848 4637 2993 4693 Eccl.
3033 4643 3543 4709 vicecanccllarius,
3606 4652 3694 4703 cui

2121 4732 2180 4777 ut
2250 4738 2312 4778 se
2348 4739 2514 4795 super
2565 4727 2863 4796 prmitiissis
2924 4731 3246 4788 informaret
3298 4737 3692 4802 commisimus,

2121 4813 2435 4868 relationem
2473 4813 2603 4869 fecit
2643 4816 2877 4885 fidelem,
2906 4820 3106 4890 quique
3142 4837 3237 4891 per
3271 4821 3578 4893 hujusmodi
3614 4826 3697 4878 iu-

2119 4905 2495 4960 forntationem
2529 4907 2604 4961 ita
2631 4922 2772 4975 esse,
2797 4923 2848 4964 et
2880 4914 3022 4980 quod
3054 4913 3106 4966 in
3163 4915 3247 4969 his
3281 4920 3519 4985 ipsorum
3549 4920 3697 4988 pric-

2119 5013 2240 5053 rum
2268 5006 2323 5053 et
2363 4997 2594 5054 fratrum
2627 5016 2920 5071 expressus
2951 5008 3188 5062 accessit
3220 5023 3497 5075 assensus,
3535 5015 3690 5066 inve-

2118 5090 2319 5158 nimus,
2357 5091 2524 5161 ipsius
2574 5092 2866 5151 cardinalis
2897 5097 2948 5150 in
2981 5098 3081 5154 hac
3131 5109 3286 5168 parte
3316 5104 3567 5170 precibus
3611 5105 3695 5160 in-

2116 5184 2326 5248 clinati,
2376 5186 2678 5256 lmjusmodi
2732 5189 3038 5256 ecclesiam,
3093 5207 3190 5248 nec
3245 5209 3354 5248 non
3415 5198 3690 5264 quondam

2117 5275 2483 5334 habitationes
2524 5277 2864 5346 monialiuin,
2901 5299 2964 5337 ac
3019 5285 3263 5356 quinque
3301 5287 3498 5343 domus
3555 5305 3692 5352 prte-

2115 5370 2294 5426 dictas
2327 5387 2448 5425 cunt
2488 5373 2664 5428 hortis
2717 5385 2772 5429 et
2811 5375 3102 5431 Itortalitiis
3133 5392 3198 5432 ac
3229 5380 3442 5444 jttribus
3475 5389 3531 5434 et
3570 5398 3692 5448 pcr-

2118 5463 2361 5518 tinentiis
2423 5467 2740 5533 praemissis,
2795 5467 2896 5538 ipsi
2961 5471 3248 5534 cardinali,
3303 5472 3480 5539 quoad
3537 5475 3688 5528 vixe-

2117 5553 2206 5619 rit,
2252 5565 2306 5608 et
2356 5567 2478 5620 post
2524 5559 2640 5627 ejus
2671 5545 2979 5623 decessum,
3027 5562 3265 5616 basilica:
3313 5562 3411 5617 XII
3459 5566 3689 5634 Aposto-

2112 5647 2290 5699 lorum
2337 5647 2648 5716 hujusmodi
2695 5653 3021 5707 auctoritate
3075 5655 3373 5722 apestolica
3424 5669 3688 5727 perpetuo

2110 5739 2466 5808 applicainus,
2497 5744 2932 5811 appropriatuus,
2979 5745 3304 5815 deputamus
3336 5759 3391 5804 et
3443 5753 3690 5822 assigna-

2114 5847 2269 5895 ntus;
2323 5831 2394 5884 ita
2429 5835 2572 5902 quod
2609 5835 2863 5891 liceatcx
2919 5853 3062 5892 nunc
3117 5841 3378 5896 cardinali
3429 5849 3688 5914 pnedieto

2116 5941 2208 5993 per
2247 5941 2303 5980 se
2333 5928 2413 5980 vel
2454 5942 2552 5995 per
2586 5925 2750 5983 alium
2795 5945 2892 5985 seu
2951 5931 3106 5998 alios,
3141 5936 3425 5992 ecclesiam
3476 5935 3692 5992 habita-
