4114 6412
471 430 600 475 LXXI

471 534 653 588 tiones
689 542 743 587 et
803 532 1047 603 quinque
1105 533 1301 589 domus
1358 534 1611 602 prmfatas
1664 549 1788 591 cum
1847 536 2045 601 hortis,

470 624 765 679 hortalitiis
794 637 847 679 et
888 626 1008 679 aliis
1073 642 1236 695 supra
1286 627 1448 680 dictis
1479 627 1805 681 auctoritate
1836 631 2050 696 propria

473 715 643 769 libere
677 716 1079 785 apprehendere
1112 732 1173 769 ac
1205 715 1325 770 illas
1366 716 1672 772 inhabitare
1715 734 1809 772 seu
1840 718 2054 771 itthaltl-

472 810 577 863 lari
609 808 806 871 facere,
837 810 1081 877 aliasque
1123 810 1187 863 de
1219 810 1298 863 eis
1331 809 1625 877 disponere
1658 820 1710 865 et
1760 810 2043 874 ordinare,

470 901 700 967 alicujus
726 916 889 969 super
930 902 1029 955 hoc
1060 901 1279 954 licentia
1340 901 1567 957 minime
1600 903 1859 971 requisita
1893 919 1907 955 :
1945 918 2050 955 tzon

468 992 810 1046 obstantibus
843 992 1039 1045 litteris
1069 994 1288 1046 unionis
1318 996 1652 1048 monasterio
1675 995 1733 1047 S.
1756 995 1974 1048 Clettten
2009 997 2049 1048 is

468 1085 624 1137 facta:
660 1083 970 1152 hnjnsmodi
1024 1098 1087 1138 ac
1142 1086 1196 1138 in
1237 1084 1316 1138 eis
1358 1085 1655 1151 contentis,
1689 1101 1751 1139 ac
1779 1089 2050 1140 constitu-

470 1175 707 1231 tionibus
765 1175 1080 1244 apostolicis
1156 1177 1479 1247 czl-terisque
1534 1177 1828 1235 contrariis
1891 1179 2047 1251 127

414 1270 433 1341 β
465 1268 906 1336 quibuscunque.

540 1359 682 1413 Nulli
710 1376 836 1428 ergo
865 1361 1143 1411 homtnum
1180 1358 1341 1413 liceat
1399 1359 1539 1413 hanc
1566 1361 1818 1430 paginam
1854 1373 2051 1417 nostra:

468 1451 868 1521 applicationis,
927 1451 1413 1520 appropriationis,
1448 1453 1819 1521 deptttationis
1865 1463 1918 1507 et
1958 1468 2049 1506 as-

470 1543 793 1614 siguatiouis
838 1538 1141 1613 infringere
1171 1543 1254 1597 vel
1312 1546 1359 1597 ci
1397 1560 1531 1597 ausu
1580 1546 1874 1597 temerario
1923 1560 2053 1598 con-

470 1635 655 1689 traire.
689 1636 744 1690 Si
779 1637 902 1704 quis
935 1645 1114 1690 autem
1156 1636 1259 1689 hoc
1312 1644 1639 1705 attemptare
1678 1652 2044 1706 praesumpse-

468 1730 558 1797 rit,
595 1729 1018 1799 indignationem
1062 1728 1450 1805 omnipotentis
1502 1729 1593 1803 Dei
1624 1737 1678 1782 et
1741 1728 1845 1783 BB.
1901 1729 2043 1783 Petri

390 1882 399 1889 ,
466 1832 515 1876 et
557 1822 706 1876 Pauli
740 1822 1113 1892 apostolorum
1143 1820 1269 1890 ejus.
1289 1836 1348 1875 se
1403 1821 1617 1875 noverit
1672 1823 2047 1876 iucursurunt.

542 1913 733 1967 Datum
788 1914 973 1968 Romae
1026 1913 1166 1982 apud
1224 1914 1282 1967 S.
1316 1911 1536 1967 Petrum
1572 1928 1715 1967 anno
1775 1914 2045 1968 incarnal.

466 2003 684 2059 Domini
732 2004 892 2070 1446,
932 2018 1027 2059 vttt
1066 2002 1177 2058 kal.
1236 2011 1386 2075 Sept.
1420 2044 1435 2069 ,
1467 2002 1813 2073 pontiﬁcatus
1876 2001 2047 2059 nostri

468 2108 614 2149 IIIIIO
648 2109 756 2147 XVI.

1216 2207 1309 2265 IV.

464 2327 628 2384 Bulla
661 2324 1022 2378 exstinctiouis
1050 2321 1400 2376 clericatuum
1430 2322 1489 2377 S.
1520 2321 1709 2376 Maria'
1734 2323 1788 2376 in
1818 2322 2040 2388 Campo,

536 2398 596 2451 S.
631 2394 841 2448 Nicolai
868 2396 931 2448 de
960 2393 1243 2459 Columna,
1275 2411 1335 2446 ac
1366 2391 1425 2447 S.
1462 2393 1717 2462 Sylvestri
1750 2394 1814 2447 de
1848 2397 2043 2447 Arcio-

536 2469 699 2529 uiuis,
726 2475 773 2519 et
808 2466 1096 2534 applicatio
1151 2463 1418 2529 fructuum
1446 2464 1728 2517 rectoribus
1751 2474 1797 2517 et
1824 2480 2047 2533 repara-

536 2538 667 2591 εἰωιὶ
706 2538 969 2589 dictarunt
1010 2535 1379 2587 ecclesiarum.

535 2654 792 2709 Nicolaus
818 2651 1125 2721 episcnpus,
1152 2663 1345 2702 servus
1388 2662 1669 2702 servorum
1707 2646 1820 2713 Dei,
1851 2647 2051 2702 dilecto

467 2748 581 2803 ﬁlio
603 2744 837 2801 Jobanni
869 2741 1187 2798 Guudisalvi
1224 2740 1291 2795 de
1343 2741 1507 2804 Deza,
1554 2741 1940 2795 archidiacouo
1983 2741 2051 2796 de

468 2838 785 2896 liaroacelle
826 2837 879 2890 itt
911 2834 1145 2891 ecclesia
1175 2833 1399 2888 Aurien.
1432 2870 1448 2898 ,
1485 2832 1716 2887 Salutem
1746 2842 1801 2887 et
1831 2844 2049 2901 aposto-

467 2936 627 2990 licam
654 2928 1115 2986 benediCtiouem.

530 3022 820 3089 Quoniam,
844 3019 968 3073 dum
988 3017 1341 3072 ecclesiarum
1361 3024 1414 3069 et
1432 3013 1915 3069 ecclesiasticarum
1933 3031 2055 3085 per-

467 3130 722 3174 sonarum
743 3109 1183 3183 opportunitates
1202 3108 1551 3163 etcommoda
1572 3109 1949 3177 temporalium
1973 3124 2054 3165 re-

468 3224 588 3264 rum
617 3207 849 3261 tenuitas
872 3202 1083 3267 minuit,
1115 3200 1325 3253 illarum
1347 3200 1554 3254 vilescit
1573 3201 1812 3255 decentia
1838 3207 1891 3254 et
1917 3200 2054 3255 divi-

468 3318 570 3355 nus
582 3299 754 3354 cultus
772 3296 825 3352 in
843 3297 1003 3350 domo
1019 3292 1227 3347 Domini
1247 3291 1723 3354 desinitexerceri,
1743 3292 2054 3362 apostolicae

465 3394 532 3446 ad
564 3394 667 3446 hoc
715 3405 820 3444 non
852 3387 1070 3457 indigne
1109 3384 1420 3441 extenditur
1450 3384 1768 3453 provisionis
1792 3399 1975 3452 opeta,
1997 3394 2055 3439 ut

469 3479 1090 3555 tmjusmodidispendiis
1125 3493 1219 3546 per
1249 3477 1486 3531 remedia
1516 3476 1726 3530 occurri
1764 3479 1938 3531 valeat
1960 3493 2056 3548 op-

468 3575 919 3648 portuna.Nuper
948 3569 1214 3639 siquidem
1243 3570 1473 3623 dilectus
1502 3567 1642 3621 ﬁlius
1666 3577 1845 3623 uoster
1868 3566 2055 3625 Bessa-

469 3672 611 3736 riou,
634 3670 717 3723 tit.
755 3667 988 3722 basilicae
1008 3661 1216 3719 SS.Xll
1236 3660 1427 3732 Apost’.
1451 3662 1631 3732 presb.
1669 3663 1843 3727 card.,
1869 3678 2050 3718 coram

467 3762 625 3816 nobis
641 3758 893 3829 expOsuit
917 3758 1079 3827 quod,
1104 3755 1227 3809 licet
1247 3757 1298 3808 itt
1327 3754 1740 3824 quampluribtts
1763 3757 2049 3824 parochia-

466 3855 610 3909 libus
643 3852 892 3908 ecclesiis
922 3851 987 3905 de
1012 3848 1162 3905 Urbe
1189 3848 1256 3903 ab
1296 3848 1536 3918 ipsarum
1580 3846 1897 3903 funtlatione
1955 3866 2053 3919 pro

466 3946 633 4002 divini
664 3940 1283 4002 cultusbmtoriﬁcentia
1340 3949 1394 3994 et
1454 3949 1746 4010 augmento
1796 3943 2053 3997 nonnulla

465 4022 720 4111 perpetua
754 4036 1038 4101 beneﬁcia,
1072 4033 1362 4089 clericatus
1408 4043 1746 4100 nuncupata,
1781 4047 1877 4101 pro
1912 4050 2049 4088 uou-

464 4133 628 4187 nullis
660 4131 874 4186 clericis
902 4131 990 4201 qui
1022 4128 1331 4185 rcctoribns
1364 4140 1555 4182 earum
1587 4141 1685 4196 pro
1724 4136 1967 4197 tempore
1993 4129 2045 4182 in

462 4225 663 4281 divinis
698 4222 904 4280 Ofﬁciis
933 4231 988 4278 et
1006 4221 1188 4277 Missis
1216 4218 1514 4286 deservire,
1577 4219 1797 4289 pulsare
1832 4234 2051 4289 campa-

461 4335 583 4384 nas,
610 4316 863 4372 claudere
900 4314 1185 4385 etaperire
1211 4312 1474 4369 ecclesias
1499 4322 1555 4367 et
1587 4312 1691 4367 alia
1725 4312 1805 4367 eis
1835 4312 2050 4368 incum-

462 4412 648 4465 bentia
693 4414 1016 4477 supportare
1052 4406 1336 4470 deberent,
1380 4405 1582 4474 quique
1608 4404 1779 4473 aequis
1842 4406 2049 4474 portio-

464 4510 623 4556 nibus
656 4516 780 4555 cum
817 4498 1123 4554 rectoribus
1150 4497 1419 4553 dictarum
1455 4497 2046 4553 ecclesiarumillaruut

464 4601 699 4659 tinctus,
756 4592 958 4645 reditus
1014 4599 1070 4644 et
1124 4598 1419 4659 proventus
1469 4589 1736 4659 praedicti,
1786 4602 2046 4645 causante

465 4698 767 4753 temporum
800 4680 1025 4748 malitia,
1064 4683 1198 4734 adeo
1225 4679 1403 4736 effecti
1440 4690 1567 4735 sunt
1634 4688 1822 4737 tenues
1850 4690 1902 4736 et
1932 4683 2048 4737 exi-

460 4779 563 4839 les,
593 4775 736 4844 quod
767 4781 987 4842 propter
1034 4773 1276 4842 ipsorum
1310 4770 1659 4841 exiguitatem
1695 4785 1933 4828 rectores
1989 4782 2045 4828 et

460 4868 642 4922 clerici
681 4866 891 4938 praefati
929 4880 989 4920 se
1018 4879 1084 4919 ex
1139 4864 1247 4920 illis
1278 4863 1565 4919 commode
1626 4873 1935 4919 sustentare
1988 4872 2044 4919 et

457 4963 561 5015 alia
591 4960 671 5014 eis
700 4974 798 5029 pro
829 4968 1075 5029 tempore
1107 4956 1474 5012 incumbentia
1523 4971 1687 5011 onera
1718 4967 2043 5028 supportare

456 5055 741 5106 commode
778 5065 882 5104 non
909 5058 1168 5120 possunt;
1197 5066 1260 5103 ac
1282 5049 1411 5105 dicti
1440 5051 1621 5106 clerici
1658 5052 1747 5121 qui
1783 5054 1833 5105 in
1877 5051 2040 5106 exhi-

456 5145 663 5199 bitione
696 5141 982 5197 ministerii
1014 5152 1067 5198 et
1112 5144 1456 5198 servitiorum
1489 5144 1651 5214 128
1717 5143 2037 5213 hujusmodi

454 5254 512 5291 se
545 5237 777 5293 reddunt
826 5235 1115 5307 plurimum
1151 5237 1503 5307 negligentes,
1559 5238 1786 5299 fructus,
1834 5236 2039 5290 reditus

455 5343 508 5384 et
528 5340 825 5401 proventus
865 5331 1153 5401 praedictos
1189 5331 1367 5384 minus
1391 5331 1572 5385 debite
1600 5329 1764 5382 etiam
1795 5344 1903 5381 non
1942 5331 2037 5380 dc-

453 5421 741 5478 serviendo
766 5424 1093 5492 percipiunt,
1126 5421 1310 5489 sicque
1342 5420 1484 5474 cedit
1519 5420 1572 5473 in
1624 5418 1821 5473 divina:
1870 5419 2040 5489 maje-

450 5514 611 5570 matis
638 5515 898 5571 offensam
920 5517 1064 5587 quod
1098 5512 1165 5568 ad
1191 5515 1309 5584 ejus
1332 5513 1546 5568 laudent
1573 5522 1625 5566 et
1653 5512 1917 5567 dictarutn
1948 5526 2039 5565 Ct:-

452 5610 740 5665 clesiarunt
767 5610 1017 5665 decorem
1052 5607 1231 5663 fuerat
1278 5606 1527 5675 primitus
1572 5605 1903 5660 institutum.
1965 5602 2037 5657 Et

452 5702 597 5758 sicut
629 5701 769 5756 idem
802 5701 1094 5755 cardiualis
1128 5698 1292 5753 nobis
1322 5697 1486 5751 etiam
1552 5710 1824 5765 exponere
1874 5713 2035 5753 cura-

451 5794 549 5859 vit,
581 5792 624 5847 si
655 5792 705 5847 iit
732 5793 961 5863 singulis
994 5783 1051 5847 S.
1078 5790 1258 5844 Maria:
1288 5788 1340 5843 iit
1374 5789 1594 5859 Campo,
1635 5790 1790 5859 cujus
1819 5792 2024 5859 decem;

453 5890 511 5947 S.
535 5883 738 5944 Nicolai
770 5887 831 5943 de
857 5884 1142 5954 Columna,
1171 5882 1323 5954 cujus
1351 5881 1604 5945 similiter
1631 5881 1838 5953 decem,
1865 5898 1929 5940 ac
1965 5883 2023 5941 S.

1312 419 1411 479 DE
1451 391 1627 478 V’t'fA
1673 419 1769 479 ET
1815 418 2069 481 asses
2108 418 2386 483 GESTIS
2434 419 2953 483 BESSARIONIS

3614 422 3756 467 um

2165 536 2425 610 Sylvestri
2460 540 2525 595 de
2558 536 2870 593 Arcioninis
2899 530 3304 606 parochialibus
3330 528 3588 587 ecclesiis
3615 542 3673 587 et
3694 532 3764 587 de

2164 632 2314 688 Urbe
2345 631 2586 701 praefata:
2618 630 2857 685 basilica:
2909 626 3223 682 immediate
3274 622 3574 691 subjectis,
3609 624 3786 693 cujus'

2160 724 2469 795 quindecim
2503 723 2625 779 ﬁor.
2648 725 2765 777 auri
2786 722 2853 776 de
2875 734 3091 775 camera
3126 717 3470 787 singularum
3493 714 3760 770 videlicet

2161 828 2405 870 rectores
2439 824 2493 868 et
2526 815 2759 869 clericos
2781 816 3022 882 ipsarum
3051 824 3150 880 pro
3176 816 3430 877 tempore
3479 806 3761 860 exsisteu-

2164 919 2243 961 tes
2304 905 2733 975 contingentium
2789 904 3095 973 portionem
3161 900 3394 961 fructus,
3462 896 3677 950 reditus
3710 907 3762 951 et

2160 1010 2477 1069 proventus,
2506 998 2801 1054 secundum
2830 1006 3173 1053 cominunem
3197 992 3647 1054 aestimationem,
3670 1006 3763 1043 va-

2160 1099 2326 1153 lnrem
2358 1114 2617 1161 annuum,
2652 1106 2712 1151 ut
2748 1096 3037 1160 asseritur,
3064 1107 3173 1148 non
3210 1091 3509 1153 excedunt,
3543 1085 3759 1157 singula

2160 1201 2418 1261 perpetua
2468 1189 2732 1243 beneﬁcia
2767 1188 3057 1243 clericatus
3086 1192 3394 1253 nuncupata
3439 1179 3759 1249 bujusmodi

2160 1293 2321 1351 prout
2354 1283 2406 1336 in
2441 1280 2714 1335 nonnullis
2738 1280 2861 1335 aliis
2882 1276 3289 1349 parocltialibus
3309 1274 3570 1329 ecclesiis
3597 1272 3760 1326 dicta:

2160 1374 2312 1429 urbis
2346 1388 2438 1442 per
2469 1373 2732 1441 quosdam
2765 1370 3039 1424 Romanos
3065 1367 3352 1442 pentiﬁees
3377 1366 3762 1433 prmdecesso-

2161 1480 2247 1520 res
2282 1474 2497 1520 nostros
2530 1480 2625 1534 pro
2656 1462 2865 1518 salubri
2925 1460 3171 1532 ipsarum
3203 1441 3579 1513 ecclesiarum
3613 1462 3760 1509 statu

2159 1557 2362 1613 factum
2416 1557 2589 1613 fuisse
2623 1555 2985 1627 dignoscitur,
3041 1552 3527 1623 supprimerentur
3557 1559 3615 1603 et
3665 1563 3760 1601 ex-

2157 1652 2585 1721 stinguereutur,
2621 1663 2687 1704 ac
2722 1648 2871 1718 ipsos
2901 1646 3132 1702 clericos
3155 1642 3604 1714 contingentium
3634 1653 3759 1708 por-

2160 1743 2367 1798 tionum
2420 1741 2657 1806 fructus,
2719 1740 2944 1805 reditus,
3001 1744 3318 1807 proventus,
3363 1732 3759 1803 possessiones

2158 1844 2215 1891 et
2242 1835 2381 1893 bona
2427 1833 2769 1905 portionibus
2803 1841 3041 1887 rectores
3072 1828 3325 1900 prmfatos
3380 1823 3759 1895 contingenti-

2158 1928 2261 1982 bus
2316 1934 2579 1996 perpetuo
2640 1923 3071 1993 applicarentur,
3138 1921 3631 1988 incorporarentur
3703 1923 3760 1969 et

2158 2028 2605 2081 annecterentur,
2643 2016 2697 2070 id
2723 2015 2774 2069 itt
2803 2030 2909 2070 non
2944 2013 3215 2067 modicum
3256 2010 3635 2081 subjectaruut
3670 2020 3757 2059 ec-

2157 2104 2447 2163 clesiarum
2484 2111 2538 2160 et
2560 2112 2834 2159 rectorum
2872 2102 2926 2157 in
2978 2100 3275 2170 praemissis
3333 2099 3561 2155 cederet
3615 2096 3759 2152 leva.

2159 2214 2304 2253 nteu.

2226 2290 2405 2354 Quare
2435 2300 2531 2357 pro
2563 2294 2715 2354 parte
2743 2283 2870 2339 dicti
2910 2283 3248 2339 Bessariouis
3298 2281 3631 2349 cartlinalis,
3661 2295 3750 2334 as-

2167 2381 2403 2436 serentis
2430 2395 2488 2435 se
2525 2378 2728 2434 dictam
2776 2376 3078 2444 basilicam,
3121 2391 3241 2446 qua:
3264 2376 3461 2431 titulus
3495 2375 3579 2432 sui
3633 2388 3754 2428 car-

2158 2472 2433 2527 dinalatns
2456 2469 2688 2532 exsistit,
2736 2484 2834 2538 pro
2869 2476 3021 2537 parte
3042 2467 3395 2531 refurutassc,
3434 2467 3490 2520 in
3524 2481 3589 2521 ea
3620 2465 3755 2519 divi-

2158 2579 2284 2619 num
2334 2564 2536 2619 cultum
2589 2562 2805 2617 auxisse
2858 2569 2911 2614 et
2970 2575 3070 2630 pro
3116 2575 3273 2628 posse
3320 2559 3621 2629 adaugere,
3653 2570 3752 2611 nec

2159 2671 2265 2710 non
2300 2653 2556 2723 praefatas
2595 2652 2870 2723 subjectus
2917 2651 3180 2708 ecclesias
3222 2650 3529 2705 reformare
3580 2651 3753 2703 inten-

2158 2748 2233 2802 sis
2261 2747 2545 2801 desideriis
2578 2745 2856 2808 affectare,
2885 2745 3042 2798 nobis
3084 2743 3188 2797 fuit
3221 2742 3507 2796 humiliter
3547 2742 3752 2809 suppli-

2158 2848 2339 2893 catum
2379 2846 2434 2891 ut
2474 2852 2635 2906 super
2672 2837 2755 2891 his
2814 2842 3119 2902 uppnrtune
3155 2834 3439 2902 providere
3483 2832 3552 2888 de
3602 2832 3752 2886 beni-

2166 2930 2373 3000 gnitate
2420 2928 2718 2999 apostolica
2767 2927 3135 2997 dignarentur.
3181 2926 3289 2982 Nos
3327 2925 3519 2994 igitur,
3554 2925 3648 2996 qui
3684 2925 3751 2979 de

2159 3022 2454 3092 praemissis
2498 3034 2703 3076 certam
2755 3019 3003 3074 notitiam
3062 3035 3171 3073 tton
3225 3018 3521 3083 habemus,
3567 3016 3750 3087 hujus-

2160 3118 2305 3171 modi
2368 3114 2858 3186 supplicationibus
2920 3113 3206 3175 inclinati,
3270 3112 3588 3167 discretioni
3646 3118 3748 3163 tua:

2162 3224 2255 3280 per
2296 3209 2593 3278 apostolica
2638 3210 2839 3276 scripta
2905 3208 3224 3261 mandamus
3277 3216 3553 3276 quatenus
3586 3207 3655 3272 si,
3696 3213 3749 3258 et

2162 3312 2469 3373 postquam,
2502 3316 2665 3370 super
2695 3318 2801 3370 quo
2830 3311 2975 3354 tuam
3009 3299 3396 3354 c0ttscit-utiaut
3422 3313 3742 3359 oneramus,

2164 3396 2348 3451 tibide
2395 3395 2690 3465 praemissis
2742 3393 2979 3463 legitime
3027 3393 3371 3460 constiterit,
3420 3393 3747 3447 auctoritate

2161 3483 2458 3555 apostolica
2507 3495 2718 3539 statuas
2757 3493 2813 3539 et
2848 3483 3117 3539 decernas
3146 3485 3291 3553 quod
3332 3486 3517 3537 omnia
3551 3494 3605 3537 et
3635 3484 3745 3536 sia-

2162 3578 2281 3648 gnla
2337 3575 2663 3643 oblationes,
2720 3573 3008 3638 luneralia,
3058 3576 3412 3629 obventiOnes
3447 3584 3504 3630 et
3534 3574 3743 3628 emolu-

2163 3678 2342 3722 menta
2374 3670 2424 3721 in
2453 3668 2614 3721 dictis
2659 3667 2922 3737 subjectis
2956 3667 3205 3721 ecclesiis
3230 3683 3328 3736 pro
3363 3677 3610 3737 tetnpore
3647 3668 3744 3720 ob-

2164 3761 2456 3825 venientia,
2487 3776 2587 3815 nec
2616 3776 2724 3814 tton
2757 3775 2860 3814 una
2893 3775 2960 3815 ex
2990 3768 3137 3824 tunc,
3174 3760 3277 3814 alia
3310 3776 3437 3814 vero
3472 3761 3743 3814 tttedic:as

2162 3862 2403 3909 omnium
2451 3864 2506 3908 et
2576 3836 2911 3923 singularum
2986 3852 3296 3922 porticuum
3358 3853 3741 3923 praedictarum

2132 3948 2379 4002 'eosdem
2413 3946 2641 4001 cleticos
2693 3946 3120 4015 contingentium
3144 3986 3159 4008 ,
3210 3960 3371 4016 quam
3406 3946 3645 4015 primum
3679 3942 3743 3996 il-

2164 4038 2333 4092 lorum
2363 4038 2624 4093 beneﬁcia
2658 4037 2970 4106 hujusmodi
3017 4051 3114 4106 per
3140 4037 3381 4105 ipsorum
3409 4040 3739 4091 clericorum

2160 4145 2348 4186 cessus
2397 4133 2478 4185 vel
2520 4133 2807 4197 decessus,
2856 4139 2951 4184 aut
2987 4128 3219 4199 alicujus
3258 4128 3508 4184 beneﬁcii
3561 4131 3741 4183 ece'e-

2160 4224 2369 4279 siastici
2413 4238 2506 4278 seu
2543 4224 2844 4291 aliquorum
2894 4221 3281 4277 beneﬁciorum
3338 4221 3738 4276 ecclesiastico-

2162 4329 2280 4368 rum
2317 4313 2678 4377 assecutione,
2716 4312 2873 4382 cnjtts
2903 4326 2999 4365 seu
3032 4326 3264 4380 quorum
3311 4309 3545 4379 fructus,
3600 4309 3740 4363 redi-

2159 4416 2244 4462 tus
2293 4421 2356 4460 ac
2410 4413 2705 4475 proventus
2763 4404 3127 4472 mquivaleant
3186 4403 3501 4468 fructibus,
3578 4400 3737 4471 129

2158 4490 2429 4553 reditibus
2480 4507 2535 4553 et
2595 4497 2952 4567 proventibus
3024 4496 3332 4564 porticuum
3410 4494 3735 4549 clericorum

2155 4593 2557 4662 praedictorum,
2607 4605 2727 4661 qua“:
2802 4589 3004 4645 fuerint
3068 4587 3289 4659 paciﬁce
3332 4589 3591 4653 assecuti,
3642 4600 3733 4638 seu

2153 4686 2352 4755 aliquis
2392 4700 2579 4741 eorum
2637 4684 2801 4738 fuerlt
2846 4682 3072 4752 paciﬁce
3124 4690 3410 4736 assecutus
3434 4697 3528 4750 per
3572 4692 3736 4747 quas-

2152 4794 2368 4849 cunque
2412 4778 2810 4844 assecutiones,
2865 4775 3125 4832 beneﬁcia
3164 4772 3472 4843 bujusmodi
3502 4772 3737 4829 auctori-

2150 4879 2260 4927 tate
2289 4870 2510 4941 prtefata
2548 4881 2735 4926 tenore
2765 4870 3113 4938 pmsentiutn
3144 4882 3339 4923 vacare
3368 4868 3733 4928 decernimus,

2148 4982 2243 5021 seu
2301 4966 2436 5019 alias
2486 4965 2707 5032 quasvis
2756 4962 3105 5017 dimissiones
3148 4974 3349 5015 vacare
3417 4960 3728 5028 contigerit,

2150 5066 2307 5128 prout
2338 5058 2451 5127 ipsa
2490 5057 2749 5111 beneﬁcia
2779 5055 3049 5109 vacabunt
3074 5068 3140 5108 ex
3169 5063 3296 5107 tunc
3321 5052 3372 5106 in
3413 5062 3571 5106 antea
3604 5060 3727 5117 per-

2151 5152 2329 5221 petuis
2372 5149 2732 5219 temporibus,
2762 5145 3104 5216 portionibus
3135 5156 3404 5200 rectorum
3437 5142 3728 5213 praedicto-

2151 5259 2267 5296 rum
2300 5241 2662 5312 applicentur,
2703 5241 2961 5294 uniantur
2991 5247 3047 5291 et
3084 5237 3248 5292 etiam
3289 5235 3730 5303 incorporentnr,

2148 5337 2221 5392 ita
2276 5336 2419 5405 quod
2479 5336 2639 5388 liceat
2712 5331 2953 5401 prmfatis
3024 5329 3330 5384 rectoribus
3380 5326 3619 5379 omnium
3678 5328 3735 5373 et

2151 5429 2488 5498 singulorum
2538 5427 2896 5490 oblationum,
2940 5422 3291 5483 luneralium,
3344 5420 3726 5474 obventiouum

2151 5531 2203 5574 ct
2254 5520 2768 5583 cmolumentorum,
2819 5532 2918 5571 nec
2972 5531 3078 5570 non
3133 5516 3489 5569 medietatunt
3529 5508 3728 5581 portio-

2152 5628 2275 5666 nutn
2340 5610 2659 5664 clericorum
2716 5607 3099 5677 praedictorum
3173 5608 3612 5673 quamprimum,
3671 5604 3727 5648 ut

2150 5702 2515 5773 praemittitur,
2546 5715 2642 5769 per
2676 5713 2863 5752 cessus
2887 5697 2969 5752 vel
3017 5697 3297 5759 decessus,
3333 5704 3425 5748 aut
3458 5690 3726 5747 assensio-

2148 5808 2244 5845 nes
2282 5791 2589 5859 lmjnsmodi
2619 5789 2703 5843 vel
2738 5789 2899 5842 aliter
2926 5802 3120 5841 vacare
3152 5786 3464 5855 contigerit,
3502 5785 3722 5842 fructus,

2153 5886 2355 5943 reditus
2390 5894 2442 5941 ct
2491 5894 2781 5956 proventus
2810 5882 3109 5955 percipere,
3156 5890 3208 5937 et
3248 5878 3368 5934 illos
3402 5876 3593 5954 insuis
3633 5882 3728 5943 pro
