4114 6488
368 483 540 527 LXXI“

371 593 577 656 tribus,
600 601 658 648 et
681 606 780 663 pro
811 602 1005 665 quarta
1033 597 1284 667 partibus
1336 599 1388 654 itt
1429 600 1694 655 dictarunt
1722 598 1989 654 ecclesia-

375 701 500 741 rum
556 687 902 757 reparatione
955 702 1299 760 convertere,
1333 694 1707 763 cujuscunque
1759 692 1978 747 licentia

376 786 612 853 desuper
639 781 962 840 nullatenus
983 785 1266 855 requisita,
1292 785 1548 855 dictaque
1572 783 1836 840 beneﬁcia
1853 798 1982 853 sup-

376 893 567 950 pressa
604 888 659 934 et
695 879 964 935 exstincta
985 879 1092 934 sint
1115 888 1170 933 et
1202 893 1327 934 esse
1352 879 1571 949 penitus
1599 886 1976 933 censeantur:

381 988 489 1028 non
535 972 878 1026 obstantibus
944 971 1427 1026 constitutionibus
1463 982 1516 1025 et
1541 969 1981 1026 ordinationibus

381 1064 697 1134 apostolicis
757 1065 1080 1135 easterisqne
1162 1063 1464 1119 contrariis
1521 1063 1967 1134 quibuscunqne.

383 1157 493 1208 Aut
520 1155 566 1211 si
599 1155 766 1225 aliqui
803 1171 968 1226 super
1008 1157 1413 1226 provisionibus
1465 1157 1570 1212 sibi
1603 1158 1872 1214 faciendis
1908 1160 1977 1214 de

387 1249 701 1317 huiusmodi
739 1250 822 1304 vol
853 1250 976 1305 aliis
1007 1250 1292 1306 beneﬁciis
1336 1250 1729 1307 ecclesiasticis
1773 1253 1824 1306 in
1870 1252 1978 1308 illis

388 1345 634 1412 partibus
689 1344 956 1414 speciales
1005 1343 1086 1398 Vel
1138 1344 1423 1413 generales
1478 1345 1791 1414 apostolica:
1834 1347 1982 1401 sedis

389 1435 474 1490 vel
527 1437 831 1506 legatorum
881 1437 1000 1506 ejus
1052 1437 1261 1493 litteras
1287 1438 1724 1506 impetraverint,
1754 1439 1974 1493 etiamsi

391 1547 486 1600 per
517 1545 612 1586 eas
640 1530 706 1582 ad
732 1529 1108 1593 iuhibitiones,
1140 1530 1564 1585 reservationetn
1589 1542 1640 1584 et
1664 1529 1966 1594 decretum,

393 1622 480 1676 vel
514 1623 650 1676 alias
679 1620 1088 1692 quomodolibct
1117 1622 1188 1674 sit
1215 1637 1555 1690 processum,
1591 1635 1727 1690 quas
1753 1621 1973 1689 quidem

395 1717 607 1771 litteras
655 1725 710 1770 et
756 1730 1049 1784 processus
1098 1715 1264 1768 etiam
1327 1731 1427 1785 pro
1475 1725 1722 1786 tempore
1770 1716 1987 1771 habitas

398 1825 498 1880 per
543 1808 784 1873 easdem,
835 1818 891 1863 et
948 1821 1289 1878 qnzecnnqne
1335 1808 1462 1862 inde
1490 1816 1700 1874 secuta,
1749 1808 1815 1862 ad
1841 1807 1985 1862 dicta

397 1902 662 1958 beneﬁcia
731 1900 984 1956 volumus
1035 1917 1141 1956 non
1199 1900 1447 1964 extendi,
1499 1901 1593 1956 sed
1649 1901 1854 1954 nullunt
1892 1916 1988 1970 per

401 1991 507 2046 hoc
528 1990 610 2044 eis
640 1990 820 2060 quoad
857 1989 1260 2046 assecutionem
1309 1990 1539 2044 aliorum
1599 1990 1987 2046 beneticiorunt

347 2152 357 2160 _
399 2081 774 2151 praeiudicium
833 2083 1126 2154 generari,
1165 2091 1220 2136 ct
1269 2082 1604 2152 quibuslibet
1657 2085 1984 2152 privilegiis,

402 2175 755 2246 indulgentiis
789 2190 854 2230 ac
899 2175 1097 2239 litteris
1143 2176 1466 2244 apostolicis
1528 2178 1874 2246 generalibus
1906 2177 1990 2232 vel

401 2269 756 2336 Specialibus,
787 2283 1242 2340 quorymcunque
1298 2279 1546 2324 tenerum
1577 2270 1864 2334 exsistant,
1898 2285 1994 2337 per

401 2381 522 2434 qua:
552 2363 911 2434 prrescntibus
934 2378 1333 2434 nonexpresw
1370 2364 1451 2418 vel
1510 2365 1746 2418 totaliter
1775 2378 1880 2417 non
1913 2363 1995 2416 itt-

403 2469 546 2514 serta
581 2458 809 2514 ell’ectus
834 2473 1026 2515 earum
1074 2459 1321 2528 impediri
1357 2457 1534 2512 valeat
1559 2456 1992 2526 quomodolibct,

407 2552 491 2607 vel
527 2550 755 2621 diﬂ‘crri,
778 2560 834 2608 et
862 2551 932 2608 de
960 2552 1158 2624 quibus
1186 2565 1530 2622 quorumque
1551 2550 1678 2604 totis
1711 2549 1990 2604 tenoribus

411 2649 479 2700 de
513 2645 682 2700 verbo
724 2645 790 2699 ad
834 2644 1062 2700 verbum
1099 2645 1347 2699 habenda
1378 2645 1449 2698 sit
1485 2645 1537 2696 in
1573 2644 1772 2697 nostris
1803 2641 1996 2695 litteris

408 2739 612 2800 mentio
631 2738 907 2808 specialis.
927 2737 1190 2794 Voluntas
1227 2749 1402 2791 autent
1436 2737 1582 2807 qttod
1614 2750 1680 2789 ex
1716 2749 1858 2789 nunc
1883 2734 1997 2787 sin-

404 2832 513 2902 guli
564 2831 834 2886 dietarum
897 2831 1268 2900 subjectarum
1341 2829 1697 2884 ecclesiarum
1758 2834 1995 2882 rectores

411 2941 580 2980 unum
616 2925 872 2980 clericum
898 2925 987 2996 qui
1017 2925 1124 2980 illis
1147 2925 1202 2978 in
1227 2923 1406 2978 missis
1429 2930 1483 2978 et
1514 2921 1636 2976 aliis
1659 2920 1855 2975 divinis
1884 2918 2003 2973 olli-

411 3019 510 3074 ciis
545 3019 836 3084 deserviat,
867 3027 1128 3088 perpetuo
1165 3018 1400 3071 retinere
1446 3029 1510 3069 ac
1539 3016 1588 3069 ei
1623 3014 1748 3067 vita:
1773 3027 2001 3068 necessa

416 3111 494 3164 ria
533 3112 842 3166 ministrare
865 3090 1172 3164 teneantur.
1194 3108 1303 3164 Nos
1333 3110 1476 3161 enim
1503 3123 1569 3161 ex
1607 3121 1748 3160 nunc
1782 3105 2000 3160 irritum

410 3206 760 3260 decernimus
815 3215 872 3260 et
928 3205 1110 3269 inane,
1170 3201 1217 3258 si
1274 3217 1436 3258 secus
1495 3216 1658 3270 super
1693 3199 1836 3256 hisa
1871 3215 2006 3269 quo-

387 3316 579 3368 'quam
625 3299 818 3370 quavis
871 3298 1199 3354 auctoritate
1254 3297 1492 3352 scienter
1552 3295 1637 3350 vel
1691 3295 2008 3366 ignorantcr

419 3393 715 3460 contigerit
740 3390 1080 3458 attemptari.

490 3487 680 3541 Datum
731 3485 914 3539 [tonde
973 3485 1113 3554 apud
1155 3483 1212 3539 S.
1254 3483 1495 3548 Petrum,
1540 3497 1684 3537 anno
1730 3481 2007 3536 incarnat.

416 3579 632 3636 Domin.
665 3579 828 3642 1447,
857 3579 930 3634 id.
963 3578 1165 3645 Martii,
1204 3578 1553 3648 pontiﬁcatus
1595 3577 1767 3631 nostri
1791 3590 1932 3630 anno
1967 3591 2008 3629 t.

1082 3715 1242 3786 130
1280 3715 1346 3771 V-

423 3808 586 3863 Bulla
619 3808 704 3863 Pii
733 3807 815 3876 ΙΙ,
847 3794 951 3878 qua
979 3810 1264 3860 committit
1290 3806 1518 3862 Nicalao
1553 3790 1703 3860 arch.
1731 3807 2012 3875 Sipontino

495 3881 567 3931 ad
593 3883 906 3932 instantiam
931 3877 1085 3931 card.
1117 3878 1475 3937 Bessarionis,
1503 3889 1558 3931 ut
1598 3880 1872 3933 basilicam
1905 3880 2011 3936 SS.

496 3949 615 4003 ΧΗ
681 3952 1081 4018 Apostolorum,
1147 3949 1344 4002 amotis
1392 3951 1510 4002 inde
1571 3951 1882 4017 canonicis,
1940 3954 2011 4006 ad

499 4020 725 4075 Fratres
761 4021 1050 4073 Minoritas
1091 4020 1405 4088 transferat.

499 4136 629 4192 Pius
663 4138 976 4206 episcopus,
1031 4150 1221 4190 servus
1277 4149 1560 4190 servorum
1600 4134 1714 4200 Dei,
1739 4150 1862 4190 ven.
1899 4133 2009 4188 fra-

429 4229 500 4284 tri
556 4217 800 4292 Nicolao,
860 4229 1277 4297 archiepiscopo
1327 4227 1636 4296 Sipontino,
1689 4227 1920 4280 salutem
1962 4237 2016 4283 et

431 4321 792 4390 apostolicam
829 4320 1290 4375 benedictionem.

501 4416 662 4473 Sedis
690 4415 1000 4486 apostolicae
1034 4414 1374 4476 providentia
1429 4413 1854 4483 circumspecta,
1912 4415 2015 4468 Ec-

430 4511 721 4564 clesiarunt
771 4509 1013 4563 omnium
1062 4507 1300 4560 debitam
1329 4523 1516 4560 curant
1553 4523 1768 4576 gerens,
1800 4507 2020 4562 assidue

431 4605 622 4675 vigilat
653 4615 707 4659 et
750 4618 810 4657 se
862 4587 1353 4656 continue'reddit
1385 4611 1651 4655 attentam
1687 4611 1744 4655 ut
1775 4602 2021 4657 θεοὶιδίιυ

433 4700 590 4770 ipsae,
618 4712 736 4766 qua:
779 4697 973 4750 domus
1020 4703 1146 4750 sunt
1197 4695 1463 4750 orationis
1500 4693 1551 4748 in
1590 4692 1772 4761 terris,
1805 4710 1900 4765 per
1939 4695 2024 4749 di-

437 4793 689 4846 vinorum
740 4789 1043 4847 ciliciorum
1090 4787 1495 4844 observantiam
1546 4787 1705 4859 digna
1739 4789 2027 4842 devotione

437 4895 492 4940 et
557 4887 678 4940 tidei
728 4885 1034 4939 reverentia
1085 4899 1114 4938 a
1162 4881 1624 4938 Christiﬁdelibns
1677 4891 2024 4948 venerentur,

439 4990 493 5032 ct
525 4979 725 5048 quibus
761 4977 1010 5031 subtrahi
1060 4975 1327 5044 conspicit
1361 4974 1600 5030 divinum
1659 4973 1859 5027 cultmn
1883 5014 1898 5037 ,
1925 4975 2031 5028 huc

441 5069 726 5124 brachium
765 5067 1052 5136 potestatis
1101 5065 1347 5121 extendit
1399 5073 1456 5119 ttt
1491 5064 1556 5118 ad
1601 5064 1695 5118 Dei
1733 5063 1947 5118 laudent
1979 5073 2033 5118 et

440 5154 682 5218 ﬁdelium
715 5164 1022 5215 animarum
1054 5160 1281 5215 salutem
1309 5161 1361 5214 in
1387 5157 1765 5229 spiritualibus
1796 5161 2034 5212 maxime

441 5256 598 5326 dirigi
644 5256 863 5310 valeant
922 5263 974 5307 ct
1017 5253 1227 5322 augeri.
1279 5253 1422 5307 Sane
1472 5255 1656 5320 ’ttupcr
1709 5268 1829 5306 ναι.
1870 5253 2037 5308 frater

442 5351 762 5416 Bcssarion,
795 5350 1090 5420 episc0pus
1115 5346 1480 5406 Tusculanus.
1505 5346 1744 5401 basilica:
1776 5345 1866 5400 XI:
1893 5346 2041 5416 Apo-

443 5446 708 5502 stolorum
730 5445 796 5501 de
818 5445 961 5501 Urbe
983 5450 1274 5512 perpetuus
1301 5439 1484 5495 adtnin
1509 5449 1733 5504 stator,
1755 5445 1823 5494 ab
1845 5443 2038 5496 eadem

445 5539 575 5596 sede
599 5537 1090 5607 deputatus,nobis
1111 5536 1359 5605 exposuit
1379 5535 1518 5603 quod
1546 5531 1767 5602 prmfata
1791 5533 2040 5601 basilica,

449 5646 613 5701 quant
673 5630 765 5686 diu
821 5638 1114 5697 antequam
1165 5626 1232 5680 ad
1270 5626 1641 5694 cpiscOpatum
1693 5639 2042 5694 prornovera-

452 5738 542 5779 tur
573 5726 628 5778 itt
678 5725 761 5778 sui
814 5720 1186 5776 cardinalatus
1222 5716 1585 5788 parocltialetn
1624 5717 1843 5776 tistlutn
1895 5718 2040 5774 obii-

454 5824 669 5880 nuerat,
703 5831 846 5870 nunc
877 5828 1010 5868 vero
1041 5813 1096 5867 in
1128 5810 1507 5867 commendam
1554 5811 1784 5875 obtinet,
1822 5820 2043 5879 preptcr

456 5911 801 5964 devotionem
829 5909 1093 5974 ﬁdelium,
1128 5918 1235 5962 tant
1277 5907 1476 5964 civium
1510 5921 1672 5976 quam
1713 5905 2034 5972 forensium,

456 6019 566 6061 non
598 6017 789 6070 parum
823 6003 984 6060 balet
1017 6000 1299 6060 hominum
1329 6015 1682 6066 concursum,
1714 6001 2028 6072 quibasLli-

1052 479 1362 545 ALOYSH‘
1404 483 1766 546 BANDlNlI‘
1799 483 2004 544 COMM

2108 485 2442 560 tTARIUS.
2481 518 2552 534 -ι
2579 488 2984 559 ΛΡΡΕΝΟΙΧ.

3501 506 3663 550 ιλκιν

2097 607 2215 660 eant
2265 611 2576 677 praedictam
2622 613 2846 670 visitare
2895 621 2950 668 et
2995 611 3193 668 missas
3238 627 3300 667 ac
3345 611 3450 667 alia
3489 612 3667 668 divina

2086 701 2259 758 oﬁicia
2295 705 2428 760 inibi
2463 707 2653 762 audire
2687 714 3116 774 consueverunt,
3152 708 3376 776 etquod
3409 705 3536 761 licet
3566 721 3670 759 nn-

2083 812 2268 852 merus
2300 799 2688 855 canonicornm
2722 802 2902 871 ipsius
2948 801 3220 867 ecclesiae,
3257 799 3347 868 qui
3383 799 3514 854 olim
3545 809 3670 853 octo

2079 904 2203 946 esse
2237 903 2661 956 consueverant,
2689 907 2784 962 per
2814 893 2904 949 fel.
2938 908 3047 948 rec.
3084 892 3382 962 Eugenium
3410 890 3499 953 ιν,
3532 908 3671 959 pra:-

2083 983 2424 1039 decessorem
2469 993 2742 1052 nostrum,
2791 985 3072 1060 adipsius
3102 985 3348 1055 episcopi
3391 985 3665 1053 supplica-
3733 1045 3739 1053 _

2085 1080 2309 1148 tionem,
2373 1082 2441 1136 ad
2494 1095 2780 1137 numerum
2837 1091 3080 1150 quatuor
3133 1078 3520 1135 canonieorutn
3572 1092 3668 1146 per
3733 1069 3742 1074 ’

2080 1187 2298 1227 cessum
2355 1173 2441 1228 vel
2487 1173 2773 1228 decessum
2831 1172 3088 1229 reductus
3132 1171 3315 1237 fuerit,
3365 1169 3430 1223 a-l
3477 1169 3580 1224 hoc
3609 1176 3671 1222 ut

2084 1265 2328 1336 prtedicti
2393 1275 2632 1336 quatuor
2691 1264 2942 1322 canonici
2997 1263 3214 1320 facilius
3249 1277 3311 1317 se
3358 1267 3668 1316 sustentare

2083 1368 2138 1414 et
2175 1359 2228 1412 in
2259 1358 2405 1414 dicta
2445 1357 2666 1414 basilica
2701 1357 3052 1414 residentiam
3108 1356 3289 1410 facere
3317 1368 3381 1408 ac
3404 1354 3454 1408 ei
3491 1351 3545 1406 itt
3587 1351 3672 1404 di-

2091 1450 2234 1506 vinis
2289 1451 2550 1506 continue
2615 1449 2896 1506 deservire
2949 1459 3190 1518 possent.
3223 1445 3358 1502 Cum
3392 1454 3571 1499 autent
3617 1443 3670 1497 id

2085 1551 2300 1612 tempus
2347 1545 2527 1598 nullus
2579 1557 2644 1598 ex
2705 1542 2988 1596 canonicis
3040 1542 3092 1595 in
3141 1555 3204 1595 ea
3267 1539 3550 1607 resideret,
3612 1553 3677 1590 ac

2089 1652 2234 1692 unus
2275 1646 2483 1690 tantum
2519 1635 2838 1706 eapellanus
2871 1633 3092 1689 nomine
3148 1633 3392 1688 omnium
3429 1632 3674 1701 ipsorum

2085 1729 2476 1784 canonicorum
2534 1730 2586 1783 in
2636 1744 2699 1784 ea
2753 1726 3078 1793 deserviret,
3138 1724 3518 1784 nihilominus,
3567 1738 3673 1776 non

2087 1820 2337 1876 obstante
2366 1821 2681 1876 reductione
2704 1817 3013 1890 ltujusmodi
3042 1827 3096 1875 et
3121 1817 3242 1872 aliis
3269 1817 3524 1872 remediis
3552 1831 3674 1884 quae

2090 1913 2204 1982 ipse
2237 1913 2526 1983 episcopus
2556 1913 2817 1968 adhibere
2845 1912 3102 1966 continue
3135 1920 3367 1964 conatus
3393 1907 3516 1969 fuit.
3557 1924 3676 1960 tnu-

2089 2001 2247 2056 dicus
2277 2003 2360 2056 vel
2381 2001 2534 2071 quasi
2567 1992 2754 2057 nullus
2781 2002 2834 2056 itt
2869 2016 2932 2056 ea
2955 2009 3204 2056 servatur
3231 1999 3414 2056 cultus
3439 1997 3680 2062 divinus,

2090 2100 2146 2147 et
2166 2092 2253 2148 vix
2286 2093 2397 2149 duo
2423 2109 2492 2147 ex
2525 2093 2688 2148 dictis
2726 2093 3010 2148 canonicis
3065 2092 3157 2160 qui
3197 2106 3340 2146 nunc
3370 2090 3438 2144 ad
3485 2105 3679 2143 nume-

2093 2201 2211 2241 rum
2241 2202 2336 2241 sex
2365 2187 2579 2241 reducti
2606 2195 2757 2249 sunt,
2793 2185 2926 2240 inibi
2963 2185 3203 2240 resident
3228 2224 3244 2250 ,
3271 2183 3484 2252 ipsique
3511 2196 3678 2235 canu-

2095 2281 2199 2334 niei
2232 2279 2298 2334 ad
2340 2280 2583 2334 divinum
2617 2279 2852 2335 oliiciutn
2898 2277 3231 2333 suﬁicientcs
3282 2283 3378 2330 aut
3428 2271 3680 2342 dispositi

2094 2387 2202 2427 non
2230 2372 2524 2435 exsistunt,
2583 2371 2698 2440 ipsa
2733 2385 2952 2440 quoque
3001 2368 3225 2424 basilica
3263 2367 3321 2422 in
3352 2367 3467 2422 suis
3505 2365 3676 2419 aedili-

2095 2466 2195 2519 ciis
2229 2465 2456 2519 nimium
2509 2463 2664 2536 131
2713 2472 2796 2519 est
2828 2463 3150 2531 collapsavet
3199 2460 3364 2516 etiam
3405 2461 3626 2512 ruinosa
3662 2474 3679 2522 ;

2096 2560 2352 2630 quodque
2410 2558 2554 2615 idem
2606 2559 2899 2628 episcopus
2953 2554 3269 2625 praedictam
3293 2552 3576 2608 basilicam
3608 2551 3682 2605 ad
3745 2537 3751 2543 ’

2098 2653 2383 2722 religiosos
2441 2651 2748 2714 transferri,
2799 2659 2854 2707 et
2899 2649 2952 2705 in
3009 2664 3069 2704 ea
3116 2657 3196 2704 tot
3243 2646 3441 2702 fratres
3475 2644 3683 2698 ordinis

2098 2744 2393 2809 ldinorum,
2421 2759 2652 2814 quorum
2685 2727 2824 2798 unus
2863 2743 2936 2798 sit
2971 2740 3324 2811 guardianus,
3357 2739 3448 2809 qui
3488 2753 3676 2791 curant

2099 2840 2334 2896 aliorunt
2383 2839 2614 2894 fratrum
2671 2837 2894 2904 habeat,
2943 2844 2998 2894 et
3039 2834 3104 2889 ad
3158 2847 3345 2890 curam
3375 2833 3686 2887 animarum

2104 2935 2158 2989 in
2204 2933 2344 2988 dicta
2391 2933 2617 2988 basilica
2668 2931 2904 3001 aliquem
2943 2927 3320 3000 presbyterum
3369 2925 3687 2982 smcnlarent
3744 2908 3761 2924 ’

2104 3019 2172 3082 de
2225 3043 2492 3084 consensu
2555 3025 2876 3090 cardinalis,
2921 3023 3014 3094 qui
3070 3037 3180 3095 pro,
3217 3029 3461 3090 tempore
3506 3016 3692 3081 fuerit,

2105 3123 2368 3192 deputare
2415 3122 2605 3192 possit,
2655 3119 2831 3174 creari
2882 3126 2937 3172 et
2986 3115 3195 3192 institui
3257 3121 3388 3183 quot
3431 3120 3693 3183 poterunt

2105 3231 2171 3271 ex
2223 3215 2394 3284 ipsius
2443 3214 2686 3270 ecclesia:
2748 3210 3022 3268 fructibus
3071 3224 3312 3282 congrue
3367 3206 3692 3270 sustentari,

2107 3309 2380 3365 desiderat
2408 3317 2464 3365 et
2486 3306 2725 3364 affectat.
2759 3305 2937 3374 Quare
2958 3319 3054 3376 pro
3081 3312 3232 3375 parte
3281 3301 3412 3356 dicti
3450 3297 3696 3368 episcopi

2111 3403 2269 3459 nobis
2295 3402 2397 3458 fuit
2423 3401 2703 3457 ltumiliter
2725 3399 3087 3470 supplicatum
3117 3405 3195 3463 ut,
3228 3409 3349 3451 cum
3377 3401 3696 3464 procurator
3782 3390 3786 3396 “

2110 3496 2378 3568 generalis
2434 3495 2566 3550 dict.
2620 3493 2850 3548 fratrum
2900 3490 2956 3546 in
2983 3490 3128 3544 dicta
3162 3489 3298 3544 urbe
3330 3488 3394 3542 sit
3427 3501 3699 3557 prmscns,

2110 3597 2165 3644 et
2203 3588 2269 3641 ad
2303 3585 2667 3657 receptioeem
2715 3583 2875 3639 dicta:
2903 3582 3150 3638 ecclesia:
3191 3588 3440 3650 paratum
3470 3595 3528 3634 se
3555 3577 3696 3633 υπε-

2112 3690 2216 3745 rat.
2238 3681 2532 3750 pluresque
2552 3677 2901 3749 parocltiales
2931 3674 3192 3731 ecclesias
3209 3672 3275 3728 de
3292 3670 3584 3726 dicta-urbe
3603 3685 3702 3734 per

2115 3775 2430 3846 ltujusmodi
2467 3773 2755 3845 religiosos
2788 3770 2897 3825 sint
2929 3769 3102 3824 solitae
3148 3765 3466 3837 gubernari,
3492 3763 3696 3818 dictant

2115 3867 2393 3922 basilicam
2456 3865 2526 3920 ad
2569 3861 2883 3934 ltujusmodi.
2934 3859 3224 3928 religiosos
3274 3854 3590 3920 transferri,
3642 3862 3709 3909 et.

2116 3962 2314 4016 ibidem
2359 3959 2556 4013 fratres
2583 3958 2758 4012 creari
2782 3965 2836 4012 et
2862 3955 3068 4009 institui
3102 3952 3415 4022 praedictos,
3451 3951 3527 4004 ita
3553 3949 3697 4019 quod

2119 4053 2326 4108 fructus
2350 4060 2402 4106 et
2430 4058 2723 4117 proventus
2746 4046 3104 4102 canorticattts
3149 4051 3202 4097 et
3234 4041 3538 4111 pr:rbcndaz
3568 4053 3708 4109 quos

2119 4146 2234 4215 ipse
2288 4145 2575 4212 episcopus
2620 4151 2674 4197 et
2727 4139 3142 4194 administrator
3187 4136 3422 4201 obtittet,
3475 4149 3541 4188 ac
3597 4133 3706 4186 alii

2118 4240 2360 4308 ejusdem
2402 4236 2644 4290 basilica:
2670 4231 2976 4289 cardinales
3000 4230 3249 4284 obtinere
3277 4238 3706 4291 consueverunt,

2121 4346 2222 4385 nec.
2274 4344 2380 4383 non
2431 4329 2638 4382 fructus
2677 4335 2731 4380 et
2768 4323 2976 4378 reditus
3013 4334 3332 4376 communes
3380 4317 3456 4372 ad-
3502 4317 3706 4372 dictant

2123 4424 2399 4478 basilicant
2428 4418 2812 4490 provenientes
2841 4431 2904 4470 ex
2943 4431 3111 4480 nunc,
3141 4411 3462 4468 cedentibus
3491 4424 3624 4465 vero
3654 4418 3711 4463 et

2122 4513 2513 4570 decedentilms
2541 4510 2675 4579 ipsis
2701 4509 2864 4565 dictis
2893 4523 2985 4562 sex
3025 4504 3306 4560 canonicis
3339 4513 3396 4560 et
3429 4503 3550 4557 aliis
3584 4517 3710 4571 pre-

2124 4608 2384 4681 sbyteris,
2435 4616 2490 4661 et
2519 4604 2756 4670 clericis,
2788 4603 3059 4672 perpetuis
3106 4598 3465 4656 beneficiariis
3523 4599 3576 4652 itt
3615 4604 3711 4650 ea-

2125 4707 2248 4760 dem
2275 4701 2521 4766 basilica,
2555 4697 2636 4752 vel
2670 4711 2805 4753 suos
2837 4695 3189 4751 canonicatus
3216 4703 3270 4748 et
3305 4691 3625 4767 praebendas
3642 4706 3709 4745 ac

2126 4794 2390 4853 beneﬁcia
2423 4790 2830 4864 quomodolibct
2876 4787 3298 4852 dimittentibns,
3348 4785 3540 4854 reliqui
3591 4799 3712 4839 ont-

2132 4905 2228 4945 nes
2263 4888 2492 4953 fructus,
2531 4884 2739 4938 reditus
2766 4891 2821 4938 et
2867 4888 3166 4952 proventus
3202 4878 3513 4950 ltujusmodi
3545 4892 3712 4932 canu-

2135 4984 2438 5048 nicatuum,
2481 4977 2891 5049 prmbendarum
2923 4983 2978 5029 et
3011 4972 3424 5036 beneﬁciorum,
3449 4986 3514 5027 ac
3546 4973 3710 5026 ctiant

2135 5077 2513 5149 possessiones
2539 5081 2595 5128 et
2623 5072 2760 5127 bona
2794 5082 3133 5139 qutecnnque
3165 5066 3234 5122 ad
3266 5066 3440 5122 dictos
3486 5066 3716 5120 canoni-

2138 5185 2232 5222 cos
2259 5179 2313 5222 et
2356 5173 2644 5237 perpetuos
2673 5163 3026 5217 beneﬁciatos
3059 5160 3268 5214 ratione
3296 5173 3518 5214 suorum
3550 5173 3713 5212 cano-

2140 5261 2422 5315 nicatuum
2455 5266 2509 5313 et
2550 5254 2963 5327 prtebondarnnt
3004 5268 3069 5307 ac
3110 5251 3498 5306 beneﬁciorum
3533 5251 3724 5316 hujus-

2142 5351 2287 5406 ntodi
2328 5349 2656 5419 pertinentia
2699 5347 2972 5416 prmdictis
3008 5345 3268 5414 fratribus
3301 5355 3355 5399 et
3398 5358 3587 5399 eorum
3635 5359 3728 5394 or-

2141 5442 2254 5497 dini
2291 5442 2655 5512 applicentur.
2687 5441 2754 5495 de
2789 5437 3125 5510 benignitate
3170 5437 3474 5507 apostolica
3505 5434 3780 5488 mandav-

2146 5552 2349 5591 remus.
2595 5531 2600 5536 ’

2213 5627 2323 5684 Nos
2359 5627 2565 5697 itaque,
2601 5625 2914 5695 ltujusmodi
2947 5621 3434 5693 supplicationibus
3462 5621 3730 5690 inclinati,

2144 5720 2466 5776 fraternitati
2513 5729 2616 5774 tuae
2640 5732 2737 5785 per
2779 5705 3075 5786 apostolica
3125 5715 3326 5785 scripta
3383 5717 3730 5780 mandamus,

2143 5826 2416 5884 quatenus
2469 5812 2676 5868 dictant
2719 5809 2997 5865 basilicam
3049 5809 3378 5864 auctoritate
3429 5809 3731 5878 apostolica

2143 5907 2209 5961 ad
2265 5903 2575 5976 ltujusmodi
2629 5901 2912 5971 religiosos
2960 5899 3290 5964 transferas,
3331 5911 3386 5956 ct
3423 5901 3621 5958 ibidem
3654 5911 3733 5957 tat

2154 6016 2217 6058 ex
2256 5998 2569 6072 ltujusmodi
2598 5996 2862 6054 fratribus
2891 5994 3194 6067 hlinorum,
3235 6011 3466 6069 quorum
3495 6011 3634 6052 unus
3666 5995 3738 6054 sit
