4114 6454
417 449 559 504 txxv

415 561 769 633 guardianns,
801 563 892 632 Qui
927 579 1092 619 unum
1145 567 1520 638 presbyterum
1568 567 1879 621 smcularem
1915 565 1980 619 ad

412 666 604 712 curam
641 657 943 712 animarum
972 660 1037 712 de
1085 673 1352 712 consensu
1394 658 1686 713 cardinalis
1734 659 1992 727 deputare

415 749 590 814 possit
622 755 673 803 et
727 749 937 813 valeat,
978 749 1070 816 qui
1119 751 1472 820 parocbianis
1504 751 1781 806 ministret
1815 751 1990 806 eccle-

412 841 631 895 siastica
663 849 1024 906 sacramenta,
1058 842 1254 895 ibidem
1284 842 1571 909 instituas,
1598 853 1726 911 quot
1755 858 1818 898 ex
1851 843 1996 896 frue-

410 933 557 988 tibus
592 931 862 1002 praedictis
891 941 1142 1001 poterunt
1176 947 1414 1004 congrue
1442 935 1755 997 sustentari,
1782 949 1842 988 ac
1872 943 1985 986 sta-

363 1041 371 1048 ‘
417 1040 536 1082 tuas
565 1030 893 1091 auctoritate
927 1029 1186 1097 praedicta
1217 1038 1272 1082 et
1299 1029 1542 1092 ordines,
1572 1021 1718 1096 quod
1755 1028 1989 1088 fructus.

367 1149 382 1166 .
413 1118 619 1171 reditus
665 1127 718 1170 et
765 1128 1064 1186 proventus
1109 1131 1172 1171 ac
1219 1116 1594 1186 possessiones
1649 1125 1705 1169 et
1757 1115 1892 1169 bona
1923 1115 1990 1168 ad

409 1210 796 1264 canonieatum
869 1215 924 1262 et
955 1263 964 1270 ,
993 1207 1338 1276 ιπωῢεηάυηι
1380 1206 1589 1277 υτωῐειιί
1640 1205 1877 1276 episc0pi
1935 1215 1992 1259 et

413 1302 886 1366 commendatarii,
922 1315 1017 1354 seu
1060 1299 1352 1356 cardinalis
1405 1314 1503 1368 pro
1552 1307 1796 1367 tempore
1843 1297 1988 1351 exsl-

408 1396 624 1460 stenlis,
690 1408 789 1449 nec
852 1409 958 1448 non
1018 1393 1250 1454 fructus,
1310 1391 1515 1446 reditus
1564 1398 1618 1444 ct
1672 1393 1988 1457 proventus,

411 1485 779 1542 communiter
820 1487 886 1539 ad
922 1486 1122 1538 dictam
1173 1481 1449 1538 basilicam
1501 1480 1883 1552 provenientes
1923 1496 1991 1533 ex

413 1594 579 1644 nunc,
616 1578 930 1634 cedentibus
963 1592 1087 1632 vero
1112 1583 1167 1630 et
1215 1575 1604 1630 decedentibus
1639 1573 1794 1644 132
1825 1588 1992 1627 cano-

411 1671 551 1727 nicis
579 1679 634 1725 et
673 1669 1008 1725 beneﬁciatis
1043 1667 1336 1738 praedictis,
1372 1667 1452 1721 rel
1479 1680 1608 1721 suos
1637 1667 1992 1721 eanonicatus

410 1774 466 1820 et
506 1763 827 1835 prmbendas
871 1771 926 1817 et
969 1762 1230 1817 beneficia
1287 1762 1602 1832 supradicta
1649 1757 1992 1829 quomodoli-

413 1858 505 1914 bet
554 1857 969 1922 dimituntibns,
1014 1857 1253 1924 reliquos
1299 1870 1489 1909 omnes
1538 1853 1788 1916 fructus,
1850 1851 1996 1905 redi-

415 1969 502 2027 lus
530 1963 581 2007 et
615 1959 910 2022 proventus
945 1966 1009 2005 ac
1040 1951 1411 2020 pessessiones
1457 1955 1511 2003 et
1560 1951 1700 2003 bona
1737 1945 1802 2002 ad
1825 1961 1994 2001 cauo-

414 2047 566 2102 iiicos
609 2054 663 2100 et
711 2043 1064 2100 beneﬁciatos
1115 2043 1403 2114 praedictos
1451 2041 1660 2095 ratione
1692 2038 1985 2094 canonica-

415 2138 567 2190 tuum
595 2146 649 2191 et
679 2131 1085 2204 praebendarmu
1149 2141 1205 2188 et
1246 2132 1632 2187 beneﬁciorum
1685 2130 1990 2198 liujttsmodi

415 2229 759 2299 pertinentia,
818 2240 876 2282 ut
933 2224 1239 2297 praefertur.
1299 2225 1513 2278 etiamsi
1564 2225 1664 2292 ipsi
1701 2223 1993 2279 canonica-

417 2335 506 2379 tus
535 2333 588 2378 et
617 2321 922 2393 praebenda:
958 2335 1021 2373 ac
1051 2320 1309 2374 benelicia
1336 2321 1444 2373 sint
1488 2318 1832 2389 dispositioni
1862 2331 1996 2384 apo-

417 2414 622 2469 stolicm
665 2412 1070 2482 quomodolibet
1120 2419 1412 2473 reservata,
1469 2411 1672 2464 eisdem
1737 2407 1996 2460 fratribus

417 2519 473 2562 ct
502 2523 692 2563 eorum
726 2507 902 2561 ordini
949 2506 1292 2574 applicentur
1328 2519 1394 2557 eo
1442 2502 1577 2571 ipso.
1616 2505 1691 2555 Ac
1720 2501 1996 2554 nibilotni-

419 2612 524 2654 nus
571 2599 773 2653 eisdem
819 2595 1118 2665 guardiano
1157 2604 1210 2647 ct
1257 2591 1538 2659 fratribus,
1587 2601 1873 2660 postquam
1942 2590 1995 2643 in

418 2694 561 2747 tlirta
591 2691 814 2745 basilica
849 2689 1016 2742 creati
1046 2696 1101 2742 et
1151 2687 1381 2740 instituti
1436 2684 1658 2749 fuerint,
1693 2683 1906 2738 locandi
1946 2693 2002 2738 et

421 2784 744 2840 arrendandi
797 2781 1025 2842 fructus,
1074 2781 1279 2834 reditus
1317 2789 1373 2833 et
1434 2790 1753 2848 proventus,
1795 2777 1916 2845 jura
1944 2786 2000 2831 et.

422 2879 775 2934 obventienes
821 2874 1234 2928 canonicatumn
1269 2881 1321 2925 et
1369 2873 1774 2939 praebendarmn
1809 2885 1869 2922 ac
1906 2871 1992 2922 bc-

424 2969 746 3025 tteliciorum
778 2966 1184 3034 prmdictorutn,
1217 2978 1246 3016 a
1270 2962 1550 3017 canonicis
1575 2973 1626 3015 et
1663 2961 1998 3016 beneliciatis

424 3060 703 3132 praedictis
753 3057 1120 3113 obtinentibus
1179 3055 1290 3118 illa,
1327 3055 1568 3124 quandiu
1619 3054 1718 3122 ipsi
1749 3054 1998 3108 canonici

424 3170 487 3207 ea
525 3149 880 3213 obtinuerint,
920 3162 1018 3216 pro
1050 3155 1202 3200 certo
1237 3148 1413 3215 pretio
1458 3145 1664 3226 eisdem
1719 3147 1998 3201 canonicis

424 3255 482 3301 et
513 3240 851 3298 benel‘tciatis
882 3239 1160 3293 annuatim
1187 3239 1564 3305 persolvendo,
1598 3237 1644 3292 si
1676 3241 1740 3293 de
1778 3239 1882 3294 hoc
1912 3239 2000 3291 in-

427 3351 512 3394 ter
543 3351 603 3392 se
639 3335 1013 3401 convenerint,
1063 3332 1386 3386 auctoritate
1421 3333 1678 3402 prmdicta
1726 3333 1999 3386 licentiam

426 3429 700 3499 largiaris,
733 3427 1160 3481 contradictores
1200 3440 1296 3492 per
1341 3437 1630 3478 censuram
1667 3422 2000 3478 ecclesiasti-

425 3535 562 3590 tam,
617 3520 976 3590 appellatione
1032 3517 1362 3586 poSlposita,
1403 3516 1800 3584 contpescenslo
1842 3533 1856 3569 :
1895 3532 1999 3568 non

431 3615 780 3673 obstantibus
831 3611 1248 3679 quibuscunque
1291 3609 1772 3664 constitutionibus
1802 3623 1865 3660 ac
1896 3609 2003 3676 pri-

430 3707 642 3776 vilegiis
688 3715 742 3760 et
783 3704 980 3758 litteris
1031 3702 1384 3770 apostolicis,
1435 3715 1532 3755 nec
1573 3717 1678 3755 non
1708 3701 1925 3754 statutis
1949 3708 2003 3753 et

427 3797 912 3854 Consuetudinibus
983 3793 1218 3850 basilica
1258 3804 1308 3848 et
1368 3792 1575 3849 ordinis
1630 3792 2002 3859 trtedictorum

427 3889 744 3952 contrariis,
771 3887 1110 3956 juramento,
1142 3885 1553 3940 confirmatione
1593 3885 1891 3954 apostolica
1923 3886 2004 3939 vel

429 3994 750 4050 quacunque
784 3981 1037 4034 firmitate
1069 3979 1358 4031 roboratis.

502 4078 610 4130 Aut
633 4075 678 4128 si
709 4073 896 4143 aliqui,
935 4072 1232 4141 apostolica
1283 4069 1365 4124 vel
1403 4068 1506 4123 alia
1539 4071 1732 4139 quavis
1759 4068 2004 4123 auctori-

426 4178 537 4225 tate
586 4170 640 4223 in
669 4168 859 4223 eadem
893 4165 1119 4222 basilica
1172 4165 1226 4218 in
1268 4164 1560 4218 canonicos
1613 4165 1724 4216 sint
1778 4165 2002 4230 recepti,

425 4262 512 4316 rel
554 4271 608 4314 ut
638 4260 969 4329 recipiantur
1016 4257 1300 4323 insistant;
1335 4271 1428 4310 seu
1472 4253 1516 4309 si
1547 4270 1708 4323 super
1740 4253 1998 4322 provisio-

429 4353 590 4406 nibus
627 4350 731 4405 sibi
764 4349 1024 4403 faciendis
1055 4349 1122 4402 de
1158 4346 1466 4415 bujusmodi
1499 4345 1911 4400 canonicatibus
1950 4352 2006 4398 et

427 4442 733 4512 praebendis
767 4441 932 4508 ipsius
979 4439 1218 4494 basilicae
1250 4438 1535 4508 speciales,
1586 4437 1668 4492 vel
1694 4437 1813 4492 aliis
1840 4438 2006 4492 bene-

430 4532 575 4585 Iiciis
604 4529 993 4584 ecclesiasticis
1021 4528 1072 4581 in
1105 4527 1212 4582 illis
1232 4528 1478 4597 partibus
1494 4527 1776 4598 generales
1791 4536 2006 4598 aposto-

367 4629 373 4636 '
429 4625 549 4679 lica:
581 4624 728 4678 sedis
764 4622 846 4675 vel
885 4623 1182 4689 legatorum
1213 4620 1332 4690 ejus
1381 4621 1594 4676 litteras
1641 4620 2005 4691 impetrarim,

429 4718 648 4774 etiamsi
695 4731 791 4787 per
843 4732 938 4770 eas
969 4715 1036 4768 ad
1080 4698 1464 4771 inbibitionem
1505 4721 1559 4769 et
1588 4715 1889 4779 decretum,
1925 4715 2009 4768 vel

431 4812 568 4866 alias
612 4809 1022 4880 quomodolibet
1066 4810 1137 4863 sit
1188 4823 1498 4876 processum
1542 4825 1558 4864 :
1595 4818 1731 4878 quas
1787 4810 2007 4878 quidem

431 4898 642 4958 litteras
672 4909 726 4956 et
760 4913 1049 4969 processus
1095 4898 1309 4953 habitos
1356 4914 1450 4967 per
1484 4902 1724 4966 easdem,
1775 4909 1829 4954 et
1863 4913 2010 4969 quae-

431 5007 650 5063 cunque
686 4993 811 5046 inde
863 5003 1049 5046 secuta
1099 4991 1168 5045 ad
1221 4991 1528 5061 bujnsmodi
1571 4991 1926 5047 canonicatus
1957 4999 2011 5044 et

434 5092 755 5161 praebendas
786 5100 840 5144 et
872 5088 977 5143 alia
1003 5090 1264 5144 beneficia
1299 5091 1467 5159 ipsius
1491 5089 1733 5166 basilica:
1758 5090 2012 5145 volumus

431 5191 541 5241 bon
571 5183 816 5248 emendi,
847 5185 942 5238 sed
969 5183 1179 5237 nullum
1213 5197 1308 5246 per
1339 5183 1441 5237 boe
1471 5182 1551 5237 eis
1581 5184 1760 5252 quoad
1794 5196 2013 5236 assecu.

432 5275 634 5333 tionem
686 5276 1106 5332 canonicatuum
1141 5283 1197 5329 et
1251 5274 1660 5342 prwbendarum
1700 5290 1764 5329 ac
1803 5271 2008 5329 benefl-

429 5372 640 5427 ciorutn
668 5371 896 5424 aliormu
925 5368 1294 5439 prmjitdicimn
1331 5367 1601 5436 generari.
1650 5367 1754 5421 Seu
1789 5366 2012 5435 quibus-

432 5481 650 5534 cunque
699 5463 1017 5534 privilegiis,
1042 5463 1390 5532 indulgentiis
1442 5471 1496 5515 et
1529 5462 1726 5515 litteris
1753 5460 2010 5529 apostoli-

435 5555 515 5609 cis
546 5558 892 5626 generalibus
925 5556 1006 5611 vel
1053 5554 1380 5624 specialibus
1407 5595 1420 5618 ,
1455 5535 1826 5620 cujuscunque
1857 5559 2010 5606 teno—

442 5647 518 5702 iis
559 5648 845 5715 exsistant,
898 5664 992 5718 per
1045 5663 1165 5717 qna:
1205 5645 1563 5718 prasentibus
1600 5659 1703 5699 non
1753 5659 2008 5712 expressa

443 5739 528 5792 νει
572 5739 805 5814 letaliter
839 5756 941 5794 non
976 5740 1199 5802 inserta,
1249 5738 1474 5793 eil'ectus
1509 5752 1695 5791 eorum
1755 5734 2008 5804 impediri

436 5829 619 5884 Valeat
655 5832 1057 5899 quomodolibet
1083 5832 1164 5884 Vel
1207 5830 1434 5893 diﬂerri,
1466 5839 1520 5883 et
1548 5832 1614 5882 de
1648 5828 1851 5898 quibus
1880 5842 2012 5895 quo-

437 5925 666 5993 tumque
716 5923 842 5980 totis
883 5924 1162 5980 teuoribus
1207 5923 1274 5980 de
1305 5923 1464 5979 verbo
1518 5922 1583 5977 ad
1627 5921 1852 5976 verbum
1909 5919 1999 5974 lu-

1227 445 1343 516 ·οΕ
1385 444 1562 517 ΥῙΤΛ
1600 445 1694 514 ΕΤ
1739 449 2000 516 REBUS
2051 454 2332 519 GESTIS
2365 452 2867 522 BESSARIONIS

3514 456 3676 506 ιιηι

2107 570 2278 624 benda
2311 569 2384 624 sit
2423 569 2474 623 in
2509 569 2717 624 nostris
2765 567 2965 622 litteris
3031 567 3231 621 mentio
3260 566 3542 635 Specidis;
3580 583 3682 621 nos

2099 661 2245 714 enim
2278 661 2426 716 dicto
2485 663 2745 730 episcopo
2776 671 2831 713 et
2862 659 3233 714 rardinalibns
3266 661 3316 712 in
3348 659 3489 712 dicta
3540 660 3684 712 basi-
3742 717 3750 721 _

2102 753 2202 807 lica
2237 752 2674 817 successoribus,
2723 752 2775 806 in
2820 752 2975 824 133
3007 754 3121 821 ipsa
3169 749 3392 806 basilica
3427 766 3488 803 ac
3520 767 3682 814 guar-

2101 845 2266 899 diano
2319 855 2375 901 et
2424 844 2685 900 fratribus
2728 846 2801 900 ibi
2848 844 3338 908 commorantilms,
3384 843 3508 896 dum
3545 843 3679 896 inibi

2103 938 2327 1002 fuerint,
2361 951 2461 992 nec
2491 953 2602 992 non
2635 938 2983 1006 parocltianis
3011 938 3168 991 dit-tie
3192 936 3426 991 basilica:
3459 943 3679 988 omnem

2099 1031 2518 1096 correctionem,
2554 1031 2992 1099 iurisdictionem
3027 1047 3091 1086 ac
3127 1031 3391 1098 justitiam
3435 1045 3681 1083 reserva-

2102 1137 2241 1190 mus,
2260 1137 2422 1192 quam
2441 1123 2495 1178 in
2520 1122 2800 1180 canonicis
2823 1132 2877 1178 et
2901 1123 3234 1178 beneﬁciatis
3251 1137 3313 1175 ac
3329 1120 3679 1192 parceliianis

2099 1212 2260 1268 dicta:
2303 1215 2546 1270 ecclesiae
2593 1215 2766 1285 ipsius
2810 1215 3049 1285 episcopi
3088 1215 3518 1285 prwdecessores
3565 1214 3682 1266 dic-

2102 1312 2208 1357 tam
2243 1304 2518 1360 basilicam
2549 1306 2855 1362 obtinentes
2885 1307 3192 1361 ltabuerunt
3212 1317 3267 1360 et
3299 1307 3438 1360 idem
3467 1305 3682 1372 episco-

2101 1410 2200 1464 pus
2253 1396 2495 1451 noscitur
2546 1396 2750 1452 habere
2800 1397 2869 1452 de
2921 1397 3199 1465 praesenti.
3250 1395 3315 1450 Et
3360 1395 3579 1462 insuper
3610 1411 3676 1447 ex

2102 1497 2245 1542 nunc
2279 1487 2489 1542 irritum
2523 1487 2866 1546 decernimus
2908 1490 2968 1543 et
3015 1490 3174 1544 inane
3225 1489 3269 1542 si
3321 1503 3481 1542 secus
3516 1502 3682 1554 super

2104 1578 2190 1634 bis
2225 1594 2554 1649 aquoquam
2611 1581 2807 1651 quavis
2871 1582 3241 1646 auctoritate,
3303 1581 3540 1636 scienter
3597 1579 3676 1632 vel

2103 1668 2438 1739 ignoranter,
2474 1672 2762 1742 contigerit
2788 1673 3121 1739 attemptari.

2178 1762 2370 1817 Datum
2414 1761 2597 1818 Romae
2630 1764 2771 1833 apud
2826 1762 2886 1818 S.
2925 1763 3165 1830 Petrum,
3211 1779 3351 1818 anno
3399 1766 3672 1824 incarnat.

2105 1854 2317 1910 Domini
2367 1854 2526 1922 “6'5,
2561 1856 2733 1924 pridie
2769 1854 2881 1909 Ital.
2918 1853 3064 1922 Julii,
3124 1854 3472 1926 pontiﬁcatus
3505 1857 3674 1911 nostri

2104 1958 2249 1998 anno
2285 1957 2336 2000 ν.
3573 1975 3577 1977 ·

2857 2057 2925 2119 Vl

2105 2173 2268 2233 Bulla
2291 2196 2392 2246 qua
2418 2178 2546 2233 Pius
2568 2174 2633 2234 11
2655 2182 2802 2235 card.
2820 2179 3126 2236 Βρεμινὶοηὶ
3143 2182 3378 2242 concedit
3401 2189 3456 2233 ut
3479 2176 3539 2234 S.
3571 2179 3679 2232 Em

2177 2252 2347 2319 genia:
2374 2250 2626 2304 sacellum
2685 2260 3006 2318 restaurare,
3041 2247 3370 2306 sacellanum
3413 2252 3680 2304 iustiuw‘re

2179 2332 2336 2392 atque
2362 2320 2570 2389 eligere.
2594 2321 2829 2392 illudque
2848 2323 2902 2377 in
2922 2334 3184 2392 posterum
3207 2322 3332 2391 jure
3365 2329 3680 2390 patronam:

2178 2391 2410 2445 obtinere
2437 2393 2622 2460 possit.

2181 2505 2306 2559 Pius
2338 2505 2886 2583 episcopushservus
2932 2522 3212 2562 servorum
3260 2506 3375 2571 Dei,
3413 2506 3676 2560 venerati.

2109 2593 2262 2650 fratri
2291 2595 2623 2660 Bessarioni,
2653 2599 2906 2668 episcopo
2933 2599 3263 2662 Tusculano,
3297 2598 3557 2652 cardinali
3590 2597 3681 2652 Ni-

2108 2702 2280 2752 emno,
2317 2690 2546 2744 Salutem
2579 2699 2633 2744 et
2659 2690 3010 2758 apostolicam
3040 2692 3494 2746 ὺθιιειιίεῑίυηθιιι.

2179 2781 2473 2836 Personam
2507 2790 2679 2841 tuam,
2715 2783 2868 2837 nobis
2919 2792 2974 2836 et
3017 2784 3328 2851 apostolicae
3355 2785 3471 2838 sedi
3518 2785 3682 2838 devo-

2111 2878 2242 2936 tam,
2299 2871 2408 2926 tuis
2429 2871 2769 2941 exigentibus
2805 2873 3031 2938 meritis,
3060 2883 3278 2943 paterna
3311 2875 3683 2929 benedictione

2107 2971 2523 3032 prosequentes,
2573 2972 2693 3015 vota
2747 2972 2837 3016 tua
2878 2977 3236 3032 qumcnnque,
3290 2966 3586 3032 ptmsertitn
3616 2981 3680 3017 ex

2109 3052 2302 3121 quibus
2334 3052 2503 3108 divini
2541 3053 2718 3106 Cultus
2765 3067 3114 3122 anginentmn
3157 3065 3209 3107 ct
3259 3056 3406 3109 Salus
3432 3067 3684 3124 speratur

2109 3141 2434 3210 animarum,
2467 3146 2534 3196 ad
2569 3144 2933 3198 exauditiouis
2965 3145 3191 3212 gratiam
3218 3145 3448 3198 libenter
3479 3145 3675 3199 admit-

2110 3235 2296 3302 timus,
2325 3246 2376 3289 ct
2411 3245 2471 3290 ut
2503 3244 2744 3304 optatum
2792 3236 3093 3290 sortiantur
3122 3237 3404 3299 enectum.
3437 3253 3595 3308 opem
3630 3245 3684 3292 et

2109 3343 2326 3398 operam
2368 3329 2728 3392 impartimur.
2762 3329 2903 3383 Sane
2940 3345 3036 3397 pro
3080 3341 3233 3399 parte
3266 3341 3354 3385 tua
3386 3331 3544 3385 nobis
3578 3346 3681 3384 nu.-

2110 3434 2205 3486 per
2237 3418 2479 3473 exhibita
2515 3420 2698 3487 petitio
2719 3421 3029 3474 continebat
3057 3421 3197 3490 quod
3227 3431 3282 3474 tu
3307 3421 3564 3488 capellam
3583 3425 3685 3476 sub

2111 3509 2454 3563 invocatione
2481 3507 2541 3563 S.
2573 3509 2823 3579 Eugeniae
2851 3510 2900 3563 in
2933 3509 3152 3564 basilica
3181 3508 3276 3562 X'l
3310 3508 3683 3576 Apostolorum

2105 3586 2177 3654 de
2208 3599 2352 3656 Urbe
2402 3601 2583 3663 sitam,
2617 3617 2736 3670 qua:
2769 3602 3005 3656 indotata
3057 3603 3273 3657 exsistit
3301 3611 3357 3655 et
3411 3614 3687 3654 restaura-

2115 3693 2256 3747 tione
2291 3692 2517 3764 indiget,
2553 3709 2648 3762 pro
2682 3702 2788 3746 tuae
2815 3703 2868 3748 et
2899 3703 3109 3747 tuorum
3142 3693 3544 3764 progenitorum
3570 3691 3686 3744 ani-

2115 3801 2323 3838 niarutn
2379 3788 2558 3839 salute
2609 3786 2710 3840 sub
2761 3785 3104 3842 invocatione
3138 3783 3236 3841 SS.
3291 3785 3567 3841 Michaelis
3599 3799 3686 3837 ar-

2113 3878 2358 3948 changeli
2417 3887 2472 3934 et
2517 3877 2740 3933 Joannis
2796 3879 3075 3946 Baptista,
3120 3888 3466 3940 restaurare,
3511 3876 3687 3941 litris,

2114 3969 2446 4036 paramentis
2484 3978 2537 4023 et
2566 3967 2688 4022 aliis
2713 3967 3100 4023 ecclesiasticis
3143 3968 3478 4022 ornamentis
3505 3967 3570 4018 ad
3599 3965 3685 4018 di:-

2114 4061 2294 4115 vlnum
2326 4063 2530 4116 cultum
2555 4062 2882 4116 necessariis
2917 4061 3129 4126 fulcire,
3159 4076 3223 4114 ac
3259 4057 3688 4128 competentibus

2115 4167 2214 4225 pro
2253 4167 2358 4208 uno
2399 4155 2738 4224 presbytero,
2773 4154 2863 4221 qui
2894 4153 3024 4206 inibi
3066 4153 3258 4207 missas
3291 4161 3347 4207 et
3371 4151 3474 4204 alia
3509 4151 3690 4203 divina

2112 4242 2287 4297 ofﬁcia
2317 4243 2579 4307 celebret,
2628 4242 2893 4297 reditibus
2936 4243 3002 4297 de
3043 4242 3202 4298 bonis
3253 4243 3356 4295 tuis
3394 4243 3556 4296 etiam
3599 4258 3690 4311 per

2113 4339 2414 4395 Ecclesiam
2441 4336 2726 4407 acquisitis
2759 4336 2944 4390 dotare
2970 4335 3248 4404 proponis,
3272 4334 3532 4390 allectans
3550 4335 3689 4404 quod

2111 4433 2201 4502 jus
2229 4437 2550 4502 patronatus
2578 4429 2738 4483 dicite
2776 4428 2994 4496 capellis
3022 4428 3111 4481 tibi
3151 4437 3205 4480 et
3237 4439 3356 4496 past
3382 4439 3431 4482 te
3472 4428 3693 4481 nomine

2118 4533 2208 4578 tuo
2249 4522 2537 4576 abbatibus
2599 4520 2657 4575 S.
2717 4520 2864 4575 Pauli
2914 4519 2980 4572 de
3029 4517 3174 4573 Urbe
3216 4519 3272 4574 S.
3312 4518 3588 4573 Benedicti
3639 4528 3695 4571 et

2117 4616 2281 4688 priori
2313 4614 2372 4670 S.
2407 4615 2590 4669 Maria:
2618 4617 2682 4669 de
2707 4614 2910 4684 Populo
2943 4616 3002 4670 S.
3034 4598 3320 4684 Augustini
3349 4614 3603 4686 ordinum
3641 4614 3693 4665 in

2118 4721 2437 4782 perpetuum
2471 4717 2718 4763 servetur
2747 4724 2760 4765 :
2810 4718 2861 4763 et
2894 4719 3180 4776 caprOpter
3214 4708 3368 4762 nobis
3407 4705 3565 4776 135,
3597 4707 3694 4759 liu-

2120 4805 2321 4861 tniiiter
2356 4803 2671 4874 supplicasti
2702 4811 2761 4855 ut
2795 4813 2886 4855 tuo
2922 4801 3198 4871 preposito
3249 4809 3302 4855 et
3338 4800 3553 4854 allectui
3591 4801 3693 4854 hu-

2114 4895 2352 4966 jusmodi
2376 4905 2617 4948 annuere
2640 4893 2707 4948 de
2742 4893 2985 4948 bonitate
3001 4892 3295 4963 apostolica
3323 4895 3693 4960 dignarentur.

2117 4989 2226 5045 Nos
2273 4989 2459 5059 igitur,
2492 4987 2582 5057 qui
2619 4987 2824 5042 cultum
2871 4985 3050 5054 ipsum
3093 4985 3338 5040 divinant
3380 4983 3562 5054 augeri
3616 4984 3699 5036 in-

2122 5082 2293 5137 tensis
2328 5081 2697 5136 desideramus
2731 5078 3036 5142 aﬂ'ectibus,
3063 5076 3266 5129 dictum
3298 5082 3446 5128 tuum
3498 5089 3696 5141 propo-

2120 5177 2285 5231 situm
2318 5173 2372 5227 in
2398 5173 2630 5226 Domino
2661 5170 2950 5239 plurimum
2980 5168 3446 5231 commendantes,
3489 5168 3700 5234 tuisque

2120 5267 2455 5339 linjnsmodi,
2482 5264 2572 5334 qui
2606 5265 2774 5319 etiam
2801 5263 3112 5332 przedictam
3157 5259 3435 5314 basilicam
3467 5259 3520 5313 in
3551 5274 3698 5313 com-

2121 5362 2371 5416 mendam
2406 5358 2640 5423 obtines,
2665 5372 2763 5424 pro
2787 5356 2954 5425 ipsius
2979 5353 3217 5409 basilicae
3234 5354 3431 5408 decore
3456 5359 3508 5407 ct
3525 5353 3701 5408 cultus

2121 5455 2362 5527 praedicti
2413 5454 2466 5507 in
2525 5466 2587 5505 ea
2621 5457 2912 5520 augmento
2956 5448 3168 5502 devotis
3201 5447 3701 5516 supplicationibus

2121 5548 2386 5612 inclinati,
2421 5545 2516 5600 tibi
2555 5543 2820 5613 capellam
2856 5541 3162 5612 praedictam
3194 5540 3515 5604 restaurari,
3543 5551 3698 5607 repa-

2121 5641 2226 5695 rari
2254 5637 2510 5698 l'aciendt,
2545 5635 2718 5700 libris,
2755 5632 3084 5704 paramentis
3124 5641 3178 5686 et
3199 5629 3535 5685 ornamentis
3567 5645 3703 5696 pra:-

2117 5733 2276 5789 dictis
2333 5729 2613 5794 lulcicndi,
2651 5744 2750 5782 nec
2793 5743 2900 5782 non
2937 5724 3235 5790 reditibus,
3287 5733 3343 5778 ιιι
3392 5721 3702 5792 prmlcrtut‘,

2118 5832 2185 5880 de
2228 5825 2384 5878 bonis
2431 5825 2538 5876 luis
2585 5823 2748 5877 etiam
2793 5836 2890 5888 per
2943 5816 3238 5872 Ecclesiam
3289 5816 3574 5885 acquisitis
3608 5815 3705 5866 ilo-

2127 5914 2298 5982 tandi,
2355 5913 2674 5969 auctoritate
2749 5907 3050 5980 apostolica
3109 5915 3298 5963 tenore
3349 5906 3701 5976 pta-sentium
