4114 6460
390 423 582 474 ιῑινη

381 535 706 591 facultatem
736 533 1131 603 concedimus;
1167 553 1230 592 ac
1254 547 1546 608 postquam
1581 539 1728 593 illam
1765 550 1977 594 restau-

381 627 502 681 rari
547 626 746 683 feceris
772 627 1148 695 etdotaveris,
1179 638 1239 683 ut
1280 628 1584 697 pra-fertur,
1620 629 1715 684 tibi
1761 639 1811 684 et
1859 639 1979 698 post

381 727 442 772 te
467 718 691 775 nomine
731 726 843 786 tuo,
882 719 1063 776 abbati
1091 729 1147 775 et
1176 721 1344 791 priori
1381 720 1654 792 pmdictis
1697 721 1747 774 iu
1784 737 1978 790 perpe-

385 818 572 872 tuum,
634 810 718 865 ιιι-ι
771 806 818 865 si
873 811 1034 866 aliter
1082 821 1210 867 ante
1261 824 1489 867 mortem
1525 823 1669 866 tnaut
1719 813 1978 882 disponas

372 901 878 971 jurispatronatus,
910 911 966 957 et
1000 903 1363 972 praescutandi
1407 918 1690 974 personam
1727 903 1976 958 idoneam

373 995 456 1048 ad
489 995 689 1048 dictam
743 994 1009 1064 capellam
1066 995 1169 1050 hac
1200 997 1375 1065 prima
1423 997 1540 1052 vice
1583 1008 1638 1052 et
1663 997 1874 1066 quoties
1926 998 1976 1050 in

375 1097 552 1140 antea
583 1085 731 1141 illam
760 1101 957 1142 vacare
988 1086 1300 1158 contigerit,
1351 1089 1671 1158 presbytero
1711 1087 1976 1143 cardinali

374 1179 550 1233 dictae
584 1177 842 1235 Ecclesiae
871 1196 970 1251 pro
998 1191 1240 1250 tempore
1267 1181 1545 1235 exsistenti
1578 1181 1722 1235 dicta
1744 1180 1978 1235 auctori-

378 1278 504 1324 tate
533 1284 904 1337 reserVamus,
955 1273 1309 1327 decernentes
1356 1271 1615 1342 capellam
1659 1272 1830 1340 ipSattt
1877 1272 1978 1324 sub

381 1364 745 1420 invocatione
781 1363 1097 1420 eorumdem
1135 1365 1237 1420 SS.
1280 1365 1555 1420 Michaelis
1585 1365 1895 1436 archangeli
1924 1373 1978 1420 et

373 1453 619 1510 Joannis
659 1453 936 1524 Baptistw,
961 1465 1014 1510 et
1038 1465 1240 1511 sanch
1275 1455 1550 1524 Eugeniae,
1569 1456 1636 1508 de
1657 1465 1854 1508 ett-tero
1885 1469 1979 1509 no-

388 1547 593 1600 minari
637 1547 856 1611 debere,
887 1547 1011 1616 jure
1059 1555 1240 1602 tamen
1296 1548 1466 1618 ipsius
1506 1547 1743 1602 basilica:
1778 1548 1829 1601 in
1858 1561 1979 1602 om-

348 1621 358 1641 ’
386 1638 558 1691 tribus
589 1653 808 1708 semper
847 1640 1019 1693 salvo.

361 1729 379 1802 ι
464 1729 607 1785 Nulli
631 1748 760 1800 ergo
790 1732 1018 1787 o;uniuo
1044 1730 1328 1786 homiuum
1373 1731 1534 1785 liceat
1563 1730 1703 1784 haue
1730 1731 1976 1799 paginam

390 1834 597 1877 nostr-.e
616 1823 1011 1889 eoncessionis,
1048 1823 1430 1877 reservatiouis
1460 1833 1516 1876 et
1550 1821 1976 1885 constitutionis,

388 1914 715 1980 infringere,
750 1916 832 1968 Vel
857 1917 904 1968 ei
935 1930 1074 1970 ausu
1106 1915 1401 1969 temerario
1437 1915 1734 1967 contraire.
1767 1915 1820 1966 Si
1857 1915 1979 1982 quis

382 2015 571 2060 autem
607 2005 710 2060 hoc
731 2017 1060 2076 attemptare
1090 2010 1520 2076 praesumpserit,
1555 2006 1977 2072 indignationem

384 2099 782 2167 omnipotentis
813 2100 905 2154 Dei
931 2111 982 2154 et
1018 2101 1298 2154 beatorum
1325 2099 1470 2152 Petri
1503 2109 1557 2153 et
1581 2097 1733 2152 Pauli
1764 2107 1982 2168 aposto-

384 2190 570 2244 lorum
601 2189 718 2260 ejus
746 2207 803 2244 se
831 2194 1040 2246 noverit
1073 2194 1438 2248 iucursurum.

469 2284 662 2338 Datum
703 2284 890 2341 Roma:
930 2288 1066 2354 apud
1126 2285 1184 2340 S.
1232 2288 1475 2350 Petrum,
1509 2302 1653 2342 anno
1709 2286 1978 2340 incarnat.

394 2378 614 2432 Domin.
653 2377 814 2442 “63,
854 2379 1030 2447 pridie
1069 2379 1183 2434 kal.
1215 2379 1364 2443 Maii,
1415 2379 1764 2450 pontificatus
1809 2381 1979 2432 nostri

391 2487 538 2527 anno
569 2487 621 2527 ν.

1151 2588 1236 2644 ιἰι

323 2713 340 2728 ‘
391 2707 688 2778 Dispositio
741 2709 1140 2778 testamenturiu
1186 2724 1290 2778 qua
1322 2707 1468 2760 card.
1504 2704 1981 2778 Bessationu'uria

466 2773 565 2832 sita
596 2779 730 2832 bona
757 2781 955 2832 sacello
989 2780 1050 2832 S.
1093 2773 1342 2846 Eugenio:
1372 2779 1424 2829 in
1444 2777 1666 2829 basilica
1695 2773 1812 2827 ΧΗ
1840 2777 1979 2842 Apo-

464 2849 730 2902 stolarum
768 2854 955 2914 donat,
985 2865 1047 2902 ac
1076 2850 1130 2903 in
1182 2865 1242 2902 eo
1287 2857 1680 2902 monumentum
1709 2846 1812 2900 sibi
1858 2846 1983 2914 poni

468 2921 728 2988 prwcipit.

468 3035 528 3090 In
581 3035 803 3091 nomine
860 3035 1096 3090 Domini.
1144 3034 1340 3089 Amen.
1408 3033 1564 3088 Anno
1612 3048 1641 3085 a
1700 3030 1984 3085 nativitate

391 3130 639 3200 ejusdem
698 3128 989 3182 millesimo
1052 3125 1590 3195 quadringentesimo
1641 3120 1984 3194 sexagesimo

391 3233 616 3294 quarto,
677 3221 869 3275 indict.
926 3233 1024 3282 ιιι,
1072 3219 1162 3273 die
1213 3233 1340 3270 vero
1395 3214 1622 3271 Veneris
1654 3212 1718 3268 l7
1781 3210 1984 3266 mensis

394 3310 706 3379 Februarii,
747 3311 1092 3384 pontificatus
1127 3311 1239 3366 Smi
1281 3309 1439 3380 135
1470 3311 1520 3362 in
1551 3308 1772 3362 Christo
1801 3305 1979 3360 Patris

391 3418 454 3465 et
480 3408 684 3463 domini
720 3407 888 3460 nostri
919 3405 977 3456 l).
1012 3403 1114 3470 Pii,
1162 3405 1342 3458 divina
1372 3401 1708 3471 providentia
1759 3414 1911 3470 papm
1938 3396 1982 3451 ll

393 3517 543 3557 anno
576 3509 752 3562 sexto.
787 3499 838 3553 in
863 3497 965 3553 mei
995 3497 1190 3551 notarii
1217 3495 1417 3564 publici
1449 3496 1782 3560 testiumque
1813 3491 1984 3545 infra-

393 3594 746 3665 scriptorum,
777 3591 841 3644 ad
871 3591 972 3644 hoc
1000 3589 1312 3659 specialiter
1338 3589 1656 3641 vocatorum
1690 3595 1736 3638 et
1767 3595 1983 3654 rogato-

397 3701 549 3750 rutn,
582 3684 892 3756 praesentia,
927 3681 1291 3754 personaliter
1333 3681 1662 3734 constitutus
1707 3679 1879 3733 limus
1926 3679 1981 3732 in

397 3779 626 3836 Christo
669 3777 832 3832 Pater
877 3785 931 3831 et
978 3777 1118 3830 dnus
1163 3773 1224 3828 D.
1259 3773 1573 3839 Bcssarion,
1632 3773 1982 3826 miseratione

395 3873 582 3929 divina
610 3871 901 3941 episcOpus
931 3867 1271 3924 Tusculanus
1315 3874 1369 3920 et
1421 3865 1680 3919 Romana:
1726 3865 1984 3919 Ecclesia:

393 3966 718 4029 cardinalis,
742 3963 1056 4031 patriarcha
1088 3960 1748 4031 Constantinopolitattus,
1768 3969 1822 4013 et
1855 3973 1986 4029 apo-

395 4060 606 4118 stolicze
635 4058 782 4114 sedis
817 4058 1022 4128 legatus
1055 4057 1119 4109 de
1149 4055 1341 4120 latere,
1373 4069 1540 4109 sanus
1565 4064 1619 4108 et
1647 4063 1838 4120 potens
1863 4068 1983 4106 cor-

396 4167 528 4222 pore
549 4161 605 4206 et
643 4161 846 4216 mente,
876 4149 1062 4204 volens
1096 4162 1336 4217 quoque,
1387 4156 1446 4200 ut
1491 4147 1748 4210 asseruit,
1791 4148 1858 4198 de
1892 4159 1982 4200 ea-

397 4243 534 4313 pclla
581 4253 863 4314 perpetua,
930 4256 1091 4310 quam
1141 4235 1275 4295 alias
1317 4254 1384 4294 es
1446 4237 1702 4292 facultate
1732 4235 1834 4292 sibi
1890 4252 1986 4306 per

398 4335 680 4405 praefatum
730 4335 1006 4388 dominum
1057 4342 1305 4387 nostrum
1335 4346 1595 4386 concessa
1629 4330 1870 4384 fundavit
1930 4331 1982 4382 iu

395 4427 635 4484 ecclesia
687 4427 790 4481 SS.
842 4427 1221 4496 Apostolorum
1258 4425 1328 4478 de
1376 4422 1537 4487 Urbe,
1571 4426 1672 4478 sub
1721 4421 1983 4476 vocabulo

396 4535 494 4572 seu
542 4516 890 4573 invocatione
922 4515 1026 4570 BB.
1058 4515 1338 4569 Michaelis
1387 4513 1725 4581 archangeli,
1760 4512 1986 4566 Joannis

396 4611 658 4681 Βτιριῖειαξ
717 4621 774 4665 et
830 4611 888 4665 S.
944 4598 1310 4681 Eugeniat,'et
1354 4611 1498 4662 circa
1536 4606 1680 4660 illam
1721 4622 1842 4675 qua:
1873 4622 1984 4661 sum

396 4705 696 4776 volpntatis
751 4703 993 4774 suggerit
1054 4702 1306 4763 allectus,
1353 4701 1526 4755 donec
1589 4699 1642 4754 in
1706 4698 1985 4767 corporeis

398 4793 659 4852 membris
691 4797 844 4867 quies
875 4797 1018 4866 viget
1049 4807 1105 4851 et
1151 4796 1293 4850 ratio
1348 4807 1586 4848 mentem
1638 4793 1797 4862 regit,
1837 4794 1986 4848 salu-

397 4888 572 4944 briter
606 4887 906 4956 providere,
959 4887 1218 4942 ordinare
1268 4897 1324 4940 et
1379 4887 1674 4955 disponere
1715 4886 1896 4939 outnia
1932 4895 1988 4938 ct

396 4982 605 5052 singula
649 4981 704 5034 in
739 4979 880 5035 infra
929 4980 1173 5035 seriatim
1208 4981 1428 5034 insertis
1473 4979 1748 5045 capitulis,
1781 4987 1982 5048 Spnltlc

397 5089 462 5128 ac
512 5074 681 5128 libere
732 5073 1024 5139 ordinavit,
1069 5073 1376 5140 disposuit,
1429 5071 1682 5136 instituit,
1733 5071 1986 5135 donavit,

397 5166 608 5220 dimisit
661 5175 824 5233 atque
862 5165 1012 5230 fecit,
1049 5175 1206 5234 prout
1247 5165 1298 5219 iu
1337 5164 1538 5218 eisdem
1568 5164 1824 5230 capitulis
1878 5164 1987 5216 alta

397 5271 450 5313 et
475 5257 804 5328 intelligibili
843 5273 976 5311 voce
1025 5272 1119 5326 per
1147 5257 1570 5312 dominationem
1608 5271 1760 5308 suam
1794 5255 1988 5310 lit-tam

397 5367 585 5406 coram
627 5367 713 5406 me
742 5351 959 5405 notario
998 5359 1052 5404 et
1093 5351 1325 5406 testibus
1376 5349 1762 5418 infrascriptis,
1813 5349 1989 5415 lectis,

397 5459 628 5513 quorum
666 5444 907 5498 tenorde
939 5444 1105 5497 Verbo
1139 5443 1205 5498 ad
1241 5444 1464 5497 verbum
1503 5443 1622 5497 talis
1653 5453 1731 5496 est
1764 5457 1779 5494 :

475 5552 494 5584 ι
544 5531 600 5586 In
629 5535 820 5603 primis
849 5533 1072 5588 instituo
1124 5535 1176 5588 itt
1209 5537 1520 5604 capellanos
1564 5535 1782 5601 capellae
1836 5549 1991 5596 mem,

405 5642 424 5674 ι
472 5625 524 5679 in
562 5637 882 5694 perpetuum
919 5625 1154 5680 fundata:
1183 5627 1284 5680 sub
1304 5626 1562 5680 vocabulo
1595 5625 1695 5680 BB.
1718 5625 1996 5681 Michaelis

407 5737 426 5769 ι
474 5720 828 5785 archangeli,
890 5717 1119 5773 Joannis
1174 5720 1428 5788 Baptista:
1483 5737 1543 5772 ac
1603 5718 1662 5772 S.
1718 5720 1989 5788 Eugenia',

415 5831 432 5862 ι
483 5815 602 5865 sita:
645 5814 698 5867 in
731 5812 963 5866 ecclesia
1009 5811 1110 5866 SS.
1160 5812 1542 5881 Apustolorum
1570 5814 1637 5866 de
1662 5811 1824 5875 Urbe,
1867 5813 1994 5866 reli~

411 5922 429 5957 ι
475 5903 654 5975 giosos
686 5906 834 5964 viros
858 5906 1057 5964 fratres
1076 5917 1129 5962 et
1157 5916 1480 5962 conventum
1512 5905 1718 5963 ordinis
1741 5905 1795 5961 S.
1826 5904 1998 5960 Fran-

1085 415 1390 485 ALOYSII
1429 372 1786 483 BttNoINtt
1825 422 1973 483 con

2161 413 2334 482 TARI
2351 422 2464 484 US.
2526 446 2579 458 -
2615 421 3024 484 APPENDIX.

3462 436 3666 476 LXXVI"

2158 539 2286 593 cisci
2321 538 2372 593 in
2397 539 2586 594 eadem
2615 537 2843 594 ecclesia
2892 539 2994 594 SS.
3041 537 3417 607 Apostolorum
3451 540 3667 593 inhabi-

2161 642 2369 697 tantes,
2438 647 2765 702 quacunque
2832 632 3176 688 ordinatione
3230 647 3326 700 per
3379 646 3478 684 nos
3532 631 3667 684 alias

2158 739 2320 792 super
2346 725 2467 779 inde
2498 724 2638 779 facta
2672 742 2778 780 non
2811 725 3097 788 obStaute;
3148 736 3204 778 ct
3238 724 3430 778 ordino
3463 741 3524 777 ac.
3555 724 3670 777 disv

2158 832 2296 884 pono
2349 827 2408 872 ttt
2456 818 2507 870 in
2549 819 2737 872 eadem
2775 817 2979 888 capella
3028 817 3222 871 faciant
3262 817 3388 872 dicti
3423 817 3664 883 pra:.licti

2160 905 2357 960 fratres
2392 907 2539 960 omni
2569 907 2658 962 die
2696 925 2856 961 uuam
2892 909 3137 972 missam,
3161 908 3353 962 diebus
3392 907 3664 972 Mercurii,

2157 992 2386 1054 Veneris
2413 1009 2466 1052 et
2501 998 2744 1064 Sabhati,
2775 1001 2992 1053 missam
3025 1017 3119 1069 pro
3141 998 3432 1063 defunctis,
3485 999 3668 1052 Domi-

2155 1091 2273 1148 nica
2334 1105 2463 1146 vero
2501 1091 2590 1147 die
2641 1093 2860 1146 missam
2909 1102 3258 1158 currentem;
3315 1091 3402 1146 die
3458 1090 3664 1149 Lunae.

2155 1183 2210 1241 S.
2245 1183 2478 1253 Augeii;
2545 1185 2630 1238 die
2666 1184 2871 1250 Martis,
2907 1184 2966 1238 S.
3009 1183 3233 1239 Joannis
3269 1183 3549 1251 liaptistze;
3577 1181 3666 1235 die

2155 1271 2324 1339 Jovis,
2352 1272 2410 1329 S.
2439 1273 2745 1339 Trinitatis,
2790 1289 2913 1328 cum
2942 1273 3166 1326 collecta
3201 1273 3252 1325 itt
3296 1273 3535 1340 qualibet
3568 1288 3666 1340 pro

2157 1365 2446 1432 defunctis,
2481 1366 2766 1422 referendo
2803 1383 2898 1434 pro
2930 1367 3070 1420 vivis
3101 1382 3295 1420 nomen
3337 1381 3537 1427 meum,
3565 1379 3663 1433 pro

2161 1458 2388 1512 mortuis
2425 1468 2546 1528 post
2599 1470 2828 1514 mortem
2880 1475 3076 1514 nomen
3119 1473 3296 1512 meum
3327 1497 3341 1522 ,
3381 1457 3567 1512 lsidori
3615 1451 3681 1509 et'

2158 1550 2414 1604 Dorotbei
2445 1551 2868 1620 episc0pormn;
2919 1551 3046 1606 item
3080 1550 3352 1604 Theodori
3395 1561 3450 1603 et
3494 1548 3670 1603 Theo-

2160 1643 2323 1708 dorze,
2353 1654 2405 1700 et
2436 1644 2733 1710 Michaelis,
2767 1660 2830 1699 ac
2859 1645 3086 1700 aliorum
3114 1657 3252 1713 quos
3281 1643 3332 1697 in
3365 1643 3670 1696 intentione
3731 1685 3736 1692 .

2159 1751 2272 1790 mea
2304 1737 2496 1790 habeo.
2517 1735 2574 1790 Si
2598 1745 2778 1791 tamen
2811 1752 2942 1792 casn
2976 1739 3158 1806 aliquo
3189 1738 3386 1792 fratres
3417 1734 3664 1804 praedicti
3727 1717 3747 1728 ”

2157 1844 2184 1880 a
2221 1827 2337 1883 loco
2383 1830 2654 1898 praedicta:
2696 1831 2941 1884 ecclesiae
2983 1830 3322 1891 ret-ederent,
3361 1840 3412 1883 et
3437 1826 3666 1881 ecclesia

2161 1924 2210 1975 in
2249 1924 2534 1990 pristinum
2571 1934 2771 1979 statum
2806 1926 3030 1979 reducta
3071 1923 3257 1988 fuerit,
3295 1932 3421 1977 tunc
3465 1921 3584 1973 νυιο
3614 1933 3670 1972 et

2160 2015 2352 2067 ordino
2395 2025 2450 2067 ut
2501 2015 2591 2082 jus
2628 2015 2856 2080 eligendi
2896 2014 2976 2067 vel
3001 2030 3163 2066 unum
3199 2021 3404 2065 tantum
3434 2011 3669 2078 cap-:lla-

2163 2123 2310 2169 nunt,
2351 2108 2395 2160 si
2456 2110 2661 2162 reditus
2704 2109 2875 2177 ipsius
2922 2107 3139 2176 capella:
3189 2107 3408 2172 triginta
3441 2105 3669 2158 ducatus

2160 2199 2276 2252 auri
2302 2201 2367 2254 de
2391 2215 2607 2253 camera
2659 2216 2768 2254 non
2801 2200 3174 2264 excesserint,
3205 2198 3288 2252 vel
3321 2198 3473 2256 duos,
3507 2196 3552 2247 si
3601 2195 3668 2248 ad

2159 2292 2438 2361 settaginta
2474 2293 2790 2356 ascendant,
2835 2300 3112 2346 remaneat
3139 2290 3316 2344 abbati
3351 2289 3409 2341 S.
3438 2286 3587 2340 l’auli
3617 2297 3672 2338 et

2165 2386 2326 2452 priori
2379 2385 2438 2439 Β.
2492 2386 2677 2440 Maria:
2731 2385 2800 2440 de
2847 2384 3069 2452 Populo,
3103 2383 3556 2438 monasteriornttt
3605 2381 3673 2434 de

2163 2479 2324 2544 Urbe,
2355 2480 2443 2546 qui
2475 2481 2659 2534 dicant
2707 2479 2948 2547 quinque
2999 2478 3196 2532 miss.:s
3239 2478 3291 2529 in
3326 2475 3565 2542 qualibet
3590 2491 3673 2528 διες

2163 2575 2440 2642 ptimana,
2486 2583 2596 2627 tres
2643 2589 2740 2640 pro
2797 2571 3068 2625 defunctis
3119 2580 3176 2624 et
3221 2570 3380 2639 136
3424 2571 3557 2622 duas
3603 2569 3672 2622 dc

2163 2665 2392 2729 Sanctis,
2427 2666 2678 2720 videlicet
2711 2667 2775 2718 de
2821 2665 2882 2718 S.
2924 2664 3250 2734 archaugi-lo
3281 2675 3334 2716 et
3375 2663 3434 2716 ὃ.
3465 2661 3675 2715 Joanne

2167 2760 2428 2828 Baptista,
2459 2770 2508 2812 nt
2537 2759 2788 2828 superius
2816 2759 3127 2812 ordinatum
3159 2766 3260 2810 est.
3291 2755 3421 2809 Item
3468 2755 3588 2808 volo
3621 2763 3675 2807 et

2163 2852 2358 2904 ordino
2385 2865 2440 2904 ut
2475 2851 2706 2921 singulis
2734 2853 2917 2916 annis,
2943 2851 3152 2904 decima
3183 2851 3272 2905 die
3308 2850 3508 2904 mensis
3535 2849 3672 2916 Sep-

2167 2944 2410 3009 tembris,
2435 2945 2681 3014 praedicti
2717 2943 2912 2996 fratres
2940 2953 3165 2997 cantent
3193 2941 3404 3013 vigilias
3429 2953 3671 2994 mortuo-

2165 3052 2283 3090 rum
2328 3047 2382 3090 et
2427 3037 2650 3089 missam
2699 3034 2996 3088 solemnem
3053 3050 3151 3104 pro
3201 3032 3474 3088 defunctis
3534 3031 3668 3085 meis

2165 3127 2604 3196 pru‘nominatis,
2636 3126 2719 3180 vel
2745 3126 3010 3194 capcl'aui
3044 3126 3396 3180 stecularesin
3423 3124 3670 3178 absentia

2167 3219 2392 3274 fratrum
2421 3219 2603 3273 dicant
2631 3227 2799 3271 totum
2839 3217 3074 3272 olliciunt
3103 3216 3349 3286 legendo.
3388 3215 3519 3269 ltetn
3553 3214 3675 3267 volo

2164 3325 2220 3368 ιιι
2257 3316 2374 3368 dum
2407 3314 2578 3366 vinea:
2610 3328 2746 3381 quas
2776 3311 3101 3366 donavimus
3155 3311 3375 3380 capella:
3407 3309 3676 3378 przcdivtzc

2167 3421 2262 3473 pro
2293 3407 2417 3461 dote
2449 3421 2572 3468 sua,
2608 3405 2916 3460 vendantur
2941 3405 3059 3472 plus
3089 3403 3357 3467 offerenti,
3388 3413 3443 3456 et
3469 3403 3672 3456 eisdem

2163 3499 2409 3568 pecuniis
2439 3510 2690 3553 curantur
2733 3513 2829 3567 pro
2869 3495 2996 3550 dote
3037 3496 3278 3566 ejusdem
3330 3494 3570 3564 capelle,
3619 3495 3674 3548 iu

2161 3591 2294 3644 locis
2325 3590 2501 3654 bonis,
2531 3589 2713 3644 liberis
2744 3599 2796 3643 et
2829 3588 3052 3643 utilibus
3079 3629 3093 3654 ,
3142 3591 3532 3656 reSpuusiones
3564 3584 3671 3638 vini

2165 3685 2466 3740 secundum
2501 3681 2957 3739 consuetudinem
2997 3695 3116 3750 qua:
3149 3679 3266 3734 ﬁeri
3299 3677 3434 3734 solet
3466 3678 3671 3731 liorna'.

2162 3776 2419 3832 Concedo
2465 3784 2645 3829 autem
2693 3774 2908 3843 plenam
2973 3772 3287 3826 facultatem
3340 3779 3390 3825 et
3451 3769 3673 3823 liberam

2167 3869 2437 3924 vendendi
2469 3869 2658 3922 vineas
2687 3866 2977 3936 praedictas
3011 3865 3143 3918 llev.
3181 3862 3324 3918 Patri
3377 3861 3440 3914 D.
3482 3860 3676 3915 Joanui

2173 3960 2330 4029 Bapt.
2357 3961 2424 4014 de
2472 3959 2727 4021 Sabellis,
2761 3955 3071 4025 apostolicae
3104 3953 3250 4010 sedis
3281 3951 3674 4021 protonotario,

2164 4071 2226 4107 ac
2265 4053 2326 4107 D.
2354 4050 2652 4104 Laurentio
2698 4049 2766 4102 de
2809 4045 3068 4109 Venetiis,
3097 4045 3362 4100 canonico
3411 4042 3678 4110 Principis

2166 4147 2542 4216 apostolorum
2577 4143 2645 4199 de
2675 4141 2841 4207 Urbe,
2873 4151 2929 4195 et
2963 4139 3022 4194 D.
3056 4137 3298 4194 Simeoni
3330 4137 3395 4191 de
3432 4135 3679 4198 Pellinis,

2165 4239 2394 4293 auditori
2439 4247 2654 4302 nostro,
2709 4235 3049 4292 subdiaceuo
3078 4232 3402 4303 apostolico,
3435 4241 3489 4284 ct
3519 4229 3679 4284 Petro

2164 4334 2228 4386 de
2253 4329 2457 4386 Rubeis
2486 4330 2554 4386 de
2583 4327 2939 4395 Velletro,vel
2959 4325 3148 4393 majori
3177 4323 3314 4394 parti
3336 4321 3673 4386 eorumdem,

2165 4424 2259 4494 qui
2285 4427 2561 4494 deponattt
2590 4423 2851 4492 pecunias
2897 4419 3182 4492 prtcdictas
3213 4418 3264 4471 in
3294 4417 3474 4484 aliquo
3504 4414 3678 4468 bauco

2165 4532 2360 4572 securo
2408 4518 2499 4570 ubi
2554 4514 2959 4579 custodiantur,
2985 4529 3088 4569 nec
3141 4511 3337 4581 aliquis
3362 4525 3457 4566 eas
3491 4517 3679 4578 tangat

2164 4610 2340 4664 donec
2391 4620 2641 4664 emantur
2689 4607 3074 4678 responsiones
3121 4607 3413 4676 praedictae.
3467 4602 3573 4657 Sed
3613 4615 3680 4655 ne
3748 4633 3754 4638 -

2166 4701 2259 4756 diu
2290 4703 2496 4771 capella
2526 4711 2634 4756 stet
2672 4703 2794 4758 sine
2830 4701 3004 4756 fructu
3037 4701 3181 4756 dotis
3231 4714 3363 4763 suae,
3394 4705 3684 4757 conentur.

2167 4795 2209 4850 si
2231 4794 2502 4863 possibile
2533 4795 2715 4860 fuerit,
2743 4795 2904 4850 simul
2938 4803 2991 4849 et
3022 4793 3190 4848 semel
3243 4792 3350 4846 hoc
3379 4791 3586 4855 facere,
3629 4799 3687 4843 ct

2168 4891 2403 4944 vendere
2442 4891 2627 4946 vineas
2659 4900 2714 4945 et
2737 4904 2924 4944 emere
2958 4888 3366 4959 responsiones.

2173 5000 2191 5034 t
2241 4982 2373 5036 Item
2413 4983 2556 5037 dono
2581 4999 2645 5038 ex
2690 4999 2836 5038 nunc
2871 4983 2922 5036 in
2953 4993 3274 5052 perpetuum
3307 4980 3526 5050 capella:
3549 4993 3685 5048 pre-

2170 5071 2326 5126 dictze
2353 5083 2666 5142 paramenta
2691 5082 2746 5126 et
2778 5072 2977 5142 jocalia
3009 5071 3378 5141 infrascripta,
3397 5071 3642 5125 videlicet
3670 5087 3684 5125 :

2171 5181 2336 5219 unum
2381 5176 2755 5234 parameutmn
2793 5182 2890 5235 pro
2929 5165 3246 5236 quotidiano
3309 5166 3535 5221 servitio
3589 5180 3684 5218 co-

2174 5259 2305 5315 loris
2330 5259 2436 5314 albi
2457 5267 2524 5314 de
2549 5263 2721 5329 drapo
2757 5260 3110 5326 damasciuo;
3138 5258 3283 5313 aliud
3313 5258 3513 5313 coloris
3536 5255 3682 5327 bysei

2172 5353 2427 5408 similiter
2457 5355 2522 5407 de
2553 5353 2874 5408 damascino
2905 5353 3088 5422 plano,
3121 5363 3176 5406 et
3207 5351 3397 5416 stolas,
3419 5347 3691 5416 manipula

2173 5454 2222 5498 et
2253 5445 2526 5508 camises;
2561 5443 2691 5498 item
2725 5442 2982 5512 plumalia
3017 5443 3138 5506 tria,
3175 5438 3446 5501 videlicet,
3479 5435 3688 5499 album,

2182 5537 2468 5591 brocatutn
2501 5533 2570 5588 de
2607 5551 2762 5598 auro,
2806 5545 2860 5587 et
2891 5532 3033 5585 aliud
3069 5530 3457 5600 pavonatzium
3502 5529 3566 5581 de
3596 5526 3695 5580 das

2175 5629 2418 5683 tnascino
2448 5627 2676 5696 simplici
2719 5641 2842 5680 cum
2877 5627 3045 5678 armis
3077 5625 3234 5684 meis,
3257 5630 3436 5690 empta
3473 5620 3542 5673 ab
3583 5620 3696 5674 hae-

2182 5719 2413 5774 reditate
2444 5717 2576 5771 bon.
2609 5733 2774 5772 tnent.
2797 5716 2918 5769 limi
2952 5715 3050 5768 Dni
3078 5715 3229 5768 card.
3259 5717 3323 5769 de
3355 5713 3697 5782 Columpna;

2176 5823 2230 5866 ct
2260 5812 2530 5880 quoddam
2564 5810 2709 5863 aliud
2743 5811 2956 5878 nigrum
2993 5810 3060 5864 de
3094 5809 3428 5871 damascino,
3450 5817 3696 5877 emptum

2178 5907 2244 5961 ab
2269 5902 2588 5960 haereditate
2623 5902 2747 5959 limi
2787 5902 2888 5959 Dni
2935 5901 3228 5961 cardinalis
3262 5900 3499 5957 Rutheni
3542 5903 3697 5956 bona:
