4114 6428
428 416 593 456 LXX}!

430 537 450 569 ι

430 627 450 659 ι

430 717 451 751 ι

433 810 451 841 1

431 902 449 935 ε

432 991 451 1025 ι

429 1084 449 1117 r

430 1177 452 1212 ι

429 1268 448 1302 ι

431 1362 451 1397 s

430 1441 460 1487 ϐ

430 1549 453 1581 α

431 1641 451 1675 ι

430 1732 450 1766 c

428 1826 450 1859 ι

430 1918 450 1953 r

430 2012 450 2046 α

431 2104 451 2137 ι

433 2197 453 2230 ι

434 2654 456 2686 ι

438 3667 457 3698 1

436 4404 457 4435 ‹

439 4494 459 4527 ‹

442 4863 461 4894 1

445 5318 465 5351 1

504 528 693 581 mem.;
732 511 915 569 omnia
956 525 1076 568 cum
1116 511 1355 582 pulchris
1406 510 1616 582 frigiis;
1652 511 1781 565 item
1834 522 2000 565 unam

500 608 767 677 planetam
809 608 875 661 de
909 605 1224 660 damascino
1274 604 1629 673 pavonatzio,
1659 610 1895 672 emptam
1930 616 1999 656 ex

498 699 753 766 praedicta
779 697 1093 751 haereditate
1130 696 1228 750 Dni
1266 700 1415 753 card.
1454 697 1517 751 de
1544 693 1842 764 Columpna
1877 707 1998 748 eum

502 790 661 860 frigio
699 790 762 842 de
794 788 943 842 foleis
970 788 1150 843 aureis
1182 788 1503 851 recantatis;
1534 787 1667 841 item
1694 785 1920 839 calicem
1948 791 2002 838 et

499 892 771 950 patenam,
824 881 960 935 duas
995 879 1262 948 ampullas
1299 889 1606 948 argenteas,
1645 892 1782 947 quas
1818 886 2002 946 porta-

498 974 677 1028 vimus
711 972 779 1026 de
805 971 1015 1025 Vienna
1039 986 1055 1035 ;
1083 971 1213 1025 item
1239 970 1305 1024 de
1334 968 1546 1024 duobus
1570 952 2001 1023 novisealicibus

497 1079 634 1133 quos
668 1063 796 1118 fecit
829 1079 974 1118 nunc
1023 1063 1155 1117 mihi
1187 1063 1446 1132 magister
1486 1060 1710 1115 Simeon
1767 1058 1998 1125 aurifex,

497 1174 664 1212 unum
694 1173 815 1212 cum
850 1167 1041 1226 patena
1073 1172 1169 1210 sua
1199 1172 1214 1221 ;
1258 1158 1383 1209 item
1427 1169 1642 1208 crucem
1687 1166 1846 1206 unam
1881 1164 2001 1218 quas

498 1261 627 1304 ante
660 1264 745 1303 me
771 1248 1049 1303 ferebatur
1085 1249 1135 1301 in
1172 1246 1553 1316 legationibus,
1585 1244 1781 1301 factam
1821 1242 2002 1297 Bono-

497 1344 645 1408 nim;
680 1343 809 1395 item
868 1343 1054 1394 thecas
1091 1337 1452 1410 corporalium
1480 1337 1634 1403 duas,
1661 1350 1767 1391 una
1804 1335 1857 1389 in
1893 1347 1998 1405 qua

497 1446 582 1491 est
623 1450 819 1490 nomen
868 1432 994 1488 Jesu
1046 1448 1167 1488 cum
1221 1431 1409 1499 periis,
1445 1438 1502 1484 et
1532 1444 1694 1483 unam
1738 1427 1898 1481 aliam
1931 1426 2003 1483 de

498 1528 678 1582 veluto
712 1529 879 1581 rubea
910 1541 1030 1579 cum
1065 1523 1437 1594 corporalibus
1469 1522 1622 1585 suis;
1654 1521 1780 1575 item
1813 1534 2001 1588 super-

500 1621 721 1692 pellicea
778 1628 1045 1692 quatuor;
1092 1616 1220 1671 item
1281 1616 1346 1669 de
1407 1614 1716 1684 panniculis
1760 1612 2003 1681 pulchris

498 1713 710 1768 ornatis
741 1713 920 1767 serico
950 1724 1045 1778 pro
1082 1708 1442 1778 cooperiemlo
1474 1705 1643 1760 calice
1677 1705 1846 1769 duos;
1869 1704 1997 1757 item

486 1805 741 1860 tobalcas
793 1803 1030 1872 majores
1068 1800 1136 1855 ad
1182 1798 1599 1867 cooperiendnm
1635 1796 1805 1851 altare
1844 1794 1999 1866 137

498 1910 734 1969 quatuor
762 1899 827 1953 de
859 1896 1201 1962 melioribus;
1250 1894 1377 1947 item
1410 1901 1649 1961 tapetum
1701 1908 1868 1947 unum
1902 1892 2002 1947 bo-

497 2008 628 2047 num
675 1993 740 2045 ad
796 1989 1099 2060 ponendum
1136 1999 1262 2043 ante
1292 1989 1490 2051 altare;
1522 1986 1649 2039 item
1681 2000 1846 2039 unum
1876 1985 2003 2040 mis-

499 2084 609 2139 sale
638 2098 929 2152 magnum,
965 2090 1206 2151 emptum
1255 2079 1323 2134 ab
1366 2078 1680 2133 hmreditate
1727 2075 1789 2131 Ι).
1821 2077 2002 2130 cardi-

499 2176 636 2231 nalis
663 2174 899 2229 Rutheni
929 2173 1192 2243 praedicti.

503 2286 523 2319 ι
571 2267 703 2322 Item
743 2266 887 2321 dono
924 2265 1102 2319 eidem
1148 2263 1367 2334 capellae
1401 2278 1467 2319 ex
1504 2278 1648 2318 nunc
1677 2263 1818 2317 inter
1854 2263 2005 2318 viros

500 2358 873 2427 iufrascriptas
901 2372 984 2411 res
1018 2370 1245 2423 quarum
1282 2371 1437 2410 usum
1468 2355 1598 2408 mihi
1634 2369 1850 2409 reservo
1875 2354 1999 2408 dum

499 2450 677 2505 vivam
706 2465 721 2503 :
753 2448 962 2504 seilicet
997 2446 1331 2504 thuribulum
1364 2448 1502 2516 quod
1534 2462 1676 2501 nunc
1715 2446 2002 2511 habemus,

500 2542 816 2596 uavicellam
839 2549 894 2595 et
922 2554 1017 2593 vas
1048 2555 1145 2609 pro
1175 2555 1313 2607 aqua
1340 2548 1527 2593 sancta
1550 2554 1671 2591 cum
1695 2553 1791 2592 suo
1816 2552 2004 2603 asper-

500 2636 814 2704 sorio,quae
850 2649 991 2687 nunc
1023 2634 1149 2687 fecit
1190 2632 1346 2686 nobis
1393 2630 1602 2685 aurifex
1638 2633 2001 2700 supradictus,

498 2727 675 2781 etdno
709 2724 1033 2779 candelabra
1059 2726 1123 2778 tle
1152 2723 1354 2793 Capella
1376 2736 1557 2775 nostra
1586 2722 1779 2789 quibus
1804 2723 2007 2774 utimur

502 2820 553 2872 in
588 2818 817 2884 eadem;
852 2818 977 2870 item
1017 2831 1252 2887 pannum
1291 2816 1357 2870 de
1408 2814 1583 2869 voluto
1638 2814 2004 2869 Alexandrino

501 2926 610 2975 quo
655 2911 860 2963 utimur
911 2909 962 2962 in
1018 2909 1221 2976 capella
1278 2919 1489 2969 nostra,
1541 2919 1593 2960 et
1649 2914 1775 2959 ante
1834 2906 2003 2959 altare

506 3017 668 3072 super
698 3001 887 3063 alium,
918 3016 979 3057 ac
1010 3001 1339 3056 breviarium
1371 3016 1642 3067 magnum,
1669 3008 1904 3068 emptum
1938 2999 2005 3050 ab

508 3092 824 3148 haereditate
861 3090 982 3146 Rnii
1036 3092 1099 3146 Β.
1133 3092 1285 3146 card.
1329 3088 1563 3144 Rutheni
1612 3092 1710 3158 pize
1750 3106 1914 3143 mem.
1951 3099 2006 3144 et

503 3188 607 3241 duo
662 3185 903 3241 bancalia
954 3184 1020 3240 de
1075 3198 1255 3253 panno
1297 3185 1363 3239 de
1414 3183 1586 3252 ratgia
1641 3199 1757 3252 qua:
1802 3182 2005 3237 habent

502 3277 599 3333 SS.
632 3277 931 3346 apostolos,
968 3286 1021 3331 et
1056 3278 1191 3342 alios
1229 3285 1460 3345 quatuor
1493 3290 1701 3344 pannos
1738 3275 1807 3329 de
1834 3275 2001 3341 ratgia

504 3384 721 3440 parvos,
765 3383 996 3438 quorum
1058 3375 1168 3421 tres
1221 3366 1427 3419 habent
1478 3363 2003 3426 Annuntiationem,

506 3471 728 3530 quartus
759 3474 886 3512 vero
914 3458 1279 3520 Crut'ilixnm;
1318 3456 1443 3509 item
1470 3465 1683 3525 tapctos
1709 3466 1817 3508 tres
1842 3470 1857 3519 ;
1878 3454 2001 3508 item

503 3556 613 3608 duo
641 3550 967 3607 candelabra
1004 3565 1196 3625 magna
1233 3550 1443 3611 ferrea;
1501 3549 1628 3600 item
1664 3563 2004 3615 quacunque

507 3654 821 3716 paramenta
859 3643 1077 3712 capella:
1133 3650 1359 3705 nostrw,
1403 3641 1622 3708 jocalia,
1677 3651 1729 3693 et
1789 3641 2007 3695 missile

504 3756 693 3799 unum,
743 3738 940 3807 quibus
973 3748 1095 3789 utor
1125 3734 1270 3789 domi
1321 3744 1374 3787 et
1407 3749 1523 3801 qttte
1573 3744 1699 3787 tunc
1730 3734 2005 3787 invenien-

506 3841 625 3894 tur;
661 3832 786 3884 item
808 3845 969 3882 unum
1004 3827 1332 3881 thuribulum
1364 3824 1609 3879 Graecum
1638 3826 1856 3894 planum
1879 3843 2001 3880 cum

506 3925 750 3989 manica;
790 3924 913 3976 item
948 3920 1054 3975 duo
1087 3936 1186 3974 ova
1227 3921 1293 3974 de
1339 3918 1552 3974 Struzio
1578 3929 1768 3974 ornata
1806 3921 1869 3974 de
1914 3935 2005 3972 ar-

506 4028 705 4089 gento;
754 4016 883 4070 item
916 4014 1057 4084 legia
1093 4014 1244 4081 duo;
1287 4013 1412 4069 item
1466 4012 1826 4067 faldistorium
1876 4028 2001 4083 pon-

502 4108 716 4162 tiliCule.
1154 4148 1155 4153 η

508 4217 527 4250 ι
572 4198 705 4252 ltem
736 4197 853 4252 volo
896 4205 954 4251 ut
987 4211 1087 4267 pro
1117 4212 1260 4251 nunc
1308 4196 1400 4251 fiat
1431 4211 1536 4250 una
1581 4210 1741 4266 capsa
1781 4196 2003 4266 pulchra

506 4292 556 4344 in
616 4306 720 4357 qua
762 4290 956 4359 deponi
1011 4290 1244 4343 debeant
1300 4289 1400 4344 ista
1460 4288 1644 4343 omnia
1693 4299 2005 4357 paramenta

509 4391 692 4437 uestra
748 4389 802 4434 et
847 4380 1104 4433 custodiri
1165 4381 1216 4435 in
1255 4381 1505 4435 sacristia
1539 4384 1791 4448 praesenti
1836 4384 2008 4437 donec

507 4474 617 4527 Deo
646 4473 807 4525 dante
837 4471 1095 4523 faciemus
1133 4472 1437 4527 sacristiam
1472 4477 1523 4529 in
1577 4475 1695 4530 loco
1725 4478 2007 4547 designato

503 4582 594 4635 per
624 4563 893 4617 nos.ltem
918 4563 1038 4614 volo
1069 4570 1121 4615 et
1144 4564 1336 4618 ordino
1357 4567 1657 4620 utomnino
1686 4568 2009 4638 depingatur

509 4657 712 4727 capella
740 4670 805 4710 eo
848 4658 1005 4708 modo
1035 4666 1191 4724 prout
1237 4658 1465 4709 conveni
1515 4669 1567 4712 et
1596 4661 1837 4715 ordinari
1882 4678 2005 4717 cum

512 4750 804 4818 magistro;
837 4747 986 4807 item,
1019 4756 1305 4815 postquam
1346 4748 1555 4816 depicta
1595 4752 1753 4805 fuerit
1782 4756 2010 4820 capella,

511 4842 682 4911 primo
730 4842 821 4892 liat
868 4840 1056 4894 subtus
1090 4848 1287 4893 tectum
1343 4842 1574 4910 ligneum
1625 4848 1767 4914 quod
1822 4858 1906 4901 est
1956 4849 2008 4903 in

513 4932 723 5003 quadro
786 4933 1041 4985 exteriori
1095 4949 1258 4985 unum
1305 4935 1657 5002 supercilium
1695 4939 2005 5006 pulchrum,

514 5036 568 5079 et
598 5040 758 5093 super
788 5025 970 5077 trabes
1018 5025 1142 5078 tecti
1192 5027 1543 5095 imponantur
1578 5030 1772 5101 aliqua!
1816 5033 2010 5088 tabulze

510 5130 711 5185 gressa:
764 5130 856 5182 per
902 5116 1118 5167 modum
1158 5116 1358 5184 pontis,
1404 5126 1462 5169 ut
1518 5122 1729 5187 possint
1784 5122 2003 5176 transiri

515 5222 608 5276 per
657 5206 1045 5275 longitudinem
1095 5208 1162 5261 de
1216 5223 1320 5260 una
1381 5218 1535 5277 parte
1598 5214 1663 5265 ad
1726 5212 1916 5279 aliam;
1960 5225 2014 5269 et

514 5300 841 5352 claudantur
903 5300 1041 5353 bene
1096 5299 1361 5352 foramina
1430 5302 1603 5367 muri;
1652 5314 1705 5355 et
1767 5319 1797 5357 a
1862 5315 2013 5372 parte

513 5394 760 5447 orientali
794 5393 881 5445 illa
920 5408 1109 5461 magna
1149 5402 1399 5459 apertnra
1447 5395 1497 5447 in
1531 5410 1634 5462 qua
1679 5398 2011 5466 dimietatur,

511 5494 757 5554 apertmn
793 5494 1001 5537 tantum
1034 5493 1297 5553 quantum
1323 5484 1550 5540 sulIiciet
1586 5488 1677 5540 uni
1710 5489 1911 5543 hemini
1948 5491 2011 5545 ad

516 5575 859 5643 intrandum;
893 5585 947 5630 et
975 5576 1101 5630 illud
1144 5577 1306 5631 etiam
1356 5579 1639 5633 claudatur
1661 5581 1806 5636 ostio
1839 5582 2014 5650 ligneo

512 5682 636 5719 cum
669 5667 842 5733 clavi;
892 5669 1021 5722 item
1052 5678 1193 5737 -post
1251 5670 1601 5740 supercilium
1658 5683 1830 5727 totum
1882 5676 2011 5730 illud

513 5756 778 5826 quadrum
811 5761 1048 5814 exterius
1078 5760 1346 5814 incoletur
1378 5770 1433 5815 et
1474 5764 1750 5819 dealbctur
1782 5766 1938 5832 bene,
1964 5778 2016 5821 ct

515 5847 569 5901 in
604 5845 741 5900 facie
776 5847 992 5920 majori,
1024 5850 1268 5907 videlicet
1302 5854 1734 5923 Septentrionali,
1779 5872 1894 5926 qua:
1932 5864 2012 5913 ρει

1241 399 1339 461 DE
1379 398 1561 463 VETA
1602 398 1699 460 ET
1740 394 1991 460 ΗΕΒυὸ
2029 392 2298 457 GESTIS
2338 392 2862 455 BESSARIONIS

3541 407 3691 450 ιιιι

2111 526 2132 560 ‹
2177 513 2367 563 contra
2405 506 2599 573 altare,
2636 507 2956 576 depingatur
3007 505 3272 563 Dominus
3309 517 3490 565 noster
3521 509 3683 567 Jesus

2175 600 2375 656 sedens
2406 601 2460 655 in
2486 602 2633 667 sede,
2671 602 2764 657 cui
2805 602 3075 658 assistant
3114 601 3178 658 Β.
3204 603 3389 673 Virgo,
3422 603 3479 658 S.
3503 604 3686 672 Ange-

2174 690 2278 756 lus,
2303 688 2624 746 S.Joannes
2658 691 2901 763 Baptista
2935 700 2990 748 et
3030 692 3087 749 S.
3129 692 3389 764 Eugenia,
3418 702 3471 750 et
3501 695 3682 763 imago

2174 798 2294 839 mea
2346 782 2627 854 genuﬂexa
2679 794 2805 839 ante
2859 785 3023 856 pedes
3051 784 3280 851 Christi,
3328 796 3382 841 et
3428 788 3528 842 sub
3592 802 3683 841 me

2172 895 2322 934 arma
2351 896 2505 947 mea;
2536 881 2684 947 item,
2716 881 2838 939 istis
2875 882 3039 938 factis
3065 882 3186 937 volo
3222 890 3281 936 ut
3309 883 3598 952 adaptetur
3626 892 3681 937 et

2172 972 2492 1041 suppleatur
2520 972 2565 1027 si
2601 971 2731 1043 quid
2752 973 2935 1029 deﬁcit
2966 972 3019 1029 in
3048 975 3360 1042 pavimento
3386 974 3526 1028 inter
3548 990 3683 1031 can-

2170 1064 2369 1131 cellos;
2427 1063 2557 1120 item
2586 1074 2859 1135 ponantur
2896 1066 2949 1121 in
2984 1066 3223 1123 canoello
3245 1068 3547 1137 columpnae
3597 1066 3682 1120 al-

2172 1156 2360 1222 tiores,
2389 1157 2728 1226 pulchriores
2754 1166 2808 1213 et
2835 1160 3095 1229 aequales,
3116 1167 3171 1215 et
3200 1161 3347 1215 trabs
3377 1174 3680 1214 marmorea

2173 1248 2401 1318 pulchra
2449 1264 2616 1319 super
2650 1249 2991 1319 columpnis,
3039 1251 3166 1307 item
3201 1260 3491 1320 parapecta
3533 1266 3680 1303 mar-

2177 1354 2360 1395 morea
2408 1351 2675 1396 ornentur
2708 1340 2870 1411 138
2909 1341 3139 1410 melius;
3199 1341 3392 1396 deinde
3442 1341 3676 1410 spatium

2174 1447 2401 1486 vacuum
2456 1432 2599 1488 inter
2648 1441 2939 1503 parapecta
2995 1442 3049 1490 et
3090 1434 3296 1489 trabem
3343 1434 3675 1501 superiorem

2174 1525 2463 1580 claudatur
2490 1527 2729 1582 cratibus
2764 1525 2955 1583 ferreis
2986 1541 3105 1596 qua;
3148 1526 3201 1582 in
3243 1527 3554 1582 summitate
3582 1527 3682 1580 ha-

2178 1617 2341 1672 beant
2371 1618 2521 1683 folia,
2555 1618 2697 1674 sicut
2742 1618 2919 1674 solent
2958 1618 3098 1686 fieri,
3129 1627 3185 1673 et
3228 1618 3387 1675 sicuti
3424 1619 3477 1673 in
3516 1619 3672 1673 altari

2176 1706 2234 1761 S.
2272 1707 2439 1775 Petri,
2465 1723 2583 1777 quae
2630 1708 2899 1780 attingant
2930 1709 3138 1765 trabem
3178 1711 3548 1779 superiorem,
3598 1709 3671 1762 ita

2181 1808 2239 1854 ut
2266 1800 2447 1856 nullus
2472 1800 2642 1868 possit
2693 1800 2802 1856 illic
2866 1800 3093 1856 intrare.
3147 1799 3268 1854 Fiat
3319 1799 3482 1855 etiam
3524 1812 3687 1867 porta.

2170 1892 2341 1949 ferrea
2383 1894 2609 1963 pulchra
2642 1908 2768 1948 cum
2811 1895 2953 1949 bona
2989 1902 3259 1949 seratura.
3303 1890 3475 1961 Supra
3497 1900 3675 1945 "autem

2180 1987 2386 2042 trabem
2437 2002 2796 2041 marmoream
2836 1986 3071 2057 ligantur
3110 1984 3434 2041 candelabra
3470 2000 3563 2039 sex
3610 1988 3676 2039 de

2176 2078 2321 2133 ferro
2355 2079 2601 2148 pulchro.
2641 2087 2800 2149 prout
2855 2080 2907 2134 in
2954 2079 3157 2149 capella
3206 2080 3389 2148 palatii
3426 2094 3524 2147 pro
3568 2089 3676 2133 tor-

2178 2175 2342 2228 liciis.
2378 2173 2505 2229 Item
2557 2176 2609 2229 in
2642 2175 2799 2229 altari
2847 2174 2900 2230 in
2934 2176 3132 2246 angqu
3163 2176 3368 2231 dextra:
3394 2175 3563 2245 partis
3591 2175 3675 2227 in-

2176 2270 2367 2323 tramlo
2400 2282 2566 2339 prope
2606 2269 2876 2325 cancellos
2925 2270 3017 2324 fiat
3063 2269 3371 2339 sepulcrum
3410 2280 3583 2319 meum
3621 2266 3674 2319 in

2175 2358 2321 2413 hunc
2376 2361 2620 2415 modum.
2670 2360 2927 2415 Fodiatur
2975 2360 3029 2415 in
3084 2359 3301 2428 longum
3360 2367 3416 2412 et
3469 2357 3681 2426 largum

2175 2460 2437 2519 quantmn
2472 2451 2705 2505 sufficiat
2746 2451 2809 2504 ad
2853 2449 3275 2519 profunditatem
3304 2457 3427 2504 oeto
3458 2449 3677 2515 pedum,

2170 2552 2224 2596 et
2264 2555 2548 2597 morentur
2586 2559 2777 2598 omnes
2808 2549 3043 2612 quatuor
3073 2543 3326 2611 parietes,
3364 2540 3564 2595 solario
3593 2542 3676 2591 di-

2178 2634 2344 2688 misso
2371 2637 2489 2689 sine
2525 2650 2695 2701 muro,
2726 2646 2780 2690 et
2808 2636 2857 2690 in
2905 2635 3188 2690 altitudine
3217 2636 3444 2688 duorum
3483 2633 3676 2702 pedum

2178 2727 2369 2794 ﬁgatur
2400 2728 2542 2781 inter
2590 2730 2822 2791 murum,
2857 2730 2982 2781 dum
3035 2728 3092 2781 fit
3124 2741 3334 2790 murus,
3374 2742 3480 2780 una
3510 2726 3679 2779 crati-

2175 2818 2296 2871 cula
2355 2818 2553 2883 ferrea,
2585 2819 2677 2873 ubi
2717 2819 2923 2889 jacebit
2968 2823 3218 2873 cadaver.
3260 2818 3462 2871 Deinde
3512 2832 3678 2886 supra

2173 2909 2488 2962 craticulam
2519 2910 2584 2962 ad
2612 2909 2744 2964 duos
2774 2910 2936 2978 pedes
2959 2924 3149 2963 murus
3181 2909 3372 2963 habeat
3414 2908 3680 2962 incastra-

2180 3013 2350 3054 turam
2375 3002 2750 3065 circumcirca,
2785 3012 2843 3055 ut
2869 3010 3263 3071 superponatur
3292 3015 3454 3069 supra
3481 3013 3678 3067 corpus

2177 3109 2282 3146 una
2323 3093 2499 3147 tabula
2553 3108 2880 3147 marmorea.
2940 3092 3144 3147 Deinde
3194 3091 3261 3145 ad
3312 3092 3674 3159 aequalitatem

2178 3185 2470 3253 pavimenti
2502 3184 2717 3254 capellae
2745 3184 2847 3237 alia
2877 3184 3055 3239 tabula
3100 3198 3425 3249 marmorea,
3461 3200 3581 3252 qu:u
3614 3198 3679 3235 ex

2179 3292 2321 3330 nunc
2351 3278 2519 3345 possit
2545 3278 2720 3345 parari
2751 3287 2804 3331 et
2839 3276 2965 3344 poni
3007 3277 3097 3329 tali
3145 3276 3301 3331 modo
3331 3278 3472 3346 quod
3509 3276 3683 3343 possit

2174 3368 2384 3423 extrahi
2426 3380 2479 3424 et
2514 3371 2679 3438 poni;
2737 3379 2857 3439 post
2902 3370 3016 3425 hmc
3072 3385 3234 3439 super
3268 3370 3409 3423 illam
3446 3368 3679 3433 tabulam

2180 3478 2248 3515 ex
2283 3462 2456 3517 tribus
2494 3463 2758 3530 partibus,
2790 3479 2913 3517 nam
2946 3471 3136 3532 quarta
3172 3462 3275 3517 erit
3299 3477 3484 3516 murus
3511 3463 3683 3514 trilin-

2184 3554 2343 3616 nalis,
2370 3554 2649 3622 erigantur
2682 3564 2790 3610 tres
2810 3569 3127 3608 marmorea:
3158 3552 3349 3608 tabula:
3380 3552 3681 3607 altitudinis

2177 3646 2413 3714 quinque
2448 3647 2768 3714 palmarum,
2794 3657 2844 3700 et
2872 3662 3033 3715 supra
3058 3661 3151 3700 eas
3183 3654 3412 3716 ponatur
3431 3641 3533 3697 una
3561 3645 3681 3713 pul-

2181 3739 2310 3792 chra
2341 3754 2645 3792 marmorea
2686 3740 2884 3792 tabula.
2922 3739 2974 3793 In
3009 3739 3131 3792 istis
3175 3749 3352 3792 autem
3399 3738 3566 3790 tribus
3597 3748 3680 3788 ta-

2182 3830 2318 3884 bulis
2349 3831 2549 3884 erectis
2578 3832 2668 3884 fiat
2697 3831 2889 3896 aliquis
2913 3842 3160 3894 ornatus,
3186 3830 3238 3882 in
3265 3845 3492 3896 (pratum
3525 3838 3676 3880 aute-

2180 3924 2305 3977 riori
2341 3922 2654 3976 scribantur
2684 3922 2763 3976 lue
2792 3922 2986 3975 lilterte
3024 3937 3039 3976 :
3075 3920 3374 3982 Bessarion,
3412 3922 3688 3988 episcopus

2182 4015 2538 4078 Tusculanus,
2570 4013 2627 4067 S.
2664 4012 2913 4065 Romana:
2943 4011 3200 4067 Ecclesia:
3230 4013 3521 4065 cardinalis
3544 4053 3557 4075 ,
3586 4029 3679 4080 pa-

2182 4109 2412 4161 triarcha
2455 4105 3102 4173 Constantinopolitantis,
3152 4104 3254 4158 sibi
3290 4105 3463 4158 vivens
3505 4106 3680 4172 posuit

2182 4216 2321 4253 anno
2361 4199 2572 4265 salutis,
2626 4207 2757 4263 ete.,
2810 4213 2936 4251 cum
2988 4197 3367 4266 designatione
3419 4212 3680 4250 aunormn

2183 4289 2393 4345 Domini
2429 4300 2554 4345 tunc
2580 4290 3005 4344 occurrentium.
3028 4286 3140 4343 Hoc
3162 4299 3341 4343 autem
3372 4289 3450 4343 sic
3482 4287 3682 4341 factum

2181 4386 2464 4439 aedilicium
2499 4385 2605 4439 erit
2646 4383 2945 4446 credentia,
2971 4383 3013 4436 si
3046 4382 3263 4451 quando
3302 4382 3540 4451 pontifex
3587 4382 3682 4434 ali.

2174 4480 2294 4547 quis
2327 4480 2377 4533 in
2406 4477 2605 4546 capella
2630 4476 3013 4542 celebraverit;
3038 4482 3090 4528 et
3121 4475 3237 4530 ideo
3265 4486 3494 4544 ponatur
3518 4491 3681 4543 supc-

2181 4572 2291 4626 rius
2326 4586 2431 4624 una
2468 4570 2689 4637 pulchra
2719 4567 2897 4621 tabula
2941 4582 3270 4621 marmorea.
3323 4568 3452 4620 Item
3478 4568 3601 4620 volo
3627 4578 3685 4620 ut

2180 4673 2301 4732 post
2343 4663 2456 4715 haec
2482 4660 2748 4727 completa
2790 4660 3073 4729 adaptetur
3110 4668 3278 4714 totum
3317 4659 3681 4727 pavimentum

2185 4756 2378 4825 quadri
2412 4754 2722 4818 exterioris,
2766 4754 2847 4807 vel
2888 4752 3270 4817 marmoribus,
3305 4752 3349 4806 si
3406 4753 3683 4820 reperian—

2190 4860 2295 4913 tur,
2321 4848 2405 4903 vel
2441 4847 2745 4901 matonibus
2774 4847 2944 4916 magis
2981 4847 3203 4916 quadris
3232 4846 3527 4901 secundum
3574 4846 3683 4899 for-

2185 4954 2325 4991 mam
2360 4938 2706 5006 antiquorum
2751 4946 3054 5001 malonum,
3108 4935 3189 4991 vel
3240 4934 3419 5003 aliqua
3464 4936 3687 4988 materia

2183 5032 2567 5097 convenienti;
2605 5039 2659 5086 et
2692 5030 2943 5083 similiter
2980 5029 3144 5083 etiam
3179 5027 3465 5098 pulpitum.

2189 5141 2207 5175 t
2246 5122 2378 5176 ltem
2417 5120 2536 5175 volo
2560 5132 2617 5174 ut
2651 5121 2845 5174 domus
2878 5135 2996 5186 quae
3032 5128 3151 5173 erat
3198 5120 3469 5186 quendam
3503 5117 3685 5171 Basilii

2184 5216 2249 5268 de
2288 5212 2655 5284 Episcopiuis,
2702 5211 2947 5267 semiferi
3002 5220 3059 5265 et
3096 5210 3381 5264 familiaris
3424 5211 3547 5270 mei,
3584 5209 3685 5263 sita

2186 5307 2369 5361 Roma:
2398 5307 2449 5359 in
2484 5307 2702 5376 regione
2725 5304 3059 5373 (Iolmnpnm,
3099 5318 3221 5358 cmn
3257 5303 3509 5357 omnibus
3541 5304 3687 5370 adja-

2187 5398 2383 5453 centiis
2412 5395 2527 5451 suis
2575 5405 2631 5451 et
2662 5395 3039 5464 pertinentiis,
3070 5395 3337 5450 vemlatur
3389 5394 3508 5461 plus
3554 5394 3689 5448 offe-

2190 5492 2350 5553 renti,
2381 5498 2435 5543 et
2473 5504 2538 5544 ex
2581 5488 2788 5541 eisdem
2841 5488 3084 5558 pecuniis
3118 5501 3373 5541 emantur
3414 5502 3513 5555 pro
3566 5489 3693 5542 dote

2186 5576 2429 5647 ejusdem
2462 5576 2681 5644 capella:
2723 5576 2773 5628 in
2808 5577 2945 5631 locis
2971 5577 3127 5631 benis
3150 5586 3203 5631 et
3234 5577 3420 5631 liberis
3455 5592 3520 5631 ac
3551 5578 3695 5632 utili-

2190 5669 2293 5723 bus
2329 5669 2712 5737 respOusiones
2744 5668 2851 5721 vini
2897 5671 3194 5723 secundum
3240 5672 3689 5726 consuetudinem

2190 5776 2308 5828 qua:
2344 5760 2458 5815 fieri
2492 5760 2627 5814 solet
2659 5760 2865 5816 ltomze.
2896 5760 3146 5818 Concedo
3175 5773 3351 5817 autem
3391 5764 3691 5831 plenariam

2189 5854 2505 5910 facultatem
2547 5863 2600 5910 et
2646 5854 2870 5911 liberam
2922 5855 3185 5912 vendendi
3218 5856 3436 5912 domum
3470 5858 3697 5917 urwdic-
