4114 6426
292 395 466 437 LW]

285 521 307 553 ι
367 513 477 555 tam
538 498 773 572 prmfato
817 501 881 557 D.
934 502 1182 559 Simeoni
1224 503 1293 560 de
1344 505 1584 567 Pellinis,
1644 506 1883 558 audituri

289 614 313 647 ο
368 603 559 650 nostro
585 595 995 651 etsubdiacono
1030 598 1351 668 apostolico,
1379 598 1553 651 solum
1591 608 1645 651 et
1674 599 1725 651 in
1759 598 1891 651 soli-

292 705 321 738 ο
370 687 521 763 dum,
556 687 649 757 qui
700 689 937 758 deponat
985 690 1246 759 pecunias
1294 690 1580 759 praedic-tas
1618 689 1669 740 in
1718 689 1892 742 hanco

290 795 316 829 σ
371 778 555 848 aliquo
590 780 751 850 139
774 795 967 835 securo
995 782 1081 835 ubi
1120 783 1536 844 custodiantur,
1569 796 1667 835 nec
1695 778 1892 845 aliquis

297 888 320 921 ι
378 886 473 925 eas
507 881 689 941 tangat
722 875 895 928 donec
920 884 1170 927 emantur
1191 873 1573 940 responsiones
1599 872 1892 941 praedicta),

288 982 311 1013 ι
370 965 512 1017 sicut
546 965 897 1033 prrcdixiutus
920 982 941 1031 ;Δ
985 966 1120 1019 bene
1154 975 1206 1020 el
1240 964 1530 1033 diligenter
1560 967 1803 1018 altendat
1838 974 1895 1017 ut

288 1074 309 1105 σ
374 1056 755 1124 responsiones
781 1057 890 1110 sint
922 1058 1074 1110 honre
1099 1066 1152 1110 et
1189 1072 1394 1110 secura:
1416 1066 1470 1110 et
1502 1058 1555 1109 in
1584 1056 1764 1121 bonis,
1797 1072 1889 1111 se-

290 1166 311 1198 t
375 1150 521 1202 curis
544 1159 707 1217 atque
738 1149 871 1202 tutis
900 1150 1200 1201 consistant
1237 1148 1423 1201 locis.)

378 1240 510 1305 Qua:
538 1241 721 1293 Omnia
754 1251 807 1293 et
849 1242 1061 1309 singula
1105 1240 1359 1309 praefatus
1393 1240 1561 1293 Rtnus
1596 1240 1659 1294 D.
1696 1239 1893 1291 Bessa-

294 1333 456 1398 rion,
488 1333 795 1401 episcopus,
839 1331 1169 1393 eardiualis,
1223 1333 1529 1397 patriarcha
1567 1338 1623 1384 et
1668 1330 1893 1398 legatus,

290 1428 560 1481 Omnibus
584 1427 902 1481 melioribus
922 1427 1102 1492 modo,
1130 1426 1401 1495 via,jure,
1424 1441 1593 1479 causa
1618 1435 1671 1479 et
1696 1428 1895 1489 l'orma,

288 1518 512 1587 quibus
558 1518 753 1573 tnelius
783 1528 837 1570 et
872 1516 1147 1570 eﬂicacius
1200 1517 1370 1585 potuit
1403 1524 1457 1569 et
1485 1516 1693 1579 debuit,
1748 1515 1900 1579 fecit,

292 1612 613 1674 ordinavit,
668 1610 927 1674 instituit,
984 1617 1042 1663 et
1085 1609 1294 1661 dimisit
1350 1610 1556 1671 volens,
1605 1608 1899 1675 prmmissis

289 1702 565 1756 omnibus
598 1710 652 1753 et
690 1700 941 1771 singulis,
978 1715 1118 1753 nunc
1156 1709 1209 1753 et
1245 1700 1295 1751 iu
1342 1707 1811 1769 perpetuum-tarn
1839 1702 1894 1752 in

252 1805 256 1808 ‘
292 1794 514 1861 judicio
546 1808 706 1862 quam
736 1801 887 1846 estra
940 1800 995 1845 et
1029 1793 1229 1861 ubique
1262 1791 1504 1845 locorum
1538 1790 1694 1844 fidem
1738 1790 1901 1843 indu-

296 1881 461 1935 biam
515 1880 783 1935 adhiberi.
814 1880 987 1948 Super
1037 1882 1233 1951 quibus
1264 1882 1519 1937 omnibus
1566 1890 1619 1935 et
1673 1883 1901 1950 singulis

297 1973 461 2028 idem
502 1972 670 2041 Rtnus
696 1973 755 2027 D.
790 1972 1074 2028 Bessarion
1114 1973 1215 2027 sibi
1246 1987 1274 2025 a
1312 1989 1399 2026 me
1442 1976 1654 2027 notario
1687 1976 1904 2042 publico

302 2065 671 2133 infraSeripto
727 2081 914 2127 unum,
982 2065 1066 2118 vel
1123 2065 1300 2134 plura,
1356 2064 1625 2132 publicum
1662 2080 1754 2119 seu
1805 2082 1907 2135 pu-

304 2158 465 2213 blica
496 2156 612 2211 ﬁeri
641 2164 696 2211 et
718 2157 909 2211 coutici
952 2157 1118 2211 voluit
1169 2157 1592 2211 instrumentum
1620 2166 1675 2213 et
1704 2159 1904 2212 instru-

303 2258 525 2305 menta.

395 2346 525 2397 Acta
561 2343 855 2398 fueruntet
890 2352 1021 2397 sunt
1049 2341 1165 2396 inec
1203 2339 1442 2396 Venetiis
1484 2342 1534 2396 in
1569 2343 1908 2398 monasterio

306 2435 378 2492 S.
408 2435 628 2504 Georgii
657 2434 896 2501 Maioris,
924 2435 1024 2488 sub
1056 2449 1218 2498 anno,
1246 2434 1561 2499 indictiOne,
1588 2437 1695 2501 die,
1721 2450 1909 2490 tneztse

309 2539 378 2585 ct
397 2529 712 2598 pontiﬁcatu
740 2528 936 2596 quibus
964 2542 1151 2596 supra,
1169 2529 1530 2595 praesentibus
1548 2530 1748 2583 ibidem
1772 2527 1911 2583 Raro

311 2623 379 2679 in
418 2620 639 2676 Christo
670 2619 832 2677 Patre
868 2629 922 2674 et
955 2620 1068 2674 Duo
1120 2619 1361 2688 Nicolao,
1401 2621 1493 2676 Dei
1519 2630 1573 2675 et
1600 2620 1912 2691 apostolica:

315 2715 473 2769 sedis
498 2714 673 2783 gratia
707 2712 1123 2781 archiepiscopo
1152 2711 1460 2781 Sipontino,
1485 2728 1548 2767 ac
1582 2713 1914 2768 venerabili-

319 2808 431 2862 bus
470 2806 599 2860 viris
638 2804 770 2859 Dnis
802 2804 1041 2876 Eugenio
1070 2804 1417 2871 Mauroceno,
1445 2810 1787 2861 decretorum
1814 2806 1913 2860 do-

319 2910 501 2963 ctore,
536 2914 601 2953 ac
651 2898 908 2953 Mattltzeo
938 2899 1004 2953 de
1034 2898 1260 2965 Narnia,
1297 2898 1534 2967 pra-fatis
1582 2900 1918 2971 presbyteris

322 2991 626 3061 capellauis
656 2991 865 3060 prrefati
896 2991 1017 3045 [ιιιιί
1043 2990 1107 3045 D.
1136 2991 1499 3059 Dessarionis,
1524 2993 1761 3062 episcopi
1791 3009 1915 3047 car-

328 3084 557 3151 dinalis,
576 3086 806 3140 teStibus
825 3085 888 3139 ad
918 3084 1201 3155 prmmissa
1224 3085 1433 3140 vocatis
1460 3085 1742 3154 Speciatim
1760 3094 1921 3154 atque

332 3178 563 3248 rogans.

409 3271 479 3325 Et
510 3287 609 3341 ego
632 3270 871 3328 Joannes
912 3271 980 3326 de
1024 3270 1346 3336 Hcesboem,
1388 3269 1620 3325 clericus
1666 3268 1922 3325 Camera-

333 3364 517 3421 censis
548 3365 823 3429 diuaccsis,
872 3365 1118 3431 publicus
1147 3378 1302 3417 sacra
1351 3362 1562 3430 imperii
1599 3363 1927 3417 auctoritate

339 3455 608 3519 notarius,
645 3456 770 3522 quia
808 3453 1108 3523 praemissis
1159 3452 1513 3517 ordinatioui,
1553 3448 1923 3523 dispositioni,

339 3548 698 3613 itIS'ittIlioni,
745 3546 1027 3600 donationi
1073 3559 1127 3599 et
1164 3545 1583 3611 dimissioni,ac
1641 3547 1925 3610 voluntati,

336 3640 706 3707 omnibusque
734 3637 872 3700 aliis,
906 3650 1067 3704 prout
1119 3638 1169 3689 in
1204 3637 1366 3690 dictis
1403 3637 1653 3704 capitulis
1682 3638 1929 3691 contine-

340 3744 455 3795 tur,
514 3742 564 3785 et
595 3731 849 3801 singulis,
883 3731 1010 3783 dum
1046 3730 1124 3783 sic
1157 3740 1214 3783 ut
1250 3732 1619 3799 praemittitur,
1669 3746 1765 3800 per
1796 3746 1931 3798 prm-

342 3829 516 3882 iatum
551 3825 856 3880 Rutum'D.
892 3824 1269 3878 Bessarionetn
1325 3824 1641 3892 episcopum
1672 3826 1926 3879 cardinao

349 3921 478 3986 lem,
513 3918 873 3988 patriarchant
925 3926 978 3969 et
1032 3915 1266 3983 legatum
1306 3915 1493 3969 tierent
1524 3927 1577 3969 et
1614 3932 1930 3987 agerentur,

344 4028 450 4067 tina
491 4028 610 4067 cum
664 4013 1070 4081 prmuominatis
1112 4014 1339 4067 testibus
1378 4031 1617 4084 praasens
1659 4018 1877 4071 interfui
1912 4058 1927 4082 ,

341 4124 516 4176 eaque
551 4109 629 4163 sic
653 4108 767 4160 ﬁeri
796 4106 899 4159 vidi
930 4115 983 4159 et
1012 4108 1214 4169 audivi,
1253 4107 1372 4161 ideo
1424 4108 1529 4162 hoc
1560 4125 1801 4178 praesens
1834 4128 1932 4178 pu-

346 4202 551 4255 hlicutn
600 4201 1023 4253 insu'umentum
1073 4200 1269 4252 exinde
1312 4200 1518 4254 confeci
1552 4211 1604 4255 et
1665 4203 1715 4256 in
1751 4214 1930 4257 notant

345 4295 566 4363 Scripsi,
605 4294 933 4362 subscripsi,
968 4292 1272 4361 publicavi,
1300 4302 1355 4348 et
1382 4296 1435 4347 in
1471 4294 1613 4348 hanc
1666 4294 1931 4364 publicam

349 4390 580 4443 formam
615 4391 820 4461 redegi,
852 4390 1115 4458 signoque
1146 4395 1200 4441 et
1254 4388 1474 4442 nomine
1509 4388 1643 4442 meis
1674 4389 1847 4443 solitis
1880 4398 1935 4443 ct

350 4481 627 4535 consuetis
659 4480 895 4553 signavi.
917 4480 971 4534 In
1001 4479 1158 4533 ﬁdem
1197 4490 1251 4533 et
1284 4480 1657 4533 testimonium
1694 4480 1935 4533 onmiunt

351 4573 765 4644 etsingulorum
800 4573 1206 4645 praemissorum
1256 4582 1473 4643 rogatus
1530 4580 1586 4626 et
1642 4572 1937 4639 requisitos

351 4682 453 4734 ego
490 4666 630 4719 idem
672 4666 938 4727 notarius,
975 4665 1066 4734 qtti
1104 4663 1342 4730 approbo
1398 4678 1558 4731 supra
1616 4672 1669 4717 et
1722 4675 1940 4719 constat

358 4760 488 4811 mihi
518 4760 583 4812 de
624 4760 804 4813 verbis
837 4757 978 4811 rasis
1020 4757 1070 4809 in
1106 4756 1293 4809 ultima
1323 4755 1466 4809 linea
1512 4755 1687 4809 ultimi
1714 4757 1939 4826 capituli

356 4850 681 4918 prminserti,
742 4851 972 4912 scilicet,
1012 4848 1130 4913 sed,
1176 4856 1229 4901 ut
1284 4849 1652 4917 prmdiximus,
1694 4849 1831 4902 bene
1886 4862 1941 4904 et

356 4944 647 5013 diligenter
682 4944 930 4996 attendat
962 4950 1020 4994 ut
1046 4941 1423 5009 responsiones
1456 4940 1565 4992 sint
1592 4940 1744 4994 bona:
1768 4951 1821 4994 et
1853 4958 1941 4996 se-

356 5050 525 5100 curze,
553 5044 607 5088 et
635 5035 688 5088 in
718 5035 897 5097 bonis,
930 5034 1136 5088 securis
1183 5048 1245 5085 ac
1280 5031 1413 5085 tutis
1452 5030 1583 5085 locis
1612 5034 1942 5097 consistant,

361 5127 507 5196 quod
540 5135 813 5195 protestor
845 5142 1004 5177 manu
1042 5125 1261 5192 propria
1292 5140 1390 5193 ego
1422 5123 1562 5178 idem
1591 5122 1832 5179 Joannes
1877 5128 1944 5179 de

360 5218 680 5285 lleesboetu,
713 5217 945 5273 clericus
984 5226 1039 5272 et
1075 5216 1337 5272 notarius.

1007 5352 1167 5425 140
1195 5352 1302 5407 vut

361 5452 694 5507 Bcssarionis
726 5450 981 5518 diploma,
1016 5450 1211 5500 ironice
1241 5448 1304 5499 ab
1340 5464 1399 5501 eo
1432 5448 1708 5514 scriptum,
1734 5447 1787 5499 in
1820 5464 1947 5517 gra-

436 5525 563 5574 tiam
596 5517 846 5584 poetastri
878 5519 1037 5571 Pauli
1071 5519 1134 5569 de
1172 5517 1373 5579 Codiis,
1395 5524 1483 5585 qui
1507 5525 1575 5569 ab
1609 5536 1667 5571 eo
1700 5522 1945 5572 coronari

435 5593 695 5645 voluerat.
757 5591 839 5644 Ea:
877 5591 1049 5641 cod'ce
1095 5588 1346 5641 Vaticano
1403 5589 1657 5642 Urbiuate
1716 5608 1770 5643 η.
1820 5590 1946 5655 (192.,

438 5667 755 5726 membrum,
790 5661 947 5722 iit-4°,
976 5676 1029 5728 ρ.
1075 5661 1170 5713 187
1201 5675 1312 5728 sqq.

441 5774 499 5828 In
534 5778 770 5845 nomine,
810 5786 917 5829 etc.
946 5774 1053 5828 Nos
1084 5774 1393 5843 Bcssarion,
1444 5774 1532 5829 D.-i
1560 5785 1613 5829 et
1640 5772 1948 5842 apostolica:

372 5868 518 5924 sedis
548 5870 714 5940 gratia
743 5870 1030 5941 episcopus
1060 5866 1399 5924 Tusculanus
1425 5886 1484 5923 ac
1530 5868 1823 5925 cat'dittalis
1857 5865 1942 5922 Ni-

962 384 1270 449 ALOYSII
1314 386 1667 447 BANDl-Nli
1713 388 2353 452 COMMENTARIUS.
2395 415 2464 427 —
2492 375 2913 456 APPENDIX,

3392 404 3588 446 ιχικη

1997 524 2205 574 etenus,
2240 508 2511 563 universis
2558 518 2613 563 ct
2641 507 2865 577 singulis
2899 504 3349 562 Christilitlelihus
3375 517 3429 563 ct
3457 509 3587 564 aliis

1994 602 2410 671 quilmscunque
2452 601 2517 654 ad
2555 614 2693 670 quos
2732 608 3025 671 prmscntes
3060 600 3399 665 advenerim,
3435 601 3582 655 salu-

1994 702 2101 747 tem
2136 694 2189 745 in
2219 693 2471 747 Domino.

2070 780 2143 835 lit
2175 782 2378 836 clarius
2424 784 2727 837 innotescat
2759 784 2997 851 qualiter
3040 784 3106 837 ad
3152 793 3389 837 nostram
3444 783 3581 837 noti-

1997 878 2125 929 tiam
2163 876 2403 944 pervenit
2428 892 2491 929 ex
2528 877 2630 930 [ide
2666 877 2840 945 dignis
2867 877 3160 946 privilegiis
3184 876 3337 929 nobis
3363 875 3577 939 delatis,

1996 968 2136 1032 quod
2168 966 2405 1020 eximius
2431 967 2625 1019 artium
2656 967 2940 1020 medicina:
2964 967 3303 1033 aliarumque
3335 963 3587 1015 omnium

1997 1057 2298 1109 liberalium
2320 1056 2526 1108 artium
2542 1056 2731 1108 doctor
2753 1055 2814 1109 0).
2836 1054 3093 1121 magister
3115 1052 3310 1105 Paulus
3334 1050 3576 1103 Joannes

1997 1152 2061 1203 de
2090 1149 2294 1213 Godiis,
2322 1148 2683 1217 Pergulanus,
2714 1148 2783 1201 oh
2813 1148 2932 1216 ejus
2966 1147 3227 1216 plurimas
3256 1152 3311 1196 et
3343 1144 3577 1195 immen—

1999 1258 2088 1297 sas
2114 1243 2340 1295 virtutes
2365 1256 2393 1293 a
2423 1240 2695 1295 neunullis
2724 1240 3057 1309 principibus
3085 1246 3141 1292 et
3174 1234 3582 1290 marchionibus

1999 1343 2230 1403 quatuor
2264 1333 2538 1387 laureatas
2567 1348 2631 1387 ac
2668 1347 2863 1387 aureas
2914 1346 3146 1387 coronas
3182 1330 3234 1383 in
3276 1329 3451 1398 capite
3483 1341 3585 1380 suo

1998 1427 2157 1495 digne
2186 1436 2349 1493 atque
2377 1426 2695 1496 dignissime
2746 1424 3062 1494 acquisivit,
3099 1431 3153 1479 et
3196 1423 3326 1476 visis
3355 1420 3587 1491 publicis
3634 1434 3649 1449 ο

1999 1518 2458 1586 disputationibus
2476 1534 2660 1573 coram
2684 1516 2842 1572 nobis
2865 1518 3072 1587 sparsis
3094 1531 3216 1571 cum
3252 1512 3588 1585 argumentis

1999 1610 2436 1678 sophismatieis,
2486 1611 2958 1681 pbilosopbando,
3018 1608 3361 1670 musicando,
3417 1607 3591 1675 tripu-

2000 1701 2201 1755 diando
2232 1716 2354 1756 cum
2386 1702 2569 1769 puntis
2600 1703 2795 1771 pedum
2832 1701 3132 1756 novissimo
3164 1683 3270 1753 ritu
3303 1716 3426 1754 cum
3466 1714 3584 1751 ma-
3648 1681 3656 1693 ’

2004 1789 2148 1845 xima
2184 1790 2544 1847 delectatione
2592 1784 3100 1857 circumstantium,
3156 1790 3368 1859 Spiritu
3406 1788 3592 1843 divino

2004 1886 2282 1945 commoti,
2306 1895 2362 1937 ut
2398 1885 2536 1939 idem
2570 1885 2718 1939 dom.
2757 1892 2809 1938 et
2843 1884 3104 1953 magister
3136 1882 3453 1951 praelibatus
3475 1881 3592 1948 glu-

2010 1976 2136 2031 riari
2166 1977 2350 2030 valeat
2396 1977 2726 2031 abundantia
2767 1976 3114 2045 dignitatum,
3164 1975 3412 2028 manibus
3458 1988 3592 2041 pro-

2011 2071 2162 2139 priis,
2200 2070 2525 2124 auctoritate
2552 2085 2657 2138 qtta
2694 2068 2969 2137 fungimur
2992 2110 3007 2131 ,
3037 2068 3213 2136 ipsum
3255 2065 3596 2119 decrevimus

2009 2162 2275 2217 laureare.
2329 2162 2394 2215 Et
2426 2162 2588 2216 veluti
2649 2161 2738 2216 ille
2787 2169 2944 2229 pater
2986 2160 3243 2227 antiquus
3294 2157 3507 2227 Moyses
3561 2169 3591 2206 a

2006 2255 2270 2311 Creatore
2304 2263 2491 2311 nostro
2529 2255 2579 2309 in
2617 2254 2727 2309 alto
2775 2264 2957 2309 monte
3000 2252 3149 2306 Sinai
3182 2253 3350 2320 legem
3386 2262 3598 2302 assum—

2010 2350 2138 2420 psit,
2177 2348 2248 2402 ita
2282 2356 2335 2400 et
2366 2364 2462 2401 nos
2494 2348 2543 2398 in
2589 2345 2854 2399 altissimo
2896 2352 3078 2398 monte
3110 2343 3295 2397 Italico
3337 2342 3597 2397 Catriano

2012 2457 2133 2497 cum
2159 2439 2349 2495 cannis
2382 2448 2436 2491 et
2472 2436 2618 2491 foliis
2642 2436 2777 2489 lauri
2818 2437 2924 2489 uati
2968 2436 3020 2489 in
3048 2434 3362 2488 summitate
3400 2435 3599 2485 montis

2014 2532 2157 2588 illius
2187 2532 2239 2584 in
2259 2528 2438 2600 capite
2456 2537 2509 2583 ct
2532 2529 2597 2582 ad
2632 2528 2882 2594 temptas,
2917 2542 3065 2581 more
3097 2537 3405 2596 poetarum,
3441 2541 3600 2579 eum-

2014 2627 2136 2680 dem
2174 2624 2234 2677 D.
2270 2635 2323 2678 et
2359 2624 2677 2693 magistrum
2722 2620 2947 2674 Paulum
2990 2631 3311 2690 prazsentem
3348 2628 3403 2673 et
3449 2619 3601 2671 tit-sis

2016 2719 2247 2789 genibus
2302 2717 2541 2787 procliva
2612 2716 2903 2769 devotione
2986 2722 3298 2783 poscentem
3358 2712 3595 2780 legitime

2019 2814 2406 2875 laureavimus,
2451 2808 2695 2863 volentes
2740 2815 2799 2860 ut
2829 2806 2886 2859 in
2932 2816 3214 2873 posterum
3274 2806 3605 2858 auctoritate

2020 2913 2208 2959 nostra
2260 2903 2438 2957 valeat
2484 2916 2581 2971 per
2616 2914 2807 2954 omnes
2838 2908 3023 2967 partes
3072 2895 3283 2950 Italicas
3338 2904 3393 2948 et
3449 2902 3603 2948 extra

2022 2995 2254 3061 Italiam,
2289 2996 2341 3050 in
2380 2995 2664 3057 Achaiam,
2689 2991 3031 3054 Corinthum,
3066 2989 3343 3053 Athenas,
3378 2989 3430 3041 in
3458 3004 3607 3041 mare

2024 3088 2245 3158 Abydos
2270 3102 2441 3155 usque
2476 3083 3006 3153 Constantinopolim
3047 3091 3101 3137 et
3141 3083 3275 3137 citra
3311 3097 3457 3134 mare
3496 3080 3610 3132 Ma-

2021 3197 2186 3251 gnum
2238 3180 2381 3250 quod
2440 3178 2725 3233 Ponticum
2782 3175 3025 3242 dicitur,
3104 3176 3461 3229 discurrendo
3514 3190 3609 3237 per

2026 3274 2240 3328 Latiam
2269 3273 2567 3342 regionem,
2606 3270 2976 3328 Antiochiam.
3011 3252 3314 3322 Czrsaream
3353 3266 3606 3332 Philippi,

2022 3367 2304 3429 Achaiam,
2335 3364 2697 3426 Palaestinam,
2738 3362 2933 3417 Laetam
2958 3360 3221 3423 Grzccatu,
3247 3359 3607 3416 Asc:tloniatn.

2027 3460 2316 3515 Feniceatn
2364 3470 2418 3510 et
2464 3456 2768 3521 Albaniam,
2811 3469 2907 3525 per
2943 3452 3323 3507 Alexandriam
3351 3459 3401 3503 ct
3438 3460 3607 3503 totum

2030 3567 2178 3605 mare
2214 3549 2669 3613 Mediterraneum
2719 3560 2892 3616 usque
2929 3546 2995 3597 ad
3040 3552 3275 3597 montem
3322 3543 3611 3595 Cathaior-

2031 3654 2163 3709 met,
2211 3654 2264 3697 et
2311 3658 2405 3712 per
2436 3640 2611 3696 Sittes
2664 3639 2921 3708 majores,
2957 3649 3005 3692 et
3036 3652 3131 3707 per
3158 3647 3323 3690 totam
3370 3635 3609 3687 Africani

2034 3751 2200 3808 atque
2236 3752 2329 3805 per
2355 3745 2521 3790 totam
2574 3732 2967 3802 Tripolitanum
2999 3733 3273 3802 regionem
3322 3744 3492 3795 uSque
3547 3730 3614 3781 ad

2036 3833 2208 3885 Sirtes
2253 3827 2509 3889 minores,
2534 3833 2587 3879 ct
2620 3839 2716 3893 per
2760 3831 2929 3876 totum
2972 3837 3196 3891 regnum
3223 3818 3612 3885 Carthaginen-

2032 3922 2199 3983 siutn,
2239 3929 2293 3973 et
2330 3934 2425 3988 per
2455 3917 2701 3986 regiones
2733 3914 3051 3984 Bysantiutn
3086 3911 3357 3966 Numidia:
3386 3910 3618 3965 ctGelu-

2037 4013 2232 4076 lorum,
2267 4020 2320 4062 et
2352 4009 2491 4062 ultra
2517 4007 2711 4059 liutnen
2739 4004 3038 4057 Nulcanunt
3067 4003 3158 4071 qui
3180 4002 3349 4054 intrat
3371 4001 3420 4052 in
3442 4013 3612 4062 mare,

2035 4115 2088 4157 et
2122 4118 2216 4172 per
2254 4110 2422 4154 totam
2472 4096 2846 4151 Mauritaniam
2879 4094 3271 4149 Cmsarienscm
3304 4093 3617 4145 discurren-

2036 4200 2105 4253 do
2153 4215 2274 4252 cum
2329 4197 2545 4251 fortuna
2582 4210 2677 4263 per
2725 4201 2893 4247 totum
2944 4206 3094 4245 mare
3146 4190 3425 4244 Oceanum
3483 4189 3617 4241 inci-

2038 4292 2232 4359 piendo
2276 4289 2344 4341 ab
2373 4286 2669 4341 Occidente
2701 4299 2797 4352 per
2852 4282 3287 4351 Septentrionem
3338 4294 3509 4347 usque
3562 4278 3615 4331 in

2037 4382 2315 4436 Orientem
2362 4379 2499 4431 ultra
2532 4375 2685 4448 141
2715 4374 3046 4443 Hispaniam,
3080 4372 3316 4428 Scotiatn
3343 4412 3359 4435 ,
3409 4372 3620 4425 Britan—

2040 4475 2208 4537 niam,
2245 4469 2498 4533 Galliam,
2535 4468 2944 4531 Normandiaut,
2980 4462 3313 4527 Flandriatn,
3344 4478 3510 4528 usque
3549 4463 3617 4515 ad

2042 4568 2289 4621 Rhenum
2318 4561 2539 4627 ﬂumen,
2581 4571 2635 4614 et
2683 4559 2823 4613 ultra
2854 4558 3115 4624 usquead
3151 4566 3362 4609 montes
3414 4555 3619 4617 ltiti-os,

2040 4671 2094 4713 et
2128 4667 2310 4727 postea
2345 4657 2396 4707 itt
2441 4654 2662 4706 civitate
2692 4649 2981 4704 Janshona:
3007 4657 3059 4701 et
3088 4662 3183 4716 per
3223 4656 3389 4699 letam
3416 4644 3619 4699 Barba-

2047 4754 2203 4812 riant,
2238 4758 2289 4801 et
2320 4762 2414 4817 per
2446 4744 2796 4799 Germaniam
2827 4740 3163 4810 Superiorem
3202 4749 3254 4790 et
3286 4737 3619 4797 inferiorem,

2048 4842 2315 4901 Svctiam,
2356 4837 2603 4900 Daciam,
2638 4834 2851 4905 Syriam
2887 4844 2941 4886 et
2972 4847 3144 4898 usque
3176 4829 3375 4883 ﬂumen
3425 4826 3626 4881 Tanais

2045 4952 2135 5004 qui
2174 4935 2343 4986 intrat
2390 4930 2443 4984 in
2492 4944 2642 4983 mare
2672 4928 2979 4987 Ponticum,
3028 4933 3083 4979 et
3130 4923 3266 4977 ultra
3321 4921 3624 4974 Danubium

2046 5046 2141 5100 per
2179 5037 2344 5079 totam
2377 5023 2709 5091 llungariatu
2742 5034 2913 5089 usque
2944 5026 3009 5073 ad
3058 5016 3251 5072 Pal‘eos
3295 5028 3508 5069 montes
3546 5031 3630 5067 re-

2052 5117 2387 5175 ιτυουάριιάο
2415 5117 2466 5170 in
2496 5114 2837 5170 Pannoniam
2871 5118 2925 5167 et
2978 5109 3349 5165 Macedoniam
3382 5117 3434 5161 et
3458 5107 3631 5159 'l‘hra-

2046 5215 2210 5276 ciam,
2264 5220 2319 5265 et
2369 5225 2463 5280 per
2504 5224 2656 5262 mare
2712 5208 2957 5261 liubeum
3004 5219 3175 5273 usque
3231 5202 3296 5256 ad
3352 5201 3632 5256 coiumuas

2049 5305 2297 5360 Herculis
2331 5301 2724 5358 circumeundo
2755 5312 2947 5352 omnes
2993 5297 3128 5350 alias
3164 5295 3412 5364 regiones
3458 5306 3633 5358 usque

2051 5401 2116 5454 ad
2154 5397 2469 5450 l’aradisutn
2495 5392 2849 5457 deliciarum;
2882 5399 2937 5443 et
2989 5404 3083 5457 per
3119 5388 3308 5441 Asiam
3342 5383 3631 5448 Minorem,

2051 5496 2180 5547 etin
2216 5492 2303 5544 illa
2346 5488 2684 5543 nobilissima
2734 5484 2954 5538 civitate
3006 5482 3201 5543 Assur,
3232 5486 3286 5532 et
3331 5492 3427 5547 per
3477 5474 3636 5529 Chal-

2052 5588 2221 5641 theam
2268 5594 2322 5638 et
2366 5581 2717 5654 Babyloniam
2768 5587 2933 5631 totam
2974 5572 3331 5629 discurrendo
3364 5572 3417 5625 itt
3459 5567 3640 5622 ﬂumi-

2018 5702 2021 5703 ν
2054 5680 2212 5732 nibus
2230 5678 2411 5745 Tigris
2443 5686 2497 5729 et
2520 5673 2831 5742 Euphratis,
2862 5684 2925 5723 ac
2954 5666 3211 5721 Arabiam
3231 5672 3283 5719 et
3314 5663 3638 5718 Damascum

2053 5782 2106 5825 (ἰ
2146 5769 2404 5837 usquead
2435 5776 2644 5821 montes
2678 5763 2865 5818 Libani
2899 5762 2964 5829 ad
3002 5758 3156 5827 cujus
3212 5758 3424 5813 radices
3460 5758 3642 5811 nasci-

2055 5877 2140 5918 tur
2168 5858 2459 5929 Jotdanes',
2487 5868 2539 5916 ct
2576 5859 2711 5915 ultra
2740 5855 3142 5927 Jordancmpcr
3171 5854 3444 5926 regionem
3484 5853 3633 5908 vide-
