4114 6418
583 447 713 504 licet
742 452 1056 528 ldumteam,
1089 463 1456 542 Plttnniceam,
1486 477 1728 538 Judteam

577 830 676 883 per
707 829 928 886 terram,
957 844 1076 884 cum
1111 837 1364 894 omnibus
1389 857 1444 898 et
1469 849 1698 919 singulis
1721 863 2158 932 exceptionibus,

577 912 876 932 “me”..-
914 918 992 932 -..
1282 930 1308 932 Α

1559 912 1584 919 -
1858 912 1885 930 τ
1907 912 2158 932 ν---ν-.,ν,,,

573 912 880 967 commodis
903 926 953 970 et
980 918 1341 983 incommodis
1376 935 1442 986 ad
1479 936 1651 1005 ipsum
1683 950 1880 1003 urerito
1910 966 2159 1022 ερθςιειη-

573 995 715 1022 σεεμ...
751 1009 796 1022 Α.
830 1005 964 1022 _-,--
1090 1012 1144 1022 Α..

573 995 718 1057 tibus
747 1009 800 1054 et
828 1005 1235 1071 pertinentibus
1268 1033 1283 1069 :
1327 995 1668 1093 mandantes,
1718 995 1984 1101 quantum
2033 1061 2158 1112 pos-

568 1102 784 1156 sumus,
839 1099 1093 1156 onrnibus
1145 1103 1345 1177 linguis
1390 1119 1822 1184 supradictarum
1875 1133 2154 1200 regionum

570 1188 618 1200 -.ι
657 1179 731 1200 Ι-κ
976 1199 980 1200 ν

1459 1179 1471 1184 _
1875 1179 1888 1181 _

567 1188 623 1234 et
655 1179 894 1241 locorum
932 1199 989 1244 ut
1023 1208 1321 1259 praesentes
1377 1217 1592 1263 nostras
1621 1211 1833 1273 litteras
1864 1221 2157 1283 observent

567 1272 878 1344 faciantque
911 1281 1302 1347 iutiolabiliter
1342 1297 1648 1358 observari.

642 1365 698 1420 lrr
724 1383 955 1436 quorum
985 1375 1169 1447 fidem,
1207 1391 1315 1438 etc.

1307 1495 1405 1554 IX.

560 1555 832 1681 Potﬁlerior
864 1577 1070 1681 carldr'u.
1091 1579 1447 1681 .Bessarionis
1479 1595 1778 1666 dispositio,
1806 1622 1912 1674 qua
1948 1611 2148 1681 funda-

655 1651 822 1681 Ιυηρηι
855 1659 1253 1681 ΠΡΙΛΙηΙη-ιηιι...
1285 1676 1395 1681 -_-_
1430 1664 1462 1681 ι·
1488 1667 1520 1681 n
1589 1669 1626 1681 ι·-
1769 1677 1780 1681 -

1339 1641 1395 1643 ,ρ
1424 1641 1444 1647 ν
1480 1641 1557 1650 -νν
1602 1641 1753 1656 νουσιν
1844 1641 1912 1662 "ll
1973 1641 2137 1666 ιιιηια·

630 1641 916 1739 tiorient'ac
932 1648 1254 1739 dot'ationem
1280 1663 1462 1716 sacelli
1481 1667 1544 1721 S.
1562 1641 1835 1739 νεαρξηξῶ
1861 1681 1916 1731 in
1948 1641 2137 1738 iustius

630 1719 716 1739 mu
748 1727 823 1739 η...
923 1733 1005 1739 -.μ-
1039 1729 1050 1739 -
1143 1725 1154 1736 '
1383 1731 1393 1739 ‘

1481 1714 1543 1721 ν-
1582 1714 1659 1723 -νσ
1696 1714 1825 1730 νη-ιυ
1861 1714 1916 1731 οη
1950 1714 2136 1738 crocu“)

628 1714 874 1818 prulturit,
922 1719 1510 1818 rrltrrlt‘q.irrsuper'_borra
1553 1714 1719 1795 eidein
1771 1750 2036 1818 attribuit,
2081 1771 2144 1808 ac

653 1791 712 1818 νη
746 1797 824 1818 rp.
869 1801 941 1818 nr.
1100 1809 1305 1818 -ιΑΑ-η-υ-
1364 1817 1367 1818 ⁷

1138 1773 1336 1796 -.-η-Γ-.
1375 1773 1510 1787 ν-..η
1553 1773 1719 1795 οιασιιι
1771 1773 2036 1818 αιιηυαιι,
2081 1773 2142 1808 ac

627 1773 839 1863 [rati'ea
868 1787 984 1840 ard.
1040 1790 1308 1850 Minor-nm
1357 1802 1412 1856 in
1442 1821 1520 1873 βα
1561 1823 1813 1880 perpetuo
1844 1822 2142 1880 sacellanos

627 1858 861 1880 Ιηεΐιιηιι

624 1858 883 1908 instituit.
1105 1886 1215 1906 -ει

627 1935 943 2014 Bessariou,
977 1952 1332 2016 miseratione
1381 1965 1563 2024 divina
1605 1974 1889 2048 episc0pus
1928 1981 2139 2042 Tuscu-

1640 2025 1889 2048 Fair“
1937 2025 2136 2042 “owe

550 2025 731 2097 latius,
767 2035 826 2091 S.
862 2037 927 2093 [ἶ.
960 2043 1022 2098 Ε.
1057 2050 1352 2108 cardinalis
1385 2069 1436 2112 et
1472 2064 1780 2130 patriarcha
1817 2073 2136 2133 Constanti-

549 2126 920 2192 nopolitanns,
949 2137 1216 2195 universis
1249 2155 1304 2197 ct
1333 2147 1586 2220 singulis,
1628 2165 1735 2212 tam
1772 2169 2132 2232 prtesentibtrs

547 2227 714 2280 quam
768 2221 985 2290 futuris,
1026 2233 1120 2286 has
1173 2246 1391 2295 nostras
1451 2245 1659 2306 litteras
1697 2254 2025 2326 iuspccturis
2078 2273 2133 2317 et

543 2309 834 2380 audituris,
871 2319 1100 2376 salutem
1137 2326 1186 2380 in
1218 2328 1333 2386 Duo
1363 2340 1772 2408 sempiternam.

611 2401 692 2456 Ad
749 2408 1122 2472 universitatis
1163 2432 1353 2478 vestra:
1407 2432 1654 2488 notitiam
1704 2437 2022 2500 deducimus
2073 2455 2128 2500 et

542 2493 734 2550 deduci
779 2501 1029 2559 volumus
1074 2525 1170 2578 per
1198 2527 1488 2580 prwsentes
1527 2540 1541 2577 :
1580 2528 1722 2594 quod
1759 2547 1856 2586 nos
1904 2535 2123 2602 quidem

540 2586 611 2640 de
669 2602 869 2647 nostra:
925 2605 979 2650 et
1015 2605 1422 2671 progenitorum
1468 2626 1778 2674 nostrorum
1817 2625 2122 2683 animarum

536 2679 715 2736 salute
748 2687 1078 2754 cogitantes,
1133 2710 1197 2750 ac
1257 2698 1470 2757 Iaudem
1506 2719 1560 2761 et
1597 2710 1824 2778 gleriarn
1868 2721 2122 2791 omnipo-

538 2773 702 2824 tentis
737 2775 826 2829 Dei
859 2786 910 2832 et
967 2779 1068 2837 SS.
1108 2785 1388 2848 Michaelis
1425 2800 1742 2873 archangeli
1794 2818 1847 2862 et
1897 2809 2122 2872 Joannis

535 2859 789 2931 Baptista:
817 2877 870 2920 et
906 2869 962 2923 S.
1003 2873 1256 2945 lingeuia:
1297 2885 1434 2955 virg.
1485 2901 1537 2943 ct
1569 2897 1847 2966 martyris,
1881 2918 1981 2958 nec
2010 2921 2117 2960 non

534 2966 630 3018 pro
662 2955 830 3010 divini
860 2961 1034 3018 cultus
1066 2983 1379 3040 augmento,
1425 2979 1579 3051 142
1619 2984 1960 3060 infraseripta
1993 3012 2119 3064 pro-

529 3053 714 3111 pterea
781 3047 957 3108 laeere
986 3055 1352 3130 desigtratrtcs,
1393 3069 1484 3126 fel.
1543 3084 1754 3132 record.
1800 3079 1947 3138 Dnus
1990 3086 2115 3144 P.us

531 3151 668 3204 papa
698 3137 742 3192 ll
774 3143 838 3196 ad
871 3159 1111 3204 nostram
1140 3157 1588 3223 supplicationem
1623 3171 1798 3237 nobis,
1831 3177 1919 3240 qui
1969 3180 2117 3233 basi—

530 3223 690 3282 licam
743 3230 838 3287 Xll
886 3237 1270 3306 Apostolorum
1315 3249 1384 3303 de
1434 3251 1578 3309 Urbe
1625 3258 1680 3310 in
1735 3265 2108 3324 commendant

531 3329 658 3376 tunc
679 3324 1061 3386 obtinebamus
1097 3350 1253 3404 prout
1285 3341 1593 3405 obtinemus
1630 3352 1696 3406 de
1721 3363 2110 3432 prresenti,pr-o

1721 3411 1732 3424 ι
1869 3411 2106 3432 -ίη-νισν

531 3411 700 3478 ipsius
747 3416 985 3476 basilica:
1019 3425 1212 3484 decore
1238 3442 1290 3486 et
1334 3439 1512 3495 crrltus
1547 3447 1712 3510 prmd.
1747 3449 1798 3501 iu
1854 3467 1916 3506 ea
1942 3496 1944 3498 τ
1975 3471 2109 3526 ang.

528 3513 713 3560 mento
732 3509 1013 3582 saluteque
1042 3520 1366 3592 animarum,
1390 3535 1726 3601 utcapellarn
1766 3542 1816 3592 irt
1848 3543 1989 3598 dicta
2015 3549 2107 3600 ha-

523 3593 674 3650 silica
707 3600 892 3667 sitam,
926 3619 1044 3674 quae
1071 3618 1198 3667 tunc
1244 3618 1345 3671 sub
1381 3621 1721 3682 invocatione
1752 3630 1809 3685 S.
1853 3635 2106 3706 Eugeniae

522 3687 787 3748 duntaxat
809 3700 1084 3756 nominata
1118 3714 1174 3759 et
1221 3709 1462 3767 indotata
1492 3729 1632 3786 erat,
1667 3737 1731 3777 ac
1765 3733 2103 3794 reparatione

523 3780 819 3853 indigebat,
868 3791 934 3847 ad
958 3797 1348 3867 omnipotentis
1393 3805 1488 3862 Dei
1536 3780 1748 3868 laudern
1787 3780 1841 3873 ei
1871 3823 2100 3889 gloriam

520 3886 778 3942 reparare
804 3897 868 3937 ac
903 3889 1006 3941 sub
1046 3888 1386 3951 invocatione
1425 3901 1692 3961 dictorum
1735 3910 1832 3966 SS.
1862 3912 2096 3972 Michae-

517 3961 587 4023 lis
634 3975 944 4047 archangeli
994 3988 1048 4035 et
1085 3982 1315 4044 Joannis
1356 3991 1613 4062 Baptista:
1658 4016 1722 4055 ac
1755 4002 1813 4059 S.
1845 4005 2099 4078 Eugeniae

518 4065 815 4134 intitulare,
845 4087 944 4129 nec
968 4090 1073 4130 non
1105 4078 1279 4145 libris,
1319 4092 1652 4149 parameutis
1681 4104 1737 4149 et
1763 4099 1884 4154 aliis
1914 4105 2095 4160 eccle~

514 4157 750 4216 siasticis
789 4170 1129 4226 ornamentis
1162 4173 1228 4227 ad
1263 4175 1506 4235 divinum
1537 4185 1737 4238 crrlturu
1773 4198 2094 4253 necessariis

513 4247 730 4319 fulcire,
754 4269 816 4309 ac
839 4265 1274 4329 competentibus
1308 4283 1407 4338 pro
1429 4288 1536 4327 uno
1556 4277 1870 4349 presbytero
1899 4287 2091 4346 missas

509 4350 570 4394 et
601 4345 706 4399 alia
744 4348 924 4406 divina
950 4355 1125 4410 ollicia
1159 4361 1525 4436 celebratum,
1545 4373 1806 4431 reditibus
1837 4379 1902 4433 de
1928 4379 2088 4439 bonis

509 4440 719 4493 nostris
741 4441 904 4496 etiam
940 4461 1033 4513 per
1080 4449 1376 4511 Ecclesiam
1425 4466 1710 4534 acquisitis
1743 4471 1932 4529 dotare
1964 4492 2083 4546 pos-

504 4543 713 4595 semus,
765 4531 1034 4591 licentiam
1082 4553 1135 4598 et
1193 4545 1505 4607 facultatem
1552 4572 1646 4623 per
1699 4577 1826 4618 suas
1875 4566 2084 4626 litteras

501 4625 800 4689 concessit,
825 4639 888 4681 ac
939 4629 1110 4700 ipsius
1141 4640 1358 4704 capella:
1386 4644 1474 4713 jus
1517 4659 1832 4715 potrouatus
1861 4667 1915 4712 et
1949 4677 2084 4730 pra:-

499 4720 756 4773 scutandi
820 4724 1129 4795 presbytero
1181 4735 1444 4791 cardirrali
1475 4740 1634 4798 dicta:
1685 4720 2081 4823 basilicre'pro

506 4814 750 4876 tenrpore
767 4814 1050 4872 essisteuti
1070 4837 1358 4902 personam
1396 4831 1642 4891 idoneam
1699 4844 1762 4896 ad
1790 4844 1934 4898 illam
1971 4855 2076 4902 tam

575 4898 678 4955 ima
738 4904 855 4960 vice
900 4923 1060 4977 quam
1123 4901 1338 4986 quoties
1378 4939 1573 4983 vacare
1608 4950 1726 4988 eam
1767 4939 2073 5007 contigerit,

497 4992 658 5077 nobis
685 5003 740 5050 et
776 5007 895 5066 post
928 5016 1026 5058 nos
1055 5008 1235 5063 abbati
1274 5013 1330 5067 S.
1366 5015 1515 5072 Pauli
1565 5032 1717 5078 extra
1756 5043 1941 5085 nruros
1977 5031 2076 5089 Urc

495 5084 604 5152 bis,
642 5096 694 5142 et
727 5093 894 5160 priori
922 5095 1113 5160 domus
1140 5092 1196 5156 SI
1230 5103 1417 5162 Maria:
1455 5111 1522 5166 de
1553 5112 1757 5184 Populo
1785 5121 1852 5174 de
1883 5084 2070 5179 eadem

494 5178 646 5242 urbe,
675 5179 735 5234 6.
766 5181 1036 5242 Benedicti
1067 5201 1120 5245 et
1164 5191 1526 5255 Eremitarum
1571 5178 1643 5259 8.-
1673 5211 1956 5280 Augustini
1985 5231 2072 5270 or-

490 5267 706 5338 dinum,
739 5275 903 5328 etiam
942 5294 1040 5347 pro
1081 5293 1319 5353 tempore
1360 5293 1754 5354 exsistentihus
1793 5302 1844 5355 itr
1879 5320 2069 5376 perpe-

493 5371 667 5429 tuum,
707 5365 811 5420 nisi
857 5367 1013 5424 aliter
1044 5384 1169 5430 ante
1197 5389 1424 5434 mortem
1473 5395 1716 5442 nostram
1752 5392 2068 5461 disponere-

423 5452 430 5459 '
491 5462 634 5514 Inus,
672 5454 813 5509 idem
858 5457 947 5526 jus
981 5471 1300 5528 patronatus
1331 5480 1386 5524 et
1436 5480 1792 5540 przcseutandi
1838 5452 1972 5538 ituro
2000 5452 2060 5543 ll.

483 5543 749 5598 cardirrali
780 5549 936 5606 dictae
983 5555 1223 5613 basilicm
1255 5576 1351 5628 pro
1389 5572 1629 5635 tenrpore
1659 5573 1941 5631 cxsisteuti
1983 5596 2064 5634 ree

486 5639 744 5701 servavit,
769 5639 1069 5702 decernens
1100 5651 1356 5720 capriiaur
1388 5656 1559 5723 ipsam
1591 5663 1692 5718 sub
1720 5665 2063 5728 invocatimc

481 5729 797 5783 cornrudern
857 5736 956 5790 SS.
999 5738 1302 5807 Michaelis,
1333 5745 1556 5805 Joannis
1588 5752 1842 5823 Bapt‘strc
1899 5774 1948 5816 et
1996 5764 2053 5817 S.

544 5838 618 5902 (l)
655 5842 780 5892 Julii
805 5848 850 5894 in
875 5847 1009 5900 bulla
1046 5853 1120 5904 l'ii
1157 5857 1218 5918 ll,
1247 5872 1396 5919 supra
1425 5862 1516 5913 col.
1544 5879 1710 5920 tu".

3671 456 3877 501 ιηκιν

2277 507 2531 582 Eugeniae
2557 534 2629 574 ex
2684 531 2812 579 tunc
2862 527 2916 580 in
2948 538 3107 586 antea
3139 536 3408 597 nonrirrari
3449 547 3667 618 debere,
3703 570 3874 620 prout

2277 600 2332 654 in
2375 604 2549 674 ipsius
2583 610 2790 668 domini
2846 615 2921 671 Pii
2968 635 3118 690 papa:
3169 625 3366 687 litteris
3396 600 3874 702 sub

2273 697 2414 764 apud
2445 698 2503 755 S.
2540 701 2764 759 Petrum
2797 723 2942 765 anno
2986 711 3251 774 incarnat.
3287 720 3500 782 Domin.
3533 730 3692 797 1465,
3717 697 3868 803 prii;

2272 783 2304 837 ιε
2325 787 2378 840 il.
2405 789 2526 846 Maii
2547 794 2647 864 (l),
2669 800 2908 864 pontific.
2950 805 3036 859 sui
3064 822 3207 864 anno
3236 828 3287 878 v,
3311 817 3542 888 desuper
3568 824 3867 896 confectis,

2274 878 2484 947 plenius
2513 891 2844 947 continetur.

2346 968 2410 1022 Et
2441 985 2726 1046 postquam
2772 998 2868 1038 nos
2903 990 3150 1046 eamdem
3210 999 3474 1067 capellam
3524 1019 3778 1076 reparare
3807 1021 3866 1068 et

2265 1075 2461 1118 ornare
2491 1071 2787 1138 coepimus,
2822 1091 2886 1132 ac
2916 1080 2964 1133 ei
3000 1097 3096 1151 pro
3140 1085 3266 1144 dote
3302 1097 3558 1153 nonnulla
3599 1094 3728 1158 t'unc
3751 1118 3858 1159 ex-

3000 1139 3014 1151 _
3187 1139 3263 1144 -.-
3302 1139 3558 1153 _--...._....
3600 1139 3858 1159 ...μυω-

2266 1139 2456 1221 ρὶθδςτί
2493 1159 2628 1216 bona
2655 1167 2890 1224 emimus
2916 1181 3076 1241 atque
3105 1179 3448 1249 donavimus,
3472 1191 3727 1257 praefatus
3755 1196 3858 1254 fel.

2261 1248 2475 1302 record.
2511 1249 2572 1306 D.
2608 1252 2734 1310 Pius
2763 1274 2900 1329 papa
2955 1261 3022 1326 ll,
3059 1269 3245 1325 multis
3288 1273 3444 1331 bonis
3489 1286 3856 1353 respectibus,

2260 1348 2325 1388 ex
2356 1352 2422 1390 eo
2451 1346 2746 1408 praiscrtim
2775 1351 2915 1417 quod
2966 1354 3018 1407 iit
3057 1355 3280 1415 basilica
3312 1346 3614 1437 prrezlicta;
3652 1371 3703 1426 in
3739 1391 3854 1446 qua

2260 1430 2503 1484 nonnulli
2535 1433 2721 1491 clerici
2744 1441 3034 1501 szeculares
3059 1452 3304 1508 canonici
3332 1459 3689 1525 przebendarii
3713 1475 3857 1523 tunc

2257 1519 2680 1592 tlesert‘iebant;
2721 1544 3005 1601 propterea
3050 1543 3194 1609 quod
3222 1547 3435 1604 reditus
3462 1565 3516 1607 et
3547 1569 3852 1622 proventus

2257 1611 2532 1669 dictorum
2564 1624 2954 1680 canorricorum
2979 1632 3131 1687 valde
3159 1638 3336 1709 exigui
3358 1652 3411 1695 et
3444 1654 3637 1702 tenues
3658 1664 3846 1718 erant,

2255 1703 2542 1762 manifeste
2589 1719 2644 1763 et
2688 1724 2875 1780 aperte
2933 1721 3212 1790 neglectus
3245 1739 3297 1780 et
3326 1732 3479 1787 valde
3514 1735 3844 1798 imminutus

2252 1792 2468 1851 divinus
2501 1801 2675 1857 cultus
2709 1814 2851 1873 erat,
2911 1809 2960 1862 iu
3011 1813 3234 1870 honoris
3263 1817 3356 1874 Dei
3401 1823 3829 1885 diminutionem

2249 1893 2303 1940 et
2338 1888 2531 1945 salutis
2567 1895 2870 1952 animarum
2897 1907 3354 1968 parochianorurn
3381 1915 3623 1985 ejusdem
3653 1923 3841 1978 eccle-

2247 1974 2342 2026 sire
2376 1976 2746 2046 prrejurlicium
2771 2001 2875 2041 non
2897 2005 3119 2058 parvum
3163 2008 3214 2052 et
3240 2001 3661 2078 detrimentum;
3695 2012 3834 2069 item

2244 2062 2475 2121 :edilieia
2500 2073 2678 2125 omnia
2713 2079 2865 2145 quasi
2915 2080 3157 2140 ultimam
3201 2092 3552 2152 minabantur
3591 2104 3832 2172 ruinam,

2243 2158 2731 2226 supplicationibus
2769 2168 2927 2242 143
2981 2180 3184 2234 nostris
3231 2183 3544 2258 inclinatus,
3601 2203 3654 2247 ut
3707 2198 3830 2266 ipsa

3529 2245 3543 2258 ,
3646 2245 3653 2247 .
3728 2245 3830 2266 ,πη

2244 2245 2465 2302 basilica
2502 2253 2552 2304 in
2589 2254 2789 2314 divinis
2819 2278 3060 2336 congrue
3089 2273 3413 2343 serviretur,
3449 2280 3592 2336 illam
3627 2285 3694 2340 de
3723 2304 3831 2344 sa:-

2240 2341 2411 2396 culari
2438 2346 2663 2402 ecclesia
2697 2351 2762 2406 ad
2783 2355 3026 2412 ordinem
3048 2358 3304 2420 Fratrum
3335 2369 3599 2428 liliuorurn
3632 2380 3820 2435 reduci

2239 2431 2544 2504 intendens,
2591 2456 2685 2508 per
2727 2450 2983 2512 quasdam
3013 2454 3147 2510 alias
3193 2472 3316 2513 suas
3346 2463 3556 2522 litteras
3587 2467 3714 2526 Rev.
3751 2471 3817 2529 P.

2238 2521 2352 2578 Duo
2404 2528 2628 2586 Nicolao
2677 2539 3090 2613 archiepiscopo
3149 2549 3434 2618 Sipontino
3479 2560 3623 2614 dedit
3676 2564 3820 2618 inter

2235 2625 2426 2671 czetera
2471 2621 2522 2674 in
2563 2627 2829 2685 urarrdatis
2859 2644 2915 2688 ut
2963 2635 3132 2704 ipsam
3176 2643 3453 2703 basilicam
3487 2653 3816 2718 professori-

2234 2707 2332 2762 bus
2374 2711 2502 2767 dieti
2537 2718 2744 2775 ordinis
2791 2723 3037 2784 Fratrum
3082 2732 3351 2791 Minorutn
3386 2746 3709 2801 concederet
3760 2761 3815 2807 ct

2233 2799 2286 2854 in
2320 2818 2382 2857 ea
2421 2814 2503 2862 tot
2537 2809 2734 2870 fratres
2787 2818 3098 2880 insritueret
3123 2841 3251 2898 quot
3285 2848 3348 2888 ex
3394 2837 3510 2906 ejus
3544 2839 3813 2902 fructibus

2231 2910 2472 2966 congrue
2506 2910 2798 2963 sustentari
2858 2928 3098 2984 possent,
3143 2937 3244 2978 nec
3300 2943 3403 2983 non
3437 2942 3698 2990 statueret
3755 2948 3814 2992 et

2225 2993 2501 3048 ordinaret
2539 3001 2689 3066 quod
2747 3018 2938 3062 omnes
2967 3018 3020 3063 et
3069 3015 3261 3085 singuli
3299 3019 3533 3090 fructus,
3576 3029 3805 3095 reditus,

2227 3095 2558 3154 proventus,
2615 3098 2985 3160 possessiones
3038 3115 3092 3158 et
3147 3107 3283 3163 bona
3343 3115 3510 3183 ipsius
3561 3119 3800 3178 basilica:

2223 3179 2551 3243 communia,
2586 3198 2648 3236 ac
2675 3185 2763 3239 illa
2791 3204 2908 3258 quas
2937 3192 3002 3246 ad
3033 3200 3411 3256 canonicatunt
3469 3216 3522 3260 ct
3551 3213 3802 3277 praeben-

2223 3263 2342 3317 dam
2375 3268 2672 3327 cardinalis
2700 3289 2799 3344 pro
2841 3289 3083 3349 tempore
3116 3290 3428 3348 exsisteutis
3461 3297 3596 3353 tituli
3640 3301 3806 3358 dictae

2221 3354 2462 3412 basilica:
2491 3375 2557 3413 ex
2589 3372 2738 3430 tunc,
2764 3365 2868 3422 alia
2900 3385 3029 3427 vero
3046 3389 3165 3442 quae
3189 3379 3253 3433 ad
3279 3381 3414 3438 alios
3441 3390 3800 3449 canonieatus

2217 3447 2604 3512 etpraabcndas
2631 3468 2695 3507 ae
2744 3456 3006 3515 beneficia
3059 3467 3228 3533 ipsius
3276 3471 3513 3530 basilicae
3550 3483 3794 3547 pertine-

2219 3535 2387 3605 bant,
2442 3548 2847 3614 quamprimtnn
2905 3559 3198 3615 canonicos
3258 3567 3342 3618 vel
3415 3568 3796 3632 beneficiarios

2214 3629 2456 3699 ejusdem
2483 3635 2723 3694 basilica:
2753 3644 2950 3700 cedere
2983 3648 3065 3703 vel
3094 3651 3397 3721 decedere,
3430 3673 3527 3716 aut
3563 3679 3623 3718 ca
3653 3668 3792 3725 alias

2213 3735 2428 3790 quoquo
2447 3729 2892 3788 mododirnittere
2932 3740 3508 3814 corrtingeret,feisderrt
3530 3754 3792 3816 fratribus
3862 3765 3868 3770 “

2211 3808 2480 3869 Minorum
2513 3831 2810 3889 eorumque
2837 3827 3012 3881 ordini
3051 3835 3378 3904 applicaret;
3409 3856 3636 3905 quarum
3667 3851 3788 3919 qui-

2209 3903 2330 3958 dem
2360 3911 2721 3975 posteriorum
2752 3916 3056 3976 litterarum
3095 3926 3275 3995 vigore
3302 3934 3558 3998 praefatus
3593 3939 3654 3994 D.
3683 3903 3786 3996 'Ni-

2209 3996 2398 4053 celans
2445 4002 2884 4079 arcltiepisCOpus
2942 4013 3222 4072 basilicam
3281 3996 3456 4091 ipsam
3514 4028 3780 4090 fratribus

2205 4094 2491 4160 concessit,
2522 4111 2585 4149 ac
2617 4102 2803 4154 statuit
2833 4113 2886 4158 et
2919 4108 3214 4180 ordinavit,
3263 4114 3498 4187 fructus,
3547 4124 3773 4194 reditus,

2202 4196 2517 4254 proventus,
2554 4195 2928 4258 possessiones
2955 4203 3167 4260 etbuna
3220 4212 3474 4276 praedicta
3526 4215 3656 4284 ipsis
3687 4234 3776 4273 eo-

2202 4289 2430 4346 rumque
2459 4281 2634 4336 ordini
2679 4284 2946 4344 Minorum
2979 4297 3266 4368 applicari,
3311 4313 3473 4372 prout
3525 4281 3577 4360 in
3637 4309 3773 4379 ipsis
3829 4355 3840 4359 -

2200 4373 2594 4437 posterioribus
2634 4377 2733 4434 Dni
2765 4381 2838 4437 Pii
2863 4384 3061 4442 litteris
3086 4401 3140 4444 et
3165 4392 3292 4448 dicti
3317 4395 3524 4452 Nicolai
3558 4401 3771 4456 archie-

2198 4461 2399 4532 piscopi
2430 4481 2683 4534 processu
2703 4471 2933 4543 desuper
2957 4479 3141 4537 habito
3165 4500 3327 4553 super
3354 4487 3476 4542 inde
3507 4492 3770 4547 confectis

2197 4552 2412 4619 plenius
2450 4558 2780 4617 continetur.
2823 4565 2888 4620 Et
2935 4569 3129 4648 deinde
3175 4552 3766 4647 possessiouepaeiliea

2192 4641 2432 4697 basilica:
2483 4656 2537 4700 et
2591 4643 2997 4716 possessionum
3040 4663 3443 4732 prindictarum,
3475 4683 3536 4720 ac
3565 4668 3760 4734 iurium

2191 4747 2256 4785 ac
2313 4735 2761 4802 pertinentiatunr
2818 4751 3131 4805 earumdem
3182 4769 3278 4822 per
3324 4757 3496 4812 dictos
3543 4759 3759 4816 Fratres

2190 4823 2409 4893 alepta,
2447 4843 2546 4885 nos
2572 4831 2626 4886 in
2651 4837 2838 4890 eadem
2877 4842 3076 4908 capella
3108 4853 3344 4898 nostram
3375 4849 3636 4918 elegimus
3665 4867 3755 4906 se-

2190 4917 2459 4985 prrlturam
2499 4925 2559 4978 ad
2594 4925 2852 4982 honorem
2893 4941 2948 4985 et
2976 4932 3188 4987 laudern
3227 4937 3613 5007 omnipotentis
3663 4944 3755 4999 Dei

2184 5020 2238 5064 ct
2284 5012 2344 5068 Β.
2379 5012 2563 5071 Mariae
2595 5017 2830 5087 Virginis
2855 5062 2870 5085 ,
2910 5021 3031 5090 ejus
3065 5022 3375 5095 Genitrieis,
3405 5033 3509 5087 sub
3539 5035 3756 5091 invoca-

2184 5106 2328 5156 tioue
2353 5106 2619 5162 dictorum
2652 5109 2753 5166 SS.
2779 5110 3055 5168 Michaelis
3088 5126 3140 5170 et
3159 5115 3384 5176 Joannis
3412 5122 3664 5193 Baptistae
3691 5143 3754 5183 ac

2181 5195 2239 5248 S.
2275 5195 2547 5267 Eugeuize,
2593 5215 2656 5252 ac
2687 5203 2977 5271 cujuslibet
3029 5207 3273 5274 ipsorum
3335 5213 3748 5296 itLtitulavimus,

2176 5297 2229 5341 et
2255 5289 2512 5358 deinceps
2547 5294 2815 5368 nominari
2853 5297 3140 5366 volumus;
3185 5311 3476 5375 tenoreque
3513 5325 3749 5377 praesen-

2177 5379 2307 5433 tiuru
2339 5387 2393 5434 et
2423 5383 2748 5438 auctoritate
2781 5391 3077 5451 apostolica
3107 5393 3263 5450 nobis
3296 5397 3350 5450 in
3385 5399 3486 5454 hac
3520 5411 3671 5469 parte
3693 5404 3744 5456 iu

2172 5469 2334 5526 dictis
2363 5471 2635 5540 prioribus
2662 5472 2756 5528 Drri
2803 5479 2884 5532 Pii
2928 5481 3124 5538 litteris
3159 5501 3439 5552 concessa,
3469 5492 3739 5563 eligimus,

2172 5561 2517 5629 rledicaunrs,
2580 5563 2914 5623 intitulaurus
2969 5581 3022 5626 et
3075 5575 3451 5646 nominamus;
3515 5599 3744 5655 quaeque

2171 5662 2351 5718 antea,
2381 5651 2633 5710 timentes
2666 5674 2733 5713 ne
2764 5673 2937 5717 morte
2979 5670 3425 5737 prmvcniremur,
3464 5691 3560 5744 per
3609 5679 3743 5734 alios

2172 5756 2225 5799 ut
2266 5746 2454 5802 tierent
2496 5749 2865 5809 ordinaviurus
2895 5757 3058 5811 etiam
3109 5759 3159 5814 irt
3211 5763 3467 5834 scriptis,
3510 5784 3607 5823 nos
3639 5769 3739 5840 ipsi
