4114 6420
277 373 468 412 LXXXV

281 475 386 530 Dei
422 471 824 538 misericordia,
861 473 968 527 vita
1007 475 1162 528 nobis
1189 476 1502 544 prolongata
1525 515 1540 540 ,
1567 477 1654 531 vel
1699 478 1864 544 majo-

278 583 402 622 rem
435 577 642 636 partcm
671 582 860 622 eorum
897 569 1327 638 complet-imus;
1365 579 1418 624 et
1457 572 1706 638 quamvis
1742 572 1870 626 olim

279 675 390 728 pro
421 663 546 715 dote
597 662 770 726 ipsius
806 661 1028 730 capelle
1057 663 1298 730 quinque
1347 671 1528 731 partes
1567 677 1630 717 cx
1663 663 1876 718 duode-

281 757 396 812 cim
429 755 676 824 partibus
711 754 1048 822 infrascripti
1087 757 1287 810 casalis
1319 766 1374 809 et
1402 765 1552 810 certa
1605 756 1712 810 alia
1750 766 1878 812 tunc.

286 861 550 918 expressa
587 848 730 901 bona
766 847 922 902 dictae
953 846 1168 916 capellre
1201 847 1604 912 donaverimus,
1634 847 1757 902 ideo
1787 849 1874 902 illa

286 940 589 994 donatione
610 949 664 994 et
687 940 1106 1008 quibuscumque
1139 939 1259 992 aliis
1309 939 1680 994 anterioribus
1701 939 1879 994 dona-

290 1031 534 1093 tionibus
566 1041 618 1086 et
651 1031 1031 1086 instrumentis
1058 1031 1350 1092 revocatis.
1385 1031 1528 1086 banc
1563 1031 1880 1099 dispositio-

287 1141 421 1180 nem
459 1135 513 1180 et
535 1125 933 1184 ordinationem
962 1136 1216 1194 tanquam
1258 1122 1602 1180 facundiores
1637 1123 1706 1178 de
1735 1138 1878 1178 noro

293 1219 534 1273 facimus
574 1227 628 1272 et
663 1219 1002 1272 ordinamus.

371 1311 442 1365 Et
476 1312 528 1366 in
589 1313 805 1382 primis,
857 1315 1106 1380 personis
1144 1315 1196 1368 in
1254 1314 1396 1369 dicta
1427 1299 1679 1374 basilica,
1741 1313 1880 1366 sicut

293 1406 613 1474 prmfertur,
648 1404 870 1459 mutatis
900 1413 954 1457 et
996 1404 1246 1472 ampliori
1291 1405 1558 1458 bonorum
1601 1401 1762 1474 15.15:,
1799 1401 1882 1456 fa-
1923 1417 1930 1420 ·

293 1505 504 1560 cunare
531 1505 690 1558 nobis
714 1521 742 1559 a
775 1505 882 1559 οεο
917 1511 1192 1562 concessa,
1229 1505 1450 1566 propter
1484 1512 1643 1566 quam
1681 1498 1882 1550 delibe-

293 1599 546 1652 ravimus
580 1600 776 1654 dictam
807 1599 1068 1668 capellam
1103 1599 1294 1669 majori
1329 1609 1381 1652 ct
1425 1597 1722 1652 fecundiori
1759 1597 1885 1650 dote

298 1707 470 1761 quam
505 1691 653 1761 prius
703 1691 953 1756 i‘ceimus,
992 1693 1203 1758 dotare,
1229 1691 1372 1747 unde
1403 1699 1456 1747 et
1507 1693 1726 1746 Fratres
1756 1689 1882 1744 dicti

295 1785 514 1842 ordinis
543 1783 835 1848 uiuorum,
873 1800 1010 1854 quos
1050 1785 1104 1840 in
1147 1784 1260 1850 ipsa
1306 1784 1510 1851 capella
1539 1784 1676 1838 infra
1723 1784 1884 1838 insti-

299 1881 532 1946 tuimus,
579 1894 644 1934 ex
698 1893 760 1933 ea
810 1887 865 1932 ct
911 1893 1008 1946 pro
1047 1879 1168 1947 ejus
1217 1877 1480 1932 oneribus
1521 1876 1886 1944 infrascriptis

235 2023 238 2025 _
297 1971 746 2028 commoditatem
793 1971 1028 2041 aliquam
1079 1973 1132 2026 in
1177 1981 1496 2042 perpetuum
1547 1970 1884 2039 suscipiant;

297 2069 392 2124 vel
426 2068 472 2123 si
519 2081 625 2136 quo
676 2081 802 2122 casu
853 2065 1144 2134 aliquando
1171 2064 1517 2135 contingeret
1556 2065 1698 2134 quod
1762 2063 1887 2117 dicti

303 2161 538 2216 Fratres
577 2161 644 2212 ab
675 2159 862 2214 eadem
905 2157 1132 2214 basilica
1157 2157 1488 2213 decederent
1519 2171 1748 2226 eamque
1803 2155 1885 2208 di-

305 2254 616 2318 mitterent,
653 2265 717 2307 ae
749 2253 863 2322 ipsa
912 2251 978 2306 ad
1011 2250 1332 2306 clericorum
1380 2249 1712 2324 regularium
1744 2247 1892 2316 regi-

301 2362 438 2404 men
475 2347 848 2410 reduceretur,
881 2353 941 2400 ut
985 2355 1111 2400 tmte
1138 2354 1192 2398 et
1225 2357 1290 2398 eo
1319 2358 1448 2399 casu
1490 2343 1597 2398 duo
1627 2341 1889 2410 capellani

303 2439 366 2494 in
396 2453 460 2494 ea
499 2436 650 2505 juxta
684 2435 1080 2490 ordinationem
1107 2434 1509 2505 infrascriptam
1552 2433 1889 2499 instituendi,

303 2531 552 2584 habeant
583 2531 726 2582 unde
749 2527 1008 2583 decenter
1037 2527 1221 2582 vivere
1249 2536 1302 2581 et
1333 2542 1395 2584 se
1433 2535 1740 2580 sustentare
1768 2538 1894 2593 pos-

305 2625 426 2678 sint
461 2631 514 2679 et
548 2623 784 2688 valeant,
834 2623 1082 2678 volumus
1107 2631 1160 2678 et
1183 2621 1572 2678 deliberavimu
1587 2635 1635 2686 s,
1661 2619 1713 2674 id
1750 2619 1894 2686 quod

307 2719 476 2784 longo
508 2725 749 2784 tempore
799 2731 1010 2771 summe
1055 2713 1518 2778 desideravimus,
1564 2713 1790 2780 exsequi
1839 2721 1897 2767 et

307 2811 568 2884 implere,
615 2808 865 2864 videlicet
897 2809 1068 2876 ipsam
1105 2805 1369 2876 capellam
1424 2807 1583 2862 nobis
1617 2805 1796 2860 adhuc
1843 2807 1894 2858 in

309 2883 572 2957 lnirnanis
606 2901 894 2971 agentibus
947 2899 1280 2956 sufﬁcienter
1317 2914 1416 2975 pro
1462 2897 1900 2955 deservientibus

305 2993 493 3048 cidem
525 2994 714 3048 dotare
747 3007 810 3048 ac
852 2993 1133 3060 calicibus,
1154 2992 1330 3056 libris,
1363 2991 1692 3060 paramentis
1710 3002 1762 3046 et
1780 2991 1900 3046 aliis

309 3085 714 3140 ccclesiasricis
767 3086 1106 3140 ornamentis
1163 3087 1344 3141 divino
1394 3085 1562 3139 cultui
1614 3088 1756 3153 artis
1807 3084 1902 3138 tle-

314 3187 514 3234 center
535 3177 722 3232 fulcire
743 3185 800 3232 et
831 3193 1050 3233 ornare.

394 3271 758 3339 Quapropter,
816 3279 1162 3334 revocantes,
1201 3278 1263 3326 ut
1289 3271 1603 3340 prcedictum
1641 3279 1744 3332 est,
1782 3285 1902 3324 om-

317 3379 423 3420 nes
446 3373 500 3418 et
527 3363 769 3432 singulas
799 3363 1194 3426 ordinationes,
1227 3363 1541 3418 delationes
1581 3373 1634 3416 et
1680 3376 1904 3416 conces-

322 3459 538 3522 siones,
573 3466 772 3525 prmter
801 3456 1184 3524 infrascriptas
1213 3472 1308 3525 per
1333 3471 1430 3510 nos
1465 3455 1610 3510 circa
1639 3447 1820 3510 dotem
1852 3463 1905 3509 et

317 3551 470 3604 bona
508 3561 848 3616 qumcunque
889 3547 1108 3602 mobilia
1140 3559 1191 3602 et
1222 3547 1524 3602 immobilia
1557 3547 1657 3616 ipsi
1687 3546 1908 3614 capella:

317 3641 736 3708 utromodolibet
763 3640 959 3707 factas,
1005 3641 1072 3696 de
1101 3639 1301 3708 quibus
1351 3654 1496 3693 nunc
1523 3647 1578 3693 et
1623 3639 1678 3693 in
1727 3647 1907 3707 poste-

323 3751 448 3789 rum
481 3733 712 3788 ferLisse
749 3747 970 3802 quoquo
1003 3731 1162 3786 modo
1181 3742 1432 3784 constare
1467 3739 1670 3800 posset,
1701 3737 1910 3784 attento

329 3829 636 3898 prmsertim
695 3827 838 3895 quod
892 3825 1054 3880 nobis
1107 3833 1436 3896 potestatem
1495 3823 1620 3878 talia
1676 3824 1812 3876 bona
1857 3825 1908 3878 iu

329 3919 548 3972 utiliora
587 3928 642 3972 ct
691 3917 1055 3972 fructuosiora
1101 3915 1471 3971 commutandi
1519 3915 1600 3968 vel
1637 3914 1910 3969 alienandi

326 4023 548 4076 semper
592 4009 1014 4072 reservavimus,
1055 4008 1140 4060 vel
1191 4007 1381 4060 saltem
1429 4005 1544 4060 bace
1597 4015 1784 4059 nostra
1827 4005 1912 4058 in-

333 4104 504 4158 tentio
537 4101 723 4160 fuerit,
753 4100 1008 4169 quodque
1043 4100 1096 4152 in
1133 4098 1324 4152 melius
1346 4105 1399 4148 ct
1430 4095 1798 4150 abundantius
1819 4109 1915 4164 per

331 4195 430 4249 Dei
461 4193 691 4264 gratiam
735 4191 916 4246 omnia
963 4189 1226 4260 disposita
1269 4196 1324 4242 et
1350 4187 1598 4240 ordinata
1637 4193 1786 4251 sunt,
1840 4197 1918 4240 te-

329 4301 472 4342 nore
497 4285 847 4355 przrsentium
883 4299 948 4338 ex
987 4298 1152 4346 nunc,
1185 4295 1254 4338 ex
1293 4291 1476 4334 nostra
1514 4294 1661 4333 mera
1687 4279 1915 4334 scientia

329 4389 383 4433 et
427 4377 749 4432 liberalitate
769 4389 834 4430 ac
859 4383 1156 4441 spontanee
1202 4371 1500 4436 voluntate,
1531 4371 1596 4424 ad
1635 4371 1916 4432 honorem,

303 4469 562 4538 .gloriam
619 4477 671 4523 et
719 4467 932 4520 Intulerit
981 4464 1371 4530 omnipotentis
1425 4463 1554 4525 Dei,
1619 4460 1680 4515 Β.
1739 4460 1921 4516 Mariae

337 4562 598 4632 Virginis,
631 4559 750 4628 ejus
784 4559 1098 4621 Genitricis,
1130 4557 1234 4613 SS.
1270 4553 1548 4612 Michaelis
1577 4563 1632 4608 et.
1695 4553 1922 4608 Joannis

333 4653 614 4717 Baptistae,
683 4666 746 4706 ac
805 4651 864 4706 S.
933 4651 1222 4720 Eugeniae,
1269 4648 1528 4703 omnibus
1582 4646 1917 4708 melioribus,

335 4745 521 4806 modo,
549 4744 656 4811 via,
693 4741 832 4812 iure,
866 4757 1030 4796 causa
1067 4725 1122 4797 et
1164 4741 1371 4803 forma,
1409 4741 1611 4809 quibus
1645 4738 1838 4793 melius
1869 4746 1920 4791 et

336 4835 612 4893 emcacius
645 4849 932 4905 possumus
979 4845 1033 4888 et
1061 4834 1342 4898 debemus,
1371 4830 1638 4900 capellam
1682 4829 1922 4898 praedic-

339 4942 450 4984 tam
473 4927 934 4996 possessionibus,
968 4927 1126 4980 bonis
1169 4934 1224 4980 et
1257 4923 1420 4980 rebus
1456 4921 1823 4991 iuit-ascriptis
1857 4935 1924 4976 ex

341 5037 486 5078 nunc
515 5029 572 5077 et
629 5021 681 5074 in
739 5028 1053 5088 perpetuum
1077 5017 1374 5083 donamus,
1407 5029 1612 5084 easque
1647 5024 1700 5068 et
1747 5029 1808 5068 ea
1837 5029 1928 5067 ca-

340 5114 493 5183 pellae
521 5112 790 5182 praedictae
820 5111 873 5164 in
907 5112 1086 5164 dotem
1138 5117 1454 5178 perpetuam
1491 5119 1648 5176 pure,
1684 5105 1852 5158 libere
1873 5112 1928 5158 et

340 5201 664 5272 simpliciter
693 5217 760 5258 ex
791 5216 940 5256 nunc
975 5200 1262 5266 donamus,
1299 5197 1679 5253 transierimus
1703 5204 1756 5249 et
1792 5195 1929 5249 assi-

342 5309 596 5364 gnamus.
625 5295 682 5349 lu
718 5293 907 5364 primis
929 5302 1108 5347 autem
1145 5291 1410 5346 donamus
1433 5290 1630 5344 dictam
1667 5287 1928 5354 capellam

343 5395 397 5442 et
429 5387 478 5441 ei
513 5387 566 5440 in
602 5386 781 5441 dotem
817 5391 1128 5454 perpetuam
1163 5384 1369 5446 danms,
1391 5387 1444 5434 et
1465 5395 1690 5434 exnunc
1722 5381 1930 5433 consti-

343 5477 548 5533 tuirnus
581 5487 752 5534 totum
777 5477 1048 5547 integrum
1083 5473 1265 5529 casale
1295 5479 1546 5526 vocatum
1583 5467 1724 5523 delia
1777 5469 1930 5524 Cico-

340 5574 505 5645 guola
538 5589 671 5629 nova
697 5580 752 5627 et
792 5571 909 5642 ejus
935 5579 1108 5624 totum
1161 5579 1217 5624 et
1251 5569 1518 5637 integrum
1549 5565 1924 5630 tenimentum,

345 5664 495 5734 quod
523 5673 738 5720 constat
770 5678 839 5717 ex
872 5659 1152 5716 duodecim
1177 5658 1353 5712 unciis
1395 5654 1783 5728 principalibus
1807 5670 1935 5724 par-

345 5757 494 5811 tibus
539 5755 709 5828 ipsins
739 5754 936 5811 casalis
968 5763 1023 5808 et
1053 5752 1173 5824 ejus
1203 5751 1483 5807 tenimenti
1532 5763 1628 5819 per
1659 5763 1758 5804 nos
1809 5762 1934 5802 suc-

347 5845 558 5902 cessive
587 5846 784 5914 emptis
837 5859 868 5900 a
919 5843 1152 5903 diversis
1203 5840 1472 5912 personis,
1525 5848 1584 5896 ut
1635 5840 1924 5906 sequitur:

1003 362 1302 423 ALOYSII
1339 365 1692 427 B.~\NDINI[
1733 367 2370 435 COMMENTARIUS.
2419 399 2488 410 --
2521 375 2923 438 APPENDIX.

3356 391 3552 433 ικκκγι

1981 478 2220 536 [irruimus
2271 484 2414 538 enim
2455 501 2614 540 unam
2673 489 2886 540 tertiam
2923 495 3128 554 partem
3177 489 3416 558 quinque
3453 507 3558 544 un-

1984 579 2192 630 ciarum
2229 577 2400 648 ipsius
2422 580 2618 634 ca3alis
2645 588 2698 632 et
2736 581 2854 648 ejus
2897 581 3180 634 tcuimenti
3208 597 3236 635 a
3263 583 3374 636 Dua
3425 583 3557 637 Bar-

1979 668 2274 729 tltolomca,
2325 671 2434 724 tilia
2485 673 2758 740 quendam
2817 673 3010 728 Palutii
3063 673 3298 736 Casnte,
3329 683 3386 728 et
3422 675 3560 729 duas

1981 761 2116 814 alias
2149 762 2308 833 145
2341 776 2525 832 partes
2557 767 2872 819 earumdem
2904 765 3142 834 quinque
3183 767 3466 822 unciarum
3491 767 3564 822 ab

1982 857 2207 909 honesta
2239 855 2350 908 Dua
2383 855 2639 924 Jenepra,
2676 857 2868 912 relicta
2901 861 3174 924 quondam
3204 857 3424 912 Thomte
3459 858 3562 913 Ca-

1979 956 2095 1000 sate
2145 947 2210 998 de
2245 945 2454 1010 l-‘mcis,
2494 957 2669 1003 matre
2701 958 2756 1002 et
2784 951 2976 1003 tutrice
3001 949 3256 1005 Mariana:
3283 959 3331 1004 et
3365 949 3568 1006 Cathe-

1981 1038 2136 1103 rinm,
2167 1039 2396 1092 ﬁliarum
2431 1041 2558 1093 dicti
2593 1038 2848 1105 Tboutae;
2905 1057 2966 1096 ac
3009 1050 3143 1099 duas
3177 1045 3311 1097 alias
3369 1047 3564 1099 uncias

1981 1139 2034 1184 ct
2082 1133 2314 1186 mediam
2375 1148 2402 1184 a
2468 1134 2690 1201 prml'ata
2755 1131 3090 1200 Catberina,
3155 1136 3263 1208 tilia
3319 1137 3562 1202 praedicti
3616 1190 3620 1194 .

1985 1221 2231 1286 Tbomm,
2264 1233 2318 1277 et
2361 1220 2694 1295 Hieronymo
2727 1240 2783 1293 q.
2819 1223 3094 1278 Laurentii
3127 1223 3277 1280 Pauli
3323 1226 3564 1296 ejusdem

1983 1315 2292 1370 Calberintc
2319 1316 2539 1380 marito,
2577 1325 2734 1382 prout
2771 1315 2823 1369 in
2861 1317 3034 1371 tribus
3070 1319 3446 1372 instrumentis
3469 1333 3568 1386 pu-

1983 1408 2142 1462 blicis
2191 1408 2425 1477 desttpor
2486 1409 2748 1464 confectis
2797 1419 2850 1464 et
2886 1425 2981 1476 per
3029 1411 3327 1466 discretum
3387 1410 3564 1462 virum

1989 1494 2204 1550 Petrum
2265 1497 2332 1554 de
2398 1497 2638 1562 Millinis,
2687 1499 2958 1553 notarium
2993 1500 3266 1568 publicum
3294 1500 3360 1556 de
3420 1498 3571 1554 Urbe

1987 1588 2331 1658 subscriptis,
2390 1590 2692 1659 respective
2748 1591 2962 1658 pieuius
3037 1592 3370 1645 continetur.
3433 1592 3570 1646 Item

1985 1679 2220 1734 eruimus
2253 1679 2420 1734 etiam
2456 1679 2592 1734 duas
2623 1679 2758 1734 alias
2795 1681 2986 1734 uncias
3012 1692 3060 1736 ct
3089 1681 3324 1736 mediam
3351 1697 3376 1732 a
3399 1679 3572 1734 Fran-

1987 1773 2134 1826 cisco
2180 1769 2404 1824 Abbatis
2451 1767 2678 1822 Joannis
2711 1769 2775 1822 de
2827 1768 3259 1835 Framapauibus
3315 1769 3382 1822 de
3430 1769 3569 1820 Bra-

1989 1863 2207 1927 cbiano,
2235 1861 2430 1913 marito
2462 1860 2618 1914 dicta:
2653 1857 2927 1920 Marinum,
2953 1872 3016 1912 ac
3049 1859 3186 1913 duas
3225 1855 3358 1910 alias
3384 1854 3576 1910 uncias

1990 1956 2058 2010 ab
2088 1956 2316 2009 honesto
2334 1953 2452 2007 viro
2471 1951 2639 2006 Paulo
2661 1953 2724 2006 de
2747 1951 2956 2018 Poscis,
2983 1950 3100 2004 cive
3131 1948 3394 2012 Romano,
3411 1957 3577 2017 prout

1990 2051 2044 2105 in
2071 2053 2279 2106 duobus
2301 2047 2680 2103 instrumentis
2705 2043 2938 2114 publicis
2962 2059 3058 2112 per
3083 2043 3376 2096 discretum
3395 2039 3572 2094 virum

1990 2145 2212 2197 Petrum
2241 2143 2306 2195 de
2334 2139 2692 2209 Caputgallis.
2721 2137 2990 2190 notarium
3025 2134 3296 2204 publicum
3313 2133 3382 2186 de
3401 2131 3573 2196 Urbe,

1993 2235 2338 2304 subscriptis,
2371 2234 2532 2286 etiam
2576 2230 2878 2297 respective
2905 2229 3118 2295 plenius
3151 2227 3481 2282 continetur.
3513 2224 3577 2279 Et

1995 2329 2048 2383 in
2077 2325 2422 2380 venditiones
2453 2324 2738 2392 prmdictas
2788 2337 2817 2375 a
2859 2321 3088 2390 prrfalo
3143 2318 3446 2373 Francisco
3475 2332 3578 2385 pro

1993 2420 2203 2474 duabus
2235 2427 2288 2472 ct
2331 2417 2530 2480 media,
2561 2424 2618 2470 et
2650 2431 2678 2468 a
2733 2415 2894 2469 dic:is
2927 2411 3256 2482 Hieronymo
3286 2418 3339 2464 ct
3377 2409 3578 2463 Catbev

1997 2515 2112 2567 rina
2153 2527 2248 2581 pro
2272 2512 2393 2564 aliis
2425 2510 2632 2562 duabus
2679 2517 2732 2561 ct
2778 2505 2951 2561 media
2986 2505 3162 2558 tutelis
3200 2503 3374 2557 factas
3417 2502 3581 2556 dictat

1996 2603 2242 2674 Jencprae
2275 2617 2337 2656 ac
2359 2602 2624 2655 dictorum
2653 2597 2930 2652 Francisci
2954 2637 2969 2660 ,
2995 2593 3310 2665 llieronymi
3332 2636 3348 2660 ,
3376 2591 3580 2647 Cathe-

1998 2698 2130 2752 rinte
2156 2707 2210 2752 et
2245 2695 2520 2754 Marinum,
2553 2707 2784 2762 quarum
2811 2691 2980 2744 altera
3007 2689 3162 2742 alteri
3190 2690 3240 2742 itt
3267 2687 3422 2742 bouis
3455 2691 3581 2755 post

2000 2799 2228 2844 tnortem
2270 2786 2533 2848 succedit,
2592 2791 2813 2836 nmtuus
2843 2795 3138 2851 expressus
3179 2793 3478 2834 consensus
3523 2785 3581 2834 et

2000 2881 2296 2936 ratiﬁcatio
2327 2887 2698 2940 accesserunt,
2722 2888 2882 2944 prout
2915 2891 2978 2929 ex
3007 2875 3180 2928 tribus
3204 2873 3588 2928 instrumentis

1999 2976 2232 3046 publicis
2263 2974 2499 3042 desuper
2534 2970 2816 3030 confectis,
2841 2977 2896 3022 ct
2921 2983 3016 3036 per
3041 2965 3306 3022 Joannem
3335 2966 3401 3021 de
3419 2965 3584 3021 ilees-

1999 3068 2182 3130 boem,
2215 3073 2338 3118 nota
2351 3064 2488 3117 rium
2517 3062 2792 3132 publicum
2815 3058 3248 3128 iufrascriptum,
3261 3057 3590 3124 subscriptis

2001 3161 2304 3231 respective
2327 3159 2658 3213 continetur.
2694 3156 2760 3210 Et
2818 3157 2883 3209 de
2929 3155 3050 3224 jure
3085 3153 3383 3224 supradicti
3429 3151 3588 3207 Pauli

2005 3257 2071 3310 de
2093 3255 2280 3311 Fuscis
2311 3253 2377 3307 ad
2433 3254 2608 3305 dictas
2635 3251 2768 3302 duas
2805 3250 2994 3302 uncias
3037 3247 3213 3314 nobis,
3255 3255 3314 3299 ut
3361 3244 3588 3314 pra-fer~

2009 3359 2118 3415 tur,
2153 3363 2248 3416 per
2279 3361 2401 3400 eum
2427 3359 2526 3398 ven
2553 3344 2674 3398 litas
2700 3349 2913 3396 coostat
2937 3341 3096 3410 plene
3131 3355 3196 3394 ex
3223 3341 3592 3392 instrumento

2003 3440 2294 3508 emptionis
2320 3437 2624 3492 earumdem
2657 3435 2937 3489 unciaruat
2981 3433 3238 3501 praedic-to
3259 3431 3424 3486 Paulo
3445 3439 3500 3486 et
3527 3447 3584 3497 q.

2007 3535 2172 3590 Pctro
2207 3534 2274 3586 de
2309 3531 2522 3593 Fuscis,
2555 3529 2640 3584 cui
2669 3526 2930 3599 praefatus
2965 3526 3163 3580 Paulus
3193 3527 3248 3579 in
3279 3525 3438 3580 bonis
3463 3539 3590 3578 suc-

2007 3627 2174 3683 ccssit
2229 3640 2326 3694 per
2357 3624 2653 3678 discretqu
2688 3623 2864 3674 virum
2919 3619 3270 3674 Laurentium
3308 3616 3594 3681 Venantii,

2008 3721 2289 3776 notarium
2339 3717 2409 3770 de
2465 3713 2634 3778 Urbe,
2663 3712 2994 3782 subscripta.
3027 3711 3156 3777 Qum
3181 3725 3370 3764 omnes
3419 3712 3598 3766 unciae

2011 3811 2110 3873 sic,
2143 3821 2202 3866 ut
2229 3809 2532 3878 prmiertur,
2559 3822 2654 3874 per
2679 3820 2777 3860 nos
2802 3815 2993 3872 empta:
3015 3804 3354 3858 constituunt
3385 3802 3593 3856 dictum

2011 3901 2194 3957 casale
2227 3901 2278 3952 di
2307 3899 2596 3968 Cicognola
2627 3911 2762 3949 nova
2797 3903 2853 3948 et
2879 3895 3000 3962 ejus
3028 3894 3388 3946 tenimentum
3423 3902 3596 3946 totum

2011 4007 2070 4056 ct
2096 3998 2362 4064 integrum
2391 4007 2488 4062 per
2521 4005 2642 4049 nos.
2679 3999 2736 4042 ut
2767 3986 3111 4056 praemittitur
3134 4025 3150 4050 ,
3183 3985 3234 4038 in
3259 3985 3436 4038 dotem
3468 3997 3596 4052 per-

2013 4100 2230 4160 petuam
2253 4088 2410 4141 dictat
2437 4083 2662 4151 capellae
2681 4082 2890 4133 datum.
2916 4077 3070 4142 Quod
3101 4076 3316 4144 quidem
3341 4073 3519 4128 casale
3538 4083 3594 4128 et

2016 4183 2136 4250 ejus
2173 4180 2530 4234 tenimeuluut
2566 4174 2802 4244 positum
2829 4176 2912 4223 est
2958 4169 3012 4222 in
3073 4167 3348 4221 territorio
3405 4164 3596 4230 Urbis.

2015 4285 2168 4330 extra
2203 4281 2412 4340 portam
2443 4267 2690 4336 Appiam,
2728 4264 2780 4318 iu
2840 4260 3084 4330 partibus
3115 4257 3276 4321 Latii,
3311 4258 3448 4312 inter
3494 4259 3598 4312 bos

2022 4369 2156 4422 ﬁnes
2188 4381 2201 4416 :
2241 4345 2332 4416 cui
2387 4359 2455 4412 ab
2497 4375 2605 4412 uno
2637 4359 2807 4411 latere
2837 4363 2987 4410 tenet
3024 4362 3076 4408 et
3115 4363 3198 4408 est
3245 4353 3600 4410 teuimeutum

2019 4457 2218 4513 casalis
2249 4453 2308 4509 S.
2347 4450 2556 4517 Alcxii;
2587 4451 2654 4505 ab
2691 4449 2796 4503 alio
2826 4446 3182 4500 tenitneutum
3218 4442 3418 4498 casalis
3443 4442 3602 4496 Cico-

2019 4553 2194 4624 guoim
2217 4550 2418 4606 veteris
2448 4547 2552 4613 ;ab
2579 4545 2684 4598 alio
2711 4543 3061 4598 tenimeutum
3093 4538 3290 4594 casalis
3321 4537 3595 4604 Pignotti;

2009 4655 2072 4701 et
2092 4645 2158 4696 ab
2181 4643 2288 4696 alio
2318 4648 2466 4694 tenet
2489 4644 2650 4693 etest
2675 4635 3032 4690 tenimeutum
3065 4629 3265 4685 casalis
3297 4627 3335 4683 S
3375 4625 3600 4682 Joannis

2023 4747 2150 4793 ante
2175 4737 2396 4792 Portam
2431 4730 2676 4786 Latinam
2707 4726 2828 4796 ;vel
2857 4725 2902 4778 si
2949 4723 3038 4791 qui
3067 4722 3176 4778 sint
3207 4731 3300 4775 aut
3332 4735 3456 4775 esse
3477 4735 3602 4788 pos.

2025 4837 2152 4886 sunt
2187 4828 2368 4897 plures
2407 4831 2502 4877 aut
2556 4823 2798 4875 veriores
2834 4815 3078 4870 conﬁnes
3113 4811 3321 4881 antiqui
3367 4821 3427 4866 et
3484 4826 3604 4865 tuo-

2024 4920 2179 4974 derni
2241 4917 2306 4972 ad
2361 4913 2640 4984 pra'fatum
2672 4909 2852 4964 casale
2909 4907 2976 4960 de
3015 4904 3307 4970 Cicognola
3337 4917 3496 4968 nova,
3549 4911 3603 4956 et

2025 5013 2144 5080 ejus
2177 5011 2535 5063 tcuirnentum
2571 5003 2901 5070 spectantes,
2941 5005 3048 5050 tam
3083 4995 3147 5048 de
3173 4993 3298 5061 jure
3341 5006 3504 5060 quam
3537 4993 3605 5044 de

2026 5079 2442 5159 consuetmliuc,
2480 5107 2602 5146 cum
2627 5089 2882 5142 omnibus
2913 5095 2968 5139 et
2999 5084 3224 5154 singulis
3252 5079 3606 5146 terriscultis,

2029 5181 2962 5257 iucultis,p~ratis,prataritiis.paseu
2985 5175 3428 5239 iriis,montibus,
3451 5171 3608 5227 colli-

2030 5289 2149 5350 bus,
2169 5281 2456 5350 stirpartis.
2493 5277 2669 5346 aquis,
2694 5272 2854 5346 15.6
2887 5269 3124 5324 fontibus
3153 5277 3206 5322 et
3232 5281 3492 5334 aquarum
3513 5263 3609 5318 dc-

2029 5376 2278 5434 cttrsibus
2297 5367 2843 5438 cmlcrisquejuribus
2876 5373 2930 5416 ct
2955 5358 3294 5432 pertineatiis
3319 5353 3606 5408 universis.

2100 5467 2117 5520 l
2145 5481 2230 5520 cm
2264 5462 2516 5518 similiter
2553 5460 2607 5512 iu
2638 5457 2819 5510 dotem
2870 5461 3186 5520 perpetuam
3217 5461 3284 5500 ex
3338 5457 3480 5496 nunc
3510 5442 3608 5496 do-

2030 5572 2226 5615 namus
2253 5564 2300 5610 el
2349 5551 2730 5609 constituimus
2767 5545 2921 5600 dictae
2953 5540 3172 5610 capellze
3189 5535 3496 5607 quamdam
3531 5533 3615 5588 vi-

2033 5665 2190 5709 ncam
2231 5657 2436 5717 septem
2469 5642 2739 5712 petiarum
2777 5636 2898 5705 plus
2926 5633 3010 5687 vel
3059 5631 3241 5694 minus
3270 5635 3472 5698 quanta
3507 5635 3614 5693 est,

2037 5743 2292 5798 videlicet
2343 5737 2533 5792 vitium
2593 5742 2648 5788 et
2701 5728 2960 5784 arborum
3015 5723 3183 5794 ipsius
3241 5735 3362 5776 cum
3415 5733 3616 5782 vasca,

2041 5833 2262 5900 vascali,
2304 5829 2437 5896 tino,
2467 5825 2632 5882 statio
2666 5833 2719 5880 et
2749 5825 2916 5894 puteo
2951 5814 3092 5874 intra
3138 5829 3218 5884 se,
3248 5819 3302 5870 et
3337 5811 3456 5867 aliis
3488 5809 3612 5877 ejus
