4114 6460
507 408 730 453 ΙΙΧῪΧῊΙ

509 506 726 572 ξιιττιιηε
773 510 828 558 et
876 503 1261 570 pertinentiis;
1311 516 1475 569 quam
1518 503 1734 554 vineam
1784 500 2019 553 emimus
2069 512 2096 550 a

519 581 630 650 lina
660 596 822 659 Cilla,
851 595 955 650 lilia
987 597 1254 662 quondam
1303 595 1544 661 magistri
1597 592 1828 648 Joannis
1855 590 1895 643 Β
1915 589 2098 645 orberii

517 689 586 744 de
618 689 838 758 regione
861 687 1066 750 Pontis.
1101 697 1229 742 tunc
1259 701 1429 741 uxore
1451 685 1684 740 Nannini
1716 679 2100 737 Bartltolotnmi

517 780 584 834 de
636 780 872 836 Chechis
927 781 993 834 de
1039 779 1303 844 Bononia,
1356 794 1482 834 cum
1528 793 1800 834 consensu
1856 774 2100 844 ejusdem

513 872 779 936 Nannini,
811 883 969 941 prout
1001 873 1054 926 in
1088 872 1454 927 instrumento
1503 872 1736 943 desuper
1762 868 2020 923 conlecto
2048 873 2105 920 et

518 977 616 1032 per
665 961 890 1017 Paulum
923 961 1150 1017 Joannis
1209 962 1428 1016 Antonii
1477 962 1544 1015 de
1577 958 1884 1028 Capit-ibus,
1941 965 2102 1010 nota-

515 1054 652 1106 rium
688 1053 1018 1123 imperialem
1056 1055 1123 1108 de
1146 1053 1312 1117 Urbe,
1350 1053 1678 1121 sultscripto,
1723 1051 1937 1122 plenius
1971 1063 2106 1104 cou-

521 1145 746 1198 tinctur.
789 1144 856 1198 Et
879 1159 999 1212 quae
1027 1145 1185 1199 vinea
1213 1145 1390 1215 posita
1429 1153 1514 1199 est
1536 1143 1675 1198 infra
1703 1144 1903 1198 muenia
1931 1141 2103 1204 urbis,

518 1238 576 1291 in
605 1237 726 1291 loco
782 1236 876 1307 qui
911 1238 1115 1292 dicitur
1139 1235 1200 1292 S.
1249 1237 1472 1292 Cmsarii
1536 1238 1589 1291 in
1622 1236 1808 1300 Turri,
1842 1235 1942 1291 sub
1979 1247 2108 1303 pro-

521 1331 753 1398 prietate
782 1329 1029 1400 ejusdem
1063 1331 1376 1385 monasterii
1437 1329 1495 1384 S.
1528 1329 1748 1383 Caesarii
1778 1329 1842 1381 ad
1875 1341 2105 1395 respon-

521 1422 760 1477 dendum
815 1425 990 1478 eidem
1041 1424 1204 1478 anuis
1244 1425 1477 1492 singulis
1515 1433 1756 1491 tempore
1805 1420 2107 1475 vindemia-

523 1528 642 1567 rum
677 1516 814 1569 duas
839 1515 1135 1570 cabaltatas
1155 1531 1278 1570 cum
1308 1515 1529 1570 dimidia
1559 1515 1721 1570 muSti
1745 1514 1930 1568 mundi
1961 1514 2106 1582 quod

525 1608 831 1662 excreverit
856 1622 926 1662 ex
958 1607 1103 1662 dicta
1133 1608 1312 1673 vinea,
1335 1619 1386 1662 et
1418 1624 1578 1662 uuam
1605 1617 1855 1677 quartam
1881 1621 2106 1660 uvarum

529 1713 680 1753 more
707 1699 952 1754 Romano
983 1700 1128 1755 inter
1155 1700 1252 1754 hos
1281 1699 1452 1766 ﬁnes;
1493 1702 1580 1755 cui
1608 1702 1676 1756 ab
1699 1716 1806 1754 uno
1837 1701 2005 1754 latere
2024 1705 2108 1752 est

528 1792 735 1843 dictum
770 1794 1205 1859 monasterium;
1246 1803 1373 1847 ante
1421 1803 1503 1847 est
1543 1799 1716 1848 strata
1763 1791 2010 1861 publica;
2047 1789 2113 1843 ab

532 1884 640 1938 alio
672 1884 842 1938 latere
893 1895 1034 1939 tenet
1083 1892 1136 1940 et
1187 1895 1313 1939 sunt
1352 1901 1437 1940 res
1484 1886 1760 1940 societatis
1797 1884 2114 1940 Fraticello-

536 1992 656 2032 rum
718 1979 858 2035 tertii
919 1978 1126 2032 ordinis
1174 1977 1232 2033 S.
1277 1978 1538 2033 Domittici
1569 1979 1636 2033 dc
1671 1987 1853 2034 monte
1897 1977 2117 2047 Magna-

537 2073 754 2141 uapoli;
804 2073 872 2126 ab
901 2074 1008 2126 alio
1058 2073 1226 2126 latere
1262 2081 1410 2128 tenet
1437 2081 1491 2127 et
1538 2081 1668 2127 sunt
1715 2087 1800 2126 res
1836 2072 2115 2126 Thomasii

533 2165 599 2216 de
621 2162 900 2216 Cesarinis
921 2163 1034 2228 ;vel
1061 2162 1106 2216 si
1139 2163 1231 2234 qui
1260 2173 1389 2217 sunt
1409 2171 1503 2216 aut
1531 2176 1654 2218 esse
1680 2171 1905 2232 possunt
1931 2162 2118 2229 plures

531 2255 880 2312 autveriores
909 2258 1155 2310 contines
1179 2256 1387 2324 antiqui
1429 2255 1517 2311 vel
1551 2254 1797 2311 moderni
1829 2254 1896 2309 ad
1916 2253 2115 2307 dictam

532 2348 745 2404 vincam
805 2357 1116 2418 spectantes
1180 2364 1277 2403 seu
1333 2350 1668 2420 pertinentes
1721 2359 1826 2402 tam
1893 2349 1960 2402 de
1995 2347 2120 2417 jure

537 2457 697 2512 quam
727 2447 793 2497 de
835 2443 1271 2506 consuetudine;
1312 2458 1437 2497 cum
1483 2443 1742 2498 omnibus
1785 2451 1843 2497 et
1889 2441 2119 2509 singulis

532 2535 868 2600 iutroitibus,
914 2533 1175 2600 exitibus,
1213 2533 1435 2602 usibus,
1487 2534 1844 2598 utilitatibus,
1879 2532 2118 2602 juribus,

534 2633 882 2703 pertinentiis
930 2631 1134 2686 casalis
1188 2640 1244 2686 et
1295 2632 1380 2686 sui
1409 2630 1692 2686 tenimeuti
1730 2631 1795 2684 de
1823 2627 2120 2697 Cicognola

537 2741 698 2789 nova,
732 2727 967 2780 etviuca
1018 2723 1485 2793 supradictorum,
1527 2737 1624 2777 seu
1672 2722 1896 2776 alterius
1927 2734 2120 2775 eorum

537 2821 606 2876 ad
636 2834 699 2874 ea
743 2818 925 2874 omnia
980 2825 1040 2874 et
1083 2816 1297 2886 singula
1338 2832 1368 2870 a
1401 2816 1664 2870 fratribus
1693 2816 1848 2870 dictae
1884 2813 2122 2868 basilica:

539 2928 640 2983 per
683 2926 872 2966 eorum
909 2919 1301 2980 procuratores
1346 2924 1440 2963 seu
1477 2908 1756 2978 syndicos,
1809 2916 1862 2961 et
1909 2906 1962 2960 in
2000 2920 2121 2960 eam

542 3002 1031 3066 reintroductiouis
1071 3000 1395 3071 pradictma
1424 3001 1636 3055 duobus
1661 2999 1958 3070 cnpellanis
1995 3007 2125 3053 tunc

542 3113 642 3171 pro
668 3109 934 3167 tempore,
965 3105 1029 3150 ut
1065 3094 1373 3165 prtelertur,
1400 3094 1686 3164 eligendis,
1715 3092 1767 3146 lu
1801 3101 2122 3162 perpetuum

545 3191 878 3252 habenulam,
912 3186 1229 3251 tenendum,
1279 3186 1694 3255 possidendum,
1741 3182 2122 3246 laborandum,

542 3281 1011 3344 fructilicandum,
1041 3276 1576 3342 administrandum;
1637 3276 1847 3330 fructus
1887 3290 2121 3344 quoque,

540 3377 751 3433 reditus
785 3381 841 3429 et
879 3377 1176 3442 preventus
1223 3384 1410 3424 eorum
1460 3367 1746 3422 levandum
1791 3377 1846 3422 et
1890 3383 1920 3422 a
1965 3367 2124 3422 dictis

542 3469 827 3525 Fratribus
859 3466 912 3522 iu
941 3479 1101 3520 usum
1148 3463 1229 3518 eis
1255 3478 1286 3517 a
1323 3461 1454 3517 sede
1482 3459 1775 3530 apostolica
1816 3459 2128 3529 permitten-

543 3563 642 3616 dos
669 3566 725 3615 et
747 3555 1123 3613 concedendos
1141 3571 1156 3617 ;
1177 3553 1246 3608 ab
1265 3553 1399 3624 ipsis
1427 3565 1559 3607 vero
1587 3551 1802 3606 duobus
1827 3550 2126 3619 capellanis

545 3654 603 3704 in
633 3663 820 3704 casam
878 3645 1198 3715 prmdlctum
1255 3641 1309 3696 in
1369 3641 1621 3713 proprios
1671 3642 1929 3695 honestos
1993 3654 2129 3694 usus

545 3739 868 3808 simpliciter
891 3733 1319 3791 convertendqu
1373 3747 1503 3790 etse
1534 3749 1599 3787 ex
1625 3732 1732 3786 illis
1765 3739 2129 3786 mauuteuen-

547 3834 674 3888 dum
700 3840 754 3886 et
783 3827 1221 3892 sustentandum.
1253 3825 1320 3880 Et
1363 3841 1462 3896 pro
1508 3824 1804 3895 praemissis
1849 3825 2129 3880 renuntia-

551 3940 672 3980 mus
703 3933 758 3979 et
803 3923 1045 3995 pleuarie
1095 3921 1480 3976 transierimus
1522 3934 1589 3976 ex
1624 3934 1773 3976 nunc
1828 3919 1882 3974 in
1929 3921 2130 3976 dictam

544 4019 807 4090 capellam
833 4031 900 4071 ac
935 4013 1154 4070 Fratres
1208 4014 1537 4084 praedictos;
1571 4023 1626 4068 et
1673 4012 1728 4067 iu
1763 4027 1950 4067 casum
1979 4015 2134 4067 rein-

545 4110 907 4168 troductiouis
933 4107 1205 4180 prtedictte
1235 4107 1373 4163 duos
1410 4107 1724 4177 capellauus
1753 4122 1853 4178 pro
1893 4115 2135 4178 tempore

544 4206 846 4276 eligendos,
870 4202 1052 4258 omnia
1083 4210 1135 4255 et
1178 4199 1393 4270 singula
1423 4199 1572 4269 jura,
1592 4201 1834 4266 nomina,
1865 4200 2131 4266 actiones,

548 4298 790 4352 rationes
818 4293 993 4351 realcs
1023 4302 1076 4347 et
1103 4291 1441 4362 persouales,
1485 4291 1666 4354 utiles,
1709 4289 1968 4354 directas,
2009 4291 2136 4345 taci-

551 4400 662 4454 tas,
692 4401 1002 4456 expressas,
1023 4385 1466 4454 hypotlterarias,
1487 4383 1898 4453 pignoraticias,
1918 4383 2131 4449 mistas,

552 4481 760 4548 civiles,
793 4477 1078 4549 praetorias
1111 4475 1164 4529 in
1200 4491 1314 4530 rem
1361 4473 1519 4546 147
1553 4475 1785 4545 scriptas
1815 4485 1869 4530 et
1901 4475 2134 4531 omcium

553 4570 777 4643 judicis,
815 4583 880 4624 ac
902 4568 1187 4633 interesse,
1221 4581 1362 4635 quae,
1391 4582 1532 4636 quas
1556 4575 1610 4621 et
1643 4568 1786 4636 quod
1823 4566 1879 4620 in
1897 4578 1950 4623 et
1971 4581 2137 4633 super

551 4663 721 4720 casali
755 4670 812 4716 et
835 4659 952 4730 ejus
989 4656 1388 4713 teuimento.de
1415 4659 1710 4728 Cicoguola
1747 4674 1883 4713 nova
1925 4660 2137 4729 integro

554 4771 624 4813 ac
669 4754 832 4810 vinea
885 4751 1229 4824 supradicta,
1280 4751 1549 4818 nobisque
1604 4751 1656 4805 in
1698 4753 1778 4806 eis
1821 4761 1878 4806 et
1930 4753 1996 4806 ad
2044 4768 2140 4807 eas

555 4855 864 4919 competere
913 4853 1212 4916 potuerunt
1252 4858 1400 4898 nunc
1428 4851 1483 4897 et
1519 4844 1928 4913 quomodolibet
1968 4843 2021 4897 in
2057 4844 2142 4899 fu-

557 4954 616 4995 tu
626 4955 769 4993 rum.

628 5032 856 5102 Insuper
883 5033 1148 5088 donamus
1169 5045 1237 5086 ex
1265 5043 1410 5086 nunc
1434 5029 1754 5100 simpliciter
1783 5039 1836 5085 et
1870 5028 1920 5084 in
1949 5043 2144 5101 perpe-

561 5138 712 5182 tuum
745 5124 967 5195 capellae
995 5122 1321 5192 supradicta:
1354 5121 1700 5192 paranteuta,
1729 5121 1952 5192 jocalia,
1987 5138 2072 5179 res
2089 5131 2145 5178 ct

562 5222 702 5275 bona
754 5216 1155 5287 intrascripta:
1207 5215 1478 5282 videlicet,
1546 5230 1713 5269 unum
1760 5227 2139 5285 paramentqu

562 5327 660 5383 pro
687 5311 1008 5382 quotidiauo
1043 5309 1290 5371 servitio.
1330 5309 1532 5366 coloris
1576 5310 1710 5374 albi,
1741 5310 1809 5366 de
1842 5311 2011 5381 drapo
2055 5315 2148 5365 da-

565 5408 849 5477 tuasciuo;
887 5409 1014 5463 item
1047 5422 1213 5462 unum
1255 5406 1403 5461 aliud
1443 5405 1640 5462 coloris
1698 5405 1856 5470 bisei,
1896 5405 2151 5466 similiter

563 5501 633 5557 de
653 5501 974 5556 damascino
1005 5499 1188 5571 plano,
1220 5509 1274 5554 et
1295 5498 1483 5563 stolas,
1510 5498 1782 5569 manipula
1803 5509 1857 5554 et
1877 5499 2150 5565 camiscs;

569 5594 694 5649 item
719 5588 974 5664 plumalia
1011 5593 1139 5660 tria,
1166 5591 1331 5649 videi.
1372 5592 1550 5648 album
1599 5593 1882 5648 bracatqu
1916 5593 1986 5647 de
2018 5608 2152 5648 auro

567 5691 624 5736 et
656 5681 822 5737 alium
863 5684 1252 5754 pavonatgium
1287 5682 1356 5737 de
1401 5683 1721 5738 damascino
1761 5683 1996 5753 simplici
2027 5699 2149 5736 (um

571 5776 738 5830 armis
769 5777 996 5841 nostris,
1022 5785 1078 5832 et
1107 5775 1380 5847 quoddam
1417 5775 1559 5832 aliud
1595 5777 1808 5848 nigrum
1839 5780 1904 5832 de
1939 5777 2153 5831 damas-

574 5869 725 5938 cino,
755 5870 938 5928 omnia
974 5885 1097 5930 cum
1134 5869 1377 5944 pulchris
1397 5870 1580 5944 frigiis
1602 5889 1615 5940 ;
1659 5872 1788 5928 item
1844 5885 2006 5929 uuam
2039 5870 2156 5942 pta-

1375 391 1477 452 DE
1519 391 1698 452 \‘lTA
1881 387 2132 450 ΗΕΒυὲ
2170 335 2440 449 CES’i‘lS
2499 387 2998 450 BESSARTONIS

3557 388 3664 432 ιιι
3673 389 3699 428 Χ
3706 387 3801 430 νιιι

2210 510 2388 553 uetant
2425 500 2492 555 de
2523 501 2843 556 damascino
2876 493 3196 568 pavonatgio
3221 508 3343 551 cum
3363 491 3527 565 Trigio
3557 492 3624 548 de
3647 491 3806 547 t'nleis

2215 592 2408 646 aureis
2462 593 2802 658 recantatis;
2864 593 2991 646 item
3042 604 3209 644 unum
3266 587 3490 642 calicem
3541 599 3802 652 magnum

2204 692 2259 735 et
2291 697 2452 735 unam
2485 691 2732 750 patenum
2767 694 3047 751 magnam;
3089 681 3216 733 item
3244 693 3413 731 unum
3465 676 3628 729 alium
3662 674 3803 727 cali—

2206 789 2323 828 cem
2352 776 2618 830 minorem
2645 786 2699 830 et
2724 791 2885 830 unam
2913 785 3164 846 patenam
3198 774 3464 827 minorem
3509 767 3803 841 argenteos

2213 866 2559 934 deauratos;
2621 868 2746 921 item
2805 867 3067 936 ampullas
3115 877 3401 937 argenteas
3455 865 3626 931 duas;
3669 861 3804 915 item

2209 977 2423 1018 crucem
2483 978 2649 1018 unam
2706 961 2991 1032 pulchram
3047 969 3101 1015 et
3147 974 3398 1027 magnam
3453 965 3807 1025 argenteam;

2215 1058 2342 1112 item
2393 1057 2578 1111 thecas
2601 1055 2966 1125 corporalium
3007 1053 3164 1119 duas,
3187 1067 3349 1106 unam
3388 1051 3564 1120 inqua
3591 1058 3674 1104 est
3705 1064 3809 1102 no-

2214 1165 2333 1204 men
2365 1150 2491 1205 Jesu
2526 1165 2648 1204 cum
2680 1149 2871 1219 periis,
2904 1158 2958 1202 et
2983 1147 3143 1201 aliam
3180 1148 3247 1200 de
3284 1145 3464 1199 veluto
3483 1143 3650 1198 rubeo
3675 1156 3805 1196 cum

2216 1242 2598 1314 corporalibus
2639 1244 2789 1310 suis;
2823 1243 2948 1296 item
2977 1239 3352 1310 superpellicia
3381 1245 3644 1308 quatuor;
3670 1234 3804 1286 item

2212 1338 2277 1391 de
2308 1336 2571 1404 paniculis
2597 1335 2839 1405 pulchris
2862 1335 3072 1388 ornatis
3105 1333 3280 1388 serico
3303 1346 3402 1399 pro
3439 1325 3811 1398 cooperiendo

2215 1430 2381 1484 calice
2404 1429 2572 1492 duos;
2603 1430 2730 1482 item
2762 1428 2994 1482 tohalias
3025 1424 3258 1492 majores
3287 1423 3351 1478 ad
3376 1420 3809 1489 cooperieudum

2214 1524 2386 1577 altare
2435 1522 2689 1590 pulchras
2731 1521 2954 1586 decem;
3016 1521 3144 1573 item
3214 1526 3453 1588 tapetum
3501 1515 3698 1568 bonum
3735 1513 3814 1564 ad

2216 1615 2522 1687 ponendum
2557 1625 2682 1669 ante
2715 1615 2916 1676 altare;
2939 1614 3067 1667 item
3103 1627 3268 1665 unum
3301 1609 3517 1664 missale
3547 1617 3812 1672 magnum

2216 1718 2267 1763 et
2286 1709 2481 1762 bonum
2500 1722 2515 1772 ;
2537 1708 2661 1761 item
2687 1721 2854 1759 unum
2883 1704 3205 1759 breviarium
3233 1716 3484 1771 magnum
3509 1699 3812 1763 etbonum,

2217 1810 2535 1870 coopertum
2571 1799 2774 1854 tabulis
2812 1807 2866 1853 et
2895 1799 3046 1853 corio
3078 1797 3247 1853 rubro
3279 1797 3505 1864 antiquo
3528 1808 3646 1848 cum
3668 1807 3820 1861 qua-

2222 1903 2345 1951 tuor
2401 1895 2811 1959 seramiuibus;
2863 1891 2995 1946 item
3047 1906 3216 1945 unum
3259 1888 3473 1942 dossale
3512 1899 3605 1941 seu
3642 1898 3816 1952 para-

2221 1997 2471 2044 mentum
2503 2005 2604 2059 pro
2632 1990 2786 2044 altari
2814 1987 3056 2058 ejusdem
3090 1985 3310 2053 capella:
3337 1983 3402 2035 de
3433 1980 3617 2035 veluto
3641 1978 3820 2032 rulteo

2225 2084 2455 2156 ﬁgurato
2477 2085 2707 2140 ﬂoribus
2739 2099 2835 2140 seu
2887 2083 3075 2151 ﬁguris
3109 2081 3446 2136 diversorum
3475 2077 3821 2138 colorum,et

2222 2179 2579 2233 subornatum
2607 2176 2964 2232 circumcirca
3005 2178 3212 2230 sultcna
3246 2171 3542 2228 damascini
3578 2168 3816 2233 viridis;

2224 2271 2348 2324 item
2391 2268 2534 2322 aliud
2573 2269 2789 2323 dossale
2839 2269 2904 2321 de
2959 2265 3274 2321 damasciuo
3327 2262 3501 2316 rubeo
3555 2259 3818 2326 figurato,

2227 2363 2580 2416 subornatum
2619 2361 2973 2414 circumcirca
3012 2358 3214 2412 snbena
3257 2351 3556 2408 damasciui
3587 2349 3820 2412 viridis;

2229 2457 2358 2510 item
2397 2471 2563 2507 unum
2622 2452 2766 2506 aliud
2801 2451 3020 2506 dussale
3065 2467 3165 2520 pro
3194 2446 3512 2516 quotidiana
3542 2460 3641 2498 usu
3669 2441 3821 2510 ejus-

2225 2548 2345 2601 dem
2389 2547 2610 2616 capellm
2643 2548 2705 2600 de
2735 2546 2909 2602 serico
2940 2543 3143 2600 coloris
3172 2541 3320 2596 ruhei
3367 2541 3649 2608 ﬁguratum
3688 2549 3818 2588 cum

2228 2637 2588 2692 l’oliiS'aureis
2618 2637 2934 2703 antiquum;
2970 2637 3096 2690 item
3129 2649 3290 2688 unam
3319 2631 3610 2700 plauetam,
3646 2642 3815 2682 uuam

2227 2729 2540 2784 tunicellam
2592 2744 2690 2796 pro
2733 2729 3088 2792 subdiacono,
3136 2740 3298 2778 uuam
3327 2723 3672 2777 dahnaticam
3710 2733 3817 2788 pro

2229 2817 2456 2878 diacono
2479 2823 2544 2876 de
2573 2822 2741 2892 drapo
2763 2819 3079 2876 damascino
3105 2817 3226 2872 alho
3246 2816 3312 2870 de
3337 2831 3468 2868 auro
3493 2830 3615 2869 cum
3639 2810 3818 2886 l‘rigiis

2227 2916 2452 2988 quadris
2500 2924 2556 2970 et
2605 2915 2835 2969 manicis
2870 2911 3168 2983 pretiosis;
3198 2911 3324 2964 item
3361 2907 3530 2962 stolas
3577 2905 3712 2959 duas
3762 2911 3823 2959 et

2227 3006 2537 3075 manipulos
2568 3012 2677 3060 tres
2706 3006 2772 3059 de
2801 3003 2991 3058 eadem
3013 3003 3183 3072 drapo
3203 3004 3268 3055 de
3300 3013 3463 3063 auro;
3494 2997 3620 3051 item
3647 3008 3819 3048 unum

2228 3099 2488 3155 vexillum
2514 3112 2612 3166 pro
2637 3111 2800 3151 cruce
2829 3097 2895 3150 de
2925 3095 3242 3151 damascino
3281 3093 3404 3147 allio
3443 3092 3510 3146 de
3538 3105 3672 3144 auro
3693 3104 3814 3142 cum

2228 3209 2335 3249 ttna
2360 3195 2499 3264 pelia
2525 3201 2789 3248 recamata
2821 3193 2886 3246 de
2918 3191 3083 3262 ﬁgura
3121 3188 3178 3242 S.
3213 3185 3460 3254 Georgii;
3489 3185 3616 3238 item
3648 3196 3819 3237 unum

2230 3283 2574 3338 tlturibulutn
2625 3290 2943 3352 argenteum
2985 3281 3244 3350 ponderis
3289 3278 3551 3331 librarum
3587 3275 3819 3330 duarum

2230 3377 2519 3430 unciarum
2561 3386 2801 3444 septem;
2832 3374 2964 3429 item
3000 3377 3135 3428 duas
3169 3371 3399 3426 toltalias
3427 3370 3600 3424 bonas
3629 3367 3824 3437 longas

2230 3469 2508 3524 laboratas
2543 3469 2718 3523 serico
2749 3483 2847 3538 pro
2866 3465 3230 3536 cooperientlo
3265 3464 3430 3533 legio.

2305 3560 2592 3615 Postremo
2625 3561 2822 3615 damus
2866 3560 3042 3615 eidem
3084 3557 3306 3626 capellae
3345 3570 3410 3610 ex
3453 3567 3598 3608 nunc
3650 3553 3820 3606 duna-

2234 3655 2383 3708 tioue
2415 3669 2537 3723 quae
2591 3653 2650 3708 lit
2695 3653 2839 3706 inter
2876 3653 3029 3708 vivos
3061 3653 3199 3705 bona
3250 3648 3595 3718 iut'rascripta
3657 3646 3822 3719 148

2233 3759 2462 3815 quorum
2504 3759 2662 3798 usum
2715 3743 2872 3798 nobis
2903 3755 3251 3797 reservamus
3299 3754 3588 3810 quousque
3615 3738 3822 3793 vixeri-

2234 3853 2380 3901 mus,
2411 3835 2698 3891 videlicet:
2725 3837 2776 3888 in
2815 3835 3007 3906 primis
3033 3835 3298 3888 donamus
3320 3834 3458 3887 inter
3485 3832 3636 3886 vivos
3661 3831 3824 3884 dicta:

2233 3930 2449 4001 capellze
2467 3930 2784 3985 naviccllam
2813 3938 2868 3983 et
2888 3943 2983 3981 vas
3012 3936 3324 3994 argenteum
3354 3941 3450 3995 pro
3479 3939 3617 3994 aqua
3655 3924 3824 3977 bene-

2237 4025 2380 4095 dicta
2409 4038 2532 4078 cum
2569 4037 2667 4076 suo
2702 4021 3058 4092 aspersorio;
3099 4021 3226 4075 item
3271 4019 3374 4073 duo
3409 4015 3734 4073 candelabra
3754 4013 3823 4066 de

2239 4113 2446 4184 capella
2491 4122 2674 4168 nostra
2723 4127 2846 4166 cum
2888 4111 3055 4166 armis
3095 4111 3318 4172 nostris.
3361 4108 3558 4178 quibus
3615 4105 3823 4160 utimur

2239 4206 2294 4261 in
2318 4207 2506 4260 eadem
2533 4207 2695 4272 ;item
2725 4220 2960 4274 pannum
2989 4205 3055 4260 de
3090 4205 3275 4259 veluto
3300 4200 3689 4266 Alexandrino,
3719 4213 3828 4266 quo

2238 4299 2446 4354 utimur
2475 4298 2526 4352 in
2557 4296 2761 4366 capella
2789 4305 2972 4350 nostra
3024 4305 3154 4350 ante
3184 4294 3378 4362 altare,
3409 4302 3463 4347 et
3499 4291 3826 4361 superpelli-

2242 4406 2428 4455 ceum;
2468 4389 2597 4443 item
2636 4389 2744 4442 duo
2774 4386 3018 4443 bancalia
3068 4388 3137 4443 de
3181 4401 3362 4458 panno
3395 4385 3463 4440 de
3496 4384 3668 4454 ratgia
3705 4398 3828 4453 qua:

2250 4482 2458 4538 habent
2488 4479 2592 4536 SS.
2641 4481 2958 4549 Apostolos,
2981 4488 3035 4534 et
3075 4478 3210 4534 alios
3257 4490 3493 4547 quatuor
3529 4491 3736 4548 pannos
3763 4476 3832 4531 de

2253 4572 2425 4642 ratgia
2463 4586 2675 4642 parvos,
2701 4586 2932 4641 quorum
2953 4579 3064 4626 tres
3092 4569 3295 4625 habent
3320 4567 3831 4628 Annuntiationem,

2241 4674 2472 4734 quartus
2505 4678 2636 4716 vero
2672 4663 3044 4728 Crucitixum;
3079 4661 3206 4714 item
3255 4669 3468 4729 tapetos
3505 4669 3651 4725 tres;
3698 4657 3831 4712 item

2243 4760 2354 4814 duo
2383 4756 2706 4812 candelabra
2749 4770 2941 4823 magna
2994 4753 3203 4819 ferrea;
3241 4754 3369 4807 item
3421 4754 3526 4808 duo
3568 4752 3670 4805 alia
3706 4766 3835 4805 can-

2245 4853 2464 4910 delabra
2501 4850 2705 4920 majora
2735 4857 2788 4903 et
2816 4848 3061 4920 longiora
3088 4849 3152 4902 de
3184 4856 3435 4917 argento;
3471 4846 3608 4901 duos
3637 4844 3835 4900 calices

2247 4958 2304 5002 et
2363 4945 2503 5000 duas
2559 4952 2806 5013 patenas,
2840 4957 3072 5011 quorum
3137 4942 3311 5009 major
3369 4940 3633 5008 ponderat
3667 4938 3837 4991 libras

2248 5039 2423 5103 duas;
2469 5035 2712 5104 planetas
2752 5046 3013 5102 quatuor,
3057 5032 3308 5088 videlicet
3354 5046 3519 5084 unam
3559 5030 3739 5084 albam
3767 5029 3836 5082 de

2251 5128 2569 5186 damascino
2610 5125 2868 5196 simplici,
2921 5125 3079 5178 aliam
3114 5123 3487 5194 pavouatziam
3520 5121 3588 5176 de
3616 5125 3838 5174 damas-

2251 5223 2375 5278 ciuo
2416 5217 2649 5287 simplici
2682 5236 2695 5283 ;
2730 5217 2890 5269 aliam
2924 5216 3142 5270 celestri
3190 5215 3308 5284 (sic)
3346 5215 3545 5268 coloris
3583 5217 3648 5267 de
3687 5222 3836 5277 seta;

2251 5316 2412 5370 aliam
2442 5315 2507 5366 de
2538 5321 2651 5367 seta
2684 5310 2881 5366 coloris
2912 5310 3045 5364 varii
3077 5323 3200 5363 cum
3251 5307 3505 5372 ﬂoribus;
3535 5307 3686 5361 alhas
3705 5306 3839 5360 duas

2251 5422 2377 5463 cum
2411 5407 2567 5461 stolis
2598 5414 2652 5460 et
2685 5402 2978 5473 manipulis
3011 5403 3168 5469 suis;
3223 5401 3484 5472 plumalia
3512 5402 3638 5464 duo,
3666 5412 3836 5452 unum

2253 5503 2460 5565 album,
2515 5497 2664 5553 aliud
2710 5497 3094 5568 pavonatziutn
3133 5497 3202 5552 de
3232 5493 3552 5551 damasciuo
3605 5491 3843 5560 simplici

2254 5608 2378 5648 cum
2431 5591 2604 5662 frigiis
2650 5589 2717 5644 de
2747 5589 2915 5660 drapo
2963 5587 3199 5660 Cyprio;
3226 5587 3355 5643 item
3396 5585 3534 5642 alias
3562 5585 3700 5639 duas
3729 5597 3850 5636 am-

2256 5685 2432 5756 pullas
2487 5693 2540 5739 et
2598 5681 2771 5738 barile
2804 5698 3073 5753 parvum,
3119 5692 3174 5737 et
3222 5679 3443 5737 missale
3495 5693 3662 5732 unum
3689 5715 3704 5740 ,
3735 5690 3850 5745 quo

2260 5778 2434 5833 utitur
2461 5775 2704 5846 quotidie
2739 5775 3052 5846 capellauus
3091 5773 3146 5829 iu
3196 5771 3404 5844 capella
3459 5781 3650 5827 nostra
3672 5787 3689 5838 ;
3714 5769 3847 5824 item

2265 5886 2428 5926 unum
2475 5869 2808 5926 tlturibulum
2849 5866 3098 5926 Graecum
3159 5866 3378 5938 planum
3425 5878 3550 5921 cum
3595 5861 3846 5928 manica;
