4114 6426
288 377 489 421 ιιιιικ

286 483 410 533 item
437 476 545 530 duo
571 488 672 529 sva
701 471 766 527 de
792 472 1001 527 strusio
1042 479 1231 523 ornata
1263 475 1487 534 argento
1512 479 1527 527 ;
1567 461 1693 515 item
1729 458 1867 526 legia

284 568 428 630 duo;
466 565 595 620 item
626 561 995 617 faldistorium
1037 556 1377 628 pontificale.

352 656 647 718 Caeterum,
677 653 803 723 quia
837 662 961 723 post
993 648 1408 705 emanationem
1448 645 1689 717 priorum
1730 642 1874 695 litte-

284 764 470 803 rarum
526 747 911 817 praedictarum
950 743 1082 799 dicti
1134 742 1230 796 Dni
1287 740 1394 805 Pii,
1442 739 1586 794 dicta
1642 735 1865 790 basilica

284 840 527 913 praefatis
556 838 815 895 fratribus
843 835 1054 893 ordinis
1104 834 1380 888 Minorum
1426 843 1684 885 concessa
1713 837 1767 882 et
1799 826 1866 881 ad

282 950 468 989 eorum
499 933 748 988 ordinem
789 933 1007 984 reducta
1040 925 1273 992 exstitit,
1312 932 1371 979 ut
1394 919 1707 993 praefertur,
1743 934 1863 985 nos,

283 1027 659 1081 existimantes
706 1039 803 1094 per
837 1022 1058 1078 eosdem
1099 1019 1296 1074 fratres
1348 1031 1511 1087 posse
1563 1014 1725 1069 dictze
1780 1028 1873 1065 ca-

281 1119 431 1188 pellae
473 1119 527 1172 in
568 1117 770 1172 divinis
796 1114 1210 1171 couvenientius
1234 1120 1289 1166 et
1327 1109 1541 1164 facilius
1575 1121 1738 1175 quam
1772 1119 1869 1175 per

280 1212 573 1267 saecularcs
635 1212 990 1280 presbyteros
1030 1203 1317 1268 deserviri,
1374 1202 1427 1256 in
1459 1214 1723 1271 personas
1750 1214 1870 1267 quae

278 1304 451 1358 eidem
498 1301 723 1371 capellae
785 1299 1066 1355 deservire
1140 1298 1337 1352 debent
1384 1294 1669 1364 religiosos
1723 1293 1870 1349 viros

278 1396 474 1449 fratres
505 1395 638 1449 dicti
678 1393 885 1448 ordinis
906 1391 1176 1445 Miuorutu
1210 1389 1265 1443 in
1299 1388 1439 1443 dicta
1463 1387 1691 1442 basilica
1728 1399 1871 1439 nunc

276 1500 328 1544 et
366 1490 420 1543 in
459 1496 742 1557 posterum
806 1484 1111 1539 habitantes
1146 1484 1198 1536 iu
1255 1489 1581 1551 perpetuum
1614 1494 1680 1534 ex
1726 1490 1870 1534 nunt.

278 1581 619 1635 instituimus
667 1587 724 1633 et
769 1585 957 1631 tenore
1005 1573 1356 1645 praesentium
1396 1586 1499 1641 pro
1543 1572 1806 1626 institutis
1836 1584 1868 1625 a

276 1675 429 1729 nobis
452 1673 508 1727 in
540 1684 867 1743 perpetuum
908 1667 1095 1724 haberi
1133 1666 1405 1730 volumus,
1442 1666 1686 1719 volentes
1703 1664 1868 1719 etiam

273 1775 327 1820 et
352 1765 677 1820 ordinantes
710 1764 854 1834 quod
912 1760 1014 1831 ipsi
1070 1759 1264 1814 fratres
1293 1757 1738 1828 jurepatronatus
1782 1754 1865 1809 in«

278 1859 432 1914 terim
485 1873 514 1911 a
566 1856 729 1912 dictis
773 1853 970 1909 abbate
1015 1863 1071 1907 et
1113 1850 1295 1920 priore
1326 1849 1543 1917 penitus
1594 1846 1865 1911 abdicato,

279 1950 560 2019 praefatam
594 1948 852 2018 capellam
884 1955 937 2001 et
968 1958 1064 2017 per
1093 1946 1333 2014 ipsorum
1378 1951 1754 2011 procuratores
1784 1940 1868 1995 vel

273 2041 530 2111 syndicos
570 2040 688 2108 ejus
717 2038 873 2109 Ibona
928 2047 1166 2102 teneant,
1217 2044 1271 2089 et
1318 2035 1369 2088 iu
1420 2033 1605 2088 eadem
1660 2032 1867 2102 capella

275 2134 420 2187 Omni
457 2133 545 2187 die
572 2147 734 2185 unam
771 2132 993 2185 missam
1027 2129 1306 2183 celebrent
1363 2125 1444 2181 vel
1490 2110 1751 2181 celebrari
1782 2125 1865 2180 fa-

278 2224 421 2278 ciant
450 2224 561 2277 hoc
598 2224 777 2286 modo,
819 2222 981 2275 videi.
1016 2219 1209 2274 diebus
1244 2217 1520 2283 Mercurii,
1562 2216 1786 2271 Veneris
1814 2225 1869 2271 et

278 2316 527 2384 Sabbati,
564 2316 787 2370 missam
825 2328 920 2383 pro
948 2312 1253 2377 defunctis;
1294 2311 1378 2364 die
1408 2326 1536 2364 vero
1566 2308 1865 2372 Dominica,

278 2408 496 2462 missam
538 2414 851 2461 currentem
880 2422 894 2470 ;
925 2405 1011 2459 die
1044 2402 1228 2467 Luuze,
1266 2402 1480 2457 missam
1521 2400 1578 2454 S.
1634 2400 1864 2469 Angeli;

276 2499 361 2553 die
406 2512 541 2553 vero
592 2496 806 2562 Martis,
860 2496 1081 2550 missam
1135 2492 1192 2548 8.
1229 2492 1450 2548 Joannis
1489 2491 1773 2562 Baptistae:
1814 2499 1869 2545 et

273 2592 359 2646 die
394 2589 569 2657 Jovis,
614 2590 834 2645 missam
867 2588 926 2643 8.
957 2587 1242 2643 Trinitatis
1289 2602 1411 2641 cum
1471 2600 1868 2640 commemora—

275 2685 418 2738 tione
442 2682 500 2738 S.
537 2682 815 2752 Eugeniae,
853 2694 904 2734 et
935 2681 1096 2735 etiam
1121 2694 1245 2733 cum
1282 2678 1507 2732 collecta
1540 2677 1591 2730 itt
1628 2678 1869 2746 qualibet

276 2789 376 2842 pro
430 2774 712 2829 defunctis
748 2772 1032 2827 referendo
1061 2787 1156 2841 pro
1182 2771 1323 2825 viris
1368 2785 1561 2824 nomen
1597 2780 1865 2832 nostrum,

276 2884 371 2938 pro
429 2867 664 2922 mortuis
693 2881 813 2937 post
848 2864 1007 2936 149
1045 2873 1277 2919 mortem
1334 2877 1529 2916 nomen
1592 2871 1863 2924 nostrum,

276 2958 466 3013 lsidori
517 2965 579 3012 et
613 2955 851 3010 Dosithei
883 2956 1305 3025 episcoporum;
1340 2954 1468 3008 item
1514 2950 1781 3007 Theodori
1814 2962 1867 3007 et

275 3049 597 3115 Theodorm,
632 3064 695 3104 ac
737 3047 1019 3102 Michaelis
1053 3054 1105 3101 et
1126 3044 1368 3114 Georgii,
1394 3053 1448 3102 et
1476 3045 1703 3100 aliorum
1730 3059 1866 3113 quos

277 3143 327 3196 iu
357 3143 663 3198 intentione
713 3150 902 3197 nostra
941 3139 1224 3205 habemus,
1260 3153 1361 3193 nec
1402 3154 1507 3192 non
1541 3138 1682 3207 quod
1710 3137 1866 3192 annis

275 3235 517 3305 singulis,
555 3234 767 3289 decima
818 3233 907 3287 die
942 3233 1147 3288 mensis
1184 3231 1542 3301 Septembris,
1576 3241 1868 3285 teneantur

277 3326 467 3383 fratres
498 3326 608 3397 ipsi
656 3334 880 3380 cantare
930 3325 1141 3392 vigilias
1169 3335 1505 3378 mortuorum
1540 3332 1595 3376 et
1644 3324 1863 3378 missam

276 3418 571 3474 solemnem
627 3434 725 3488 pro
757 3418 1026 3474 defunctis
1081 3418 1282 3473 nostris
1340 3418 1761 3488 pramominatis.
1809 3419 1866 3473 Si

280 3522 451 3568 tamen
508 3526 646 3569 casu
678 3512 860 3581 aliquo
902 3510 1190 3580 aliquando
1243 3510 1597 3581 contingeret,
1626 3521 1685 3565 ut
1730 3525 1867 3581 prte-

279 3605 471 3659 dictutu
506 3613 617 3670 est,
659 3604 801 3674 quod
849 3603 978 3659 dicti
1030 3601 1229 3657 fratres
1268 3600 1535 3657 Minorum
1574 3604 1641 3657 ab
1672 3604 1864 3657 eadem

282 3695 494 3751 basilica
530 3698 853 3751 recederent
900 3709 1129 3765 eamque
1156 3695 1516 3759 dimitterent,
1541 3709 1606 3748 ac
1648 3694 1761 3763 ipsa
1795 3694 1863 3749 ad

279 3787 599 3844 clericorum
662 3787 987 3858 regulariqu
1049 3788 1287 3858 regimen
1326 3788 1709 3852 reduceretur,
1739 3796 1868 3842 tunc

280 3887 328 3932 et
375 3895 439 3936 eo
470 3896 606 3935 casu
640 3881 845 3936 dictum
892 3879 985 3951 jus
1021 3889 1346 3951 patronatus
1397 3888 1453 3934 et
1500 3880 1866 3948 przeseutandi

280 3970 447 4027 locum
508 3974 713 4028 habere
750 3973 989 4043 illudque
1035 3972 1102 4026 ad
1136 3972 1389 4027 abbatem
1448 3971 1769 4043 monasterii
1804 3971 1863 4027 8.

281 4060 423 4119 Pauli
467 4076 526 4121 et
580 4066 813 4135 priorem
847 4064 1042 4119 domus
1084 4062 1142 4117 S.
1171 4062 1355 4119 Mariae
1388 4064 1455 4119 de
1489 4063 1692 4133 Populo
1721 4078 1865 4132 prae-

281 4156 449 4213 dictos
489 4160 545 4213 in
590 4164 911 4229 perpetuum
946 4156 1224 4226 pertinere
1254 4155 1508 4210 volumus
1537 4162 1592 4209 et
1644 4156 1866 4210 ordina-

282 4264 417 4316 mus,
471 4253 569 4321 qui
628 4250 798 4305 abbas
827 4259 883 4305 et
914 4250 1062 4319 prior
1109 4263 1207 4318 pro
1241 4257 1483 4318 tempore
1514 4247 1862 4309 exsistentes,

281 4353 477 4398 attento
515 4343 661 4413 quod
713 4343 829 4411 ipsa
880 4341 1089 4411 capella
1132 4354 1232 4409 pro
1274 4355 1417 4395 nunc
1466 4355 1498 4394 a
1562 4340 1718 4395 nobis
1766 4352 1864 4408 pro

281 4438 481 4497 duobus
528 4438 825 4508 capellanis
856 4436 1190 4493 sufficienter
1241 4437 1425 4492 dotata
1478 4443 1587 4501 est,
1631 4434 1866 4489 debeant

284 4539 384 4585 tam
431 4534 607 4601 prima
668 4532 787 4586 vice
842 4544 1005 4600 quam
1070 4528 1283 4599 quoties
1333 4542 1498 4583 casus
1560 4528 1862 4583 vacationis

280 4622 416 4677 illius
451 4624 774 4689 oecurrerit,
838 4623 975 4677 duas
1022 4635 1286 4690 personas
1321 4620 1547 4675 idoneas
1586 4622 1637 4674 in
1673 4635 1856 4675 sacer-

281 4713 421 4768 dotio
468 4715 797 4771 con’stitutas
844 4711 1110 4767 cardiuali
1161 4710 1403 4780 ejusdem
1466 4712 1705 4766 basilica:
1765 4728 1863 4782 pro

282 4812 515 4874 tempore
540 4804 824 4861 exsistenti
852 4820 948 4875 per
976 4820 1100 4860 eum
1142 4802 1505 4858 instituendas
1535 4814 1864 4875 praesentare

274 4895 420 4965 juxta
450 4897 863 4968 dispositionem
895 4896 950 4950 in
980 4895 1144 4951 dictis
1173 4895 1447 4966 prioribus
1484 4897 1579 4949 Dui
1614 4895 1693 4949 Pii
1722 4896 1863 4951 litte-

280 4988 352 5043 ris
391 4989 532 5044 circa
575 5003 744 5044 unum
804 4987 1143 5058 capellanum
1202 4987 1424 5041 factam.
1476 4985 1582 5053 Qui
1635 4986 1858 5057 quidem

280 5080 530 5147 capellani
563 5079 803 5150 qualibet
823 5079 1124 5149 septimana
1151 5089 1355 5146 septem
1386 5080 1601 5143 missas,
1632 5080 1861 5150 singulis

280 5170 521 5226 videlicet
554 5171 745 5226 diebus
780 5171 832 5225 in
876 5173 1065 5225 eadem
1123 5170 1329 5239 capella
1364 5168 1634 5235 vicissim,
1695 5171 1860 5226 modo

280 5270 329 5315 et
360 5263 548 5317 ordine
595 5263 849 5333 superius
881 5261 1149 5318 ordinatis
1174 5272 1229 5316 et
1259 5262 1563 5332 expressis,
1606 5273 1660 5317 et
1713 5244 1856 5333 prae-

280 5354 413 5409 dicta
471 5356 674 5411 decima
729 5354 818 5410 die
873 5355 1082 5427 vigilias
1135 5362 1477 5409 mortuorum
1524 5366 1580 5411 et
1610 5356 1844 5411 officium

281 5453 443 5500 totum
490 5462 553 5503 ac
581 5447 804 5503 missam
859 5462 959 5516 pro
999 5445 1268 5501 defunctis
1318 5447 1506 5517 legere
1542 5456 1858 5503 teneantur.

280 5534 497 5608 Insuper
560 5538 758 5595 casalis
791 5547 847 5593 et
877 5538 1051 5592 vineae
1089 5551 1154 5592 ac
1205 5536 1436 5592 aliorum
1491 5537 1761 5593 bonorum
1805 5549 1859 5594 et

275 5630 521 5698 jocalium
554 5633 937 5703 praediolorum
971 5629 1075 5701 ipsi
1107 5631 1351 5702 capellae,
1400 5641 1460 5685 ut
1512 5632 1856 5700 przedicitur,

280 5735 371 5787 per
407 5736 502 5776 nos
532 5725 874 5789 donatorum,
901 5728 957 5775 et
994 5733 1446 5789 quorumcunque
1486 5720 1711 5778 aliormn
1746 5721 1855 5777 vita

280 5813 432 5870 nobis
480 5816 674 5874 comite
723 5830 821 5888 per
872 5828 973 5873 nos
1003 5813 1057 5869 iu
1105 5820 1382 5884 posterum
1442 5812 1846 5887 donaudorum,

997 355 1297 419 ALOYSII
1340 349 1701 414 BANDINII
1733 346 2383 409 COMMENTARIUS.
2422 375 2487 384 —
2517 350 2929 411 APPENDlX.
3503 364 3565 403 xc

1980 457 2358 512 alienationem
2395 460 2642 528 cujusvis
2694 463 2890 529 speciei
2924 468 3012 513 aut
3048 460 3264 530 generis
3291 467 3398 512 tam
3451 458 3566 512 fra-

1946 550 2154 602 -trilnts
2212 550 2417 603 ordinis
2461 550 2732 603 Minorum
2766 560 2819 603 ct
2863 566 3053 605 eorum
3090 549 3352 621 syndicis,
3404 564 3563 618 quam

1978 642 2032 696 in
2064 658 2250 697 casum
2286 645 2625 711 prtemissum
2663 643 2958 711 capellanis
3016 642 3289 710 przedictis
3334 650 3389 693 et
3444 640 3566 707 qui-

1980 735 2295 803 buscunqne
2346 735 2466 789 aliis
2505 737 2661 789 dictze
2695 737 2915 804 capellae
2934 744 2981 788 et
3013 734 3131 802 ejus
3164 735 3429 788 bonorum
3462 734 3563 784 ad-

1985 827 2449 882 ministratoribus
2506 836 2770 895 perpetuo
2806 826 3179 880 interdicimus
3212 833 3374 894 atque
3426 837 3561 892 pro-

1976 918 2512 979 hibemus.voleutcs
2543 918 2899 973 alicnationes
2927 919 3095 986 ipsas,
3120 917 3162 971 si
3193 931 3311 984 qua;
3342 917 3557 979 fierent,

1978 1012 2180 1066 nullius
2231 1025 2353 1065 esse
2412 1012 2621 1063 roboris
2672 1010 2754 1062 vel
2830 1010 3111 1072 momenti,
3156 1006 3257 1061 sed
3297 1007 3560 1060 adversus

1975 1109 2249 1166 emptores
2280 1109 2372 1150 aut
2422 1097 2557 1151 alios
2586 1098 2825 1166 ipsorum
2865 1098 3084 1159 casalis,
3105 1098 3276 1150 vincte
3305 1105 3359 1149 et
3392 1096 3558 1149 bono-

1981 1203 2100 1241 rum
2130 1203 2453 1257 quocunque
2509 1188 2664 1242 titulo
2703 1198 3018 1257 receptores
3068 1203 3163 1255 pro
3190 1188 3348 1239 dictis
3376 1185 3555 1239 fratri.

1974 1281 2077 1333 bus
2118 1280 2200 1332 vel
2236 1277 2530 1348 capellanis
2561 1293 2885 1349 quocunque
2922 1287 3167 1349 tempore
3200 1275 3315 1332 fore
3346 1278 3409 1330 ad
3465 1277 3552 1329 illa

1979 1387 2311 1443 regressum.

2043 1508 2174 1573 Qua:
2198 1507 2381 1561 omnia
2413 1513 2466 1559 et
2501 1504 2712 1575 singula
2767 1507 3143 1577 suprascripta
3192 1518 3246 1561 et
3281 1506 3560 1575 quodlibet

1972 1617 2160 1657 eorum
2210 1616 2311 1654 nos
2349 1599 2643 1654 Bessarion
2704 1598 3014 1668 episcopus,
3047 1598 3339 1652 cardinalis
3383 1608 3438 1651 et
3472 1612 3562 1666 pa-

1971 1693 2208 1747 triarcha
2239 1691 2549 1760 praedictus,
2573 1699 2765 1760 sponte
2786 1698 2839 1743 et
2861 1706 2923 1743 ex
2954 1705 3098 1743 mera
3128 1700 3310 1743 nostra
3335 1688 3559 1743 scientia

1983 1799 2046 1839 ac
2099 1783 2445 1845 liberalitate,
2482 1793 2538 1835 ut
2573 1781 2937 1851 praemittitur,
2970 1780 3269 1844 donamus,
3302 1779 3561 1835 concedi-

1973 1893 2119 1942 mus,
2181 1878 2578 1942 renuntiamus,
2619 1874 2875 1940 facimus,
2928 1885 3091 1944 atque
3156 1888 3315 1927 manu
3375 1880 3559 1926 nostra

1974 1969 2185 2040 pectori
2248 1983 2397 2024 more
2448 1966 2795 2037 pra-latorum
2857 1968 3131 2038 apposita,
3188 1962 3559 2036 pro'ruittimus

1972 2061 2131 2116 dictae
2172 2060 2390 2129 capellae
2423 2071 2476 2114 et
2504 2060 2622 2129 ejus
2646 2060 2941 2127 capellanis
2974 2057 3136 2128 150
3175 2054 3561 2124 suprascriptis

1972 2153 2335 2221 omnibusque
2374 2152 2495 2208 aliis
2547 2162 2604 2207 et
2661 2152 2894 2220 singulis
2925 2169 3159 2222 quorum
3210 2155 3437 2210 interest
3479 2154 3561 2209 vel

1973 2247 2236 2299 interesse
2290 2244 2493 2314 poterit
2551 2244 2961 2313 quomodolibet
2994 2245 3046 2298 in
3083 2244 3343 2307 futurum,
3369 2261 3431 2299 ac
3466 2261 3562 2299 no-

1973 2335 2113 2390 tario
2168 2335 2411 2404 publico
2446 2332 2840 2403 infrascripto,
2895 2342 3156 2403 tauquam
3225 2335 3457 2405 publica;
3506 2342 3562 2389 et

1973 2429 2299 2483 authenticae
2338 2442 2583 2497 persona:
2643 2427 2745 2481 rite
2787 2437 2841 2482 et
2896 2427 3133 2496 legitime
3188 2429 3468 2497 stipulanti
3505 2438 3562 2483 et

1972 2521 2253 2590 recipienti
2290 2521 2405 2575 vice
2453 2531 2508 2575 et
2547 2520 2772 2575 nomine
2832 2523 3071 2575 omnium
3122 2532 3176 2575 et
3221 2521 3558 2591 singulorum

1977 2614 2405 2683 praedictorum,
2462 2620 2724 2681 perpetuo
2781 2613 3063 2668 attendere
3112 2621 3168 2667 et
3219 2613 3562 2667 iuviolabiter

1974 2708 2290 2767 observare,
2333 2720 2431 2759 nec
2464 2707 2515 2759 in
2548 2705 2732 2773 aliquo
2771 2705 2978 2759 directe
3027 2705 3107 2760 vel
3160 2706 3422 2761 indirecte
3464 2720 3563 2775 per

1982 2812 2081 2853 nos
2116 2798 2197 2850 vel
2233 2796 2396 2851 alium
2432 2812 2529 2852 seu
2574 2798 2709 2851 alios
2739 2812 2954 2868 quoquo
2990 2800 3149 2853 modo
3181 2799 3560 2854 contraveuirc

1972 2890 2131 2944 velle.
2170 2888 2225 2942 In
2260 2904 2487 2957 quorum
2534 2892 2775 2945 omnium
2809 2899 2862 2943 et
2916 2876 3254 2958 singulorum
3289 2892 3447 2945 fidem
3506 2900 3562 2947 et

1972 2981 2342 3037 testimonium
2394 2983 2799 3051 prtemissorum
2835 2993 3131 3054 praesentes
3171 2993 3385 3039 nostras
3418 2985 3562 3037 litte-

1973 3092 2086 3143 ras,
2118 3076 2235 3130 sive
2280 3090 2517 3143 prresens
2559 3075 2831 3143 publicum
2887 3076 3302 3131 instrumentum
3336 3092 3431 3145 per
3464 3093 3561 3131 no-

1973 3172 2171 3223 tarium
2221 3166 2633 3236 infrascriptum
2688 3168 2827 3231 fieri,
2864 3168 3135 3223 subscribi
3171 3178 3226 3223 et
3267 3170 3555 3238 publicari,

1969 3260 2251 3328 nostrique
2309 3258 2467 3327 sigilli
2521 3257 2793 3328 jussiutus
2853 3267 2908 3313 et
2968 3259 3194 3315 fecimus
3225 3261 3558 3331 appensione

1969 3366 2322 3409 communtrt.

2041 3469 2236 3523 Datum
2269 3478 2322 3524 et
2350 3480 2529 3526 actum
2566 3468 2750 3525 Romae
2784 3468 2837 3523 in
2876 3468 3130 3524 domibus
3166 3469 3367 3524 nostris
3404 3468 3551 3538 apud

1975 3563 2079 3618 SS.
2099 3563 2411 3632 Apostolos,
2433 3578 2575 3617 anno
2597 3578 2627 3616 a
2654 3563 2821 3616 nativ.
2840 3561 3052 3616 Domini
3075 3561 3235 3627 “67,
3252 3562 3435 3615 indict.
3463 3578 3555 3627 ιν,

1970 3655 2060 3709 die
2100 3668 2229 3707 vero
2263 3651 2487 3707 Veneris
2531 3650 2738 3705 decima
2779 3650 2980 3704 mensis
3030 3649 3245 3716 Aprilis,
3275 3647 3558 3717 pontifica-

1969 3753 2057 3800 tus
2091 3743 2193 3799 SS.
2237 3744 2291 3798 in
2322 3742 2543 3797 Christo
2582 3742 2753 3797 Patris
2802 3755 2866 3795 ac
2895 3740 2995 3794 Dni
3028 3739 3200 3795 nostri
3253 3737 3351 3792 Dui
3380 3737 3553 3803 Pauli,

1971 3838 2150 3893 divina
2194 3835 2531 3906 providentia
2568 3849 2719 3904 papa:
2760 3832 2828 3896 ll,
2866 3847 3007 3886 anno
3037 3832 3235 3898 tertio;
3267 3830 3553 3900 pra-senti-

1971 3930 2073 3985 bus
2130 3929 2331 3983 ibidem
2384 3925 2608 3997 provido
2669 3940 2732 3978 ac
2780 3924 3033 3979 discretis
3086 3923 3222 3977 viris
3288 3921 3554 3992 magistro

1968 4022 2176 4079 Joanne
2201 4018 2386 4090 Kuylf,
2418 4019 2759 4072 decretorum
2805 4016 3048 4080 doctore,
3092 4013 3338 4067 auditore
3378 4022 3431 4067 et
3462 4028 3552 4067 ca-

1969 4117 2213 4186 pellano;
2242 4112 2451 4168 Joanne
2483 4109 2679 4173 Lenss,
2710 4122 2909 4162 canon.
2953 4106 3196 4161 ecclesia:
3231 4105 3289 4159 S.
3323 4104 3553 4159 Andreae

1968 4208 2275 4270 Colonien.,
2307 4204 2518 4260 Joanne
2558 4201 2753 4257 Franc.
2782 4202 2847 4255 de
2886 4197 3305 4269 Beuthevogliis,
3345 4198 3553 4252 littera-

1970 4317 2090 4356 rum
2140 4315 2310 4354 sacrae
2359 4294 2788 4351 l’cenitentiariae
2823 4292 3138 4363 apostolica:
3166 4291 3453 4361 scriptore,
3496 4301 3553 4346 et

1968 4393 2243 4464 Raphaele
2302 4389 2550 4453 Baldulo,
2611 4387 2813 4443 clerico
2869 4384 3237 4455 Fulgiuaten.,
3278 4385 3552 4439 scutiferis

1968 4488 2193 4544 nostris,
2226 4482 2456 4537 testibus
2488 4481 2553 4535 ad
2584 4480 2863 4550 praemissa
2905 4480 3112 4534 vocatis
3146 4479 3455 4548 Specialiter
3495 4489 3549 4533 et

1968 4576 2190 4647 rogatis.

2041 4710 2105 4765 Et
2133 4724 2232 4778 ego
2268 4709 2510 4765 Joannes
2543 4708 2608 4763 de
2655 4706 2982 4773 licesboem,
3007 4706 3241 4762 clericus
3298 4707 3550 4762 Camera-

1965 4806 2144 4860 censis
2164 4805 2442 4866 dicecesis,
2468 4802 2716 4874 publicus
2746 4815 2903 4856 sacra
2936 4800 3201 4869 imperiali
3228 4804 3550 4857 auctoritate

1965 4898 2235 4961 notarius,
2269 4898 2395 4967 quia
2424 4894 2723 4966 praemissis
2774 4895 3027 4950 omnibus
3062 4904 3114 4948 et
3144 4894 3395 4965 singulis,
3425 4897 3548 4949 dum

1961 4991 2064 5053 sic,
2092 4998 2149 5043 ut
2179 4988 2526 5059 praemittitur
2550 5028 2565 5052 ,
2589 5002 2682 5055 per
2716 4987 2999 5055 praefatum
3022 4985 3213 5039 Rmum
3249 4988 3299 5040 in
3332 4987 3551 5041 Christo

1962 5080 2181 5136 Patrem
2221 5092 2278 5136 et
2332 5081 2394 5137 D.
2428 5080 2831 5147 Bessarionem,
2872 5080 3185 5150 episcopum
3216 5080 3545 5135 cardiuaiem

1961 5180 2016 5226 et
2041 5172 2436 5241 patriarcham,
2477 5171 2666 5225 fierent
2697 5179 2752 5226 et
2784 5185 3095 5239 agerentur,
3126 5186 3230 5224 una
3260 5186 3379 5225 cum
3413 5187 3551 5241 pra:-

1975 5267 2271 5320 nominatis
2322 5266 2551 5321 testibus
2578 5265 2823 5331 interfui,
2852 5280 3024 5335 eaque
3062 5264 3141 5319 sic
3174 5264 3288 5319 fieri
3338 5264 3445 5319 vidi
3494 5271 3549 5318 et

1971 5357 2150 5411 audivi
2179 5375 2192 5422 ;
2229 5358 2349 5413 ideo
2379 5358 2480 5413 hoc
2528 5372 2768 5428 praesens
2820 5357 3091 5425 publicum
3125 5356 3545 5410 insuumentum

1965 5446 2132 5505 manu
2170 5451 2418 5515 alterius,
2464 5465 2551 5504 me
2588 5449 2710 5504 aliis
2743 5448 2978 5517 legitime
2999 5457 3263 5516 occupato
3292 5448 3547 5515 negotiis,

1967 5542 2198 5597 fideliter
2227 5541 2489 5610 scriptum
2517 5541 2713 5594 exinde
2746 5537 2978 5604 confeci,
3035 5535 3330 5600 subscripsi
3364 5547 3414 5590 et
3450 5552 3548 5606 pu-

1958 5633 2159 5690 blicavi
2210 5642 2265 5687 et
2308 5632 2358 5686 iu
2409 5632 2549 5686 hanc
2576 5631 2849 5700 publicam
2877 5628 3105 5681 formam
3148 5628 3351 5697 redegi,
3391 5629 3548 5698 signo

1959 5734 2015 5780 et
2043 5725 2260 5780 nomine
2288 5736 2407 5778 meo
2438 5721 2611 5776 solitis
2641 5730 2695 5775 et
2725 5717 3021 5783 consuetis,
3049 5734 3152 5771 una
3181 5734 3303 5773 cum
3339 5720 3547 5791 pra-fati

1966 5816 2088 5873 [iuni
2140 5814 2242 5871 Dni
2294 5813 2588 5871 cardinalis
2635 5811 2793 5884 sigilli
2840 5810 3177 5882 appensioue
3210 5812 3419 5884 signavi
3448 5831 3460 5867 :
3492 5813 3546 5868 in
