4114 6418
570 385 656 425 xei
1404 367 1500 427 DE
1541 364 1716 425 VITA
1758 362 1854 421 ET
1897 353 2155 418 REBUS
2199 352 2478 416 GESTIS
2518 358 3027 421 BESSARIONIS

574 489 733 542 Iidem
769 493 823 540 et
857 484 1225 539 testimonium
1259 482 1499 536 omnium
1529 489 1583 533 et
1629 475 1966 545 singulorum
2010 484 2151 539 prae-

576 580 867 633 missorum
897 587 1114 645 rogatus
1147 586 1200 629 et
1231 574 1552 643 requisitas.

1228 711 1381 781 151
1417 708 1488 762 Χ·

576 809 737 863 Bulla
772 827 874 878 qua
916 807 1115 860 Paulus
1152 805 1205 878 ll
1247 805 1587 878 donationem
1651 794 1941 878 sacelli_S.
1985 793 2152 878 (tinge-

647 884 748 931 m'm
776 868 806 930 it
837 878 1100 930 (ordinati
1152 876 1465 928 Bessorione
1506 874 1700 940 fartum
1735 868 2035 931 conﬁrmat.
2072 879 2162 914 sa-

644 950 933 1015 cellumth
963 950 1130 1013 ipsum
1167 960 1284 997 cum
1314 942 1433 996 date
1467 938 1581 1015 PP.
1618 938 1912 992 Minoribus
1941 948 2160 987 converto

649 1013 880 1070 trudibus
913 1016 970 1070 S.
1003 1015 1279 1069 Francisci
1306 1013 1578 1066 attribuit.

651 1132 849 1187 l’anlus
881 1134 1187 1201 episcopus,
1226 1144 1418 1183 servus
1454 1141 1737 1181 servorum
1789 1122 1907 1183 Dei,
1968 1120 2033 1175 ad
2071 1118 2159 1173 l‘u-

584 1236 760 1279 tnram
789 1225 861 1279 rei
901 1222 1243 1277 memoriam.
1279 1221 1336 1274 In
1387 1217 1646 1273 eminenti
1682 1213 1992 1283 apostolica:
2017 1212 2164 1266 sedis

582 1313 804 1384 Speculo
830 1312 1133 1376 constituti,
1171 1326 1289 1380 qua:
1332 1324 1430 1377 pro
1488 1307 1839 1362 ecclesiarum
1879 1305 2075 1358 decore
2107 1312 2161 1357 et

586 1404 752 1455 divini
790 1402 968 1456 cultus
997 1411 1287 1469 augmento
1344 1398 1641 1466 pra'sertim
1697 1412 1793 1465 per
1822 1395 2163 1451 venerabiles

586 1497 781 1549 fratres
812 1504 1027 1547 nostros
1081 1492 1137 1546 S.
1191 1492 1449 1545 Romana:
1492 1490 1745 1545 Ecclesite
1802 1487 2159 1543 cardinalium

587 1585 811 1655 provido
841 1594 987 1653 gesta
1018 1593 1164 1646 sunt,
1200 1582 1390 1650 placidi
1448 1582 1680 1650 pastoris
1712 1590 1933 1650 aspectu
1974 1579 2164 1646 benig-

585 1677 709 1729 nius
739 1677 1030 1739 intuemur,
1066 1684 1123 1729 ut
1152 1690 1218 1727 ne
1250 1674 1337 1727 illa
1367 1674 1598 1744 alicujus
1626 1671 1996 1741 ambiguitatis
2027 1672 2155 1725 sub-

580 1767 839 1835 iiciantur
890 1767 1169 1836 scrupulo,
1228 1766 1320 1821 sed
1367 1776 1626 1835 perpetuo
1687 1765 1891 1819 illibata
1945 1778 2166 1833 perma-

589 1870 770 1923 neant,
806 1876 960 1929 opem
986 1869 1041 1913 et
1068 1874 1286 1929 operam
1318 1858 1607 1913 ellieaciter
1630 1857 1990 1923 impartimur.
2022 1853 2166 1909 Sane
2214 1872 2221 1877 '

588 1969 711 2007 cunt
746 1953 947 2007 dudum
983 1952 1071 2006 fel.
1108 1950 1317 2005 record.
1346 1948 1473 2004 Pius
1514 1963 1647 2018 papa
1696 1948 1763 2013 ll,
1802 1949 2169 2015 praedecessor

592 2055 799 2113 noster,
834 2062 956 2101 ven.
984 2045 1138 2100 l‘ratri
1170 2052 1357 2100 nostro
1398 2042 1734 2106 Bessarioni,
1760 2041 2015 2111 episc0po
2055 2040 2169 2093 Tu-

592 2140 840 2201 sculano,
898 2137 1157 2192 eardiuali
1208 2135 1426 2190 Nicmno
1479 2145 1808 2201 tmnenpato,
1857 2134 1948 2203 qui
2003 2134 2165 2187 etiam

597 2243 722 2287 tunc
781 2233 993 2285 titulum
1054 2228 1350 2299 presbyteri
1423 2228 1713 2283 cardinalis
1772 2227 2010 2280 basilirat
2069 2224 2170 2278 ΧΗ

593 2324 969 2391 Apostolorum
1001 2322 1067 2375 de
1120 2320 1270 2376 Urbe
1334 2320 1387 2372 itt
1444 2310 1822 2373 commendant
1867 2302 2168 2380 obtinebat,

591 2427 747 2484 prout
776 2417 1020 2479 obtinet",
1058 2424 1113 2467 ιιι
1148 2412 1411 2482 capellam
1461 2411 1561 2466 sub
1606 2410 1949 2465 invocatione
1978 2409 2035 2464 S.
2065 2410 2174 2463 Eu-

592 2511 786 2578 gettia',
820 2511 980 2562 sitam
1016 2509 1066 2561 in
1100 2507 1287 2561 eadem
1320 2506 1565 2567 basilica,
1607 2521 1730 2571 qua:
1783 2505 2024 2558 indotata
2056 2513 2175 2557 erat

589 2615 645 2657 et
676 2602 1074 2657 restauratione
1106 2601 1401 2665 indigebat,
1430 2612 1698 2665 quamque
1726 2598 1837 2664 ipse
1890 2595 2172 2649 Bessarion

593 2691 880 2758 episcopus
936 2703 1034 2755 pro
1079 2704 1189 2741 sua:
1219 2690 1734 2757 progenitorumqne
1786 2701 2007 2743 suorum
2059 2688 2177 2736 ani-

596 2797 806 2836 marum
838 2781 1013 2833 salute
1043 2796 1139 2848 pro
1170 2797 1277 2832 uno
1301 2764 1584 2847 capellam)
1630 2778 1959 2832 sufﬁcienter
1990 2777 2178 2830 dotare

596 2874 966 2934 desiderabat,
1016 2879 1081 2925 ad
1137 2871 1527 2937 omnipotentis
1581 2869 1673 2923 Dei
1734 2869 1945 2923 laudem
1978 2870 2179 2938 etglo-

603 2971 738 3017 riam
785 2979 1037 3031 reparare
1086 2978 1149 3017 ac
1205 2963 1304 3017 sub
1358 2962 1697 3017 invocatione
1752 2961 1851 3017 SS.
1905 2962 2180 3017 Michaelis

598 3059 906 3127 archangeli
947 3057 1245 3112 etJoannis
1276 3057 1530 3124 Baptista:
1556 3071 1617 3110 ac
1647 3057 1705 3111 S.
1757 3055 2012 3124 Eugeniie
2057 3054 2180 3108 inti-

602 3151 795 3213 tulore,
828 3166 1061 3204 necnon
1096 3150 1269 3213 libris,
1313 3149 1650 3215 paramentis
1684 3157 1739 3202 et
1774 3149 1897 3202 aliis
1922 3147 2181 3203 ecclesia-

600 3244 756 3298 sticis
785 3243 1120 3297 ornamentis
1158 3242 1344 3295 divino
1373 3241 1540 3296 cultui
1597 3241 1918 3295 necessariis
1967 3241 2181 3307 fult-ire,

602 3348 655 3394 et
689 3338 1125 3405 competentibus
1153 3351 1248 3405 pro
1280 3351 1387 3390 uno
1441 3335 1758 3404 presbytero
1802 3334 1931 3387 inibi
1986 3337 2183 3389 missas

602 3444 654 3484 et
714 3430 896 3483 divina
950 3428 1121 3483 ollicia
1182 3428 1526 3481 celebratnro
1587 3426 1849 3481 reditibus
1902 3428 1969 3481 de
2026 3427 2185 3481 bonis

602 3523 720 3579 s-tis
749 3524 911 3575 etiam
945 3536 1039 3590 per
1084 3519 1379 3572 Ecclesium
1424 3518 1708 3587 acquisitis
1761 3518 1949 3572 dotare
1981 3527 2181 3586 posset,

605 3617 882 3676 licentiam
921 3624 975 3668 et
1012 3615 1322 3668 facultatem
1356 3627 1451 3681 per
1478 3625 1605 3665 suas
1640 3611 1850 3665 litteras
1881 3611 2185 3666 concessis-

606 3717 715 3767 set.
745 3724 807 3761 ac
841 3707 1008 3775 ipsius
1039 3705 1259 3773 capella:
1284 3705 1371 3771 jus
1403 3712 1719 3772 patronatns
1749 3714 1805 3758 et
1826 3703 2185 3771 praesentaudi

606 3798 872 3853 cardinali
928 3798 1085 3849 dictze
1144 3794 1382 3847 basilica:
1440 3809 1539 3862 pro
1606 3803 1845 3862 tempore
1898 3791 2184 3846 exsistenti

609 3876 899 3961 personam
935 3889 1185 3941 idoneam
1216 3885 1281 3939 ad
1320 3886 1464 3938 illam
1501 3897 1607 3937 tam
1664 3884 1837 3953 prima
1872 3885 1987 3937 vice
2022 3897 2184 3951 quam

604 3982 824 4052 quoties
863 3996 979 4036 eam
1029 3994 1224 4035 vacare
1271 3978 1630 4047 contingeret,
1682 3977 1781 4031 sibi
1828 3985 1883 4031 et
1914 3987 2033 4045 post
2061 3988 2188 4029 eum

605 4077 789 4137 abbati
838 4072 1151 4128 monasterii
1208 4070 1265 4124 S.
1302 4069 1449 4124 l’auli
1495 4083 1651 4125 extra
1704 4084 1888 4126 muros
1924 4070 2098 4136 Urbis,
2136 4080 2191 4123 et

606 4169 775 4243 priori
826 4167 1019 4221 domus
1053 4165 1111 4221 S.
1149 4163 1330 4218 Maria:
1366 4165 1434 4218 de
1468 4161 1671 4233 Populo
1713 4164 1777 4217 de
1807 4164 1997 4216 eadem
2032 4164 2186 4231 urbe,

606 4262 668 4317 δ.
707 4259 978 4313 Benedicti
1010 4267 1064 4313 et
1094 4255 1462 4310 Eremitarum
1496 4253 1557 4307 S.
1600 4254 1877 4324 Augustini
1912 4254 2190 4322 ordinum,

608 4354 776 4406 etiam
831 4365 928 4418 pro
981 4361 1224 4418 tempore
1275 4349 1689 4412 exsistentihns,
1744 4347 1797 4402 in
1840 4361 2187 4417 perpetuum,

610 4442 715 4498 nisi
756 4440 913 4494 aliter
945 4450 1071 4492 ante
1113 4448 1340 4492 mortem
1370 4453 1519 4491 suam
1553 4438 1886 4503 disponeret,
1928 4440 2065 4492 idem
2102 4439 2193 4507 jus

612 4540 932 4601 patronatus
991 4539 1045 4584 et
1110 4532 1471 4598 praeseutandi
1538 4534 1856 4600 presbytero
1929 4532 2192 4592 cardinali

616 4623 853 4676 basilicae
895 4624 1163 4690 praedicta:
1200 4638 1296 4690 pro
1330 4632 1573 4691 tempore
1602 4622 1883 4676 exsisteuti
1923 4637 2199 4675 reservas-

613 4723 723 4778 set,
755 4730 819 4767 ac
855 4714 1106 4782 praelatus
1149 4713 1433 4767 Bessariou
1491 4716 1686 4766 dictam
1729 4716 1991 4783 capellam
2033 4731 2194 4785 repa-

615 4790 745 4865 rare
765 4814 818 4858 et
850 4820 1047 4859 ornare
1074 4806 1351 4874 coepisset,
1383 4807 1539 4875 eique
1590 4806 1744 4881 152
1778 4824 1872 4877 pro
1906 4810 2029 4863 dote
2060 4825 2195 4863 non-

615 4898 760 4953 nulla
804 4906 933 4951 tunc
980 4912 1238 4966 expressa
1279 4898 1413 4951 bona
1456 4902 1681 4952 emisset
1709 4911 1875 4968 atque
1909 4903 2188 4965 donasset,

618 4987 873 5058 pra-latus
909 4993 1272 5056 praedecessor
1322 4989 1665 5053 postmodum
1700 4990 1764 5041 ad
1802 4992 1970 5060 ipsius
2000 4990 2194 5044 Bessa-

618 5081 792 5134 rioais
840 5080 1181 5144 instantiam,
1233 5088 1287 5132 et
1316 5095 1383 5133 ex
1410 5081 1577 5134 certis
1613 5082 1967 5138 rationalibus
2015 5086 2195 5139 causis

618 5185 747 5227 tunc
773 5175 1067 5241 expressis,
1104 5182 1161 5226 et
1194 5174 1496 5240 praesertim
1534 5184 1591 5227 ut
1624 5177 1674 5227 in
1730 5174 1845 5243 ipsa
1882 5177 2102 5231 basilica
2136 5179 2189 5233 in

619 5266 815 5321 divinis
850 5279 1087 5335 congrue
1116 5264 1435 5327 serviretur,
1472 5264 1618 5321 illam
1650 5265 1717 5319 de
1746 5269 1993 5321 steenlari
2020 5270 2195 5323 eerle-

618 5363 699 5415 sia
726 5363 791 5415 ad
823 5362 1067 5414 ordinem
1101 5358 1347 5412 Fratrum
1383 5359 1648 5412 minorum
1680 5362 1861 5414 reduci
1885 5364 2192 5428 intendens.

621 5471 718 5524 per
745 5454 1007 5522 quasdam
1044 5452 1179 5505 alias
1206 5464 1335 5505 suas
1374 5452 1584 5505 litteras
1632 5454 1889 5507 venerab.
1921 5453 2048 5506 frat.
2093 5470 2191 5507 no-

622 5560 737 5602 stro
792 5546 1018 5602 Nicolao
1060 5544 1469 5613 archiepiscopo
1523 5544 1810 5615 Sipontin
1856 5547 2009 5601 dedit
2058 5549 2196 5603 inter

622 5650 815 5696 eastera
846 5642 899 5695 in
946 5640 1219 5695 mandatis
1247 5652 1309 5692 ut
1342 5639 1511 5708 ipsam
1556 5637 1835 5693 basilicam
1869 5639 2195 5709 professori-

622 5734 725 5789 bus
752 5733 882 5787 dicti
912 5731 1120 5789 ordinis
1146 5730 1396 5785 Fratrum
1446 5728 1713 5783 Minorum
1766 5731 2111 5798 concederet,
2141 5744 2199 5790 et

624 5834 704 5881 tot
738 5825 932 5879 fratres
964 5826 1018 5880 in
1057 5838 1120 5879 ea
1155 5824 1462 5885 institueret
1516 5831 1648 5897 quot
1678 5836 1746 5878 ex
1779 5823 1900 5895 ejus
1930 5824 2196 5887 fructibus

3718 374 3796 415 XCI
3807 384 3821 422 ι

2261 481 2498 535 congrue
2548 477 2844 529 sustentari
2878 484 3121 546 possent,
3164 490 3265 531 nec
3313 491 3419 530 non
3492 484 3753 531 statueret
3776 484 3827 532 et

2258 566 2535 620 ordinaret
2574 569 2719 635 quod
2758 582 2949 621 omnes
3005 576 3059 621 et
3089 568 3283 636 singuli
3344 567 3578 630 fructus,
3612 567 3828 630 reditus,

2260 669 2573 727 proventus,
2591 661 2961 728 possessiones
2978 669 3029 714 et
3063 664 3197 713 bona
3232 661 3400 729 ipsius
3429 660 3669 715 basilica:
3687 668 3825 713 cotu-

2262 753 2465 812 omnia,
2501 767 2561 805 ac
2594 752 2677 805 illa
2714 767 2831 817 quae
2860 754 2927 807 ad
2975 757 3358 808 eanonicatum
3405 763 3463 808 et
3491 752 3825 822 prmbendam

2261 841 2555 896 cardinalis
2584 857 2683 911 pro
2715 855 2958 913 tempore
2989 844 3300 899 exsistentis
3334 843 3667 912 sttpradietm
3688 843 3827 897 basi-

2260 935 2379 987 lica:
2412 949 2480 988 ex
2514 945 2663 998 tune,
2698 936 2801 988 alia
2858 949 2989 990 vero
3047 949 3167 1004 quae
3213 935 3278 989 ad
3316 935 3449 989 alios
3486 935 3831 988 caneniieat‘us

2261 1033 2315 1078 et
2340 1024 2661 1094 praebendas
2687 1041 2751 1079 ac
2788 1026 3046 1080 beneﬁcia
3094 1028 3263 1095 ipsius
3312 1027 3551 1079 basilieae
3606 1026 3831 1091 pertine-

2263 1116 2412 1179 bant,
2449 1132 2609 1187 quam
2635 1121 2867 1187 primum
2889 1120 3179 1175 canonicos
3207 1121 3289 1173 vel
3321 1119 3669 1173 beneﬁciatos
3695 1118 3834 1185 ejus-

2264 1208 2385 1263 dem
2432 1211 2678 1265 ecclesite
2739 1211 2933 1266 cedere
2990 1212 3071 1265 vel
3128 1212 3417 1279 decedere,
3462 1220 3557 1264 ant
3608 1224 3671 1264 ea
3705 1209 3829 1262 alias

2268 1318 2492 1373 quoquo
2528 1304 2688 1359 modo
2713 1303 2991 1358 dimittere
3024 1305 3382 1372 contingeret,
3414 1302 3621 1357 eisdem
3658 1298 3831 1352 fratri-

2267 1397 2367 1448 bus
2399 1410 2697 1464 eorumque
2726 1396 2902 1450 ordini
2948 1396 3215 1458 Minorum
3243 1396 3565 1465 applicaret.
3599 1392 3825 1457 Quarum

2267 1488 2484 1554 quidem
2539 1487 2903 1559 posteriorum
2971 1488 3305 1564 litterarum.
3348 1488 3531 1552 vigore
3586 1483 3831 1551 praefatus

2267 1578 2521 1635 Nicolaus
2560 1580 3001 1647 archiepiscopus
3034 1580 3311 1634 basilicam
3358 1579 3531 1646 ipsam
3562 1575 3834 1631 Fratribus

2271 1673 2565 1737 concessit,
2599 1687 2662 1727 ac
2696 1673 2887 1727 statuit
2933 1682 2990 1726 et
3040 1672 3312 1726 ordinavit
3361 1670 3591 1731 fructus,
3647 1665 3840 1720 reditus

2271 1772 2325 1817 et
2348 1773 2659 1830 proventus,
2692 1779 2754 1818 ac
2786 1765 3157 1834 possessiones
3184 1772 3241 1818 et
3269 1764 3405 1817 bona
3437 1762 3690 1831 pra-dicta
3716 1756 3839 1826 ipsis

2268 1872 2572 1929 eorumque
2606 1860 2788 1914 ordini
2828 1860 3093 1914 Minornm
3126 1858 3406 1928 applicari.

2343 1952 2477 2005 Cum
2534 1953 2739 2021 itaque,
2801 1952 2942 2006 sicut
2992 1951 3246 2021 prmfatus
3311 1950 3605 2005 Bessarion
3663 1962 3835 2002 coram

2273 2046 2428 2098 nobis
2457 2059 2628 2111 nuper
2658 2045 2939 2110 exposuit,
2971 2055 3025 2097 et
3060 2043 3134 2096 rei
3166 2042 3330 2096 etiam
3368 2041 3643 2095 evidentia
3674 2038 3839 2091 mani.

2275 2138 2458 2200 festat,
2508 2136 2678 2206 ipsam
2713 2135 2911 2189 dictant
2957 2134 3216 2200 capellam
3267 2131 3645 2202 reparaverit,
3683 2136 3735 2183 et
3763 2128 3841 2183 di-

2275 2230 2391 2298 gnis
2429 2229 2653 2299 picturis
2677 2243 2740 2283 ac
2786 2225 3116 2297 paramentis
3141 2236 3193 2281 et
3227 2225 3566 2280 ornamentis
3607 2234 3710 2278 tam
3757 2237 3840 2276 se-

2277 2323 2437 2376 riccis
2476 2337 2637 2389 quam
2666 2321 2939 2388 argenteis
2987 2320 3168 2373 divino
3218 2318 3383 2372 cultui
3417 2318 3561 2387 aptis
3596 2317 3842 2371 decenter

2274 2415 2574 2474 ornaverit,
2623 2421 2677 2465 et
2728 2414 2779 2465 in
2812 2425 2876 2466 ea
2924 2427 3077 2464 suam
3128 2412 3457 2481 sepulturam
3514 2411 3756 2481 elegerit,
3793 2415 3842 2461 et

2278 2506 2523 2573 quamvis
2546 2504 2671 2558 olim
2711 2520 2807 2571 pro
2834 2505 2958 2558 dote
2995 2506 3164 2572 ipsius
3211 2504 3430 2574 capellae
3460 2505 3700 2573 quinque
3733 2515 3845 2570 par-

2279 2607 2361 2653 tes
2410 2615 2475 2654 cx
2529 2600 2807 2653 duodecim
2860 2599 3106 2667 partibus
3159 2598 3487 2668 infraseripti
3541 2595 3844 2658 casalis,et

2281 2702 2428 2747 certa
2460 2694 2564 2746 alia
2605 2703 2731 2746 tune.
2769 2706 3026 2759 expressa
3071 2694 3206 2744 bona
3240 2692 3396 2747 dicta:
3421 2690 3640 2758 capella:
3692 2689 3848 2743 dona-

2282 2785 2441 2845 verit,
2472 2794 2651 2837 tamen
2687 2798 2860 2852 nuper
2897 2799 2997 2836 suo
3042 2784 3223 2836 animo
3263 2784 3315 2836 iu
3364 2783 3568 2837 bonum
3621 2778 3847 2849 quotidie

2283 2875 2452 2941 magis
2484 2872 2834 2939 ferveseente,
2864 2875 3063 2941 emptis
3102 2874 3254 2928 abeo
3284 2891 3311 2927 a
3344 2875 3579 2929 diversis
3611 2870 3849 2943 personis

2283 2966 2509 3035 reliquis
2562 2976 2765 3035 septem
2819 2969 3066 3036 partibus
3108 2966 3305 3022 casalis
3355 2966 3660 3038 Cimgnolae
3688 2978 3848 3027 novre,

2285 3056 2374 3111 siti
2414 3059 2466 3111 in
2496 3055 2647 3113 Latio
2673 3066 2822 3111 extra
2857 3068 3067 3125 portant
3106 3057 3334 3126 Appiaut
3384 3057 3540 3110 alma:
3590 3055 3764 3119 Urbis,
3801 3061 3851 3107 et

2286 3150 2391 3205 alia
2426 3150 2719 3205 donatione
2755 3151 3027 3218 pra-dicta,
3083 3159 3339 3220 tanquam
3398 3152 3581 3206 minus
3608 3149 3845 3211 fecunda,

2287 3258 2383 3314 per
2418 3258 2544 3297 eum
2594 3251 2867 3305 revocata,
2917 3252 3085 3296 totum
3144 3243 3344 3296 dictum
3383 3242 3566 3296 casale
3595 3256 3713 3296 cum
3742 3253 3848 3292 0m-

2289 3336 2445 3392 nibtts
2473 3345 2524 3389 et
2560 3335 2784 3404 singulis
2812 3335 3145 3400 tenimcntis,
3194 3336 3355 3390 terris
3386 3334 3548 3390 cultis
3580 3345 3636 3389 et
3674 3329 3851 3388 incul-

2288 3432 2381 3496 tis,
2415 3431 2608 3502 pratis,
2642 3430 2821 3499 aquis,
2852 3444 3112 3497 aquarum
3171 3428 3487 3483 decursibus
3516 3429 3744 3496 aliisque
3768 3423 3851 3493 ju-

2287 3522 2439 3577 ribus
2490 3533 2544 3576 et
2577 3521 2921 3590 pertinentiis
2974 3522 3109 3583 suis,
3163 3535 3262 3573 nec
3323 3512 3427 3573 non
3461 3519 3745 3587 quamdam
3773 3513 3845 3565 vi-

2291 3630 2443 3670 neatu
2479 3628 2745 3668 mensura?
2791 3622 2995 3680 septem
3060 3612 3348 3681 petiarum,
3380 3612 3463 3665 vel
3496 3612 3669 3677 circa,
3708 3608 3854 3664 sitam

2292 3705 2432 3758 intra
2460 3704 2661 3758 moenia
2692 3703 2857 3759 Urbis
2884 3704 2935 3756 in
2972 3702 3093 3758 loco
3121 3702 3175 3757 S.
3206 3701 3429 3758 Caesarii
3467 3702 3518 3756 in
3550 3703 3707 3756 'l‘urri
3740 3713 3857 3752 nun-

2290 3808 2510 3866 cupato,
2542 3797 2791 3851 similiter
2828 3812 2856 3849 a
2891 3811 2951 3851 se
2995 3806 3276 3865 emptam;
3327 3795 3544 3864 aliaque
3586 3792 3777 3862 jocalia
3806 3795 3856 3847 et

2289 3900 2607 3945 ornamenta
2669 3889 2924 3957 praedicta
2971 3889 3146 3943 eidem
3204 3888 3424 3955 capella:
3475 3890 3701 3943 donavit
3727 3892 3779 3939 et
3806 3881 3853 3933 in

2294 3979 2476 4034 dotem
2522 3980 2807 4034 constituit
2842 3993 2905 4033 ac
2955 3978 3272 4047 assignavit.
3303 3978 3366 4033 Et
3393 3978 3517 4047 quia
3555 3986 3678 4043 post
3711 3970 3854 4049 153

2292 4072 2686 4127 emanationem
2766 4071 3008 4140 priorum
3091 4071 3393 4123 litterarum
3486 4071 3851 4140 praedictarum

2281 4151 2411 4233 ipsa
2444 4164 2664 4217 basilica
2697 4162 2855 4215 dictis
2883 4159 3165 4214 Fratribus
3187 4159 3399 4213 ordinis
3434 4158 3702 4216 Minorum
3726 4170 3848 4211 con—
3938 4142 3943 4147 ’

2294 4270 2445 4311 cessa
2501 4265 2555 4309 et
2614 4256 2681 4307 ad
2740 4270 2930 4309 eorum
2990 4254 3235 4307 ordinem
3294 4255 3512 4308 reducta
3554 4253 3780 4312 exstitit,
3807 4254 3859 4297 ut

2297 4352 2604 4422 prtel'ertur,
2640 4351 2781 4404 idem
2808 4350 3120 4413 eardinalis,
3177 4350 3496 4405 existimans
3526 4364 3625 4419 per
3658 4343 3861 4403 eosdem

2301 4447 2526 4504 Fratres
2570 4458 2731 4513 posse
2786 4444 2945 4497 dicttn
2978 4444 3203 4513 capellae
3248 4443 3301 4496 in
3331 4442 3527 4499 divinis
3554 4438 3869 4497 convenien-

2299 4541 2405 4592 tius
2429 4548 2480 4593 et
2506 4538 2716 4592 facilius
2742 4551 2902 4602 quam
2939 4550 3031 4604 per
3085 4535 3377 4591 stccnlares
3407 4535 3749 4604 presbyteros
3776 4527 3864 4580 dce

2297 4631 2512 4693 serviri,
2548 4630 2695 4700 ipsos
2738 4628 2957 4685 Fratres
3010 4628 3063 4683 in
3094 4629 3233 4682 dicta
3286 4627 3491 4695 capella
3526 4623 3769 4680 instituit.
3806 4630 3865 4669 δε

2297 4724 2465 4776 voluit
2490 4733 2539 4775 et
2583 4721 2875 4784 ordinavit,
2899 4721 3038 4789 quod
3068 4720 3169 4789 ipsi
3227 4717 3449 4775 Fratres
3477 4718 3673 4772 dictam
3697 4709 3866 4782 capel-

2304 4818 2409 4869 lam
2438 4822 2492 4869 et
2524 4830 2619 4883 per
2654 4814 2895 4882 ipsorum
2928 4818 3303 4881 procuratores
3362 4810 3444 4865 vel
3475 4810 3726 4881 syndicos
3757 4803 3865 4871 eius

2306 4908 2442 4962 bona
2487 4913 2752 4967 tenerent,
2776 4912 2829 4958 et
2856 4904 2907 4956 in
2938 4902 3128 4957 eadem
3155 4902 3358 4971 capella
3400 4903 3547 4959 omni
3586 4902 3676 4957 die
3714 4909 3863 4954 unam

2307 5003 2527 5057 missam
2591 4998 2937 5053 celebrarent
2976 4995 3061 5048 vel
3119 4996 3384 5050 celebrari
3449 4976 3715 5060 facerent,
3770 4991 3869 5045 hoc

2305 5092 2464 5146 modo
2500 5090 2772 5154 videlicet,
2792 5089 2979 5142 diebus
3012 5088 3288 5147 Mercurii.
3314 5086 3537 5141 Veneris
3558 5099 3611 5141 et
3632 5081 3866 5143 Sabbati,

2304 5189 2520 5239 missam
2552 5199 2650 5252 pro
2684 5183 2991 5249 defunctis,
3026 5182 3114 5235 die
3168 5196 3295 5235 vero
3334 5180 3616 5235 Dontinico
3651 5178 3863 5233 missam

2305 5288 2636 5351 eurrentem,
2707 5289 2762 5331 et
2807 5277 2895 5332 die
2959 5277 3125 5331 Luna:
3184 5276 3401 5330 missam
3456 5274 3514 5330 S.
3552 5266 3867 5345 Angelisdie

2306 5386 2431 5424 \CIO
2461 5370 2646 5423 Martis
2676 5371 2896 5426 missam
2929 5369 2987 5425 S.
3020 5369 3244 5424 Joannis
3273 5370 3544 5435 Baptistae,
3583 5378 3637 5423 et
3681 5368 3762 5422 die
3783 5360 3870 5416 Jo-

2306 5466 2387 5517 vis
2426 5466 2648 5517 missam
2678 5461 2737 5515 S.
2771 5461 3055 5516 Trinitatis
3099 5478 3223 5516 cum
3266 5461 3778 5516 commemoratione
3806 5451 3862 5507 S.

2308 5555 2578 5624 Eugeniae,
2608 5563 2661 5607 et
2688 5555 2850 5608 etiam
2889 5568 3012 5607 eum
3041 5554 3265 5608 collecta
3299 5556 3350 5608 iu
3372 5556 3623 5624 qualibet
3659 5567 3751 5623 pro
3780 5550 3865 5601 de-

2303 5645 2505 5698 functis
2554 5642 2836 5698 referendo
2862 5659 2959 5714 pro
2986 5646 3153 5699 certis
3176 5660 3273 5714 per
3303 5646 3474 5715 ips-itm
3496 5646 3865 5701 Bessariont'm

2306 5736 2626 5791 nominatim
2656 5737 2946 5804 eXpressis,
2978 5751 3079 5791 nec
3113 5752 3218 5792 non
3272 5738 3417 5808 quod
3448 5739 3606 5792 anuis
3631 5732 3866 5804 Singulis.

2305 5828 2515 5889 decima
2560 5829 2646 5884 die
2686 5827 2887 5885 mensis
2934 5827 3293 5902 Septembris,
3352 5837 3640 5889 teneantur
3687 5828 3870 5883 fratres
