4114 6424
370 369 512 409 XCIII

371 478 477 547 ipsi
514 484 740 528 camare
777 470 984 541 vigilias
1013 481 1374 535 mortuorum,
1426 482 1483 526 et
1512 474 1731 526 miss;nn
1766 474 1965 526 solem-

369 585 501 626 nem
539 583 637 636 pro
688 564 970 620 defunctis
1029 566 1310 635 expressis
1363 565 1641 633 praedictis
1693 581 1754 618 ac
1796 567 1964 620 voluit

370 662 518 718 idem
555 660 864 715 Bessarion.
897 658 1055 727 Quod
1101 659 1148 714 si
1193 674 1301 729 quo
1332 675 1464 715 casu
1508 661 1800 730 aliquando
1836 677 1966 716 con-

372 754 610 825 tingeret
653 753 798 822 quod
829 752 959 810 dicti
1009 752 1206 807 fratres
1236 752 1304 806 ab
1332 753 1522 808 eadem
1554 754 1773 808 basilica
1814 768 1967 807 rece-

368 848 568 901 det-ent
608 858 840 915 eamque
884 845 1245 906 dimitterent,
1303 845 1556 914 dictaque
1610 846 1836 901 basilica
1897 849 1962 900 a.|

370 939 642 994 dictorum
671 939 1014 994 saecularium
1052 938 1291 1010 regimen
1351 940 1726 1009 reduceretur,
1759 951 1888 996 tunc
1911 952 1968 996 ct

369 1047 439 1089 eo
475 1047 604 1086 casu
632 1032 836 1086 dictmn
865 1033 959 1104 jus
990 1041 1312 1103 patronatus
1345 1033 1522 1088 locum
1554 1033 1776 1102 habere,
1813 1037 1961 1090 illud-

369 1141 484 1196 que
515 1127 580 1180 ad
625 1126 874 1182 abbatem
936 1126 1254 1183 monasterii
1305 1126 1365 1182 S.
1399 1125 1550 1183 Pauli
1611 1137 1666 1184 et
1720 1131 1962 1200 priorem

370 1221 570 1275 domus
607 1220 666 1277 S.
694 1220 879 1276 Mai-ire
909 1220 977 1276 de
1005 1222 1207 1290 Populo
1237 1223 1624 1291 praedictorum
1661 1228 1956 1294 pertinere.

379 1314 439 1366 Et
464 1315 588 1384 quia
611 1315 725 1384 ipsa
755 1315 961 1384 capella
995 1330 1093 1384 pro
1121 1315 1331 1371 duobus
1363 1316 1660 1385 capellanis
1687 1317 1961 1374 suﬁicicn-

389 1421 459 1458 .er
489 1420 584 1475 per
623 1405 910 1474 praefatum
973 1405 1350 1462 Bessarionem
1423 1408 1610 1462 dotata
1669 1417 1786 1474 est,
1815 1410 1960 1479 quod

374 1511 507 1551 utne
550 1505 606 1549 et
652 1512 717 1550 co
777 1511 908 1550 casu
963 1497 1061 1564 ipsi
1109 1497 1278 1551 abbas
1332 1507 1386 1552 et
1447 1499 1614 1566 prior,
1650 1508 1756 1552 tam
1788 1501 1964 1567 prima

369 1589 500 1644 \ice
531 1604 690 1657 quam
728 1591 939 1658 quoties
967 1604 1128 1644 casus
1180 1590 1324 1644 illius
1379 1591 1678 1646 vacationis
1709 1606 1966 1647 occurre-

393 1682 469 1746 'it,
501 1682 634 1736 duas
665 1698 930 1750 personas
961 1683 1014 1736 in
1065 1684 1374 1739 Sacerdotio
1423 1686 1753 1740 constitutas
1783 1687 1964 1739 cardi-

373 1781 486 1832 nali
524 1779 642 1848 ejus
677 1778 912 1833 basilicae
958 1793 1058 1847 pro
1099 1787 1342 1848 tempore
1383 1780 1666 1834 exsistenti
1713 1793 1812 1850 per
1838 1794 1964 1834 eum

373 1871 747 1926 trstituendas
783 1879 1116 1940 praesentare
1167 1872 1437 1940 debeant;
1465 1872 1555 1942 qui
1617 1873 1836 1942 quidem
1869 1886 1960 1927 ca-

369 1965 576 2036 pellani
605 1965 848 2034 qualibet
878 1965 1186 2034 septimana
1243 1975 1449 2035 septem
1480 1965 1700 2030 missas,
1732 1965 1968 2035 singulis

370 2057 628 2110 videlicet
657 2056 846 2114 diebus
874 2057 1114 2127 singulas
1143 2056 1196 2111 in
1241 2059 1433 2112 eadem
1483 2058 1689 2128 capella
1719 2057 1965 2112 vicissim

373 2153 540 2204 modo
587 2160 638 2202 et
683 2151 876 2206 ordine
924 2151 1181 2219 superius
1229 2151 1537 2222 expressis,
1586 2161 1646 2207 et
1700 2151 1967 2222 praedicta

375 2244 583 2298 dccima
617 2243 707 2300 die
741 2246 953 2316 vigilias
1014 2257 1352 2302 mortuorum
1405 2257 1462 2303 et
1523 2245 1757 2300 oﬂicium
1794 2254 1966 2300 lotum

374 2345 432 2389 et
465 2338 686 2392 missam
728 2352 826 2408 pro
870 2337 1143 2394 defunctis
1190 2337 1370 2410 legere
1418 2346 1729 2393 teneantur.
1757 2337 1970 2392 Casalis

374 2443 507 2483 vero
536 2440 590 2484 et
626 2431 796 2487 vineae
825 2441 879 2487 et
900 2431 1128 2488 aliorum
1160 2431 1429 2486 bonorum
1459 2438 1513 2486 et
1535 2430 1796 2503 jocalinm
1830 2443 1970 2499 prte-

374 2521 643 2577 dictormn
674 2523 776 2594 ipsi
814 2523 1068 2594 capellae,
1127 2533 1187 2579 ut
1224 2523 1567 2594 praedicitur,
1615 2521 1968 2589 donatorum,

367 2628 429 2670 et
458 2629 912 2687 quorumcunque
944 2616 1170 2672 aliorum
1206 2617 1280 2683 ei,
1317 2618 1428 2672 vita
1462 2615 1687 2680 comite,
1709 2616 1763 2669 in
1786 2625 1970 2681 posm-

374 2723 497 2762 rmn
541 2709 919 2766 donandorum
977 2708 1362 2765 alienationem
1412 2708 1653 2780 cujusvis
1678 2705 1970 2777 speciciac

373 2803 592 2870 generis
622 2803 762 2858 idem
788 2800 1099 2869 Bessarion,
1137 2810 1244 2857 lam
1273 2799 1529 2858 Fratrum
1563 2800 1804 2871 ipsorum
1841 2813 1968 2868 syn-

369 2896 513 2952 dicis
542 2911 704 2968 quam
739 2896 791 2952 in
829 2893 1160 2965 promissum
1221 2902 1471 2949 eventum
1505 2891 1800 2962 capellanis
1828 2905 1968 2960 prte-

372 2989 559 3054 dictis,
595 2998 650 3044 cl
699 2988 1113 3059 quibuscumque
1155 2987 1279 3042 aliis
1318 2987 1477 3042 dicta:
1506 2984 1728 3057 capellte
1762 2995 1812 3040 et
1850 2983 1969 3053 ejus

373 3083 644 3139 bonorum
701 3079 1274 3144 administratoribus,
1353 3087 1616 3148 perpetuo
1673 3077 1969 3147 {interdixit

375 3168 544 3247 atque
571 3173 866 3246 prohibuit,
897 3173 1083 3230 volens
1113 3171 1275 3246 154
1324 3171 1683 3227 alicnationes
1715 3169 1882 3240 ipsas,
1921 3171 1968 3224 si

375 3286 500 3342 quae
547 3271 600 3326 in
634 3279 747 3326 toto
775 3266 859 3324 vel
900 3269 952 3324 in
986 3276 1162 3346 parte,
1217 3264 1362 3338 quod
1405 3264 1570 3329 absit,
1603 3264 1818 3326 ﬁerent,
1850 3262 1969 3317 nul-

375 3367 484 3423 lius
514 3379 635 3422 esse
683 3363 897 3436 roboris
937 3362 1020 3419 vel
1046 3359 1348 3433 (momenti,
1394 3358 1490 3414 sed
1523 3357 1784 3413 adversus
1814 3370 1968 3424 emp-

376 3465 526 3512 tores
557 3464 651 3509 aut
681 3454 817 3510 alias
852 3455 1095 3524 ipsorum
1149 3450 1368 3516 casalis,
1404 3450 1573 3506 vinea:
1611 3457 1668 3503 et
1699 3448 1966 3505 bonorum

371 3563 703 3623 quocunque
748 3547 905 3603 titulo
933 3553 1239 3614 receptores
1274 3544 1553 3615 praedictis
1589 3543 1853 3600 fratribus
1883 3542 1968 3604 vel

369 3641 672 3712 Capellanis
717 3649 1040 3710 quocunque
1084 3647 1326 3708 tempore
1385 3635 1499 3693 fore
1534 3636 1603 3693 ad
1633 3637 1724 3694 illa
1759 3655 1969 3712 regres-

373 3748 519 3797 sum,
553 3739 712 3802 prout
740 3739 848 3786 tam
883 3731 934 3784 in
967 3728 1238 3798 praedictis
1269 3728 1467 3784 litteris
1496 3743 1658 3799 quam
1692 3745 1960 3801 processu

374 3840 474 3895 per
507 3826 682 3895 ipsum
717 3822 1188 3894 archiepiscopum
1213 3837 1381 3893 super
1409 3824 1614 3878 eisdem
1647 3827 1970 3892 posteriori-

373 3917 474 3971 bus
502 3915 698 3972 litteris
745 3913 951 3980 habito,
977 3923 1032 3971 et
1079 3915 1313 3986 quodam
1358 3915 1576 3986 publico
1606 3899 1966 3973 instrumento

370 4026 540 4082 super
593 4010 892 4067 donatione
938 4019 994 4065 et
1050 4009 1101 4064 in
1131 4009 1324 4064 dotem
1367 4008 1782 4076 constitutione,
1826 4011 1967 4066 assi-

371 4106 653 4176 gnatione,
684 4103 987 4169 voluntate,
1031 4101 1376 4158 ordinatione
1412 4109 1468 4155 et
1519 4099 1638 4155 aliis
1669 4103 1966 4170 prmmissis

369 4196 645 4261 confecto,
671 4212 901 4267 quorum
929 4196 1172 4252 omnium
1209 4203 1425 4252 tenores
1463 4193 1963 4266 diligenterinspici

368 4301 428 4347 et
483 4290 786 4348 examinari
857 4289 1108 4358 fecimus,
1160 4300 1215 4345 et
1252 4303 1346 4348 eos
1386 4302 1450 4342 ac
1510 4289 1556 4343 si
1589 4289 1656 4344 de
1703 4289 1869 4344 vcrbo
1898 4279 1973 4344 ad'

369 4385 599 4456 verbum
625 4384 986 4456 praesentibus
1044 4386 1434 4451 insererentur,
1494 4383 1684 4442 haberi
1713 4388 1973 4457 volumus
2056 4404 2064 4422 ι

370 4493 474 4548 pro
500 4478 794 4548 expressis,
843 4475 1056 4546 plenius
1100 4479 1436 4534 continetur.
1487 4478 1670 4544 Quare
1707 4464 1972 4550 praelatus.

373 4570 670 4626 Bcssarion
706 4570 862 4625 nobis
893 4571 1176 4630 humiliter
1216 4573 1542 4645 supplicavit
1575 4583 1632 4628 ut
1672 4576 1966 4643 praatnissis

371 4662 631 4717 Omnibus
653 4671 708 4718 et
738 4663 965 4734 singulis
993 4680 1089 4735 pro
1123 4664 1335 4720 illorum
1361 4668 1711 4739 subsistentia
1735 4669 1978 4740 ﬁrmiori,

374 4751 545 4806 robur
591 4754 902 4822 apostolicae
951 4755 1386 4810 conlirmationis
1436 4757 1672 4827 adjicere
1721 4759 1976 4828 aliasque

372 4859 541 4915 super
577 4845 662 4899 bis
691 4856 993 4917 opportune
1040 4849 1329 4918 providere
1376 4850 1444 4905 de
1478 4851 1808 4922 benignitate
1834 4869 1965 4924 apo-

372 4935 569 4991 stolica
596 4937 966 5007 dignarentur.

444 5026 556 5083 Nos
595 5029 780 5099 igitur,
818 5033 908 5100 qui
945 5031 1247 5101 bujusmodi
1313 5035 1663 5092 laudabilium
1709 5053 1960 5108 operum,

372 5134 471 5187 per
497 5137 618 5192 qua:
651 5125 868 5180 divinus
897 5127 1076 5181 cultus
1112 5139 1366 5198 augetur,
1410 5131 1780 5186 ecclesiarum
1814 5134 1962 5188 basi-

371 5217 494 5271 lica:
551 5218 900 5282 decorantur,
955 5230 1010 5275 et
1046 5221 1349 5276 aniruarum
1402 5231 1510 5277 tam
1559 5224 1958 5282 instituenlium

372 5324 536 5380 quam
584 5311 817 5366 aliorum
871 5312 1110 5369 ﬁdelium
1163 5317 1325 5371 saluti
1379 5319 1602 5388 provide
1634 5319 1960 5384 consulitur,

370 5409 844 5459 commendatores
875 5417 1039 5475 atque
1065 5407 1306 5464 fautores
1349 5411 1583 5466 libenter
1617 5414 1955 5483 exsistimus,

372 5502 428 5547 et
460 5505 518 5547 ut
547 5507 867 5565 perpetuum
905 5503 1143 5569 vigorem
1178 5501 1435 5570 habeant,
1478 5518 1738 5572 quantum
1771 5517 1958 5563 nostra

371 5588 518 5642 valet
563 5591 798 5658 provisio
832 5633 846 5657 ,
893 5592 1190 5648 efﬁcaciter
1251 5610 1584 5664 operatnur,
1641 5600 1956 5672 bujusmodi

371 5681 860 5750 supplicationibus
909 5687 1191 5756 inclinati,
1235 5695 1633 5759 reparationem
1681 5707 1737 5748 et
1795 5712 1957 5751 orna-

373 5781 611 5823 mentum
642 5775 862 5842 capellac
893 5777 1178 5845 praeditam,
1209 5781 1413 5836 eisdem
1450 5781 1731 5841 Fratribus
1756 5787 1958 5844 factam

371 5864 778 5922 concessionem
826 5884 1127 5940 eorumque
1179 5873 1229 5927 in
1292 5876 1378 5930 illa
1431 5877 1844 5950 institutionem,
1896 5894 1953 5942 ct

853 5971 1119 6025 PATllOL.
1163 5969 1274 6026 Gtt.
1309 5968 1507 6032 CLXI.

1092 358 1391 420 ALOYSII
1432 358 1786 447 sitmst:
1829 360 1966 420 cor

2068 361 2447 424 anan.th
2502 387 2569 397 --
2613 324 3029 424 ᾸΡΡΕΝΟΙΧ.

3527 371 3650 411 χειν

2076 472 2272 524 caSaIis
2319 484 2373 527 et
2415 474 2602 540 vineas,
2641 490 2738 528 nec
2787 490 2892 528 non
2936 471 3196 543 jocalium
3227 481 3280 527 ct
3310 482 3659 527 ornamento-

2073 580 2189 616 rum
2225 580 2286 618 ac
2317 567 2580 621 benorum
2629 564 3008 638 praedictorum
3046 567 3147 637 ipsi
3191 565 3409 636 capellze
3458 565 3657 620 factam

2065 658 2423 722 posteriorem
2450 659 2818 723 donationem,
2843 676 2906 714 ac
2929 659 3019 727 jus
3053 668 3371 728 patronatus
3397 657 3451 711 in
3476 672 3646 712 even-

2068 757 2183 802 tum
2215 753 2528 818 prtetliulum
2567 753 2830 806 duntaxat
2878 753 3293 808 concessionem
3353 749 3657 820 priorisque

2069 845 2497 910 revocationem,
2529 861 2628 900 nec
2655 862 2784 913 _non
2823 846 3192 911 interdictum,
3243 852 3294 899 et
3330 842 3655 914 prohibitio-

2069 953 2193 992 nem
2223 955 2288 994 ac
2321 941 2650 994 Voluptatem
2677 949 2730 994 et
2759 940 3156 995 ordinationem
3185 937 3356 1008 ipsius
3373 934 3657 991 Bessario-

2070 1041 2153 1092 nis
2187 1036 2485 1091 cartlinalis
2537 1040 2751 1104 aliaque
2811 1035 3090 1102 praemissa
3145 1043 3263 1086 rata
3319 1030 3581 1084 habentes
3604 1039 3662 1084 et

2069 1139 2246 1200 grata,
2281 1129 2368 1183 illa
2405 1129 2584 1182 omnia
2622 1137 2673 1181 et
2723 1127 2934 1197 singula
2974 1128 3024 1179 in
3073 1126 3267 1180 litteris
3316 1132 3369 1178 et
3401 1136 3654 1191 processu

2043 1239 2134 1277 'ac
2165 1224 2531 1278 instrumento
2564 1221 2838 1295 praedictis
2876 1227 3130 1274 contenta
3169 1227 3224 1272 ct
3257 1215 3498 1285 qualibet
3532 1215 3657 1267 inde

2069 1323 2256 1370 secuta
2309 1315 2634 1370 auctoritate
2684 1313 2985 1384 apostolica
3035 1321 3087 1366 et
3127 1327 3191 1366 ex
3237 1319 3387 1363 certa
3427 1307 3700 1363 Scientia-

2071 1417 2254 1464 lcnore
2288 1407 2637 1478 praesentium
2674 1406 3063 1461 conﬁrmamus
3091 1414 3146 1457 et
3174 1403 3561 1472 approbamus,
3592 1416 3655 1453 ac

2069 1501 2288 1572 plenum
2315 1502 2482 1557 robur
2509 1502 2758 1557 obtinere
2781 1502 3148 1564 decernimus,
3187 1499 3504 1566 supplenles
3541 1513 3658 1546 tm:-

2070 1611 2166 1651 nes
2205 1606 2260 1652 et
2311 1596 2554 1665 singulos
2587 1595 2859 1659 defectus,
2918 1593 2963 1647 si
2994 1593 3084 1663 qui
3111 1591 3294 1647 forsan
3350 1590 3660 1644 intervene-

2069 1691 2181 1742 rint
2243 1689 2294 1742 in
2346 1689 2575 1753 eisdem,
2640 1703 2740 1744 ncc
2802 1702 2908 1742 non
2965 1703 3087 1742 cum
3121 1685 3283 1740 dictis
3315 1683 3574 1738 fratribus
3599 1689 3662 1735 ut

2059 1778 2382 1854 ‘prsdictam
2437 1783 2724 1853 capellam,
2773 1789 2828 1837 et
2885 1781 3030 1836 illius
3091 1794 3157 1834 ac
3221 1779 3381 1833 dicta:
3419 1777 3656 1831 basilicze

2069 1877 2442 1946 possessiones
2472 1887 2525 1930 et
2551 1875 2656 1929 alia
2699 1874 2839 1930 bona
2865 1873 3123 1943 praedicta
3157 1886 3255 1942 pro
3289 1871 3653 1942 paramentis,

2070 1967 2249 2031 libris,
2297 1967 2652 2030 ornamentis,
2709 1965 3096 2029 luminaribus,
3155 1978 3279 2019 cera
3323 1972 3376 2018 et
3416 1962 3535 2018 aliis
3569 1975 3659 2016 sa-

2069 2061 2273 2116 cristite
2300 2061 2470 2130 ipsius
2498 2061 2758 2125 basilicae,
2795 2059 3114 2116 eorumdem
3147 2071 3365 2129 quoque
3397 2054 3652 2111 Fratrum

2072 2156 2508 2216 necessitatibus.
2539 2155 2584 2209 si
2625 2154 2842 2210 aliunde
2879 2154 3002 2208 vitae
3043 2150 3354 2208 necessaria
3397 2147 3656 2218 consequi

2073 2257 2368 2317 nequeant,
2403 2249 2665 2312 retinere,
2697 2262 2762 2302 ac
2794 2246 3168 2316 possessiones
3209 2255 3263 2301 et
3293 2247 3432 2301 bona
3465 2244 3660 2312 hujus-

2073 2342 2217 2398 nio-li
2273 2355 2368 2410 per
2418 2354 2763 2397 oeconomum
2823 2339 2904 2394 vel
2940 2346 3348 2407 procuratorem
3401 2335 3654 2389 idouemu

2072 2445 2167 2490 aut
2197 2435 2476 2507 syndicum
2505 2433 2704 2488 laieum
2736 2431 3143 2496 adminisrrare,
3187 2429 3402 2485 illormn
3439 2441 3656 2497 quoque

2073 2529 2280 2589 fructus
2308 2566 2324 2593 ,
2375 2527 2580 2583 reditus
2628 2534 2685 2582 et
2741 2533 3039 2597 proventus
3086 2525 3139 2579 in
3189 2538 3320 2578 usus
3366 2521 3660 2592 praedictos

2071 2631 2392 2678 convertere
2424 2621 2590 2676 libere
2618 2633 2681 2673 ac
2715 2618 2862 2674 licite
2890 2617 3132 2684 valeant,
3159 2616 3484 2671 auctoritate
3514 2631 3658 2684 prae-

2071 2716 2215 2772 dit-ta
2243 2725 2429 2771 tenore
2445 2713 2793 2784 prtesentium
2818 2711 2975 2783 155
2997 2712 3064 2767 de
3089 2711 3308 2782 speciali
3336 2711 3510 2782 gratia
3543 2711 3658 2768 dis-

2072 2821 2394 2875 pensatnus;
2415 2807 2742 2861 mandantes
2771 2805 2994 2874 insuper
3025 2806 3347 2877 presbytero
3388 2805 3651 2862 cardinali

2070 2898 2228 2954 dieue
2255 2899 2496 2956 basilicte
2522 2897 2614 2970 qui
2651 2912 2748 2966 pro
2781 2906 3025 2966 tempore
3075 2895 3258 2963 fuerit,
3293 2908 3348 2953 ut
3377 2898 3656 2969 praemissa

2068 2994 2251 3048 omnia
2293 3003 2346 3049 et
2387 2991 2598 3062 singula
2633 2989 2800 3048 iaciat
2845 3005 2942 3060 per
2971 2990 3194 3046 eosdem
3239 2991 3462 3046 Fratres
3489 2991 3573 3044 vel
3599 2993 3652 3045 in

2072 3086 2385 3158 pradiclum
2423 3101 2677 3143 eventum
2724 3088 3038 3159 capellanos
3086 3090 3244 3144 dictae
3286 3087 3508 3158 capellae
3562 3084 3658 3154 qui

2071 3197 2168 3251 pro
2205 3195 2448 3255 tempore
2499 3182 2723 3247 fuerint,
2759 3185 3034 3252 perpetuis
3090 3182 3290 3239 futuris
3322 3183 3658 3254 temporibus

2071 3277 2462 3334 inviolabiliter
2507 3277 2812 3345 observari,
2877 3277 3311 3333 contradictores
3338 3293 3435 3348 per
3465 3291 3657 3332 censu-

2071 3389 2187 3428 ram
2245 3369 2703 3439 ecclesiasticam,
2737 3371 3100 3442 appellationc
3151 3375 3478 3442 postposita,
3508 3387 3659 3428 com-

2071 3465 2340 3536 pesceudo
2373 3483 2389 3520 :
2422 3481 2530 3522 non
2567 3467 2915 3521 obstantibus
2964 3465 3450 3522 constitutionibus
3483 3475 3538 3520 et
3566 3480 3662 3520 or-

2069 3559 2439 3614 dinationibus
2480 3559 2795 3629 apostolicis
2846 3573 2910 3614 ac
2955 3558 3272 3616 eorumdem
3328 3559 3570 3616 basilicae
3602 3569 3661 3616 et

2069 3653 2280 3708 ordinis
2312 3652 2562 3708 Fratrum
2603 3652 2872 3708 Minorum
2899 3653 3124 3710 statutis
3157 3664 3211 3710 et
3242 3655 3659 3710 consuetudini-

2069 3742 2189 3805 bus,
2219 3742 2553 3812 juramvnto,
2578 3743 2990 3801 conﬁrtnatiOne
3023 3745 3319 3812 ap05lolica
3349 3746 3428 3800 vel
3465 3746 3659 3816 quatis

2069 3840 2329 3896 ﬁrmitate
2356 3841 2460 3896 alia
2503 3840 2793 3906 roboratis,
2851 3841 3148 3896 contrariis
3198 3841 3657 3913 quibuscunque;

2069 3945 2162 3990 aut
2195 3935 2239 3990 si
2277 3936 2550 4006 aliquibus
2583 3935 2944 3990 communiter
2963 3935 3046 3989 vel
3087 3935 3299 3991 divisim
3333 3951 3361 3991 a
3389 3937 3648 4007 praedicta

2068 4027 2138 4082 sit
2190 4026 2320 4082 sede
2371 4026 2662 4090 indultum,
2715 4026 2858 4097 quod
2921 4027 3212 4091 interdici,
3261 4029 3518 4098 suspendi
3570 4029 3656 4084 vel

2067 4119 2540 4174 excommunicari
2569 4133 2675 4172 non
2704 4119 2913 4188 possint
2961 4133 3058 4187 per
3089 4118 3298 4192 litteras
3329 4120 3658 4190 apostolicus

2058 4192 2177 4266 'non
2235 4211 2496 4267 facientes
2537 4210 2748 4280 plenam
2780 4221 2834 4265 et
2870 4224 3190 4281 expressam
3222 4211 3288 4266 de
3313 4211 3519 4267 indulto
3550 4213 3658 4266 lm-

2063 4303 2303 4374 jusmodi
2343 4303 2696 4360 mentionem.

2137 4397 2278 4452 Nulli
2309 4413 2438 4468 ergo
2471 4399 2697 4454 omnino
2736 4398 3018 4454 hominum
3053 4399 3236 4466 liceat,
3273 4409 3380 4455 etc.

2141 4489 2333 4544 Datum
2365 4488 2574 4556 Romae,
2602 4489 2742 4560 apud
2794 4490 2852 4545 S.
2904 4489 3166 4556 Marcum,
3203 4508 3345 4545 anno
3382 4491 3653 4548 iucaruat.

2069 4581 2290 4640 Domin.
2315 4582 2478 4648 1467,
2495 4581 2706 4638 xvrkal.
2731 4582 2980 4648 Octobr.,
3004 4583 3195 4653 poutif.
3219 4586 3386 4640 nostri
3410 4600 3554 4640 anno
3579 4601 3654 4639 tv.

2815 4696 2910 4752 XI.

2069 4790 2228 4845 Breve
2281 4791 2614 4846 Bessarionis
2665 4792 2915 4859 elogium,
2983 4789 3048 4843 ab
3105 4800 3319 4844 auctore
3377 4805 3643 4859 anonymo

2137 4863 2399 4930 citaret-0,
2426 4865 2700 4930 scriptum.
2735 4849 2818 4916 Ea:
2848 4849 3022 4915 codice
3069 4860 3198 4916 bibl.
3272 4849 3544 4916 Vaticana.7
3594 4877 3649 4912 η.

2139 4933 2300 5001 5621,
2337 4950 2391 5001 ρ.
2424 4932 2510 4987 l0.

2139 5049 2448 5106 Cardinalis
2471 5049 2784 5117 Bessarton,
2803 5051 3079 5114 Nic-tenus,
3112 5058 3356 5121 tempore
3377 5052 3653 5120 pontiﬁcis

2065 5141 2220 5197 Pauli
2252 5142 2295 5198 li
2327 5141 2566 5198 maxime
2601 5143 2753 5201 ﬁoret
2783 5155 2841 5199 et
2879 5144 2931 5198 in
2964 5146 3140 5215 pretio
3172 5160 3276 5199 non
3309 5159 3474 5213 parvo
3529 5158 3651 5199 esse

2067 5221 2432 5306 pet-noscitur,
2473 5237 2602 5292 licet
2634 5247 2689 5292 et
2713 5246 2874 5294 antea
2906 5237 3224 5304 exstiterit;
3273 5253 3375 5293 nec
3414 5237 3652 5291 immeri-

2069 5338 2146 5392 to,
2171 5345 2293 5383 nam
2332 5329 2764 5386 litteratissimus
2795 5337 2900 5395 est,
2933 5342 2989 5386 et
3032 5330 3303 5393 omnibus,
3345 5328 3556 5384 Latinis
3585 5342 3650 5384 ac

2067 5421 2298 5482 Grecis.
2327 5423 2497 5476 multo
2529 5422 2938 5487 dilectissimus,
2980 5434 3338 5493 przeterquam
3410 5419 3652 5490 Georgio

2063 5515 2454 5585 Trapezuntio,
2482 5517 2607 5572 odio
2637 5517 2875 5587 quodam
2918 5519 3153 5588 privato.
3215 5516 3313 5572 llic
3351 5518 3653 5575 cardinalis

2065 5609 2374 5662 litteratura
2403 5625 2622 5680 semper
2650 5609 2978 5671 oblectatur,
3019 5621 3072 5664 et
3107 5610 3341 5666 lectiOne
3366 5621 3476 5666 tum
3501 5612 3652 5670 Grac-

2065 5716 2150 5764 ca,
2185 5710 2296 5754 tum
2339 5700 2532 5755 Latina
2551 5716 2770 5770 semper
2803 5700 3009 5770 aliquid
3041 5705 3322 5772 componit
3350 5713 3446 5762 aut
3471 5711 3654 5760 trans-

2065 5798 2193 5852 [ει-ι.
2237 5796 2389 5850 Nunc
2420 5806 2503 5850 cst
2522 5797 2573 5847 in
2597 5794 2716 5863 cjus
2745 5794 2997 5848 manibus
3025 5810 3164 5865 opus
3189 5795 3266 5850 De
3296 5798 3657 5866 comparatio-

2066 5903 2130 5942 ne
2167 5885 2407 5940 Plutonis
2439 5894 2486 5941 et
2513 5885 2833 5953 Aristotelis,
2861 5884 2912 5938 iu
2970 5900 3082 5954 quo
3110 5887 3193 5940 sui
3259 5888 3402 5943 vires
3451 5886 3656 5957 ingenii

3129 5987 3172 6046 ιι
