4114 6418
530 411 635 452 ιον

537 517 825 576 evidenter
856 517 1132 583 ostendit;
1176 530 1321 581 nam,
1379 515 1521 568 boue
1567 513 1746 567 Deus!
1785 527 1817 581 q
1860 517 1986 564 anta
2041 515 2126 562 est

542 610 899 680 intelligentia
935 611 1052 680 ejus
1092 609 1242 663 ineo
1287 608 1474 662 codice
1534 614 1700 676 atque
1752 602 2124 675 profunditas!

526 702 709 773 .156
737 704 877 771 quod
909 710 1087 754 tamen
1121 700 1361 754 nondum
1417 698 1654 753 absolvit
1711 710 1881 766 opus;
1927 704 2130 764 quanta

544 798 802 866 maiestas
828 795 842 848 ι
872 792 1012 860 Quid
1047 791 1223 846 dicam
1253 793 1319 847 de
1345 790 1600 847 acumine
1637 786 1863 857 ingenii,
1899 785 2029 855 quid
2066 787 2131 838 de

543 888 808 957 elegantia
872 885 1158 953 utriusque
1197 881 1521 936 sermonis?
1570 878 1671 933 llic
1728 877 1874 933 enim
1944 875 2134 929 Latine

524 976 907 1048 .proloquitur,
940 974 1063 1028 utsi
1099 977 1170 1028 ab
1197 972 1328 1040 ipsis
1354 968 1698 1025 incunabulis
1728 984 1756 1021 a
1777 966 1984 1020 Latinis
2012 965 2136 1019 Mn-

541 1073 618 1125 sis
649 1077 796 1133 esset
822 1069 1110 1121 educatus.
1143 1064 1344 1120 Grandi
1378 1063 1611 1118 consilio
1636 1062 1716 1114 vir
1745 1069 1829 1114 est
1882 1058 2028 1128 quod
2058 1057 2138 1111 vi-

544 1164 739 1217 delicet
765 1159 1025 1217 Bononia:
1046 1157 1190 1213 satis
1223 1154 1412 1221 eluxit,
1438 1154 1529 1209 tibi
1563 1153 1655 1207 diu
1686 1153 1916 1220 legatus,
1959 1148 2136 1202 homi-

549 1271 648 1311 nes
674 1254 826 1308 durze
858 1252 1089 1307 ceivicis
1119 1247 1528 1319 sapientissime
1560 1243 1878 1299 moderatus
1910 1238 2032 1303 fuit,
2085 1246 2139 1291 et

546 1347 689 1415 apud
715 1342 1018 1400 Germanos
1046 1350 1293 1411 -gentem
1324 1337 1613 1393 barbaram
1651 1341 1704 1388 et
1735 1331 1954 1388 elleram
1993 1331 2140 1399 lega-

546 1439 699 1492 tione
738 1436 982 1496 functus,
1008 1435 1162 1502 [apud
1203 1445 1341 1500 quos
1366 1429 1564 1484 mirum
1595 1428 2138 1495 estquamprudeno

551 1545 634 1584 ter
654 1543 714 1585 se
745 1526 1000 1599 gesserit,
1028 1537 1304 1595 quamque
1343 1521 1479 1575 mire
1511 1518 1579 1573 ab
1609 1520 1691 1572 eis
1722 1532 1786 1572 se
1843 1516 2140 1575 excluserit

430 1635 446 1649 °
502 1652 507 1654 τ
551 1636 715 1691 atque
739 1618 1074 1674 dissolverit.
1103 1614 1240 1670 Eum
1274 1628 1399 1668 vero
1440 1611 1661 1667 censuit
1687 1611 1983 1678 imperator
2014 1606 2137 1661 Fri-

555 1711 797 1774 dericns,
836 1707 1078 1771 censuit,
1141 1707 1387 1774 inquam,
1438 1701 1908 1772 sapientissimum
1960 1699 2141 1755 domi-

545 1800 980 1868 numuniceque
1004 1794 1371 1861 dilexit.'Qui
1432 1793 1563 1848 licet
1620 1793 1675 1847 in
1736 1792 1946 1862 legatos
2003 1790 2143 1846 alios

538 1907 743 1949 tamore
767 1904 821 1948 et
857 1889 1164 1946 reverentia
1201 1887 1438 1959 quadam
1489 1885 1651 1940 luerit
1683 1899 1836 1951 usus,
1903 1884 1957 1938 iu
1992 1883 2141 1938 hunc

557 1986 801 2042 maximo
831 1984 981 2037 cultu
1030 1982 1206 2050 primo
1232 1994 1366 2033 usus
1402 1987 1487 2033 est
1510 1976 1796 2043 ,seeundo
1843 1989 1971 2030 vero
2019 1975 2141 2030 loco

552 2080 606 2131 in
639 2075 950 2145 episcopum
972 2071 1383 2137 Torcellanum,
1426 2085 1574 2123 nunc
1611 2066 1995 2134 Brixiensem;
2030 2075 2142 2122 ter-

554 2169 631 2223 tio
668 2170 722 2222 in
781 2167 1251 2235 archiepiscopum
1303 2161 1650 2233 Sipontinqu
1702 2160 1984 2239 Nicolaum
2034 2156 2142 2215 He-

540 2261 708 2324 ‘lium,
741 2274 899 2328 quem
930 2273 1118 2313 secum
1146 2254 1402 2310 Nictenus
1428 2254 1556 2309 illuc
1593 2253 1662 2309 ab
1682 2250 1831 2308 Urbe
1884 2251 2139 2318 abduxit,

548 2351 780 2407 consilio
805 2364 859 2405 et
891 2339 1074 2421 ling’ua
1110 2350 1330 2402 mirum.
1361 2345 1405 2401 Ο
1424 2361 1587 2416 quam
1613 2347 1794 2417 largus
1819 2342 2141 2399 muniﬁcus-

549 2457 656 2513 que
677 2441 842 2496 estin
876 2457 999 2503 eum
1030 2440 1234 2496 Paulus
1267 2438 1347 2493 ll!
1379 2424 1618 2494 attamen
1649 2454 1713 2493 ea
1752 2440 1869 2509 lege
1924 2449 2143 2493 servata

548 2545 621 2586 ne
644 2531 774 2602 quid
802 2531 871 2584 ab
890 2531 1012 2600 ipso
1030 2539 1228 2601 printer
1245 2532 1444 2584 bonum
1473 2531 1873 2598 honestumque
1898 2536 2139 2598 petatur,

552 2625 699 2695 quod
726 2638 942 2693 semper
967 2623 1545 2689 servavitcardinalis,
1571 2622 1771 2691 quippe
1801 2622 2142 2676 modestissi-

554 2731 676 2771 mus
707 2728 812 2771 est.
831 2714 1012 2772 Taceo
1033 2729 1177 2784 quan
1204 2729 1290 2770 om
1319 2715 1582 2769 librorum
1614 2713 1813 2783 lingua:
1834 2713 2138 2781 utriusque,

551 2805 755 2863 Graecae
786 2806 1099 2876 Latinaeque
1123 2804 1530 2860 multitudinem
1565 2803 1927 2872 comparavit.
1961 2801 2143 2858 Taceo

553 2902 698 2971 quod
731 2901 1021 2969 plerosque
1043 2901 1274 2969 juvenes
1313 2898 1430 2963 alit,
1459 2907 1514 2953 et
1542 2907 1603 2952 ut
1632 2897 1853 2953 discant
1902 2910 2144 2967 princep-

557 2993 770 3048 toribus
803 2993 1023 3048 abunde
1083 2993 1419 3063 persolvens.
1461 2992 1729 3059 Equidem
1787 2991 1973 3060 paucis
2018 3007 2142 3045 eum

556 3098 835 3152 comparo.
880 3083 979 3139 llic
1018 3083 1232 3138 calculo
1288 3083 1480 3139 vesicae
1527 3097 1829 3150 renumque
1871 3081 2144 3136 sinistime

555 3189 715 3231 antea
763 3178 1131 3243 laboraverat,
1182 3190 1327 3230 nunc
1384 3191 1594 3245 sospes.
1643 3175 1835 3243 Qualia
1894 3176 2143 3229 convivia

556 3272 791 3325 instruat
815 3271 1234 3340 spectatissimis
1260 3281 1316 3325 et
1369 3270 1696 3326 clariSsimis
1732 3270 1863 3324 viris
1908 3267 2142 3337 legatis-

555 3381 662 3433 que
699 3381 861 3420 nemo
889 3377 972 3420 est
998 3366 1091 3436 qui
1116 3366 1183 3420 ad
1216 3379 1454 3436 unguem
1486 3366 1804 3421 describere
1829 3366 1990 3420 facile
2020 3379 2145 3436 pos-

556 3463 650 3514 sit.
690 3458 813 3523 llic,
846 3474 902 3514 ut
927 3460 1072 3514 dulci
1120 3468 1176 3513 et
1210 3474 1401 3514 serena
1435 3468 1521 3513 est
1563 3456 1702 3513 facie
1754 3461 2015 3528 vultuque
2052 3459 2143 3529 ju-

556 3551 755 3615 rundo,
793 3552 873 3605 sic
907 3565 1162 3605 sermone
1189 3563 1244 3604 et
1281 3549 1528 3603 moribus
1551 3548 1822 3603 humanus
1855 3561 1911 3604 et
1934 3548 2131 3604 comis.

554 3641 945 3697 Bibliothecam
968 3642 1231 3712 grandem
1258 3643 1544 3712 utriusque
1574 3641 1769 3712 lingua:
1794 3652 1880 3697 est
1912 3653 2009 3695 aut
2036 3641 2147 3696 ilo-

558 3751 678 3803 mm,
709 3748 799 3790 aut
847 3735 1160 3800 Florentiae,
1222 3747 1318 3790 aut
1354 3737 1551 3813 potius
1594 3735 1834 3791 Venetiis
1868 3739 1934 3791 ad
1983 3751 2143 3792 usum

560 3832 840 3904 publicum
870 3832 1222 3887 dimissurus.
1255 3830 1350 3884 llic
1378 3838 1445 3884 ab
1473 3828 1720 3902 Eugenio
1746 3841 1833 3885 est
1887 3830 2146 3886 cardina-

559 3932 651 3997 lis,
678 3930 896 3986 nemine
928 3930 1273 3993 adversante,
1304 3937 1622 3991 ereatus,ex
1656 3925 1860 3996 ingenii
1892 3928 2145 3981 acumine

555 4036 717 4096 atque
745 4024 1016 4088 doctrina,
1053 4021 1312 4094 adjutore
1369 4019 1805 4092 prudentissimo
1863 4019 2143 4074 cardinale

552 4118 837 4173 Cesarino.

1283 4208 1397 4266 XII.

556 4303 801 4376 Elogium
826 4308 1073 4370 alterum,
1117 4305 1392 4360 vernacula
1411 4303 1688 4375 scriptum.
1725 4303 1804 4358 Ex
1828 4301 1947 4358 cod.
1979 4302 2139 4357 Vatia.

1125 4377 1293 4443 5224,
1332 4393 1388 4447 p.
1426 4376 1552 4430 ω.

626 4488 860 4544 Mcssere
918 4489 1251 4549 Bissarioue.
1321 4489 1496 4543 Greco
1526 4489 1580 4543 di
1614 4489 1865 4554 nazione,
1912 4503 2144 4543 vescovo

558 4582 853 4646 cardinale,
890 4579 942 4632 lu
987 4595 1148 4634 nomo
1191 4581 1244 4634 dt
1296 4580 1661 4649 grandissima
1709 4579 1950 4634 autoritit
2001 4580 2143 4635 uella

557 4673 754 4727 Cliiesa
787 4674 837 4725 di
861 4672 982 4725 Dio.
1017 4671 1092 4724 Fu
1159 4685 1391 4725 monaco
1441 4671 1564 4725 dell‘
1615 4672 1809 4725 ordine
1855 4672 1909 4724 di
1964 4670 2135 4725 Santo

563 4766 783 4829 tiasilio,
812 4781 843 4818 e
875 4778 1052 4819 venue
1086 4765 1140 4816 iii
1201 4761 1353 4817 Italia
1395 4764 1612 4832 quando
1668 4761 1836 4832 157
1892 4764 1940 4817 ci
1977 4777 2148 4817 renne

560 4858 942 4926 l’imperadore
966 4854 1049 4910 de’
1081 4856 1280 4922 Greci;
1320 4857 1388 4910 de
1442 4857 1601 4926 primi
1645 4857 1909 4926 singulari
1941 4855 2144 4910 uomini

558 4958 662 5007 i-lte
693 4952 742 5005 vi
768 4951 1040 5004 venissino
1081 4954 1134 5002 l'u
1166 4951 1260 5003 lui.
1324 4950 1498 5020 Dipoi,
1558 4950 1991 5004 latta'l‘unione
2062 4949 2144 5005 de‘

557 5045 720 5099 Greci
757 5058 854 5112 per
880 5044 926 5097 le
962 5058 1059 5097 sue
1108 5042 1369 5112 singulari
1408 5042 1552 5097 virtt‘t
1582 5045 1650 5107 in
1703 5041 1840 5096 fattu
1869 5042 2145 5098 cardinale

558 5158 614 5192 ιιι
641 5136 871 5193 Fireuze
896 5136 964 5192 da
998 5151 1132 5205 papa
1152 5134 1390 5206 Eugenio
1427 5137 1657 5191 insieme
1689 5150 1791 5190 con
1848 5136 1915 5191 18
1963 5136 2147 5189 cardi-

556 5230 668 5285 nali
698 5231 802 5285 clie
836 5227 955 5282 fere
974 5229 1031 5281 in
1058 5224 1290 5282 Firenze
1310 5241 1329 5295 ;
1352 5240 1416 5282 ve
1449 5229 1596 5282 n‘era
1627 5242 1737 5282 uno
1770 5227 1910 5283 altro
1960 5226 2142 5283 Greco

556 5329 661 5381 clie
713 5336 807 5378 era
861 5318 1141 5376 cardinale
1193 5320 1543 5374 arcivescovu
1583 5320 1637 5372 di
1686 5316 1907 5382 Rossia,
1955 5319 2055 5373 cbe
2095 5319 2141 5373 si

556 5422 842 5474 cluamava
874 5411 1154 5469 cardinale
1183 5411 1412 5466 lluteuo.
1445 5409 1527 5465 Fu
1555 5410 1608 5463 di
1650 5408 2017 5479 grandissima
2073 5411 2145 5462 ri-

556 5512 847 5581 putazione
873 5507 1019 5562 nella
1046 5505 1240 5560 Citiesa
1273 5505 1325 5558 di
1358 5504 1479 5571 Dio,
1505 5519 1536 5559 e
1594 5514 1732 5556 tutte
1788 5502 1839 5555 le
1871 5515 1999 5556 cose
2056 5516 2144 5554 ar-

557 5602 664 5659 due
689 5618 723 5658 e
755 5602 959 5658 dillleili
990 5603 1092 5656 clie
1121 5613 1496 5657 occorrevano
1519 5600 1570 5651 al
1608 5608 1787 5665 lempo
1818 5610 1938 5660 suo,
1970 5608 2141 5649 neur-

546 5709 759 5751 -revano
797 5695 944 5750 alui.
988 5692 1066 5748 Fu
1108 5706 1342 5748 vescovo
1363 5689 1717 5755 Tusculano;
1750 5685 1895 5742 aude
1959 5688 2138 5755 legato

556 5790 611 5841 in
644 5786 738 5856 pili
772 5787 979 5858 luOglti,
1018 5800 1050 5840 e
1085 5800 1302 5856 sempre
1340 5784 1481 5841 ebbe
1527 5783 1892 5852 grandissimo
1926 5780 2138 5835 honore

552 5878 933 5954 dor'ogliando
958 5896 1055 5952 per
1075 5894 1257 5941 essen:
1292 5893 1453 5936 uuuio
1483 5879 1661 5949 giusto
1704 5887 1756 5933 ct
1786 5877 1837 5932 di
1871 5872 2131 5930 laudabili

1724 4442 1755 4461 κ

1416 395 1514 454 DE
1552 394 1725 456 VITA
1768 391 1863 451 E'l‘
1896 388 2147 450 nanus
2190 384 2458 445 casus
2498 366 3002 443 ιιιῑδελιιιολτιδ

3713 371 3828 421 uiri

2243 505 2496 558 custumi.
2519 503 2594 555 Fu
2630 507 2805 570 legato
2836 501 2887 554 di
2920 500 3157 570 llulngua
3191 496 3280 566 p'u
3314 507 3498 564 temp»
3550 504 3605 548 et
3636 508 3826 564 gover-

2243 600 2314 650 tso
2347 596 2934 665 inaraviglioSamentc,
2975 603 3029 646 et
3060 591 3253 646 ebbevi
3288 588 3668 660 grandissimo
3707 602 3833 640 ono-

2245 702 2301 739 re
2332 698 2426 756 pcr
2461 684 2510 738 le
2544 699 2644 740 suo
2666 683 2844 753 giusto
2880 698 3143 753 governo.
3168 679 3284 735 Non
3326 694 3532 749 pareva
3566 677 3706 732 nella
3734 693 3827 732 sua

2244 781 2376 841 vita,
2407 787 2462 832 et
2494 780 2823 833 costnmi....
2848 791 2935 831 ma
2957 775 3043 831 ne’
3067 775 3353 846 principali
3380 772 3574 843 luog‘bi
3603 771 3830 826 d'ltalia.

2244 869 2400 924 Audo
2428 871 2608 940 legato
2646 870 2702 923 in
2729 868 2983 935 Francia,
3025 866 3165 923 dove
3188 866 3325 922 ebbe
3356 863 3727 937 grandissimo
3761 861 3828 916 ri-

2247 964 2538 1032 putazione
2567 963 2623 1017 in
2656 962 2836 1031 quello
2855 961 2993 1016 ebbe
3018 976 3047 1015 a
3082 959 3221 1015 l‘are.
3253 959 3332 1015 Fu
3360 957 3681 1013 dottissiino
3703 955 3836 1008 uella

2249 1059 2433 1127 lingua
2489 1055 2663 1112 Greca
2728 1065 2782 1110 et
2834 1053 2974 1109 nella
3014 1052 3246 1118 Latina;
3291 1052 3345 1106 lu
3406 1059 3663 1105 amatore
3699 1048 3837 1103 delle

2248 1148 2441 1204 lettere
2480 1158 2534 1204 et
2579 1149 2702 1204 delli
2736 1148 2943 1203 nomini
2976 1147 3215 1212 literati;
3248 1147 3304 1201 lu
3341 1145 3518 1201 mttlto
3551 1143 3837 1198 alieziona-

2251 1256 2304 1301 to
2334 1247 2434 1301 alla
2459 1246 2693 1301 dottrina
2724 1246 2775 1300 di
2811 1244 3064 1308 Platone,
3097 1253 3151 1298 et
3194 1242 3319 1296 altri
3351 1256 3527 1297 erano
3580 1257 3610 1295 a
3665 1238 3836 1306 quella

2250 1341 2632 1406 d‘Aristotele;
2670 1348 2723 1394 et
2752 1338 2953 1409 perelié
2986 1352 3157 1393 erano
3188 1335 3368 1390 alcuni
3392 1335 3500 1389 che
3559 1333 3838 1403 impugna-

2250 1446 2392 1485 vano
2423 1430 2470 1483 la
2506 1430 2749 1484 dottrina
2789 1429 3109 1495 diPlatune,
3153 1429 3191 1483 il
3240 1428 3527 1482 cardinale
3584 1426 3637 1480 la
3670 1423 3837 1480 difen-

2251 1523 2564 1587 deva,elitt
2610 1538 2708 1577 sua
2742 1524 3044 1577 difeusione
3102 1535 3356 1590 compose
3413 1535 3486 1573 un
3542 1517 3873 1587 bellissiuiu_

2254 1617 2409 1681 libro,
2439 1616 2472 1670 il
2503 1616 2659 1670 titulo
2690 1615 2775 1671 del
2798 1616 2959 1685 quale
2994 1613 3058 1670 é:
3085 1611 3152 1668 In
3182 1613 3477 1685 difensione
3498 1612 3558 1665 di
3599 1610 3838 1673 Platone,

2250 1726 2418 1781 opera
2448 1711 2615 1765 multo
2637 1711 2811 1787 degna
2841 1718 2896 1764 et
2943 1709 2997 1764 di
3061 1707 3423 1779 grandissima
3476 1707 3837 1779 riputazionc.

2253 1806 2526 1860 Tradusse
2563 1820 2633 1859 nn
2672 1803 2815 1858 libro
2845 1801 2919 1856 De
2950 1803 3106 1873 factis
3135 1809 3183 1854 et
3209 1800 3372 1854 dictis
3404 1798 3836 1854 memorabilibus

2252 1899 2508 1954 Socratis.
2544 1895 2734 1952 Venite
2763 1895 2817 1950 in
2838 1903 2990 1950 tanta
3016 1893 3368 1965 riputazione
3398 1907 3670 1963 appresso
3707 1900 3840 1944 tutio

2253 1991 2291 2045 il
2328 1990 2560 2061 collegio
2621 1988 2706 2045 de’
2743 1987 3033 2055 cardinali,
3083 1988 3186 2042 che
3241 1985 3412 2042 seudo
3477 1993 3659 2041 morto
3711 1998 3838 2052 papa

2251 2080 2369 2149 Pio,
2429 2084 2611 2135 istette
2642 2094 2748 2133 una
2794 2082 2945 2134 notte
2984 2091 3146 2148 papa,
3200 2073 3401 2144 perché
3445 2077 3625 2130 seudo
3683 2073 3839 2127 ἰδιςιιυ

2251 2174 2418 2229 eletto
2438 2187 2649 2227 sommo
2677 2171 2949 2241 pontellce
3000 2170 3055 2224 in
3083 2166 3356 2237 conclavi,
3410 2165 3448 2222 il
3486 2166 3729 2222 secundo
3769 2166 3838 2241 is—

2254 2267 2484 2337 quitinio
2513 2265 2614 2321 che
2636 2279 2748 2320 non
2770 2264 2961 2319 voleva
2979 2263 3082 2319 elie
3112 2256 3259 2318 fusse
3282 2276 3442 2332 papa,
3471 2259 3659 2316 disse:
3686 2258 3791 2328 Ein
3812 2257 3839 2311 ἑ

2253 2376 2389 2432 papa
2417 2377 2433 2427 ;
2463 2374 2495 2414 a
2527 2360 2617 2413 noi
2650 2374 2761 2414 non
2801 2369 2986 2413 monia
3015 2357 3190 2425 nulla;
3221 2357 3528 2413 domattina
3555 2357 3645 2412 nel
3676 2355 3789 2424 prin
3809 2370 3837 2407 ο

2254 2449 2537 2518 isquitinio
2555 2459 2609 2505 et
2627 2450 2715 2505 noi
2738 2449 2791 2504 lo
2815 2447 3209 2520 publicaremo.
3232 2444 3535 2502 Rimasono
3565 2446 3838 2502 d‘accori'o

2256 2561 2285 2600 a
2319 2556 2515 2615 questo
2545 2543 2710 2598 modo
2770 2552 2827 2598 et
2858 2550 2997 2596 tutta
3028 2541 3079 2596 la
3120 2551 3272 2597 notle
3339 2554 3447 2596 non
3500 2541 3549 2597 si
3588 2538 3703 2594 fece
3738 2536 3836 2591 mai

2256 2636 2527 2693 altro‘elie
2556 2636 2879 2706 adoperare,
2916 2634 3020 2691 che
3051 2650 3159 2690 non
3180 2634 3325 2690 l'osse
3378 2648 3560 2706 papa;
3610 2634 3712 2687 elte
3756 2631 3838 2684 eiii

2255 2745 2325 2786 ne
2385 2728 2440 2783 fu
2518 2729 2729 2799 cagime
2782 2727 2963 2798 capit'o
3015 2727 3070 2781 di
3130 2729 3221 2797 poi
3258 2726 3448 2795 male,
3500 2736 3558 2783 et
3631 2740 3737 2781 non
3799 2724 3837 2776 si

2254 2823 2542 2876 attendeva
2587 2820 2654 2875 ad
2729 2819 2888 2885 altro,
2941 2819 3044 2874 clie
3098 2820 3301 2875 andare
3358 2819 3606 2876 dall‘uno
3674 2818 3836 2875 card-

2256 2915 2379 2970 nale
2439 2913 2671 2968 all‘altro
2716 2927 2746 2967 a
2822 2912 2943 2993 dire
3018 2912 3177 2969 loro:
3243 2913 3415 2971 E’non
3501 2931 3641 2972 sono
3696 2915 3836 2969 ιιιοΙιί

2254 3008 2383 3064 anni
2414 3012 2517 3064 che
2558 3006 2764 3061 Niceno
2795 3022 2889 3062 era
2931 3008 3159 3063 cretico.
3190 3005 3477 3078 Vogliamo
3516 3004 3625 3064 noi
3652 3009 3754 3062 che
3795 3004 3836 3058 .~i

2254 3105 2372 3160 diea
2409 3102 2511 3158 che
2544 3101 2632 3156 noi
2661 3101 2910 3158 abbiamo
2951 3100 3089 3158 {atto
3129 3117 3239 3157 uno
3287 3103 3518 3167 cretico,
3564 3104 3669 3158 che
3723 3099 3836 3156 sarit

2255 3210 2360 3249 una
2387 3192 2682 3265 vergogna?
2706 3191 2767 3247 Et
2790 3192 2930 3249 bene
2952 3192 3056 3248 che
3077 3191 3353 3249 dicessino
3377 3208 3406 3247 a
3428 3206 3636 3263 questo
3665 3192 3836 3247 modo.

2254 3283 2548 3355 l‘upinione
2629 3284 2746 3339 loro
2787 3297 2880 3339 era
2927 3298 3026 3354 per
3077 3283 3192 3339 fare
3236 3298 3307 3338 un
3349 3284 3612 3354 pontiﬁce
3665 3298 3693 3337 a
3734 3283 3836 3337 loio

2255 3378 2442 3442 modo,
2472 3391 2630 3433 come
2662 3375 2715 3431 lu
2738 3374 2903 3445 fauo;
2933 3378 3183 3431 venando
3216 3375 3270 3431 di
3294 3376 3394 3447 poi
3427 3375 3464 3430 il
3496 3376 3555 3432 d‘t
3587 3385 3836 3447 seguente

2256 3488 2285 3527 a
2308 3471 2424 3526 fare
2449 3470 2485 3523 il
2508 3467 2774 3536 ponteﬁce
2804 3469 3016 3525 feciono
3034 3467 3254 3540 Pagolo,
3279 3468 3384 3525 el‘u
3412 3469 3597 3525 buona
3625 3469 3836 3531 lesione.

2255 3580 2286 3621 e
2327 3565 2556 3621 andovvi
2597 3564 3048 3621 canonicamente
3096 3558 3402 3619 seni‘altra
3458 3562 3833 3636 intelligentia,

2256 3676 2286 3714 e
2318 3659 2626 3714 lasciarono
2678 3656 2754 3711 lui
2786 3671 2944 3712 come
2992 3670 3155 3711 nomo
3186 3656 3495 3725 savissimo,
3535 3672 3567 3713 e
3595 3672 3700 3712 non
3731 3653 3837 3709 fere

2257 3752 2458 3823 ignaua
2478 3750 2919 3815 dimostrazioue,
2937 3764 2967 3805 e
2980 3748 3838 3821 lasciollal58'correre.Niente

2256 3844 2311 3898 di
2338 3856 2500 3897 meno
2522 3841 2560 3896 il
2575 3840 2847 3911 ponleﬁce
2878 3840 3035 3909 perla
3058 3854 3159 3896 sua
3176 3840 3319 3895 virtu
3338 3840 3582 3897 l‘cbbein
3602 3841 3836 3914 grandia-

2255 3941 2392 3991 sima
2424 3933 2956 4006 ripatazionedcome
2989 3948 3081 3990 era
3114 3933 3276 3989 istato
3309 3949 3406 4005 per
3439 3934 3492 3989 lo
3520 3944 3700 4004 teinpn
3727 3946 3837 4003 pas-

2257 4037 2398 4085 sato.
2452 4026 2667 4082 lstando
2726 4041 2756 4080 a
2811 4035 3004 4095 questo
3049 4025 3214 4082 modo
3258 4040 3434 4082 venne
3473 4027 3525 4082 la
3568 4036 3744 4083 meite
3786 4024 3834 4076 di

2256 4135 2393 4192 papa
2415 4117 2615 4188 Pagolo
2635 4129 2690 4174 et
2704 4118 3015 4174 succedette
3033 4117 3204 4174 Siste.
3222 4115 3280 4173 in
3315 4127 3454 4174 tutlo
3491 4120 3531 4176 il
3554 4130 3733 4190 tempo
3752 4131 3835 4171 cia

2257 4222 2420 4272 iStato
2451 4217 2507 4271 in
2538 4226 2692 4270 certe
2714 4213 2770 4268 di
2801 4211 2973 4268 Roma
2990 4228 3209 4285 sempre
3237 4228 3268 4268 a
3294 4213 3412 4269 lare
3428 4214 3688 4271 iscrivere
3723 4208 3837 4267 libri

2256 4312 2312 4366 in
2345 4311 2471 4381 ogni
2502 4307 2701 4365 Iacolta
2723 4308 2837 4364 cesi
2857 4307 3102 4377 in,Greco
3120 4323 3278 4365 come
3298 4308 3350 4362 in
3388 4308 3620 4376 Latino;
3663 4316 3719 4365 et
3740 4319 3837 4359 nou

2255 4405 2371 4461 solo
2417 4403 2704 4469 iscriveva,
2759 4417 2844 4457 ma
2882 4415 3211 4472 comperava
3262 4403 3389 4459 tntti
3430 4403 3447 4457 i
3496 4403 3621 4459 libri
3657 4397 3835 4471 eh‘cgli
3906 4396 3914 4405 '

2257 4512 2363 4553 non
2401 4510 2591 4562 aveva,
2622 4510 2653 4550 e
2685 4493 2890 4564 grande
2926 4502 3082 4564 parte
3122 4495 3174 4550 di
3216 4494 3397 4565 quello
3443 4496 3516 4565 gli
3568 4504 3834 4551 avanzava

2258 4589 2397 4645 delle
2443 4579 2540 4644 sui:
2612 4588 2827 4644 rendite
2867 4587 3191 4657 isprendeva
3225 4589 3278 4644 in
3317 4588 3443 4644 libri
3508 4604 3541 4643 a
3589 4605 3658 4644 un
3719 4588 3835 4638 linc.

2256 4680 2482 4737 Aveudo
2505 4679 2595 4752 gia
2621 4680 2876 4736 condotta
2901 4674 3538 4750 grandissimamuantita
3564 4681 3618 4737 di
3646 4675 3834 4733 volumi

2257 4774 2369 4830 cosi
2399 4773 2557 4829 Greci
2581 4786 2737 4828 come
2767 4770 2970 4839 Latini,
2995 4780 3050 4826 et
3077 4772 3217 4827 sacri
3245 4788 3401 4828 come
3420 4775 3635 4844 gentili,
3668 4773 3836 4826 deler-

2257 4859 2408 4916 mino
2452 4859 2505 4914 di
2542 4860 2813 4929 mettergli
2850 4860 2905 4915 in
2939 4859 3170 4928 qualclte
3205 4860 3368 4932 luogo
3400 4864 3575 4933 deguo
3609 4873 3662 4918 et
3698 4873 3833 4913 maso

2256 4954 2395 5007 sime
2424 4952 2439 5006 i
2470 4950 2592 5005 libri
2620 4950 2803 5017 Greci,
2836 4953 2939 5006 che
2973 4965 3031 5006 se
3064 4951 3174 5005 mai
3206 4952 3387 5021 quella
3421 4953 3637 5010 infelice
3671 4951 3836 5022 patria

2257 5052 2505 5098 tornasse
2537 5040 2585 5096 a’
2621 5042 2837 5096 termini
2871 5042 3015 5107 suoi,
3049 5055 3081 5096 e
3113 5042 3215 5098 che
3240 5045 3411 5098 seudo
3456 5044 3510 5099 di
3548 5044 3598 5100 la
3638 5038 3836 5115 perduti

2257 5138 2271 5191 i
2299 5137 2446 5203 libri,
2477 5135 2683 5191 l‘ossiuo
2713 5137 2765 5189 in
2798 5134 2960 5205 luogo
2989 5149 3093 5190 ove
3122 5136 3397 5205 potessino
3437 5153 3598 5194 avere
3621 5134 3837 5208 qualclie

2254 5229 2547 5294 comedita;
2583 5240 2640 5283 et
2690 5242 2794 5281 non
2829 5227 2899 5298 gli
2947 5242 3113 5295 parve
3157 5227 3301 5284 [esse
3332 5229 3493 5299 luogo
3543 5231 3743 5301 ignuno
3786 5224 3835 5276 in

2253 5320 2408 5375 italia
2438 5319 2530 5389 pit‘t
2555 5326 2784 5375 comedo
2815 5320 2917 5375 elie
2950 5317 3174 5373 Venetia
3217 5320 3388 5376 sendo
3435 5324 3594 5391 longo
3636 5320 3688 5375 di
3732 5330 3839 5369 nia-

2264 5414 2381 5466 rina
2413 5423 2465 5466 et
2495 5412 2597 5465 che
2625 5413 2713 5465 clti
2749 5410 2905 5465 viene
2929 5409 2985 5463 di
3018 5410 3067 5464 la
3098 5413 3277 5481 capita
3309 5414 3484 5481 quivi.
3507 5412 3575 5467 Et
3601 5427 3692 5483 per
3712 5422 3836 5477 quc—

2253 5515 2338 5561 sto
2367 5505 2576 5558 avenilo
2604 5501 2970 5572 grandissima
2998 5502 3337 5573 amicitiaco‘
3362 5504 3649 5559 Veneziaui
3676 5503 3838 5556 deter.

2253 5594 2406 5651 mino
2435 5596 2489 5649 di
2525 5594 2641 5649 lare
2670 5593 2816 5663 quivi
2854 5610 2961 5649 una
2983 5594 3207 5650 libraria
3239 5596 3482 5666 publica,
3509 5597 3609 5652 che
3633 5600 3875 5673 ognuno'

2252 5694 2304 5745 vi
2337 5698 2549 5758 poteSse
2580 5689 2792 5742 amiare
2819 5697 2872 5742 et
2902 5682 3065 5743 avere
3106 5690 3406 5745 contudita.
3437 5689 3502 5744 Et
3538 5707 3632 5763 per
3662 5694 3837 5759 questo

2253 5777 2447 5834 ordino
2483 5779 2617 5835 colla
2641 5779 2893 5847 Siguoria
2923 5785 2976 5832 et
3001 5777 3086 5832 col
3108 5777 3269 5848 (lege,
3305 5779 3409 5834 che
3441 5783 3487 5835 si
3520 5781 3723 5835 lacesse
3748 5782 3834 5845 per

2257 5871 2478 5945 solenne
2516 5870 2940 5936 ileliberazione,
2982 5871 3084 5925 clte
3119 5868 3164 5926 si
3195 5884 3443 5928 murasse
3474 5886 3580 5929 una
3634 5863 3839 5929 libraria
