4114 6430
423 377 583 423 XCVII

428 484 652 553 publica
722 482 859 539 dove
919 481 1175 537 istcssino
1226 482 1333 537 due
1396 484 1480 537 del
1518 486 1778 538 continuo
1830 500 1858 536 a
1908 485 2015 536 line

425 579 537 630 rlie
592 589 829 645 ogulino,
890 574 991 629 clie
1040 574 1090 628 vi
1159 575 1370 630 volesse
1425 575 1636 630 andare
1691 586 1927 644 ροῑρεειι,
1961 585 2010 628 et

426 668 547 722 cosi
606 667 648 721 δ’
708 666 922 721 ordino.
1000 665 1077 719 Fu
1139 666 1175 720 il
1233 680 1466 720 numero
1527 664 1607 720 de’
1668 666 1871 720 volunii
1933 677 2013 720 tra

425 752 594 814 Greci
668 766 725 813 ct
794 757 976 811 Latini
1024 755 1116 825 piu
1171 757 1225 812 di
1275 758 1517 814 seicentu
1554 801 1568 822 ,
1617 745 1827 827 i'quali
1892 758 2012 830 lilii-i

427 852 575 906 uella
607 851 715 904 vita
747 865 845 903 sua
880 849 951 919 gli
984 849 1185 904 mando
1228 851 1355 904 tulti
1410 866 1439 903 a
1472 848 1717 917 Vinezia,
1775 859 1830 904 et
1887 863 2015 903 con-

426 945 657 1015 segnolli
734 944 872 999 dove
952 959 1046 999 era
1106 944 1381 999 ordinato.
1454 945 1755 999 Cosmrono
1836 942 2014 1014 questi

424 1035 557 1090 libri
601 1052 671 1090 un
704 1045 887 1090 tesoro
916 1034 1147 1088 infinito.
1185 1035 1240 1089 In
1275 1044 1413 1089 tutto
1458 1034 1494 1089 il
1527 1035 1753 1106 collegio
1778 1031 1863 1090 de’
1898 1052 2017 1089 car-

426 1126 600 1182 dinali
644 1143 749 1180 non
796 1126 847 1179 vi
880 1126 933 1179 fu
969 1128 1170 1196 lgnunu
1216 1128 1321 1179 clie
1365 1140 1559 1180 avesse
1610 1126 1832 1181 l‘aninto
1865 1134 2016 1181 tanto

424 1232 699 1288 generoso
722 1226 926 1286 quanto
941 1219 1039 1271 ebe
1057 1225 1249 1285 questo
1263 1216 1541 1271 cardinale
1560 1217 1661 1272 che
1685 1218 2017 1287 ordinoqiie-

424 1319 513 1363 sta
550 1308 856 1363 bibliOteca.
892 1308 1006 1361 Non
1044 1308 1162 1363 solo
1199 1310 1251 1363 in
1288 1319 1482 1379 questo
1527 1308 1666 1363 volle
1703 1308 1817 1363 fare
1866 1325 2014 1376 cosa,

423 1398 536 1454 che
568 1400 715 1454 fusse
742 1401 872 1455 utile
910 1415 939 1453 a
967 1400 1040 1454 lui
1068 1400 1308 1469 proprio,
1341 1416 1423 1453 ina
1448 1401 1548 1455 ebe
1591 1402 1816 1470 rispetto
1859 1398 2015 1456 all‘uo

427 1493 530 1546 tile
566 1493 871 1547 universale
900 1493 955 1547 di
984 1492 1145 1563 quelli
1177 1493 1280 1548 che
1311 1508 1570 1548 avessero
1600 1492 1775 1563 voglia
1808 1493 1859 1548 di
1886 1493 2019 1548 dare

419 1600 597 1652 opera
636 1585 738 1639 alle
780 1585 993 1651 lettere,
1035 1584 1324 1640 acciocche
1358 1600 1462 1639 non
1502 1601 1851 1641 mancassero
1902 1586 2017 1641 loro

421 1676 581 1732 libri.
625 1678 778 1732 Dette
843 1693 1057 1748 sempre
1119 1678 1307 1733 favore
1353 1680 1457 1749 ain
1516 1679 1764 1733 liuomini
1816 1677 2015 1731 literati

424 1780 490 1824 et
522 1769 697 1839 tiroin
732 1770 971 1824 innanzi.
996 1769 1203 1825 Messer
1223 1770 1400 1826 Lauro
1431 1772 1679 1838 Quirino,
1707 1769 2022 1826 Veneziano

422 1861 657 1931 gentile,
686 1860 889 1915 liuoino
910 1860 1063 1916 dotto
1094 1862 1148 1916 in
1180 1861 1356 1918 Greco
1378 1871 1435 1917 et
1460 1861 1516 1916 in
1542 1862 1734 1917 Latino
1758 1872 1812 1916 et
1836 1863 2022 1917 bonis-

427 1953 575 2006 simo
617 1951 847 2017 ﬁlosol'o,
881 1953 1067 2007 istette
1099 1952 1153 2006 in
1193 1968 1318 2007 casa
1348 1952 1402 2007 di
1431 1950 1637 2009 Niceno
1677 1952 1767 2023 piu
1818 1962 2018 2022 tempo.

430 2041 639 2096 MeSser
664 2041 852 2097 Ncolo
878 2041 1118 2110 Perotto,
1150 2059 1407 2111 vescovo,
1440 2044 1752 2113 Sipontino.
1773 2045 2021 2100 vcnendo

429 2150 467 2188 a
511 2136 676 2188 lloina
721 2150 824 2189 con
869 2149 1073 2189 inesser
1101 2134 1369 2191 Gulielmo
1399 2135 1608 2200 Graim,
1642 2135 2021 2205 ‘procuradore

432 2223 606 2276 allora
630 2224 713 2277 del
750 2238 807 2277 re
834 2222 1247 2293 d'lnghilterra,
1277 2225 1635 2280 desiderando
1663 2236 1856 2294 questo
1881 2240 2022 2281 mes-

431 2327 530 2368 ser
571 2313 758 2368 Nicolo
793 2315 1027 2383 iniparar
1060 2314 1199 2370 liene
1230 2319 1278 2369 le
1331 2316 1520 2371 letterc
1548 2316 1784 2382 Greclie,
1838 2319 2020 2374 cliiese
2058 2364 2073 2367 μ

431 2407 495 2464 di
544 2410 746 2479 grazia,
793 2412 897 2464 clie
940 2409 1321 2465 l’accontasse
1368 2411 1452 2467 col
1490 2412 1643 2467 card.
1690 2411 1915 2479 Niceno,
1967 2423 2023 2469 et

430 2502 551 2556 cosi
584 2501 719 2563 lece,
744 2513 799 2555 et
831 2503 882 2556 in
917 2516 1039 2556 casa
1072 2516 1169 2557 sua
1199 2506 1243 2557 si
1269 2502 1322 2558 re
1339 2504 1671 2573 dottissimo,
1695 2516 1751 2561 et
1773 2506 1810 2561 il
1838 2510 2020 2563 cardi-

430 2580 562 2645 nale
591 2592 622 2646 li
657 2591 705 2646 le
731 2594 781 2645 di
800 2595 886 2663 poi
912 2608 1069 2648 avere
1085 2594 1264 2665 quello
1280 2596 1600 2663 vescovado,
1626 2606 1682 2650 et
1714 2611 2019 2666 governava

432 2692 577 2737 tutta
618 2683 777 2754 159
815 2686 863 2739 la
894 2700 992 2739 sua
1038 2702 1188 2753 casa;
1221 2701 1253 2741 e
1286 2686 1341 2741 lu
1389 2687 1618 2758 cagione
1664 2687 1748 2742 col
1780 2704 1936 2743 mezo
1967 2693 2018 2744 di

434 2774 597 2840 far-in
624 2790 784 2828 avere
818 2776 998 2844 quello
1025 2778 1360 2845 vescovado,
1395 2788 1450 2833 et
1477 2779 1527 2832 al
1562 2776 1730 2849 padre
1759 2788 1814 2833 et
1843 2780 1889 2833 a‘
1924 2797 2019 2834 sua

434 2866 592 2918 uilici
620 2864 672 2919 tli
710 2867 873 2934 quelli
903 2866 1042 2921 delia
1080 2867 1287 2932 cliiesa,
1315 2867 1367 2921 in
1414 2870 1573 2925 modo
1603 2870 1706 2925 che
1744 2872 1885 2925 ultre
1917 2871 2019 2923 alla

430 2958 685 3012 doctrina
719 2959 820 3014 clte
851 2958 1111 3028 imparba
1161 2975 1290 3015 casa
1325 2976 1449 3027 sua,
1489 2970 1545 3017 ct
1582 2962 1633 3017 le
1670 2962 1871 3034 dignita
1917 2966 2019 3019 cite

429 3052 539 3105 ebe
567 3050 840 3105 mediante
868 3051 967 3117 lui,
999 3049 1115 3107 l‘ece
1143 3066 1303 3108 avere
1333 3068 1365 3107 a
1395 3054 1512 3108 suoi
1543 3056 1677 3108 tanti
1713 3054 1880 3118 uilici,
1915 3055 2017 3111 clis

431 3144 510 3214 gli
548 3142 598 3197 le
641 3144 801 3208 riclii,
839 3153 893 3198 et
922 3143 1040 3200 lece
1091 3145 1208 3200 l‘are
1241 3145 1461 3214 ilpadre
1510 3148 1800 3203 cavaliere.
1853 3148 2017 3205 Molto

430 3236 509 3305 gli
560 3236 753 3290 lurono
799 3236 1017 3306 obligati
1053 3236 1126 3307 gli
1158 3237 1402 3293 huomini
1450 3238 1585 3294 dotli
1635 3250 1691 3296 et
1739 3242 1806 3294 da
1857 3241 2017 3299 bene.

433 3330 699 3385 Venendo
732 3331 788 3383 in
821 3341 974 3386 corte
1005 3340 1243 3386 maestro
1272 3329 1579 3389 Fraucesco
1612 3331 1663 3387 di
1698 3331 1934 3399 Savona,
1964 3336 2018 3389 di

436 3423 531 3492 poi
568 3421 623 3475 fu
658 3436 796 3491 papa
831 3422 1001 3489 Sisto,
1028 3423 1081 3477 lo
1112 3422 1251 3478 tolse
1284 3424 1337 3478 in
1369 3439 1492 3479 casa
1523 3434 1578 3480 et
1608 3425 1867 3495 facevagli
1908 3428 2020 3498 leg-

432 3529 567 3585 gere
595 3525 743 3569 certe
761 3514 957 3571 lezioni
991 3516 1044 3570 di
1059 3515 1242 3585 Scoto,
1276 3515 1379 3573 che
1408 3531 1501 3573 era
1532 3518 1914 3588 maraviglioso
1944 3520 2021 3574 is-

432 3608 656 3673 cotista,
689 3607 1000 3677 parendoin
1028 3604 1231 3665 huoﬁio
1257 3609 1408 3666 dotto
1433 3610 1551 3667 fece
1576 3621 1726 3667 tanto
1756 3626 1855 3668 con
1882 3629 2021 3683 papa

433 3695 660 3763 Pagolo,
710 3697 813 3751 clie
857 3697 909 3751 lo
941 3697 1059 3753 lece
1100 3697 1230 3760 fare}
1262 3701 1559 3767 cardinale,
1610 3703 1713 3757 che
1761 3704 1868 3757 mai
1912 3718 2017 3758 non

434 3788 671 3841 sarebbe
718 3798 843 3843 suto
876 3802 1039 3843 senza
1091 3789 1127 3844 il
1159 3806 1316 3847 mezo
1353 3807 1472 3848 suo.
1524 3792 1585 3847 Di
1611 3794 1700 3864 poi
1733 3795 1879 3850 l‘ebe
1910 3796 2021 3850 l‘ato

432 3877 494 3932 fu
547 3878 689 3933 volta
737 3893 797 3934 se
836 3894 906 3934 ne
956 3882 1104 3950 pentl
1140 3885 1280 3938 assai
1307 3891 1415 3938 non
1442 3884 1479 3938 li
1506 3886 1745 3953 parendo
1772 3888 2020 3943 riuscissi

431 3969 622 4039 quello
647 3971 747 4025 clie
769 3971 1109 4038 istiinava;et
1144 3990 1360 4045 setnpre
1377 3976 1698 4033 intervenire
1713 3980 2020 4050 chelgrandi

434 4062 665 4132 btruelicj
696 4063 741 4117 si
772 4079 979 4136 pagano
1020 4066 1072 4120 di
1090 4068 1449 4139 grandissima
1472 4068 1875 4141 ingratitudine.
1905 4072 2022 4127 Mo-

488 4238 599 4253 ψ

488 4240 1832 4283 W

1366 4441 1976 4594 INDEX
2066 4442 2739 4602 RERUM

1233 368 1535 432 ALOYSII
1575 371 1920 432 BANDINII
1964 370 2587 431 COMMENTAIHUS.
2611 396 2680 407 -—
2700 369 2963 431 lNDEX.

3526 380 3689 422 XCV"!

2119 482 2286 535 rcnlo
2318 497 2454 551 papa
2488 480 2707 551 Pagolo,
2736 494 2891 535 cuine
2914 480 2963 534 le
3004 494 3123 534 cos“
3154 479 3269 533 s‘an
3296 479 3516 544 lassino,
3549 476 3695 535 nullo

2118 574 2293 644 voglio
2342 574 2640 644 giutlicare.
2690 572 2765 626 Fu
2803 573 2937 627 fallo
2988 581 3221 627 maestro
3269 570 3578 627 Frinccsco
3626 572 3697 627 da

2120 664 2331 721 Savona
2364 681 2499 737 papa
2534 666 2667 719 latto
2698 664 2809 719 fare
2838 664 3115 719 cardinale
3142 664 3209 718 da
3244 663 3465 719 Niceno.
3486 664 3542 717 In
3567 680 3699 733 que-

2116 770 2197 815 sta
2229 759 2435 814 lezione
2460 759 2544 813 del
2573 758 2889 826 pontificato
2910 757 3231 813 Bessarione
3258 771 3365 810 non
3392 756 3427 810 li
3454 755 3697 825 parendo

2120 852 2317 905 lmomo
2343 850 2643 905 sullieiente
2668 865 2696 902 a
2723 857 2871 903 tanto
2903 862 3054 918 peso,
3084 864 3188 901 non
3217 847 3287 918 ,ςιί
3318 848 3463 901 dettc
3490 845 3537 899 la
3566 859 3699 900 voce

2118 957 2236 996 sua.
2275 939 2490 994 Venulo
2524 939 2628 993 alia
2685 938 2900 1011 degnita
2942 938 3030 993 del
3058 938 3385 1008 pontilicato,
3420 937 3483 992 ctl
3515 936 3551 989 il
3579 951 3700 990 car-

2118 1033 2300 1087 dinale
2342 1047 2448 1087 non
2490 1032 2540 1085 vi
2590 1045 2756 1085 avevu
2800 1029 2964 1084 niolta
2999 1030 3341 1101 cognizione,
3378 1028 3698 1082 intervenne

2120 1141 2191 1178 un
2226 1124 2281 1185 di
2313 1125 2412 1178 clie
2442 1123 2694 1177 andando
2737 1122 2773 1175 il
2811 1136 2949 1192 papa
2985 1122 3039 1175 in
3085 1120 3309 1175 castello
3353 1135 3382 1173 a
3416 1119 3611 1175 vedere
3647 1117 3699 1174 le

2118 1216 2259 1287 gioje
2310 1216 2361 1269 di
2411 1230 2549 1286 papa
2570 1215 2787 1285 {Pagolo
2818 1215 2923 1269 due
2967 1213 3227 1269 cardinali
3280 1210 3573 1268 Veneziani
3618 1213 3701 1265 ni-

2120 1311 2233 1379 poti
2284 1310 2336 1363 di
2376 1323 2512 1380 papa
2560 1308 2779 1378 Pagolo,
2821 1306 2907 1363 cli’
2932 1321 3099 1362 oratio
3131 1307 3458 1361 intervenuti
3492 1320 3522 1360 a
3555 1303 3699 1375 eleg-

2118 1404 2267 1475 gerlo
2319 1417 2454 1472 papa
2483 1416 2585 1456 con
2638 1410 2787 1457 certe
2831 1400 3163 1464 condiz’oni,
3206 1394 3697 1469 inginocchiaronsi

2120 1496 2169 1549 a’
2203 1495 2343 1564 piedi
2380 1494 2465 1549 (ιιι
2498 1509 2633 1564 papa
2666 1493 2714 1547 a‘
2746 1492 3119 1562 domandargli
3152 1492 3201 1546 la
3234 1493 3361 1545 dota
3415 1504 3513 1560 per
3553 1497 3701 1544 certe

2119 1586 2236 1641 loro
2262 1587 2429 1641 (ioue
2452 1601 2545 1641 era
2574 1587 2731 1641 istata
2763 1587 2878 1641 loro
2906 1598 3208 1655 promessa.
3236 1582 3277 1637 ll
3307 1597 3442 1653 papa
3460 1584 3519 1637 si
3552 1582 3701 1636 volse

2120 1693 2151 1732 a
2176 1676 2381 1733 Niceno
2408 1676 2842 1747 vergognandosi
2866 1676 2920 1732 di
2944 1676 3017 1731 lui
3038 1675 3207 1731 scndo
3241 1674 3444 1729 huomo
3472 1673 3523 1727 ili
3554 1681 3700 1726 tanta

2121 1767 2354 1823 autorita
2384 1768 2567 1837 quant‘
2586 1782 2695 1831 era,
2716 1778 2769 1821 et
2804 1767 2970 1823 disse:
3006 1764 3197 1833 Qucsti
3239 1778 3376 1819 sono
3408 1764 3531 1818 ὶιθιιί
3561 1764 3698 1816 delia

2120 1859 2338 1915 Cliicsa.
2372 1858 2409 1913 ll
2445 1858 2717 1913 cardinale
2768 1858 2975 1913 Niceno
3024 1859 3231 1929 rispose
3264 1872 3277 1910 :
3320 1856 3362 1909 E
3394 1869 3527 1910 sono
3576 1853 3699 1908 lieni

2120 1950 2259 2004 della
2277 1948 2495 2016 Chiesa,
2522 1950 2701 2020 iqttali
2722 1952 2806 2006 ι·οἰ
2830 1966 2937 2006 non
2967 1951 3256 2021 potcte,:ne
3284 1949 3479 2004 dovete
3504 1946 3700 2017 gittar-

2120 2040 2193 2109 gli
2219 2040 2326 2094 via.
2354 2039 2459 2095 Per
2489 2051 2683 2112 questo
2712 2056 2809 2112 per
2849 2041 3022 2097 allora
3052 2041 3089 2095 il
3119 2055 3251 2111 papa
3288 2038 3509 2094 licentio
3537 2038 3551 2092 i
3592 2036 3699 2091 duo

2120 2130 2383 2186 cardinali
2428 2146 2591 2189 senta
2625 2132 2760 2189 dare
2788 2132 2904 2188 loro
2934 2133 3103 2200 nulla,
3149 2133 3268 2187 solo
3292 2146 3386 2200 per
3408 2129 3699 2185 l‘autorita

2118 2222 2207 2277 del
2237 2223 2512 2280 cardinale
2546 2224 2769 2283 Niceno.
2799 2223 2907 2281 Ora
2939 2225 3206 2281 aveudolo
3246 2224 3390 2279 latto‘
3424 2222 3540 2278 l‘are
3575 2238 3699 2277 car-

2119 2315 2324 2387 dinale,
2355 2318 2586 2374 essendo
2620 2319 2819 2376 liuonio
2845 2318 2898 2374 di
2936 2327 3082 2373 tanta
3121 2315 3358 2373 autorita
3396 2313 3700 2387 quant’egli

2120 2425 2235 2476 era,
2280 2411 2336 2465 lo
2387 2420 2712 2481 sopportava
2748 2411 2785 2466 il
2829 2426 2965 2483 papa
3010 2410 3446 2476 molestamente,
3488 2408 3575 2464 cli’
3594 2406 3703 2479 ein

2124 2500 2325 2558 istesso
2357 2504 2411 2559 in
2442 2512 2593 2558 cortc
2622 2503 2675 2559 di
2721 2502 2915 2571 Roma,
2947 2512 3003 2559 et
3037 2516 3132 2572 per
3152 2509 3345 2573 questo
3384 2501 3437 2556 lo
3468 2499 3584 2555 l'cce
3624 2498 3705 2555 le-

2121 2606 2247 2667 gato
2291 2597 2346 2651 in
2404 2595 2639 2651 Francia
2691 2595 2981 2651 istimando
3013 2594 3195 2666 quello
3232 2594 3304 2664 gli
3353 2592 3702 2659 intervenne,

2122 2688 2208 2742 t-h'
2220 2691 2322 2761 ein
2347 2690 2626 2747 s’avessea
2646 2690 2848 2745 morire
2869 2689 2920 2743 in
2944 2696 3135 2761 questo
3149 2688 3377 2759 viaggio,
3394 2686 3565 2742 sendo
3578 2699 3703 2741 vec-

2122 2786 2246 2841 chio
2282 2792 2335 2839 et
2364 2781 2619 2849 inlermo,
2644 2790 2699 2837 et
2720 2781 2977 2836 massime
3017 2781 3226 2835 avendo
3257 2779 3397 2834 male
3434 2778 3488 2833 di
3518 2776 3690 2847 pietra

2120 2876 2523 2933 crudelissimo.
2543 2873 2696 2929 Antio
2724 2874 2778 2929 in
2801 2872 3051 2939 Francia,
3075 2869 3286 2927 benclie
3334 2870 3704 2926 malcontento

2123 2967 2465 3024 conoscendo
2494 2964 3028 3036 la,cagione.Perclie
3058 2964 3250 3037 giunto
3269 2963 3322 3017 in
3352 2961 3582 3016 Francia
3606 2975 3706 3030 per

2126 3059 2176 3114 la
2198 3060 2335 3115 mala
2361 3058 2724 3131 disposizione
2740 3057 2825 3112 del
2842 3056 3084 3126 principe
3104 3068 3158 3113 et
3178 3071 3275 3125 par
3297 3056 3347 3110 la
3369 3070 3467 3110 sua
3497 3052 3701 3108 variata

2126 3160 2183 3205 ct
2221 3152 2588 3205 inconstanzia
2635 3164 2741 3204 non
2782 3148 2853 3219 gli
2898 3148 2955 3204 fu
2983 3148 3150 3203 tnolto
3182 3154 3414 3212 accetto,
3451 3155 3506 3201 et
3552 3145 3700 3199 biso-

2126 3243 2235 3313 guo
2273 3248 2318 3299 si
2345 3244 2580 3314 partisse
2616 3256 2870 3311 conpoca
2910 3236 3701 3311 riputazione.Conoscendolo

2121 3347 2179 3393 et
2206 3335 2479 3392 stitnando
2502 3335 2647 3391 assai
2664 3334 2872 3391 l’onorc
2893 3334 3053 3405 160
3070 3348 3129 3389 se
3157 3348 3226 3388 ne
3247 3346 3421 3388 venne
3448 3332 3502 3386 in
3521 3329 3704 3396 italia;

2122 3427 2294 3483 sendo
2321 3426 2547 3483 vccchio
2576 3435 2631 3481 et
2652 3425 2885 3482 inl'ermo
2911 3433 2966 3481 et
3000 3425 3140 3481 male
3162 3432 3420 3481 contento
3443 3418 3701 3487 am'malo.

2121 3532 2176 3575 et
2211 3521 2265 3575 in
2304 3520 2464 3591 poclii
2505 3518 2624 3575 disi
2659 3519 2822 3575 mori.
2860 3516 3022 3574 Tutte
3059 3518 3110 3575 le
3141 3533 3271 3575 cose
3297 3518 3510 3588 ;utnane
3538 3517 3590 3572 le
3608 3515 3702 3586 pili

2122 3610 2307 3665 hanno
2354 3618 2547 3680 questo
2577 3610 2705 3674 line,
2738 3619 2795 3664 et
2823 3609 3080 3663 massinie
3105 3607 3285 3678 quello
3317 3620 3457 3663 sono
3485 3606 3707 3661 londate

2124 3704 2179 3759 in
2209 3718 2274 3758 su
2302 3703 2351 3757 le
2380 3717 2509 3757 cose
2538 3702 2776 3756 humane
2798 3711 2853 3756 et
2882 3716 2943 3756 su
2968 3700 3038 3771 εςιή
3068 3700 3282 3767 honori;
3307 3709 3364 3755 et
3392 3715 3487 3768 per
3514 3710 3707 3771 questo

2121 3794 2157 3849 ὀ
2180 3794 2429 3850 nessario
2461 3793 2680 3849 voltarsi
2718 3807 2748 3846 a
2784 3792 2883 3846 Dio
2923 3792 2976 3847 in
3015 3801 3151 3847 tutte
3200 3792 3249 3848 le
3292 3804 3479 3848 nostra
3516 3806 3707 3860 opera-

2126 3889 2289 3944 zioni.
2328 3886 2426 3943 Piu
2471 3900 2598 3942 cosc
2629 3886 2800 3955 degne
2833 3885 2899 3939 lia
2932 3885 3067 3940 latio
3097 3885 3133 3941 il
3162 3885 3444 3941 cardinale
3478 3885 3705 3949 Niceno,

2126 3981 2177 4037 le
2207 3981 2357 4053 quali
2390 3995 2496 4035 non
2542 3994 2681 4036 sono
2715 3989 2843 4033 note
2886 3993 2915 4032 a
2952 3994 3056 4044 me;
3096 3996 3179 4033 ma
3228 3980 3317 4036 chi
3372 3979 3423 4033 η’
3447 3979 3573 4033 avra
3617 3980 3705 4046 ιιίίι

2128 4075 2353 4140 notizia,
2399 4070 2558 4143 potra
2606 4072 2989 4128 meritamente
3021 4072 3262 4129 scrivere
3308 4074 3355 4127 la
3410 4071 3530 4127 \‘ita
3581 4088 3703 4129 sua.

1636 4722 2414 4804 PBIECIPUARUM.

1099 4896 1442 4962 Rwocatur
1473 4898 1694 4960 Lector
1720 4900 1803 4961 ad
1838 4919 2133 4963 numeros
2160 4907 2501 4968 crassiores
2531 4909 2738 4971 textui
2760 4909 3053 4973 insertos.

1219 5250 1263 5303 Α

510 5371 739 5432 Annius,
771 5370 1062 5424 cardinalis
1088 5374 1318 5440 arcltiep.
1360 5376 1747 5440 Avenionensis.
1774 5379 1829 5431 in
1856 5382 2016 5433 comi-

436 5444 525 5494 tiis
548 5450 662 5510 post
686 5440 889 5494 Nicolai
928 5440 964 5494 V
987 5440 1187 5494 obitum
1219 5443 1424 5497 Nicreni
1454 5447 1757 5501 electionem
1813 5450 2017 5502 distur-

433 5512 551 5575 bat,
578 5511 667 5563 55.
713 5510 886 5565 Judea:
933 5514 1299 5566 controversiae
1340 5517 1481 5569 inter
1538 5517 1923 5573 Franciscanos
1960 5530 2006 5572 et

2174 5247 2448 5327 _Al_ltertus
2469 5248 2832 5327 (Ludovicus),
2860 5256 3075 5311 natione
3094 5255 3306 5324 Gallus,
3332 5276 3362 5311 a
3387 5257 3485 5313 Pio
3498 5258 3556 5314 'lI
3581 5277 3705 5313 car-

2130 5316 2325 5371 dinalis
2356 5316 2587 5382 creatus,
2618 5323 2686 5377 48
2699 5364 2712 5377 .

2201 5388 2520 5462 Alpltonsus.
2554 5392 2838 5462 Aragom’az
2869 5406 2916 5449 et
2944 5393 3141 5453 Sicilia:
3182 5413 3296 5461 rex,
3331 5396 3705 5453 Bessariouem

2130 5456 2197 5507 ad
2220 5473 2277 5537 se
2307 5461 2594 5514 venientem
2623 5456 2902 5537 honoriﬁce
2930 5468 3140 5537 excipit,
3167 5469 3255 5522 54.

2200 5528 2960 5607 Animantium:_‘(Jacobus),
3013 5528 3281 5606 ejiisropns
3320 5534 3617 5607 Papicnsis,
3667 5559 3701 5594 α

436 5580 844 5645 Domim'canos,
879 5581 970 5635 59.

508 5648 823 5719 Albergatus
872 5650 1185 5719 (Nicolaus),
1229 5655 1521 5711 cardinalt's
1578 5659 1659 5711 tit.
1703 5656 1759 5712 S.
1822 5657 2006 5713 Cruda

433 5719 489 5771 in
519 5718 836 5785 Jerusalem,
858 5718 965 5773 una
991 5739 1108 5775 cum
1136 5720 1387 5779 Ferrario
1441 5730 1745 5779 mare-Ilione
1797 5728 2003 5782 obviam

433 5788 497 5856 ﬁt
541 5787 719 5841 Cra-co
750 5790 1057 5860 imperatori
1090 5794 1159 5847 ad
1190 5798 1471 5850 concilium
1499 5799 1739 5865 venienti,
1772 5797 1820 5852 9.

2122 5593 2223 5672 Pio
2243 5596 2307 5672 Il_
2334 5600 2471 5651 inter
2487 5593 2794 5672 cardinales
2821 5593 3163 5672 canteriatas.
3185 5593 3292 5662 '78.

2191 5667 2428 5747 andreas
2453 5667 2606 5747 (S.)._
2657 5672 2789 5747 Ejtts
2815 5684 2974 5742 caput
2993 5667 3032 5727 ε’
3047 5675 3403 5747 Peloponneso
3430 5677 3701 5733 Anconam

2115 5743 2164 5855 fit
2195 5734 2476 5859 Azarnéuil‘t’,
2498 5734 2560 5792 ac
2590 5734 2712 5796 inde
2731 5734 2952 5798 Romam
2983 5734 3201 5801 solemni
3226 5764 3343 5802 cum
3369 5763 3564 5819 pompa
3588 5761 3705 5805 tm-

2158 5821 2219 5856 ur
2251 5822 2359 5859 um.
2426 5845 2443 5859 ι
2469 5850 2479 5859 .

2158 5821 2359 5872 unum,
2390 5821 2479 5862 ω.

3535 6001 3574 6009 -⁶
3612 6009 3639 6013 γ-
3692 5999 3763 6015 ...οδ
