4114 6434
475 439 581 489 Iﬂl

1810 422 1897 482 BA
1908 422 1999 482 PT
2066 421 2289 482 PLATI
2302 419 2426 480 ΝΛΞ,

807 556 3716 607 W

475 576 1002 614 mut:

1116 754 2107 913 BAPTISTfE

2208 753 3101 907 PLATINIZE

1838 1026 2400 1093 CREMONENSIS

800 1212 1530 1366 PANEGYIIICUS
1624 1208 1735 1438 IN
1826 1208 2253 1355 LAUIIEII
2345 1205 2950 1353 AIIPLISSIIII
3042 1205 3437 1390 PATRIS

1278 1466 1459 1579 Ι).
1557 1456 2950 1578 BESSABIﬂNIS

1839 1672 2122 1723 EPISCOPI
2151 1672 2384 1728 SABINI,

993 1809 1484 1873 CARDINALIS
1565 1807 1861 1871 NICENI
1904 1804 2034 1867 ‘ET
2113 1801 2655 1864 PATRIARCH.E
2722 1802 3211 1878 ‘CPOLITANI;

1224 1953 1417 2016 Πιιο
1462 1952 1839 2016 γιγΕΝΤΕ
1890 1949 1995 2014 ΙΝ
2024 1948 2381 2011 PUBLICO
2407 1946 2685 2013 COETU
2708 1950 3036 2014 DICTUS.

481 2117 719 2182 (Parisiis,
743 2079 1124 2176 ap.'Johannem
1166 2107 1319 2167 Petit,
1367 2104 1489 2157 1530
1521 2097 2557 2182 ΒὶδιξριΔιξἏμθξξιξ..ῃὶρῧξλ-ῼβρῇξξξὲηῃξ.
2574 2104 2847 2182 orationem
2872 2103 3084 2156 inseruit
3123 2105 3322 2157 Bzovius
3343 2107 3407 2158 ad
3429 2123 3515 2158 an.
3544 2111 3654 2175 472,
3676 2115 3763 2163 sed

1623 2166 1828 2217 exordio
1851 2170 1904 2212 el
1926 2161 2095 2211 multis
2118 2162 2239 2210 locis
2261 2161 2604 2224 decurtatam)
2958 2152 2991 2155 "
3123 2152 3143 2155 -
3160 2152 3206 2156 η
3227 2152 3318 2157 νην
3343 2152 3403 2158 --
3429 2152 3515 2158 —---
3552 2152 3569 2160 —
3587 2152 3654 2175 --,

2074 2315 2136 2331 φο

550 2461 609 2519 Si
642 2464 889 2528 unquam“
935 2464 1151 2528 tempus
1197 2452 1328 2516 fuit,
1376 2449 1634 2518 Quirites.
1668 2462 1776 2519 quo
1824 2455 2064 2500 veterem

481 2558 799 2613 Graecorum
833 2563 1068 2612 morem,
1101 2545 1421 2602 Latinorum
1454 2556 1620 2613 prope
1667 2553 1865 2594 novum
1908 2552 2068 2606 repe-

482 2660 749 2709 teremus,
785 2642 837 2696 id
868 2648 1020 2695 certe
1055 2638 1160 2693 hac
1185 2635 1489 2691 miserrima
1526 2637 1843 2700 tempestate
1870 2628 2070 2683 facieno

482 2745 610 2794 dum
648 2743 751 2794 est.
791 2747 899 2803 qua
946 2729 1029 2784 vel
1082 2728 1319 2783 maxima
1361 2738 1591 2794 quaeque
1642 2722 1841 2784 virtus,
1884 2716 2072 2771 candi-

484 2830 767 2885 dissimum
795 2804 1051 2895 quodque
1082 2818 1385 2889 ingenium,
1422 2813 1694 2870 excellens
1728 2810 2072 2882 quantumvis

486 2921 735 2978 dortrina
760 2926 814 2972 et
860 2913 1188 2974 eruditione,
1222 2922 1504 2979 emergere
1551 2921 1617 2961 ex
1652 2912 1802 2958 tanta
1839 2902 2077 2971 caligine

487 3028 544 3072 et
573 3010 878 3084 ignorantia
932 3006 1019 3059 vix
1054 3012 1254 3075 potest.
1287 2998 1651 3056 Tolerabilius
1706 2995 1952 3067 profecto
1988 2994 2072 3047 vi-

487 3111 710 3160 aleretur
733 3101 777 3156 si
808 3097 992 3154 virtuti
1027 3111 1058 3151 a
1104 3094 1292 3160 paucis
1327 3091 1574 3162 cognitae,
1605 3089 1652 3144 si
1697 3089 1749 3142 in
1782 3087 1995 3141 areanis
2025 3093 2079 3139 et

488 3194 861 3268 penetralibus
892 3189 1041 3261 (quia
1074 3196 1188 3242 tuto
1214 3185 1393 3256 vagari
1432 3197 1539 3237 non
1573 3182 1720 3250 licet)
1754 3180 1933 3245 eultm,
1968 3178 2078 3232 sal-

490 3304 598 3344 tem
635 3287 923 3358 quiescere
951 3284 1070 3336 sine
1099 3278 1297 3349 injuria
1322 3276 1532 3341 liceret,
1578 3289 1685 3328 non
1734 3272 1897 3325 etiam
1945 3284 2080 3339 quo-

489 3386 738 3439 rumdam
775 3377 1054 3433 hominum
1085 3375 1255 3427 livore
1277 3380 1333 3427 et
1354 3369 1725 3425 malevolentia
1751 3367 2081 3437 Opprimere-

492 3487 609 3531 tur.
673 3471 880 3526 instant
910 3468 1032 3522 dolo
1078 3467 1285 3525 fraude,
1325 3462 1547 3528 malitia,
1595 3464 1753 3529 vique
1803 3468 2092 3528 postremo

492 3564 722 3637 quando
748 3564 850 3617 hoc
879 3557 1088 3615 occulte
1125 3556 1305 3610 moliri
1344 3569 1452 3608 non
1501 3552 1665 3618 licet;
1698 3559 1965 3621 spargunt
1993 3551 2081 3603 in-

494 3658 746 3714 videntia:
780 3669 890 3709 ante
917 3665 1112 3721 opacas
1139 3648 1359 3704 umbras
1387 3663 1402 3713 ;
1428 3653 1738 3701 contentam
1773 3644 2077 3714 rubiginem

493 3752 922 3818 circumquaque
956 3743 1189 3798 fundunt
1248 3756 1358 3810 quo
1406 3738 1765 3793 suavissimas
1797 3737 1997 3791 herbas
2025 3745 2081 3791 et

496 3846 706 3899 feraces
761 3842 977 3912 plantas
1026 3843 1297 3904 occupent
1350 3842 1514 3901 atque
1576 3841 1845 3894 euecent;
1903 3843 1992 3895 ne,
2035 3828 2078 3883 si

496 3943 845 4006 exspectatos
862 3931 1058 3986 odores
1085 3936 1141 3981 et
1172 3924 1525 3981 suavissimos
1557 3924 1764 3977 fructus
1793 3921 2081 3990 aliquando

495 4027 789 4091 ediderint,
852 4021 959 4093 ipsi
1015 4028 1275 4087 tanquam
1339 4016 1695 4070 infructuosa:
1727 4022 1778 4068 et
1835 4012 2080 4069 infelices

495 4121 721 4175 arhdres
756 4115 1098 4172 excidantur.
1125 4109 1244 4164 Nos
1264 4108 1468 4178 itaque,
1507 4122 1576 4161 ne
1628 4105 1964 4161 Bcssarionis
1996 4105 2083 4159 diu

496 4215 610 4266 vini
639 4209 876 4264 hominis
897 4203 1188 4272 sapientia,
1233 4201 1433 4261 virtus,
1464 4200 1765 4269 amplitudo
1805 4197 1983 4266 aliqua
2012 4210 2081 4251 ex

499 4312 654 4372 parte
694 4291 1192 4365 laedatur(opprimi
1223 4302 1389 4356 certe,
1423 4304 1547 4343 eum
1588 4297 1734 4342 tanta
1769 4287 1837 4341 sit
1866 4295 2083 4356 tamque

500 4395 794 4452 excellens,
826 4386 976 4441 nullo
1011 4382 1172 4440 modo
1205 4383 1427 4450 potest),
1476 4380 1772 4435 Lsocratem
1828 4391 2080 4444 magnum

502 4494 775 4537 oratorem
802 4488 855 4532 et
883 4474 1122 4547 perfecte
1138 4473 1349 4527 dicendi
1386 4472 1697 4539 magistrum
1728 4478 1783 4525 et
1809 4485 1839 4525 e
1870 4479 2091 4523 nostra-.

505 4575 649 4626 tibus
698 4569 953 4628 Plinium,
1008 4564 1403 4635 genethliacum
1467 4562 1863 4623 Mamertinum,
1915 4560 2083 4613 Naza-

508 4665 650 4718 rium
700 4659 982 4722 Latinum,
1041 4656 1217 4725 quoad
1272 4654 1387 4709 fieri
1437 4656 1657 4723 poterit,
1694 4653 1918 4719 imitati,
1958 4670 2088 4709 cnn-

510 4754 855 4810 snetudinem
914 4758 1028 4805 tum
1063 4748 1269 4811 utilem,
1319 4758 1429 4800 tum
1476 4746 1866 4808 necessariam,
1903 4747 2090 4800 multis

504 4848 621 4918 jaltt
669 4842 887 4899 saeculis
938 4838 1313 4895 intermissam
1366 4837 1765 4890 revocabimus.
1801 4833 1915 4890 Ilac
1941 4835 2086 4889 enim

509 4939 723 4995 ratione
757 4934 822 4989 ad
850 4931 1247 4987 mmulationem
1276 4927 1460 4999 gloria:
1496 4926 1806 4981 excitantur
1841 4927 1932 4997 qui
1967 4942 2087 4980 ma-

512 5032 602 5099 gni
637 5030 700 5082 ad
726 5030 980 5081 virtutem
1019 5022 1296 5091 erectique
1345 5028 1471 5075 sunt
1516 5020 1705 5085 animi,
1732 5034 1851 5076 cum
1904 5034 2088 5074 veram

511 5135 569 5179 et
601 5122 863 5193 integram
898 5116 1112 5171 laudern
1165 5116 1248 5170 his
1292 5113 1624 5183 propositam
1661 5112 1845 5167 vident
1880 5114 1969 5181 qui
2006 5129 2093 5171 sa-

513 5218 731 5287 pienter
760 5212 1097 5276 honesteque
1126 5207 1403 5267 vixerunt,
1434 5218 1775 5273 quorumque
1807 5206 1913 5257 vita
1943 5205 2091 5262 omni

509 5322 580 5361 ex
634 5312 789 5374 parte
836 5304 1075 5356 humano
1110 5297 1292 5368 generi
1341 5304 1397 5350 et
1423 5295 1570 5349 utilis
1618 5305 1674 5350 et
1703 5294 1977 5350 fructuosa
2012 5306 2096 5351 est

512 5397 718 5453 habita.
775 5393 977 5449 Contra
1014 5404 1147 5445 vero
1200 5404 1231 5443 a
1279 5387 1425 5442 vitiis
1476 5385 1827 5440 deterrentur
1880 5386 1937 5451 ii,
1988 5404 2095 5441 non

513 5504 737 5556 prorsus
763 5488 1019 5540 virtutem
1038 5489 1421 5551 aspernantur,
1454 5478 1549 5551 qui
1603 5476 1864 5532 eﬂrenata
1895 5480 2099 5547 cupidi-

515 5594 623 5636 tate
663 5580 833 5645 ducti,
855 5578 1188 5648 petulanter,
1212 5574 1494 5641 audacter,
1524 5581 1777 5647 proterve
1807 5572 1870 5626 ad
1898 5573 2098 5643 ﬂagitia

515 5673 876 5737 declinarunt,
912 5686 1035 5726 eum
1078 5677 1369 5741 perpetuas
1396 5675 1555 5724 notas
1590 5664 1868 5721 dedecoris
1901 5675 1954 5720 et
1984 5676 2095 5721 tur-

587 5850 666 5921 (η
692 5846 789 5903 llic
814 5847 996 5919 incipit
1031 5846 1277 5903 Bzovins.

2171 2445 2432 2515 pitudinis
2484 2447 2755 2504 frontibus
2817 2450 2931 2508 suis
2961 2450 3102 2507 inuri
3158 2451 3225 2507 ab
3283 2454 3370 2510 his
3422 2455 3616 2511 vident
3668 2456 3759 2528 qui

2171 2539 2386 2606 scriptis
2421 2555 2600 2593 rerum
2634 2553 2909 2610 gestarum
2945 2546 3159 2611 seriem,
3184 2546 3272 2612 qui
3307 2562 3493 2602 mores
3521 2557 3577 2600 et
3599 2550 3759 2600 vitam

2172 2630 2741 2689 hominnmmemoria:
2770 2636 3102 2704 posteritatis
3128 2637 3192 2691 ad
3219 2638 3512 2694 utilitatem
3534 2639 3759 2694 humani

2174 2728 2385 2796 generis
2430 2728 2833 2786 commendant.
2891 2729 3090 2785 Verum
3149 2731 3251 2786 hoc
3298 2733 3440 2797 loco,
3499 2733 3759 2800 Quirites,

2176 2832 2297 2870 cum
2356 2818 2502 2873 vires
2567 2818 2765 2889 ingenii
2829 2820 2931 2875 mei
2975 2822 3306 2886 considero,
3360 2840 3527 2894 quam
3583 2837 3763 2895 parva:

2177 2925 2451 2981 quamque
2479 2912 2690 2982 exiguae
2719 2915 2848 2977 sint,
2881 2929 2986 2967 non
3016 2930 3260 2984 possum,
3283 2919 3503 2988 Cognita
3553 2918 3756 2988 ampli-

2177 3004 2365 3057 tudine
2407 3015 2729 3072 conspectus
2775 3006 2961 3070 vestri,
3019 3022 3125 3060 non
3174 3012 3553 3078 commoveri,
3595 3024 3650 3067 et
3700 3029 3763 3067 eo

2183 3098 2416 3150 maxime
2450 3100 2590 3164 quod
2622 3097 2754 3151 mihi
2787 3097 2852 3152 de
2878 3112 2944 3153 eo
2979 3098 3094 3154 viro
3125 3099 3412 3156 dicendum
3475 3106 3549 3160 sit
3573 3106 3665 3177 qui
3693 3107 3779 3162 obs

2181 3189 2605 3257 magnitudinem
2641 3205 2818 3243 rerum
2845 3201 3116 3259 gestarum
3136 3194 3488 3260 quantumvis
3509 3212 3760 3265 magnum

2182 3290 2483 3348 oratorem,
2516 3283 2715 3336 nedum
2744 3298 2827 3336 me
2862 3284 3062 3349 ipsum,
3114 3283 3254 3338 inter
3289 3287 3573 3345 studiosos
3598 3290 3762 3345 bona-

2182 3386 2304 3426 rum
2347 3373 2545 3426 artium
2580 3372 2668 3426 vix
2705 3375 3096 3428 numerandum
3119 3413 3134 3437 ,
3166 3377 3439 3435 deterrere
3470 3396 3504 3436 a
3531 3379 3760 3437 dicendo

2183 3473 2379 3535 possit.
2437 3463 2669 3519 Recreat
2710 3481 2794 3520 me
2835 3473 3013 3523 tamen
3061 3482 3124 3521 ac
3171 3468 3347 3523 reﬁcit
3404 3471 3763 3541 hortaturque

2186 3560 2251 3611 ad
2279 3557 2565 3612 dicendum
2599 3558 2951 3613 humanitatis
2977 3568 3030 3615 et
3070 3561 3289 3628 pietatis
3323 3573 3517 3620 vestra:
3551 3566 3761 3636 vulgata

2188 3652 2402 3719 opinio;
2421 3666 2524 3721 qua
2552 3650 2770 3719 quidem
2804 3650 2975 3706 fretus
2991 3652 3211 3721 jamjam
3230 3653 3575 3712 Bessarionis
3597 3653 3760 3711 divini

2183 3740 2419 3795 hominis
2455 3741 2641 3795 laudes
2672 3741 2857 3795 dicere
2893 3745 3177 3812 aggrediar
3212 3762 3227 3798 :
3257 3762 3416 3815 quem
3452 3750 3549 3816 qui
3588 3747 3762 3804 laudat

2182 3834 2437 3886 virtutem
2462 3833 2709 3899 extollit;
2742 3836 2893 3904 parvi
2927 3835 3078 3890 enim
3109 3835 3276 3891 refert
3312 3838 3761 3895 Bessariouetnne

2183 3938 2251 3976 an
2278 3923 2533 3977 virtutem
2561 3924 2765 3979 laudes.
2811 3925 2916 3981 Nec
2949 3928 3143 3981 mirum
3172 3929 3226 3981 id
3254 3929 3497 3997 quidem.
3520 3931 3572 3986 ls
3596 3930 3760 3993 enim,

2183 4032 2249 4071 ex
2306 4027 2485 4071 vetere
2548 4014 2756 4071 Graecia
2832 4018 3096 4073 oriundus
3149 4027 3422 4089 natusque
3469 4023 3525 4078 in
3591 4022 3757 4084 Asia,

2185 4110 2442 4178 utrinque
2470 4110 2685 4179 collegit
2711 4112 2959 4179 generosi
3000 4112 3223 4179 spiritus
3250 4114 3477 4170 semina.

2258 4203 2632 4271 'l'rapeznntus
2679 4205 2785 4273 (ll,
2849 4205 3231 4272 Sinopensium
3298 4207 3541 4276 colonia,
3603 4207 3759 4277 hujus

2186 4298 2359 4366 patria
2412 4308 2529 4363 est;
2580 4297 2832 4367 Sinopem
2884 4298 3176 4353 condidere
3240 4297 3462 4365 Milesii,
3523 4301 3758 4357 Miletum

2184 4391 2566 4448 Athenienses.
2632 4388 2709 4443 Ex
2763 4390 2885 4453 his,
2920 4398 2978 4445 ut
3026 4405 3057 4444 a
3114 4394 3448 4462 parentibus,
3485 4397 3623 4459 avis,
3671 4391 3764 4447 ab-

2188 4485 2327 4544 avis,
2364 4481 2699 4534 nobilitatem
2752 4481 3018 4545 referens,
3061 4478 3523 4542 redundantiam
3578 4482 3762 4541 Asiani

2189 4575 2383 4649 ingenii
2443 4574 2747 4650 frugalitate
2814 4574 2987 4627 Attica
3049 4579 3422 4648 tonipescuit;
3482 4594 3581 4635 nec
3650 4588 3767 4631 tan.

2189 4675 2301 4719 tum
2362 4664 2645 4735 Diogenem
2714 4664 3013 4721 aimiratus
3064 4678 3187 4731 est,
3240 4667 3606 4734 Timotheum,
3647 4666 3765 4721 Dei-

2190 4757 2393 4827 philum
2447 4766 2681 4826 poetam,
2731 4756 2978 4819 Thalem,
3029 4758 3539 4825 Anavimandrum,
3570 4755 3763 4812 Anaxi~

2191 4862 2428 4913 menem,
2451 4848 2742 4903 Hecalettzn
2776 4849 3121 4914 historicum,
3144 4848 3460 4906 Eschinem
3495 4852 3761 4905 rhetorem

2196 4940 2343 4995 illum
2375 4940 2465 5010 qui
2505 4941 2558 4994 in
2579 4941 2895 5010 Pompeium
2937 4942 3187 4997 invectus
3216 4953 3323 5009 est,
3358 4942 3483 4998 licet
3539 4945 3572 4997 ii
3608 4950 3767 5010 agna-

2198 5033 2360 5089 tionis
2384 5033 2506 5101 jure
2536 5034 2954 5103 propinquiores
2991 5043 3197 5097 essent,
3233 5034 3362 5105 quin
3398 5031 3765 5089 observaverit

2200 5124 2713 5192 Socratisleporem,
2736 5123 2980 5181 Platonis
3008 5125 3221 5194 copiam
3252 5134 3307 5180 et
3331 5126 3765 5197 amplitudinem.

2199 5214 2509 5271 Aristotelis
2538 5229 2787 5283 acumen,
2822 5215 3077 5272 Isocratis
3108 5216 3382 5271 lenitatem
3410 5226 3463 5272 et
3498 5216 3769 5275 numeros,

2201 5308 2308 5360 vim
2361 5305 2782 5373 Demosthenis;
2844 5307 2912 5362 ab
2945 5309 3201 5363 omnibus
3234 5308 3402 5375 enim,
3455 5303 3771 5380 gentilitatis

2195 5399 2339 5469 jure,
2373 5399 2518 5469 quod
2574 5399 2854 5468 probabile
2903 5400 3155 5471 quodque
3184 5401 3449 5471 optimum
3487 5408 3651 5464 esset,
3683 5410 3770 5448 ac-

2201 5491 2366 5560 cepit,
2402 5489 2580 5545 haeres
2614 5500 2696 5545 tot
2727 5505 2791 5544 ac
2826 5500 3100 5546 tantorum
3154 5491 3513 5562 ingeniorum.
3570 5491 3646 5546 Ex
3690 5485 3777 5543 his,

2202 5581 2371 5652 igitur
2416 5581 2703 5637 Bessarion
2760 5582 2974 5635 animos
3026 5597 3288 5648 sumens,
3327 5583 3415 5637 ubi
3471 5582 3694 5651 primum
3743 5588 3772 5627 e

2203 5673 2387 5749 pueris
2405 5678 2661 5742 excessit,
2687 5688 2812 5730 cura
2840 5683 3128 5746 parentum
3165 5674 3478 5745 Byzantium
3506 5667 3774 5728 transmit-
