4114 6430
373 347 462 390 CV'
1443 352 1990 418 PANEGYRICUS
2035 353 2564 423 BESSARION'IS.

373 449 526 516 titur,
569 453 838 509 celebrem
869 459 1144 526 quondam
1180 460 1367 516 urbem
1410 476 1462 516 et
1496 466 1826 520 doctissimis
1862 467 1960 519 lio-

371 545 612 600 minibus
675 547 1097 621 liberalibusque
1153 555 1346 609 studiis
1405 555 1734 610 aï¬‚luentcm.
1771 555 1962 611 Gram-

371 638 572 692 matica
627 639 881 696 celeriter
953 646 1022 699 ob
1079 661 1306 701 acumen
1385 648 1582 718 ingenii
1644 649 1961 718 poeticaque

374 729 640 794 imbutus,
691 733 999 800 posthabita
1029 729 1174 791 cura'
1205 753 1380 792 rerum
1437 742 1794 794 humanarum
1855 755 1956 808 qua

371 821 1063 895 impediricontemplatio
1109 829 1414 883 divinarum
1469 832 1627 894 solet,
1667 843 1835 886 totum
1901 847 1959 886 se

373 911 620 982 religioni
651 917 882 974 addixit.
912 917 1114 974 Christi
1147 936 1377 989 namque
1415 923 1662 976 militiam
1713 933 1954 987 secutus,

371 1013 432 1058 ut
461 1020 647 1059 veram
693 1007 920 1076 gloriam
951 1025 1244 1080 verosque
1294 1013 1596 1082 triumphos
1635 1013 1954 1082 parituram,

373 1096 654 1166 Dositheo,
711 1102 1128 1173 archiepiscopo
1197 1105 1466 1167 Doriensi,
1532 1105 1676 1159 unici
1724 1107 1954 1175 exempli

372 1190 614 1244 moribus
638 1203 690 1244 et
718 1195 1006 1249 sanctitate
1052 1197 1194 1261 viro,
1221 1197 1272 1250 in
1301 1197 1476 1264 primo
1515 1197 1764 1251 tirocinio
1795 1207 1956 1251 tanta!

370 1281 738 1350 expeditionis
779 1285 916 1340 duce
955 1303 1085 1342 usus
1136 1297 1220 1342 est
1249 1289 1458 1358 :cnjus
1501 1290 1778 1353 virtutem,
1831 1289 1954 1343 reli-

371 1375 609 1442 gionem,
667 1377 976 1433 doctrinam
1031 1378 1164 1434 adeo
1221 1381 1436 1435 imbibit
1490 1391 1546 1436 ut
1601 1381 1741 1436 idem
1805 1381 1953 1436 brevi

373 1464 552 1520 factus
581 1467 882 1524 videretur.
917 1469 1260 1527 Bessarionis
1293 1473 1566 1542 ingenium
1623 1481 1676 1526 et
1719 1483 1952 1527 mentem

370 1570 540 1625 prope
564 1558 802 1612 divinam
839 1560 904 1614 ad
923 1562 1284 1632 cognitionem
1317 1579 1500 1617 rerum
1531 1565 1866 1618 occultarum
1901 1573 1955 1618 et

367 1650 772 1706 admirabilium
814 1653 895 1706 vir
940 1655 1322 1709 sanctissimus
1365 1655 1784 1724 contemplatus,
1825 1656 1954 1710 ado-

367 1743 660 1797 lescentem
681 1745 853 1812 ipsum
880 1745 946 1800 ad
967 1747 1433 1816 archiepiscopum
1464 1747 1948 1817 Selymbriensem,

367 1836 546 1889 virum
568 1836 830 1906 optimum
863 1848 1026 1908 atque
1082 1841 1486 1902 doctissimum,
1519 1843 1684 1906 misit,
1728 1843 1871 1898 unde
1901 1851 1954 1896 et

366 1928 666 1982 oratoriam
717 1938 890 1984 artem
931 1937 984 1984 et
1017 1929 1411 2000 philosophiam
1444 1934 1799 2002 perdisceret,
1854 1933 1953 1987 sub

367 2033 475 2086 quo
500 2029 647 2073 certe
685 2028 898 2074 tantum
931 2019 1160 2086 profecit
1181 2023 1423 2078 adhibita
1455 2023 1603 2076 omni
1637 2023 1702 2076 ad
1739 2024 1956 2078 imitan-

368 2118 496 2164 dum
537 2112 812 2168 hominem
854 2130 1008 2179 cura,
1039 2115 1223 2170 studio
1272 2131 1336 2170 ac
1384 2115 1682 2186 diligentia,
1716 2127 1772 2169 ut
1816 2115 1954 2186 judi-

367 2217 494 2259 care
528 2216 714 2274 postea
746 2205 1027 2262 difficilius
1051 2207 1217 2263 fuerit
1257 2208 1520 2265 meliorne
1566 2207 1849 2264 Bessarion
1883 2223 1950 2262 an

367 2299 587 2353 doctior
645 2299 961 2354 haberetur.
1019 2301 1308 2356 Postremo
1368 2308 1576 2367 autem,
1635 2316 1702 2355 ne
1752 2302 1952 2371 aliquid

367 2399 520 2444 tanto
579 2391 798 2461 ingenio
853 2393 1088 2459 deesset,
1123 2393 1402 2448 Platonem
1455 2393 1577 2465 (leg.
1611 2393 1950 2461 Pletltonem)

366 2499 528 2552 quem
561 2485 648 2539 alii
677 2485 955 2542 Getniston
989 2497 1212 2552 vocant,
1257 2487 1630 2542 doctissimum
1660 2495 1954 2556 praecepto-

366 2591 480 2627 rem
509 2590 558 2630 et
592 2593 752 2646 quem
783 2593 973 2634 omnes
1001 2580 1298 2633 secundum
1347 2595 1377 2634 a
1415 2578 1633 2633 Platone
1656 2588 1870 2643 vocant,
1899 2579 1950 2632 in

367 2665 766 2737 Pemponneso,
815 2685 922 2739 quo
981 2685 1040 2726 se
1099 2672 1406 2726 contulerat
1459 2675 1715 2727 doctrina:
1765 2687 1949 2733 causa,

367 2774 584 2825 nactus,
625 2762 1030 2818 mathematicis
1083 2773 1341 2818 accurate
1389 2763 1666 2817 imbuitur.
1732 2764 1952 2833 Vulgari

365 2863 478 2906 tum
545 2855 760 2909 demum
811 2857 942 2910 tanti
981 2857 1216 2912 hominis
1261 2871 1456 2910 nomen
1488 2866 1573 2911 est
1601 2866 1861 2926 carptum,
1897 2867 1952 2911 ut

365 2967 474 3018 quo
509 2949 948 3018 proficisceretur
995 2951 1196 3005 famam
1257 2952 1616 3018 exspectatio,
1669 2963 1951 3020 exSpecta-

365 3046 570 3100 tionem
597 3043 719 3113 ejus
767 3042 1093 3114 optatissimi
1145 3043 1413 3097 adventus
1471 3044 1760 3098 admiratio
1796 3060 1956 3112 supe-

367 3147 535 3194 raret.
568 3136 972 3192 Existimabam
1010 3147 1120 3190 tum
1157 3135 1407 3190 homines
1439 3151 1556 3190 eam
1582 3137 1796 3192 demunt
1821 3139 1955 3192 civi-

365 3242 532 3286 tatem
591 3231 804 3286 beatam
845 3227 963 3285 fore
1011 3227 1080 3282 ad
1134 3244 1294 3298 quam
1323 3231 1562 3284 venisset
1611 3228 1955 3284 BessariOuis

365 3325 548 3379 divina
573 3326 782 3388 virtus;
835 3323 1190 3390 huncitaque
1233 3336 1425 3376 manes
1461 3322 1714 3376 certatim
1750 3333 1807 3376 ut
1853 3337 1950 3375 co-

365 3417 623 3486 gnitionis
660 3427 712 3470 et
745 3415 982 3484 hospitio
1031 3416 1252 3485 dignum
1289 3415 1680 3484 suscipiebant,
1728 3431 1954 3470 venera-

365 3509 590 3577 bantur,
621 3509 1003 3565 observabant.
1031 3507 1428 3576 Conciones,et
1450 3511 1668 3580 quidem
1701 3509 1956 3577 frequen-

365 3614 452 3659 tes
485 3614 648 3673 atque
681 3603 980 3674 elegantes,
1017 3605 1081 3657 ad
1128 3603 1358 3673 populos
1401 3601 1590 3656 habuit
1620 3602 1744 3669 (has
1780 3602 1952 3658 Graeci

363 3697 624 3752 homilias
669 3695 888 3767 vocant)
946 3706 1098 3750 tanto
1130 3711 1400 3750 concursu
1459 3705 1518 3750 ut
1577 3697 1776 3764 templa
1838 3699 1955 3765 ipsa

362 3803 661 3858 permagna
713 3797 920 3843 tantam
970 3787 1372 3842 multitudinem
1405 3786 1490 3841 vix
1537 3796 1814 3856 caperent.
1853 3787 1954 3840 Po-

365 3885 524 3954 pulos
557 3884 622 3938 ad
677 3883 1018 3954 religionem,
1054 3883 1118 3936 ad
1149 3881 1450 3949 justitiam,
1485 3881 1550 3935 ad
1615 3883 1954 3951 aequitatem,

365 3981 436 4034 ad
497 3979 818 4034 modestiam
879 3977 1220 4038 hortabatur,
1273 3975 1434 4030 bonis
1500 3977 1741 4046 praemia,
1803 3977 1956 4032 malis

363 4087 558 4143 pmnas
591 4071 896 4140 propositas
949 4067 1267 4134 ostendens,
1297 4077 1350 4121 et
1375 4083 1512 4138 quos
1545 4085 1760 4124 movere
1821 4069 1958 4124 inte-

365 4166 568 4234 gritate
615 4165 759 4228 vitat,
797 4161 1102 4216 rationibus
1152 4170 1208 4215 et
1256 4161 1522 4232 exemplis
1573 4177 1678 4216 non
1721 4172 1954 4231 poterat,

363 4257 587 4313 eosdem
640 4253 1134 4317 obtestationibus,
1193 4252 1490 4320 precibus,
1555 4252 1832 4322 lacryntis,
1900 4263 1957 4307 ut

364 4363 536 4418 vagos
567 4359 620 4401 et
644 4355 912 4407 errantes,
949 4345 1001 4397 in
1037 4346 1178 4398 viam
1213 4343 1400 4398 salutis
1423 4326 1734 4398 reducebat.
1762 4343 1957 4397 Multos

364 4445 514 4496 inter
554 4457 610 4495 se
630 4439 884 4494 civilibus
929 4445 984 4492 et
1031 4437 1308 4490 intestinis
1333 4435 1474 4491 odiis
1505 4436 1835 4491 dissidentes
1863 4447 1955 4490 aut

363 4547 554 4588 coram
586 4531 860 4595 oratione,
895 4539 986 4580 aut
1034 4529 1232 4582 absens
1269 4527 1516 4596 epistolis
1552 4527 1958 4597 sapientissime

362 4637 423 4683 et
451 4625 856 4698 elegantissime
900 4623 1123 4693 scriptis
1167 4623 1234 4676 ad
1269 4622 1622 4678 concordiam
1657 4623 1953 4678 revocavit.

443 4719 556 4774 Hac
582 4730 728 4773 tanta
769 4717 967 4771 virtute
1003 4715 1135 4768 moti
1164 4713 1524 4782 imperatores
1547 4715 1651 4768 duo
1673 4713 1959 4769 'Conslanâ€”

369 4811 760 4881 tinopolitanus
794 4817 847 4864 et
877 4806 1300 4877 Trapezuntius,
1330 4807 1472 4860 hunc
1518 4807 1660 4861 ultro
1709 4807 1958 4876 citroque

365 4907 602 4976 legatum
660 4903 978 4973 frequenter
1027 4900 1341 4964 mittentes,
1395 4899 1680 4968 utriusque
1743 4899 1957 4968 imperii

365 4999 514 5054 vires
557 4995 1034 5058 concatenabaut,
1091 5005 1198 5060 quo
1256 4989 1449 5044 fortius
1507 4998 1563 5043 et
1618 4989 1958 5045 constantius

365 5091 688 5165 propulsare
711 5089 1012 5144 Turcorum
1049 5086 1284 5155 itnpetus
1316 5091 1555 5154 possent,
1581 5083 1670 5152 qui
1701 5091 1956 5153 tauquam

367 5187 542 5244 rabidi
562 5185 672 5252 lupi
704 5183 845 5238 inter
866 5195 1160 5249 utrumque
1189 5177 1370 5247 positi,
1393 5175 1736 5232 occasionem
1763 5177 1962 5230 utrius-

363 5296 474 5351 que
513 5277 722 5347 ituperii
756 5273 1050 5345 diripiendi
1105 5271 1532 5342 exspectabant,
1567 5269 1710 5340 quod
1771 5275 1957 5335 postea

366 5371 572 5426 accidit
626 5383 750 5423 cum
805 5380 1002 5435 magno
1049 5367 1218 5419 totius
1273 5361 1584 5430 reipublicae
1638 5357 1962 5414 Christianae

365 5465 638 5519 dedecore
694 5459 1163 5515 ac'detrimento.
1219 5453 1460 5510 Sublatis
1536 5453 1679 5507 enim
1747 5450 1960 5504 duobus

367 5557 650 5620 claustris,
689 5567 835 5608 nunc
889 5565 1012 5606 sese
1065 5550 1120 5604 in
1179 5547 1387 5611 Asiam,
1430 5561 1572 5600 nunc
1603 5546 1656 5599 itt
1687 5542 1957 5614 Europam

370 5649 693 5722 gravissima
719 5647 805 5702 illa
836 5645 1140 5700 'Iâ€˜urcorum
1177 5641 1413 5711 procella
1457 5638 1673 5694 nemine
1707 5639 1964 5693 obstante

373 5757 434 5797 se
459 5741 764 5804 effundens,
812 5737 970 5808 longe
1010 5751 1072 5791 ac
1118 5735 1224 5790 late
1268 5733 1450 5787 omnia
1490 5741 1686 5797 vastat,
1737 5727 1959 5792 obterit,

375 5833 711 5890 concaleat:
769 5829 1106 5902 diripiuntur
1149 5829 1308 5884 urbes
1353 5824 1700 5896 quantumvis
1731 5837 1958 5894 magum,

3551 385 3640 422 81â¸1

2071 465 2431 523 incenduntur
2459 472 2616 534 villae,
2651 484 2915 530 necantur
2964 479 3248 544 homines;
3287 479 3426 548 quod
3475 481 3514 532 si
3542 485 3640 531 ali-

2065 560 2259 625 quibus
2287 562 2506 618 fortuna
2536 567 2654 620 belli
2687 571 2924 638 pepercit
2949 612 2964 636 ,
2995 572 3028 625 ii
3067 587 3170 624 una
3203 587 3324 624 cum
3358 575 3642 640 pecoribus

2061 663 2125 704 eo
2153 659 2418 708 terrarum
2469 659 2760 726 abiguntur
2793 663 2936 717 unde
2991 679 3262 731 nunquam
3307 665 3356 718 in
3409 665 3640 734 p.-ttiant

2061 755 2187 797 sunt
2223 746 2468 802 redituri.
2511 749 2554 804 ÎŸ
2583 753 2806 809 miseros
2840 763 2890 808 et
2916 754 3278 810 infortunatos
3311 755 3528 810 Grzecos
3559 756 3570 808 !
3610 775 3642 810 Ï…

2060 835 2304 893 infelices
2322 849 2375 892 et
2407 841 2787 897 calamitosos!
2828 859 2860 898 o
2901 846 3062 900 etiam
3098 846 3334 914 ipsorum
3372 847 3639 900 crtnlelis-

2059 929 2317 984 simorum
2357 931 2590 986 hostium
2617 935 2870 1006 Iacrymis
2893 938 3286 1006 deplorandos!
3343 940 3639 994 dedistisno

2058 1022 2311 1096 omnibus
2346 1025 2656 1080 natioaibns
2685 1043 2748 1082 ac
2779 1031 3038 1098 gentibus
3077 1029 3378 1084 doctrinam
3407 1041 3459 1085 et
3485 1031 3638 1100 inge-

2061 1112 2208 1166 nium
2245 1121 2302 1166 ut
2335 1113 2436 1182 ipsi
2474 1118 2705 1172 consilio
2757 1120 3054 1174 carcretis?
3105 1123 3330 1176 dedistis
3379 1138 3528 1176 arma
3581 1134 3640 1174 ul.

2056 1206 2261 1260 eisdem
2309 1217 2494 1276 postea
2545 1225 2802 1266 corruere
2869 1213 3179 1268 videamini.
3230 1213 3494 1268 Constans
3557 1224 3642 1268 est

2055 1310 2224 1364 certe,
2281 1301 2540 1369 Quirites,
2571 1305 2812 1358 omnium
2863 1307 2999 1360 bene
3039 1307 3387 1360 sentientium
3435 1306 3636 1373 opinio,

2057 1401 2320 1446 eteorum
2365 1395 2599 1450 maxime
2625 1397 2718 1464 qui
2755 1411 2855 1450 suo
2887 1397 3125 1467 periculo
3170 1399 3392 1452 istarum
3415 1397 3640 1452 calami-

2057 1491 2226 1538 latnm
2259 1489 2412 1555 gnari
2447 1497 2596 1552 sunt,
2623 1495 2730 1546 duo
2759 1491 2846 1545 illa
2899 1491 3123 1561 imperia
3162 1507 3436 1562 nunquam
3471 1492 3640 1546 fuisse

2054 1579 2358 1632 corruitura
2397 1582 2440 1635 si
2473 1580 2788 1644 Bcssarion,
2821 1585 2997 1654 magni
3039 1585 3205 1638 animi
3239 1593 3399 1652 atque
3425 1585 3636 1637 consilii

2054 1671 2156 1738 \ir,
2205 1675 2310 1729 illis
2358 1677 2408 1729 in
2467 1677 2600 1732 locis
2647 1687 2756 1732 tum
2803 1677 2994 1733 fuisset
3044 1693 3166 1732 cum
3213 1687 3505 1748 tempestas
3549 1679 3637 1732 illa

2053 1777 2240 1822 contra
2282 1784 2385 1823 non
2449 1769 2669 1824 Graecos
2723 1782 2959 1837 tantum,
3000 1773 3096 1826 sed
3137 1773 3434 1826 humanum
3469 1787 3656 1841 genus-

2059 1867 2246 1912 exorta
2286 1869 2388 1914 est.
2422 1859 2722 1918 Excitasset
2751 1864 2896 1918 enim
2947 1865 3028 1918 vir
3055 1865 3300 1918 omnium
3343 1864 3638 1934 vigilantis-

2056 1949 2229 2004 simus
2259 1950 2620 2008 dormientem
2651 1953 2914 2009 Grmciam
2940 1995 2955 2022 ,
3009 1955 3306 2010 animasset
3339 1957 3505 2010 nimio
3525 1960 3636 2010 Otio

2054 2040 2368 2112 languentes
2389 2045 2598 2100 animos
2619 2062 2644 2108 Ï‚.
2667 2047 2746 2101 ire
2781 2049 2832 2100 in
2870 2047 3056 2104 hostes
3094 2063 3222 2103 suos
3247 2057 3302 2102 et
3341 2063 3368 2101 a
3410 2050 3650 2103 cerviciâ€”-

2055 2131 2156 2186 bus
2189 2141 2393 2188 tantam
2454 2136 2813 2193 calamitatem
2870 2149 3121 2194 avertere
3172 2149 3430 2208 quantam
3491 2143 3636 2208 passi

2054 2233 2203 2290 sunt,
2237 2241 2332 2293 spe
2363 2242 2503 2282 verte
2524 2237 2576 2282 et
2602 2230 2826 2294 integrae
2859 2229 3032 2284 laudis
3075 2230 3375 2298 proposita,
3409 2247 3632 2297 compu-

2055 2316 2227 2372 lisset.
2263 2316 2481 2383 Verum,
2533 2334 2600 2374 eo
2662 2323 2910 2386 absente,
2964 2335 3086 2374 cum
3151 2337 3308 2376 nemo
3362 2331 3506 2376 esset
3545 2338 3640 2391 qu:

2055 2409 2352 2474 monemlo,
2387 2411 2766 2476 consultando,
2809 2413 3074 2476 docendo,
3104 2414 3438 2468 cohortando
3484 2413 3634 2467 Gri!!-

2054 2516 2147 2554 cos
2177 2503 2228 2554 in
2264 2485 2445 2556 oliicio
2480 2505 2806 2569 contineret,
2840 2515 2993 2572 capta
3025 2520 3087 2558 ac
3140 2505 3348 2573 direpta
3383 2523 3408 2557 :I
3440 2505 3636 2558 Turcis

2053 2593 2551 2663 Constantinopolis
2609 2603 2713 2662 est,
2765 2611 2906 2650 caesa
2961 2597 3128 2650 multa
3179 2597 3376 2650 civium
3445 2598 3634 2660 millia,

2051 2680 2408 2734 obtruncatus
2463 2681 2757 2752 imperator
2793 2685 2967 2737 :idem
2999 2685 3197 2739 accidit
3235 2685 3633 2754 Trapczmttiis,

2053 2771 2194 2825 idem
2227 2771 2564 2842 Mitylenmis,
2600 2775 2740 2830 idem
2777 2775 3254 2846 Peloponnesiacis
3300 2780 3638 2848 principibus

2051 2871 2104 2917 et
2141 2864 2370 2929 civibus,
2397 2865 2535 2919 idem
2571 2865 2790 2937 reliquae
2839 2867 3081 2936 Graeciae,
3117 2870 3256 2926 idem
3290 2872 3634 2928 Bossiuensi-

2055 2959 2174 3024 bus,
2223 2961 2312 3028 qui
2334 2971 2386 3014 et
2411 2977 2592 3031 regem
2617 2972 2671 3017 ct
2695 2965 2922 3033 patriam
2945 2973 2998 3019 et
3019 2966 3181 3020 vitam
3213 2981 3319 3021 uno
3349 2968 3631 3022 smvissimi

2055 3053 2294 3107 hominis
2319 3054 2524 3122 impetu
2553 3057 2814 3120 amisere;
2857 3056 3177 3112 Bessarione
3216 3058 3331 3128 ipso
3362 3059 3634 3114 clamante

2052 3159 2116 3198 ac
2151 3161 2393 3215 persaâ€˜pe
2423 3145 2696 3202 Romanos
2734 3149 3017 3220 pontifices
3066 3151 3394 3206 admonente
3418 3161 3475 3206 ut
3523 3152 3640 3207 Ma-

2055 3235 2374 3298 cedonibus,
2407 3237 2748 3306 Dalmaticis,
2809 3239 3029 3310 Illyriis,
3065 3241 3360 3297 Pannoniis
3398 3243 3632 3296 hostium

2054 3327 2312 3396 impetum
2341 3345 2484 3398 aegre
2535 3331 2929 3388 sustinentibus
2962 3333 3164 3388 auxilio
3213 3345 3424 3398 essent,
3458 3351 3527 3390 ne
3557 3352 3638 3390 re-

2057 3419 2239 3475 fractis
2270 3421 2522 3478 claustris
2565 3425 2712 3479 illinc
2744 3441 2885 3480 srcva
2919 3425 3008 3480 illa
3057 3433 3108 3480 el
3142 3428 3395 3482 immanis
3439 3429 3634 3490 bellua,

2053 3510 2290 3566 Eridano
2313 3513 2616 3578 violentior,
2669 3514 2876 3570 Italiam
2913 3516 3228 3581 iuundaret,
3263 3519 3404 3589 quod
3439 3535 3636 3588 prope-

2054 3603 2196 3657 diem
2217 3603 2446 3672 (utinam
2478 3605 2644 3662 falsus
2680 3609 2778 3662 sim
2811 3609 3034 3680 vates!)
3062 3609 3300 3664 futurum
3333 3611 3634 3665 videbimus
3665 3655 3672 3662 .

2055 3693 2155 3748 nisi
2212 3695 2338 3750 huic
2391 3697 2792 3766 sapientissimo
2823 3699 2980 3766 viro,
3017 3711 3276 3770 tanquam
3330 3719 3358 3756 e
3413 3703 3670 3772 speculo,

2054 3786 2236 3839 omnia
2289 3789 2556 3852 cernenti,
2591 3789 2872 3857 clamanti,
2906 3793 3218 3848 admonenti
3261 3795 3462 3854 instare
3517 3808 3670 3852 tua-._-

2053 3893 2214 3948 gnam
2267 3881 2586 3949 perniciem,
2625 3881 2916 3950 aliquando
2961 3883 3126 3938 fuerit
3182 3885 3673 3952 obteinperatmn..

2055 3971 2292 4028 Multum
2311 3983 2459 4027 certe
2499 3975 2624 4028 huic
2678 3975 3016 4043 amplissimo
3049 3976 3191 4030 Patri
3235 3977 3516 4042 debemus,
3569 3981 3634 4029 ad

2057 4065 2208 4133 cujus
2232 4081 2319 4119 res
2348 4066 2562 4136 egregie
2589 4075 2767 4132 gestas
2798 4082 2864 4120 ne
2899 4066 2949 4120 in
2983 4067 3121 4120 hanc
3153 4069 3512 4122 calamitatem
3547 4085 3636 4122 Î¹Î¿-

2057 4157 2298 4211 niremus
2335 4157 2564 4211 libenter
2585 4158 2808 4212 accedo.
2866 4155 2917 4212 Is
2955 4159 3122 4224 enim,
3157 4174 3214 4212 re
3247 4142 3637 4218 Constantino?
3667 4195 3672 4200 .

2055 4249 2299 4316 politana
2338 4251 2574 4330 nondum
2631 4249 2932 4320 profligata,
2962 4251 3290 4306 Orientalem
3340 4251 3635 4305 Ecclesiam

2058 4341 2112 4394 in
2160 4341 2484 4396 sententiam
2537 4341 2898 4395 Occidentalis
2944 4342 3190 4410 redigere
3230 4350 3474 4406 conatus,
3530 4359 3634 4394 non

2055 4435 2206 4503 prius
2243 4434 2472 4499 destitit,
2503 4425 2779 4510 rogando,
2816 4435 3087 4487 lnouendo
3126 4433 3507 4498 imperatorem
3571 4449 3633 4485 ac
3663 4493 3674 4498 Î·

2057 4517 2326 4596 principes
2353 4523 2574 4580 Graeciaa
2631 4540 2793 4596 quam
2845 4539 2938 4579 eos
2968 4523 3266 4593 impulerit,
3313 4525 3630 4594 gravissima
3665 4579 3670 4584 _

2056 4617 2304 4670 oratione
2336 4616 2538 4682 habita,
2569 4617 2621 4670 in
2658 4607 2862 4690 Italiam
2893 4616 2955 4669 ad
2995 4615 3292 4682 Eugenium
3327 4615 3636 4683 pontiï¬cem
3663 4659 3680 4670 _,

2058 4710 2352 4764 maximum
2385 4709 2735 4765 contendere.
2760 4710 2966 4764 Venere
2997 4709 3175 4777 primo
3209 4707 3638 4776 Venetiasatqne
3673 4749 3680 4768 ..

2059 4801 2184 4856 inde
2235 4801 2542 4856 Ferrariam
2601 4801 2692 4856 ubi
2747 4802 2987 4870 pontifex
3037 4812 3175 4856 erat.
3231 4801 3304 4855 Ibi
3337 4817 3554 4872 gravem
3587 4811 3640 4852 et

2057 4895 2360 4961 elegantem
2415 4895 2720 4948 orationem
2771 4893 3060 4952 Bessarion
3113 4895 3180 4948 ad
3242 4909 3369 4949 suos
3429 4894 3640 4956 habuit,

2057 5002 2150 5042 eos
2181 4987 2502 5041 adhortatus
2537 4997 2616 5048 ut.
2647 4988 2861 5056 cognita
2896 4987 3272 5057 frequentibus
3321 4987 3640 5054 disputatio-

2062 5079 2220 5135 nibus
2269 5079 2659 5134 controversiae
2723 5094 2884 5134 causa
2940 5095 3060 5148 quze
3118 5077 3343 5134 Latinos
3396 5079 3537 5131 inter
3585 5087 3674 5138 Il,

2057 5171 2273 5228 Gratcos
2305 5173 2611 5242 quingentis
2637 5172 2747 5243 jam
2777 5175 2934 5228 annis
2965 5181 3260 5241 serpscrat,
3293 5171 3463 5241 posita
3491 5171 3636 5224 omni
3669 5221 3674 5228 ,

2061 5266 2334 5320 simultate
2370 5267 2422 5320 in
2455 5247 2698 5322 eamdem
2733 5267 3061 5324 sententiam
3107 5279 3294 5320 euntes
3329 5274 3438 5318 tum
3489 5265 3638 5317 veni-

2061 5367 2202 5422 rent,
2229 5357 2329 5412 bac
2365 5373 2474 5411 una
2495 5357 2708 5411 ratione
2727 5371 2978 5412 asserens
3004 5371 3066 5410 ea
3090 5357 3302 5410 demum
3332 5353 3638 5422 recuperari

2063 5467 2240 5520 posse,
2273 5451 2580 5521 conjunctis
2608 5451 2778 5519 copiis
2814 5449 3113 5518 collataque
3145 5449 3408 5516 impensa,
3442 5461 3563 5516 qum
3585 5455 3672 5509 et,_

2061 5545 2223 5600 Turci
2260 5544 2534 5613 quondam
2575 5555 2626 5598 et
2659 5543 2920 5598 Saraceni
2957 5549 3011 5594 et
3036 5541 3242 5595 Arabes
3264 5579 3277 5605 ,
3303 5538 3650 5599 Christiauo-.

2063 5654 2180 5692 rutn
2207 5638 2446 5693 dissidiis
2480 5636 2651 5704 magis
2682 5651 2842 5704 quam
2885 5634 3079 5687 animis
3106 5643 3159 5686 et
3209 5632 3374 5685 armis
3405 5630 3639 5699 propriis

2063 5733 2188 5786 freti
2235 5741 2586 5800 occuparant.
2626 5729 2850 5785 Dicebat
2897 5727 3066 5792 enim,
3101 5726 3240 5794 quod
3293 5725 3637 5779 verissimum

2064 5831 2168 5892 cst,
2195 5799 2628 5892 galaltomcianatn
2659 5821 2937 5893 pertiliatn
2971 5819 3074 5878 late
3101 5820 3336 5878 crevisse
3383 5820 3508 5876 dum
3554 5834 3640 5879 re;
