4114 6448
455 406 563 451 CVII

452 510 677 580 ligionis
704 521 907 566 nostra}
934 513 1114 583 capita
1145 513 1358 568 inter‘se
1386 512 1673 575 dissident,
1703 515 2033 582 procedatne

458 600 694 672 Spiritus
724 614 948 658 sanctus
989 620 1016 658 a
1068 606 1226 660 Patre
1269 609 1513 670 tantum,
1549 613 1606 658 ιιι
1642 603 1840 668 Graeci,
1878 619 1944 658 an
2004 619 2036 660 a

455 694 622 753 Patre
651 706 705 751 et
739 697 894 763 Filio,
927 708 980 750 ut
1005 697 1181 752 Latini
1211 698 1500 766 volebant;
1535 699 1618 753 Itis
1643 699 1787 754 enim
1819 709 2042 755 contro-

455 789 654 844 versiis
682 788 883 844 factum
915 799 974 844 ut
1012 790 1080 843 ad
1120 788 1529 846 Mahometanos
1561 793 1756 859 partim
1795 792 1870 858 vi,
1917 807 2041 860 par-

460 882 554 936 tim
590 891 780 952 sponte
809 883 1104 937 deﬁcerent
1133 885 1339 954 pepuli,
1381 885 1505 939 dum
1548 884 1873 940 Christianae
1913 883 2041 938 reli-

457 974 635 1042 gionis
684 975 957 1044 principes
991 976 1120 1044 quid
1149 977 1496 1046 potissimum
1538 986 1755 1032 teneant
1800 977 2041 1032 incertos

455 1065 678 1130 vident;
707 1066 835 1120 hinc
863 1068 1120 1123 amissam
1161 1076 1281 1125 esSc
1304 1071 1694 1124 Antiochenam
1717 1070 2034 1136 Ecclesiaun,

457 1156 585 1211 hinc
629 1157 1202 1229 Hierosolymitanam,
1250 1164 1376 1240 hinc
1418 1162 1864 1227 Alexandrinam,
1913 1162 2040 1215 hinc

417 1247 690 1319 'deniqne
743 1264 964 1305 omnem
1020 1251 1191 1307 ferme
1231 1254 1415 1308 Asiam
1469 1267 1524 1307 et
1578 1261 1744 1308 totam
1798 1252 2038 1307 Africam

456 1342 599 1397 hanc
623 1355 825 1411 pestem
845 1358 1163 1415 occupasse,
1183 1348 1398 1416 etquod
1434 1349 1651 1418 gravius
1679 1357 1782 1412 est,
1813 1347 2040 1418 Europae

457 1435 723 1504 quasdam
758 1448 944 1504 partes
970 1438 1193 1509 jatnjam
1229 1439 1479 1495 infecisse
1519 1439 1825 1509 ac'longius
1848 1453 2043 1507 evaga-

457 1536 639 1582 turam
671 1529 744 1595 ri,
775 1545 1002 1600 propere
1045 1531 1276 1586 sublatis
1307 1543 1417 1586 tam
1469 1532 1794 1602 perniciosis
1826 1540 2042 1586 contro-

457 1620 658 1676 versiis
721 1635 786 1676 ac
842 1623 1012 1691 pulsis
1067 1623 1391 1678 Christianae
1426 1624 1736 1693 reipublicae
1768 1624 2038 1686 hostibus,

457 1709 512 1758 in
544 1709 944 1774 possessionem
990 1720 1252 1779 veterem,
1306 1711 1513 1777 labore,
1551 1713 1746 1782 vigiliis
1800 1727 1863 1767 ac
1915 1729 2042 1767 san-

458 1798 620 1865 guine
651 1795 1394 1873 inatttyrunrcomparatam,
1445 1807 1638 1858 armati
1693 1817 1818 1859 cum
1847 1803 2044 1859 vexillo

458 1889 641 1944 crucis
670 1892 1042 1960 pervenerint.

531 1982 808 2039 Permovit
839 1988 971 2040 tanti
1015 1988 1118 2043 viri
1169 1989 1472 2046 auctoritas
1521 1997 1692 2045 totum
1725 1987 2038 2052 concilium,

462 2077 733 2144 permovit
783 2078 1059 2149 religionis
1116 2081 1498 2137 honestissima
1551 2096 1745 2146 causa,
1775 2079 2045 2150 permovit

459 2173 625 2226 etiam
683 2173 976 2229 imminens
1041 2174 1350 2230 cervicibus
1411 2176 1652 2229 omnium
1722 2173 2041 2244 periculum.

462 2263 735 2334 Disputari
797 2275 906 2319 tum
987 2267 1187 2322 acriter
1243 2267 1384 2322 inter
1443 2267 1725 2336 utriusque
1788 2266 2046 2322 Ecclesiae

463 2357 744 2428 theologos
758 2367 841 2413 est
857 2368 994 2427 crept
1007 2375 1118 2416 nm.
1136 2361 1542 2414 Asseverabant
1571 2359 1611 2415 ϐ
1624 2361 1770 2428 1·.ι·‹;ῐ,
1791 2361 2045 2431 episcopo

459 2449 753 2519 Ephesium,
793 2449 1019 2506 Platone
1055 2451 1351 2522 (Placitone)
1407 2452 1714 2519 Scholario,
1764 2453 2046 2524 Dionysio,

458 2543 709 2611 episcopo
739 2541 1021 2608 Sardensi,
1042 2545 1377 2612 gravissimis
1407 2546 1742 2609 auctoribus,
1777 2545 2043 2616 Spiritum

459 2643 709 2687 sam-tum
744 2649 774 2688 a
797 2633 956 2689 Patre
985 2645 1191 2690 tantmu
1230 2637 1570 2706 procedere;
1616 2638 1892 2692 instabant
1917 2653 2047 2692 cou-

459 2737 543 2780 tra
587 2725 760 2779 Lat'ni
804 2743 831 2778 a
875 2727 1010 2781 Filio
1069 2743 1285 2797 quoque
1339 2727 1484 2784 idem
1528 2730 1666 2796 fieri,
1724 2731 2048 2785 auctoritate

464 2828 707 2873 \ctcrum
771 2819 1170 2888 theologorum,
1230 2821 1464 2876 maxime
1525 2836 1655 2876 vero
1704 2822 2044 2893 liieronymi,

462 2911 752 2981 Augustini
783 2920 839 2965 et
866 2911 1148 2966 Athanasii
1186 2913 1236 2966 id
1268 2908 1709 2983 comproioantes.
1751 2914 1831 2971 ile
1860 2927 2045 2973 autem
2081 2985 2088 2991 ,

462 3005 579 3073 ipsa
602 3003 782 3058 adhuc
814 3004 1108 3073 pendente,
1137 3004 1471 3060 Florentium
1500 3006 1770 3077 proficisci
1802 3009 2046 3078 pontifici

461 3104 518 3152 at
540 3097 705 3152 curiae
723 3095 896 3151 visum
919 3107 1024 3152 est.
1044 3095 1146 3163 ibi,
1165 3112 1286 3153 cum
1307 3099 1372 3154 de
1399 3114 1456 3154 re
1481 3101 1731 3170 ambigua
1755 3102 2048 3173 aliquando

461 3190 819 3258 disceptatum
875 3196 1047 3254 esset,
1100 3203 1301 3245 venere
1339 3191 1550 3247 tandem
1601 3192 1798 3258 Graeci,
1834 3195 2048 3251 ratione

459 3297 525 3337 ac
561 3281 899 3337 Bessarionis
926 3281 1246 3337 auctoritate
1271 3283 1425 3349 moti,
1464 3283 1513 3338 iu
1544 3286 1869 3340 sententiam
1900 3283 2049 3341 Lati-

463 3392 680 3430 norum.
718 3374 768 3431 is
816 3378 986 3442 enim,
1049 3377 1155 3430 etsi
1205 3377 1405 3432 acriter
1437 3391 1568 3434 suos
1610 3378 1790 3448 primo
1843 3389 2051 3434 tutatus

461 3480 570 3535 est,
624 3472 839 3526 tandem
895 3475 1126 3526 veritate
1181 3471 1532 3529 illucescente
1583 3473 1636 3527 in
1683 3475 2045 3529 orthodoxam

461 3561 721 3619 Ecclesiae
747 3562 1010 3617 Romanae
1039 3564 1365 3619 sententiam
1405 3581 1508 3618 non
1543 3565 1719 3620 solum
1747 3566 2048 3632 descendit,

459 3671 654 3712 verum
713 3657 874 3711 etiam
929 3673 1060 3713 suos
1094 3666 1153 3711 ut
1201 3657 1342 3712 idem
1401 3658 1648 3713 facerent
1688 3661 1753 3712 ad
1815 3660 2046 3715 salutent

463 3749 926 3818 disputationibus
981 3759 1036 3804 et
1091 3752 1240 3820 gravi
1295 3751 1541 3806 oratione
1592 3752 1916 3806 adhortatus
1943 3761 2046 3808 est.

462 3841 646 3898 Unum
681 3842 896 3895 tamtam
939 3840 1215 3906 animum,
1241 3856 1402 3894 unam
1432 3853 1664 3898 mentem
1703 3843 1844 3898 idem
1877 3842 2050 3911 Spiri-

461 3943 551 3990 tus
574 3947 817 4000 sanatus,
845 3948 944 4005 pro
969 3948 1078 4003 quo
1127 3933 1554 4003 disceptabatur,
1593 3936 1850 3990 omnibus
1879 3936 2052 3992 dedit.

461 4028 695 4082 Ventum
729 4028 944 4082 tandem
981 4025 1034 4080 in
1076 4027 1428 4082 concordiam
1451 4069 1465 4093 ,
1507 4039 1563 4083 et
1593 4027 1906 4099 Symbolum
1943 4029 2049 4084 Ro-

457 4133 633 4172 manae
695 4115 952 4171 Ecclesia:
1003 4114 1072 4170 ab
1117 4113 1383 4172 Orientali
1433 4119 1647 4189 publice
1703 4119 2045 4173 decantatur.

460 4209 652 4266 Soluto
679 4211 894 4264 demum
925 4208 1160 4264 concilio
1197 4210 1491 4280 imperator
1520 4209 2046 4282 ConstantinOpolim

456 4318 582 4358 cum
617 4302 729 4356 suis
767 4301 1082 4355 revortitur.
1116 4301 1390 4372 Eugenius
1435 4316 1614 4357 autem
1655 4307 1924 4372 pontifex,
1953 4322 2048 4359 co-

460 4396 611 4462 gnita
643 4393 988 4448 Bessarionis
1033 4392 1294 4461 singulari
1330 4395 1531 4449 virtute
1566 4405 1618 4450 et
1654 4397 1922 4464 doctrina,
1953 4400 2050 4452 ho-

459 4486 662 4542 minem
697 4484 824 4537 licet
863 4483 1141 4536 absentem
1185 4498 1250 4538 ex
1285 4488 1565 4541 sentcntia-
1600 4486 1827 4542 fratrum
1860 4493 1911 4544 in
1945 4507 2047 4543 nn-

465 4590 676 4631 mcrnm
705 4572 1074 4628 cardinalinm
1110 4585 1367 4642 cooptat;
1418 4583 1721 4636 accersitur
1751 4582 1806 4637 in
1839 4585 2046 4640 curiam

461 4672 763 4725 Romanam
787 4672 868 4728 vir
889 4673 1277 4744 amplissimus,
1299 4684 1352 4728 ut
1374 4690 1512 4731 unus
1539 4676 1760 4746 aliquis,
1782 4676 2041 4745 Quirites,

463 4765 652 4821 Romte
701 4767 932 4823 etiame
965 4769 1174 4824 Graecia
1223 4769 1560 4838 ingeniorum
1617 4770 1828 4838 altrice,
1847 4773 2050 4827 doctri-

462 4872 658 4912 narum
713 4858 1019 4915 inventrice
1055 4899 1068 4924 ,
1119 4874 1283 4930 quem
1343 4860 1800 4931 admiraremini,
1845 4862 2050 4933 quique

459 4953 702 5006 vicissim
727 4952 865 5006 hanc
895 4961 1131 5009 vestram
1157 4953 1745 5017 civi.tatcm,dominam
1773 4956 2046 5026 quondam

462 5060 667 5111 rerum,
721 5060 864 5099 nunc
908 5045 1203 5115 collapsam
1253 5060 1449 5115 magna
1489 5061 1554 5101 ex
1598 5058 1757 5118 parte
1789 5060 1844 5105 et
1879 5066 2049 5122 prope

459 5140 697 5193 dirutam
737 5139 790 5193 in
825 5139 1099 5195 meliorem
1130 5139 1360 5195 formam
1392 5143 1679 5211 redigeret,
1709 5145 1870 5200 homo
1899 5160 2048 5203 certe

462 5233 694 5288 Romani
737 5233 980 5287 nominis
1005 5233 1448 5287 amantissimus.
1479 5234 1715 5304 Accepto
1754 5247 1938 5294 autem
1981 5241 2046 5296 de

460 5342 612 5380 more
637 5329 842 5396 galero,
876 5325 1093 5393 insigne
1143 5325 1538 5392 cardinalatus,
1583 5327 1655 5381 ita
1689 5329 1837 5383 brevi
1885 5332 2047 5386 homo

460 5417 772 5488 '..geaiosus
803 5429 856 5474 et
885 5431 1081 5476 acutus
1133 5418 1454 5473 Latinorum
1493 5435 1670 5476 mores
1695 5431 1750 5476 et
1781 5423 2049 5479 litteratu-

460 5526 574 5564 ram
613 5511 845 5578 imbibit,
891 5522 951 5568 ut
991 5528 1055 5568 ex
1111 5512 1450 5567 nostratibus
1485 5528 1622 5567 unus
1671 5524 1725 5568 et
1765 5529 1870 5569 non
1919 5517 2046 5572 alibi

459 5611 619 5655 natus
658 5606 954 5660 videretur.
1007 5601 1454 5672 Frequentabant
1501 5611 1628 5658 tunc
1679 5620 1892 5675 quoque
1925 5607 2045 5676 ejus

459 5694 678 5747 domum
721 5697 934 5764 plenam
983 5697 1246 5767 religione
1270 5737 1283 5760 ,
1316 5698 1573 5752 comitate
1604 5708 1658 5752 et
1692 5698 1889 5769 gratia,
1923 5701 2043 5766 ple-

456 5799 585 5840 nam
612 5786 841 5854 ingeniis
875 5798 986 5842 tum
1023 5786 1250 5852 Graecis,
1299 5794 1412 5841 tum
1444 5786 1672 5855 Latinis,
1709 5789 1806 5842 viri
1836 5805 1899 5845 ex
1929 5800 2040 5846 tota

458 5877 612 5937 satis
635 5878 968 5937 doctissimi'
1019 5883 1118 5938 hos
1164 5882 1242 5938 vel
1290 5883 1431 5939 inter
1482 5899 1539 5941 se
1570 5882 2033 5954 disseretttcs,t'ci

1773 400 1865 460 BA
1879 400 1988 460 PT.
2020 401 2374 465 PLATINA!

3585 408 3713 452 ενιη

2147 518 2348 588 aliquid
2405 520 2546 589 quod
2598 520 2664 574 ad
2737 517 3105 590 cognitionem
3150 515 3346 588 lingua:
3392 509 3724 582 pertineret.

2149 609 2428 666 laudantes
2460 611 2541 682 (ut
2577 612 2657 682 lit)
2692 611 3090 675 refellentesve,
3134 610 3209 664 ita
3236 616 3444 662 attente
3473 603 3727 659 audiebat

2148 714 2201 758 ιιι
2233 721 2296 759 ex
2331 705 2661 760 abundantia
2705 704 2908 776 ingenii
2948 703 3223 772 animique
3247 699 3578 770 perspicacia
3610 695 3728 750 dis-

2146 799 2474 866 ceptantium
2507 798 2710 853 arbiter
2747 795 3133 868 propemodum
3195 792 3368 847 fieret.
3402 790 3494 843 llis
3519 788 3730 841 artibus

2146 897 2201 941 et
2226 904 2284 939 ca
2319 888 2617 957 vigilantia,
2667 903 2770 952 qua
2808 885 3042 941 maxime
3073 896 3263 939 omnes
3307 879 3548 939 excellit.
3575 877 3727 932 brevi

2147 972 2325 1034 cili-cit
2357 992 2410 1033 ut
2445 982 2589 1052 quod
2641 969 2831 1037 Grtece
2861 987 3018 1036 antea
3052 979 3103 1032 in
3140 977 3334 1048 quovis
3369 989 3566 1044 genere
3600 971 3735 1026 doc-

2149 1072 2303 1126 trinae
2333 1084 2674 1143 perceperat,
2711 1074 2760 1127 id
2791 1072 2982 1126 Latina
3013 1070 3193 1141 lingua
3222 1077 3368 1137 apte,
3390 1065 3644 1118 distincte
3674 1069 3734 1113 et

2147 1177 2339 1220 ornate
2375 1166 2594 1222 efferret
2621 1183 2681 1221 ac
2704 1167 2990 1222 scriberet.
3015 1163 3112 1217 His
3149 1161 3344 1216 studiis
3380 1157 3734 1211 vehementer

2149 1255 2471 1320 delectatus,
2502 1273 2776 1324 nunquam
2813 1265 2998 1309 tamen
3045 1253 3335 1322 quicquam
3366 1247 3550 1304 emisit
3582 1260 3653 1313 qu
3694 1241 3732 1296 d

2149 1356 2245 1400 aut
2280 1348 2495 1417 publice
2521 1364 2582 1403 ex
2618 1347 2801 1403 officio
2845 1355 2956 1402 aut-
2985 1344 3240 1417 pri-vatim
3273 1340 3537 1412 agendum
3563 1343 3734 1402 esset,

2148 1439 2214 1493 ad
2266 1443 2447 1498 omnia
2482 1441 2942 1513 promptissimum
3000 1438 3307 1508 ingenium,
3347 1429 3733 1486 dexterrimam

2149 1549 2384 1594 mentem
2443 1535 2857 1602 circumferens,
2901 1541 2960 1588 ut
2986 1531 3063 1588 nil
3107 1546 3136 1584 a
3167 1531 3310 1584 bono
3343 1521 3737 1597 patrefamilias

2148 1642 2205 1688 ct
2241 1633 2309 1686 ab
2325 1631 2541 1705 optimo
2571 1630 2818 1701 principe
2852 1626 3116 1681 differret.
3149 1621 3265 1676 liae
3305 1629 3482 1675 tamen
3531 1611 3735 1705 insigni

2133 1703 2348 1780 'virtute
2378 1734 2433 1779 et
2472 1722 2842 1792 magnitudine
2873 1719 3036 1773 animi
3073 1721 3352 1787 permotus
3381 1707 3632 1764 Nicoians
3661 1703 3732 1770 ν,

2153 1815 2207 1869 in
2232 1816 2411 1870 locum
2449 1813 2714 1868 demortui
2758 1809 2989 1880 Eugenii
3022 1805 3267 1878 pontifex
3313 1803 3582 1883 maximus
3625 1795 3739 1852 suf—

2152 1909 2344 1972 fectus,
2377 1907 2752 1962 Bessarionem
2804 1904 2869 1957 ad
2916 1917 3002 1956 res
3039 1899 3278 1971 agendas
3312 1892 3648 1964 aptissinmm
3682 1895 3740 1942 et.

2151 1999 2219 2055 ad
2272 1999 2458 2053 omnia
2511 1998 2651 2053 maia
2708 1992 3066 2066 praecavenda
3121 1984 3595 2060 vigilantissimum
3630 1979 3734 2032 Bn-

2153 2091 2640 2161 nouiensibusjam
2670 2087 2876 2158 pridem
2907 2083 3166 2140 intestino
3195 2081 3334 2136 bello
3367 2075 3741 2133 laborantibus

2153 2185 2387 2255 legatum
2444 2198 2566 2237 cum
2623 2194 2835 2235 summa
2894 2177 3220 2233 auctoritate
3272 2171 3518 2243 praeficit.
3571 2168 3622 2224 Is
3672 2181 3738 2221 eo

2154 2279 2507 2349 proficiscens
2535 2273 2703 2330 eii‘usa
2733 2274 2954 2328 obviam
2985 2272 3191 2324 urbana
3225 2263 3593 2329 multitudine,
3628 2273 3735 2314 non
3817 2287 3826 2294 -

2153 2370 2310 2423 aliter
2349 2369 2418 2423 ab
2453 2366 2705 2423 omnibus
2729 2363 3022 2435 inspicitur
3060 2374 3126 2415 ac
3162 2359 3315 2415 sidus
3361 2355 3650 2424 benignum
3683 2360 3739 2408 et

2154 2462 2393 2516 Sttlttlare
2419 2475 2446 2512 a
2481 2456 2915 2529 periclitantibus
2948 2452 3131 2507 nautis
3173 2459 3229 2505 et
3269 2463 3408 2519 pene
3455 2444 3736 2516 naufragis

2157 2552 2349 2623 inspici
2410 2566 2473 2607 ac
2525 2548 2822 2606 consultari
2879 2545 3036 2603 solet.
3116 2544 3440 2611 Quanquam
3498 2539 3740 2594 hominis

2153 2642 2334 2714 hujus,
2364 2641 2623 2709 Quirites,
2653 2639 2826 2708 major
2857 2637 2927 2692 sit
2960 2636 3080 2690 laus
3113 2648 3273 2702 quant
3323 2630 3524 2687 sideris
3555 2646 3569 2683 :
3606 2627 3739 2684 illud

2154 2736 2298 2790 enim
2333 2733 2470 2788 duas
2509 2743 2689 2787 tresve
2722 2741 2773 2786 et
2811 2745 2875 2784 eo
2922 2727 3153 2798 amplius
3184 2739 3348 2781 naves
3377 2722 3618 2793 benigne
3657 2721 3743 2774 in-

2156 2828 2294 2882 tttitu
2334 2835 2643 2890 conservat,
2679 2823 2768 2878 hic
2823 2830 3028 2876 tantam
3081 2820 3352 2874 civitatem
3376 2856 3391 2882 ,
3419 2814 3738 2887 prmelaram

2156 2919 2434 2990 quondam
2498 2918 2680 2988 populi
2724 2914 2952 2971 Romani
3001 2911 3294 2974 coloniam,
3335 2908 3614 2964 hominum
3668 2903 3748 2960 ad

2155 3028 2306 3067 arma
2353 3020 2408 3067 et
2446 3010 2655 3065 litteras
2693 3008 2962 3071 altricem,
2997 3005 3174 3059 oculis
3203 3003 3386 3058 omnia
3417 2999 3747 3068 circumspi-

2156 3108 2328 3174 ciens,
2387 3113 2572 3161 meute
2604 3105 2908 3176 praevidens
2963 3116 3026 3155 ac
3069 3100 3387 3169 disponens,
3417 3095 3601 3166 lingua
3645 3092 3750 3147 ad-

2159 3212 2386 3254 monens
2435 3198 2806 3262 deterrcnsve,
2878 3209 3039 3249 manu
3097 3191 3399 3248 insanabile
3453 3187 3651 3243 vulnus
3685 3194 3748 3240 ct

2157 3290 2528 3360 contagiosuut
2588 3287 2935 3353 abscindens,
2976 3285 3043 3342 ab
3076 3285 3296 3341 interitu
3348 3289 3403 3338 et
3457 3295 3623 3352 prope
3668 3277 3745 3333 ab

2157 3383 2348 3438 inferis
2394 3380 2685 3435 revocavit.

2227 3473 2374 3528 Neue
2396 3481 2521 3528 sunt
2547 3473 2782 3528 civitatis
2814 3472 2994 3527 clades
3019 3471 3139 3542 plus
3165 3486 3329 3541 quam
3360 3468 3571 3535 civiles,
3602 3470 3740 3530 dum

2158 3568 2322 3622 factio
2360 3565 2644 3621 Bentivola
2667 3575 2722 3620 et
2753 3564 3028 3620 Ceuedula
3073 3563 3140 3617 de
3177 3562 3482 3632 principatu
3510 3569 3748 3616 conten-

2158 3661 2266 3726 dit;
2305 3659 2576 3715 alentibus
2601 3658 2918 3715 seditionem
2953 3657 3077 3712 hinc
3115 3655 3367 3725 Philippo
3397 3653 3740 3718 vicecomite,

2158 3759 2283 3812 hinc
2315 3753 2560 3820 Venetis,
2595 3753 2724 3808 hinc
2777 3751 3022 3822 principe
3070 3748 3440 3813 Ferrariense,
3489 3746 3747 3802 instanti-

2158 3849 2259 3905 bus
2281 3848 2446 3904 etiam
2472 3847 2684 3902 duabus
2703 3845 3028 3901 militaribus
3061 3842 3406 3907 factionibus,
3433 3839 3741 3894 Brachiana

2157 3951 2212 3996 et
2253 3939 2554 4006 Sfortiana,
2583 3955 2704 4008 qua:
2734 3937 3073 3992 dominatum
3114 3942 3452 4004 appetentes,
3493 3933 3633 3986 hanc
3660 3931 3743 3986 ci-

2157 4034 2379 4088 vitatem
2405 4030 2566 4098 veluti
2594 4044 2775 4084 arcem
2798 4027 2962 4083 itali-te
2983 4039 3254 4096 occupare
3277 4024 3448 4079 armis
3469 4038 3532 4078 ac
3551 4023 3744 4078 fraude

2155 4137 2398 4197 persaepe
2427 4121 2611 4178 cenati
2627 4127 2783 4176 sunt.
2811 4117 2907 4174 llis
2930 4118 3075 4174 enim
3094 4132 3158 4172 ac
3177 4126 3446 4172 tantorum
3466 4117 3736 4172 malorum

2156 4217 2469 4272 auctoribus
2496 4214 2562 4268 ad
2599 4213 2658 4267 id
2675 4213 2895 4269 saevitiae
2928 4220 3153 4267 ventum
3181 4216 3300 4275 est,
3331 4219 3391 4264 ut
3425 4207 3615 4264 eodem
3651 4208 3742 4264 die

2157 4324 2212 4368 et
2248 4308 2478 4365 Annibal
2517 4306 2848 4375 ,Bentivolus
2891 4313 2942 4360 et
2990 4301 3237 4374 Baptista
3266 4301 3574 4359 Cenedulus
3615 4317 3738 4356 cum

2162 4405 2348 4460 multis
2382 4405 2667 4469 utriusque
2726 4396 2984 4453 factionis
3037 4403 3153 4451 tota
3201 4395 3338 4450 urbe
3377 4393 3743 4449 tumultuante

2157 4511 2264 4552 nne
2295 4496 2500 4566 impetu
2532 4493 2890 4556 caederentur,
2942 4487 3091 4542 nullo
3127 4502 3237 4542 non
3289 4485 3628 4540 crudelitatis
3649 4500 3744 4556 ge-

2155 4603 2288 4643 nere
2319 4584 2565 4641 adhibito
2591 4599 2606 4650 ;
2644 4594 2698 4637 et
2731 4597 2797 4636 ne
2822 4579 2928 4634 ulla
2947 4579 3102 4650 quies
3131 4577 3470 4634 calamitosis
3498 4577 3742 4640 daretur,

2155 4691 2522 4751 supervenere
2575 4674 2772 4744 saepius
2822 4671 3036 4728 externi
3091 4671 3280 4726 hostes
3321 4672 3507 4725 urbem
3557 4684 3737 4740 eppn-

2157 4772 2397 4844 gnaturi,
2425 4771 2482 4824 ni
2525 4767 2872 4823 Bessarionis
2917 4764 3208 4835 sapientia,
3243 4765 3390 4820 cives
3427 4764 3493 4817 ad
3516 4777 3746 4817 concor-

2155 4866 2301 4922 diam
2319 4876 2604 4928 revocans,
2617 4869 2900 4914 externum
2921 4856 3133 4912 hostem
3158 4871 3213 4911 ra
3223 4856 3402 4910 bidnm
3418 4863 3473 4910 et
3489 4870 3736 4912 voracem

2155 4973 2192 5013 a
2214 4954 2521 5012 visceribus
2555 4952 2758 5008 civium
2790 4949 3211 5006 Bononiensium
3246 4948 3608 5019 propulsaret.
3635 4947 3740 5004 Re-

2155 5049 2399 5120 spirante
2449 5045 2641 5102 deinde
2700 5045 2959 5116 paulatim
3018 5044 3253 5115 (tantum
3304 5042 3433 5097 mali
3491 5042 3738 5111 inerat!)

2156 5143 2224 5198 ab
2251 5149 2475 5196 externa
2496 5139 2548 5194 vi
2569 5137 2938 5207 intestinoque
2958 5135 3102 5191 maio
3132 5135 3387 5201 civitate,
3422 5143 3594 5190 totum
3621 5149 3741 5192 sese

2154 5236 2240 5291 vir
2272 5235 2512 5303 eptimns
2543 5232 2610 5286 ad
2633 5229 3040 5301 componendos
3063 5229 3268 5283 civium
3294 5232 3496 5292 meres,
3518 5226 3740 5283 licentia

2153 5327 2355 5384 bellica,
2375 5334 2662 5394 corruptos
2690 5333 2746 5379 et
2777 5321 3154 5387 labefactatos,
3184 5322 3378 5389 vertit;
3403 5334 3564 5392 quem
3590 5329 3742 5377 certe

2157 5421 2331 5478 hacin
2366 5435 2422 5475 re
2446 5420 2582 5475 nihil
2620 5431 2774 5486 aeque
2798 5416 3117 5488 juvitquam
3155 5413 3274 5483 ejus
3308 5414 3521 5484 religio,
3540 5413 3738 5484 pietas,

2151 5513 2382 5584 jnstitia,
2415 5505 2746 5575 constantia,
2801 5508 3158 5570 abstinentia,
3212 5506 3452 5577 gravitas
3481 5505 3745 5560 comitate

2153 5607 2394 5664 condita.
2429 5605 2540 5660 liae
2576 5606 2718 5657 enim
2755 5602 2965 5655 ratione
2990 5601 3109 5655 sine
3143 5599 3249 5653 ulla
3288 5597 3338 5653 vi
3380 5598 3737 5670 quorumdam

2153 5699 2436 5755 hetttittttttt
2468 5696 2834 5766 arrogantiam
2861 5693 3144 5764 repressit,
3168 5691 3425 5746 libidines
3453 5689 3738 5756 exstinxit,

2151 5793 2477 5861 cupiditates
2511 5791 2828 5857 refrenavit,
2863 5803 2987 5844 cum
3041 5787 3156 5842 fieri
3198 5785 3341 5841 haud
3364 5793 3584 5856 gravate
3615 5798 3744 5840 con-

2157 5885 2398 5945 sueverit
2429 5895 2486 5942 ut
2517 5901 2608 5944 cos
2651 5899 2833 5942 mores
2874 5881 3142 5942 imbibant
3196 5880 3443 5938 homines
3491 5893 3629 5949 quos
3679 5874 3746 5932 in.
