4114 6436
374 374 465 414 ε’(
775 431 786 434 _
1435 372 1688 434 PANEG
1702 375 1796 435 YR
1809 375 1986 438 ICUS
2032 366 2549 441 BESSARIONIS.
3079 422 3085 428 -
3563 385 3629 427 CX

370 477 624 547 principe
650 488 904 548 tanquam
931 481 983 536 iu
1013 483 1238 553 speculo
1257 484 1422 540 totius
1445 487 1687 544 civitatis
1709 487 1958 544 viderint.
2019 476 2021 479 ’

373 569 535 626 Hunc
561 572 704 626 enim
736 589 928 630 omnes
969 589 1075 630 non
1105 577 1350 646 privatas
1375 583 1791 636 commoditates
1817 597 1962 652 qua:-

373 671 615 726 rentem,
673 665 766 720 sed
810 665 1083 735 publicas,
1104 683 1209 722 non
1243 670 1387 736 otio,
1422 673 1516 726 sed
1565 671 1785 743 negotio
1814 673 1964 727 dedi-

374 764 516 819 tum,
550 768 655 808 non
689 770 901 823 somno,
931 759 1028 812 sed
1063 758 1288 828 vigiliis,
1338 760 1412 814 ita
1448 775 1573 815 cum
1605 761 1965 817 admiratione

376 844 733 902 intuebantur
762 859 821 902 ut
849 849 1036 907 beatos
1060 866 1118 906 se
1165 853 1385 908 demum
1423 853 1542 908 fore
1566 855 1966 909 arbitrarentur

377 939 424 992 si
454 939 633 1008 aliqua
662 955 724 995 ex
754 952 911 1007 parte
955 942 1304 1000 Bessariouis
1350 945 1713 1016 integritatem
1761 947 1966 1018 attigis-

380 1041 528 1086 sent.
563 1033 646 1086 Ad
686 1033 848 1102 hujus
901 1036 1085 1105 itaque
1126 1053 1309 1092 mores
1359 1053 1480 1093 sese
1522 1038 1863 1110 effingentcs,
1897 1054 1964 1095 ex

378 1123 701 1201 calamitosa
740 1124 956 1180 felicem
1007 1128 1157 1181 brevi
1193 1128 1466 1183 civitatem
1500 1129 1806 1184 reddidere.
1830 1130 1967 1184 Sub-

383 1214 514 1269 latis
553 1215 701 1268 enim
750 1216 1436 1281 seditionibus,exstinctis
1460 1219 1746 1284 incendiis,
1781 1219 1964 1282 furtis,

386 1305 604 1374 rapinis
655 1306 1076 1377 homicidiisqae
1110 1310 1401 1379 repressis,
1429 1309 1690 1378 perfacile
1725 1309 1825 1364 fuit
1848 1311 1966 1365 viro

381 1396 511 1451 huic
560 1398 908 1466 gravissimo,
945 1401 1186 1455 adhibita
1240 1400 1507 1456 facilitate
1559 1401 1614 1455 in
1674 1400 1962 1467 audiendo,

341 1481 349 1531 ἱ
384 1484 607 1542 lenitate
635 1489 689 1543 in
717 1488 971 1556 dicendo,
1011 1489 1288 1561 diligentia
1321 1491 1374 1544 in
1409 1489 1822 1556 satisfaciendo,
1855 1507 1968 1562 po-

380 1578 571 1648 pulum
620 1578 1021 1637 Bononiensem
1065 1583 1134 1636 ad
1178 1582 1377 1637 bonam
1415 1582 1626 1653 frugem
1685 1597 1964 1637 revocare.

383 1669 562 1735 Quem
599 1673 743 1734 enim
788 1673 1042 1728 videbant
1068 1673 1458 1744 iustissimum,
1489 1691 1648 1750 quem
1683 1676 1967 1730 mochIis-

385 1763 614 1828 simum,
639 1764 783 1820 hunc
809 1772 1066 1834 tanquam
1088 1767 1156 1822 de
1182 1768 1322 1823 cmlo
1343 1769 1568 1822 missum
1582 1783 1641 1822 ea
1667 1768 1964 1837 praesertim

386 1863 714 1924 tempestate
744 1858 1171 1924 venerabantur,
1214 1859 1468 1914 colebant
1493 1869 1548 1914 et
1578 1861 1964 1915 observabant.

381 1947 528 2002 Huic
582 1955 744 2002 tanta:
821 1950 1140 2005 auctoritati
1223 1966 1474 2022 magnum
1537 1952 1966 2007 additamentum

383 2039 633 2094 doctrina
663 2023 784 2111 ejus
826 2041 1121 2111 singularis
1173 2052 1313 2109 erat,
1346 2059 1451 2112 qua
1512 2045 1798 2112 perbeatas
1853 2027 1965 2099 fieri

383 2146 548 2201 posse
579 2134 913 2203 respublicas
946 2134 1126 2201 Plato,
1161 2137 1362 2206 ingenii
1399 2152 1462 2192 ac
1495 2138 1778 2206 sapientiae
1811 2136 1969 2191 facile

385 2223 668 2293 princeps,
704 2224 1058 2282 existimavit.
1101 2227 1354 2282 Doctrina
1385 2227 1552 2290 enim,
1588 2229 1836 2295 potestati
1871 2229 1969 2280 ad-

381 2312 596 2380 juncta,
625 2313 710 2367 vel
744 2314 1150 2371 vitiosissimam
1175 2330 1448 2384 quamque
1475 2325 1719 2370 naturam
1760 2325 1967 2371 mutare

384 2413 589 2474 posset,
623 2406 819 2462 nedum
855 2407 1052 2462 bonam
1077 2407 1144 2463 ad
1177 2407 1312 2463 bene
1349 2408 1415 2463 de
1444 2407 1698 2463 omnibus
1745 2423 1965 2477 prome-

385 2493 623 2550 rendum
658 2495 961 2565 impellere.
1003 2497 1134 2552 Haec
1164 2497 1309 2551 enim
1366 2496 1495 2551 facit
1554 2506 1613 2550 ut
1665 2498 1970 2568 provincia-

388 2602 512 2642 rum
542 2589 800 2658 praesides
825 2598 872 2644 et
900 2588 1114 2644 urbium
1168 2603 1274 2643 non
1303 2589 1477 2644 solum
1514 2603 1572 2644 se
1596 2588 1784 2646 faciles
1839 2605 1974 2658 pra:-

389 2683 554 2735 beant
582 2681 636 2736 in
662 2682 1056 2751 cognoscendis
1109 2681 1318 2748 causis,
1352 2681 1660 2736 hominibus
1693 2683 1973 2737 audiendis

307 2790 321 2800 ν
389 2775 896 2844 admittendisque,
963 2776 1227 2845 majorum
1288 2774 1536 2844 exemplo
1595 2790 1828 2844 quorum
1887 2791 1973 2830 res

391 2876 576 2937 gestas
621 2867 869 2936 legerint,
924 2883 1112 2922 verum
1167 2869 1328 2922 etiam
1377 2867 1595 2922 eosdem
1625 2869 1878 2922 admonet
1913 2876 1975 2922 ut

391 2974 516 3012 cum
550 2958 648 3029 ipsi
676 2958 1019 3030 sintoptimi,
1053 2973 1272 3015 suorum
1299 2959 1624 3028 cupiditates
1674 2961 1971 3024 refrenent,

391 3050 752 3121 petulantiam
776 3052 1096 3119 reprimant,
1129 3051 1415 3106 avaritiam
1461 3063 1785 3120 coerceant;
1825 3052 1974 3124 quod

390 3145 613 3216 quidem
661 3145 950 3201 Bessariou
1012 3145 1249 3201 maxime
1294 3145 1601 3202 observavit
1652 3154 1768 3202 toto
1818 3149 1974 3216 quiu-

393 3238 656 3309 quienuio
685 3253 794 3308 quo
818 3235 1146 3294 Bononiensi
1184 3236 1302 3292 urbi
1347 3237 1595 3308 praefuit,
1634 3253 1704 3294 ne
1751 3253 1974 3294 suorum

391 3331 619 3387 licentia
651 3341 705 3386 et
733 3331 1005 3401 cupiditas
1025 3372 1042 3396 ,
1072 3330 1218 3401 quod
1245 3345 1486 3400 persaepe
1520 3331 1704 3387 multis
1751 3331 1970 3395 accidit,

394 3431 564 3476 tanta:
611 3423 892 3494 sapientiae
933 3431 988 3477 et
1035 3421 1365 3491 integritatis
1393 3421 1607 3477 laudem
1664 3435 1974 3477 commacu-

393 3514 554 3570 laret.
586 3514 900 3584 Composito
928 3514 1068 3568 hunc
1089 3513 1141 3568 in
1183 3512 1398 3568 modum
1427 3513 1660 3569 civitatis
1683 3523 1846 3578 statu,
1867 3528 1975 3583 quo

387 3606 505 3677 jam
534 3605 774 3662 Bononia
808 3620 878 3659 xx
911 3619 1055 3660 anno
1085 3602 1316 3660 feliciter
1340 3604 1491 3668 vixit,
1517 3610 1572 3659 et
1609 3604 1799 3658 nititur
1818 3618 1976 3674 gym-

394 3697 610 3753 nasium
647 3697 1102 3758 vetustissimum,
1152 3695 1478 3766 negligentia
1519 3704 1574 3751 et
1621 3696 1976 3752 seditionibus

393 3790 599 3844 civium
635 3802 772 3858 pene
821 3786 1196 3843 intermissum
1235 3797 1290 3842 et
1320 3787 1639 3856 collapsum,
1664 3801 1770 3841 non
1816 3787 1976 3842 modo

392 3885 662 3950 adificiis,
688 3898 870 3938 verum
889 3884 1049 3937 etiam
1077 3882 1338 3938 institutis
1356 3892 1410 3937 et
1430 3883 1743 3938 melioribus
1764 3884 1976 3939 salariis

392 3977 707 4031 instaurare
745 3987 810 4029 ac
851 3973 1109 4040 restituit,
1162 3973 1466 4038 conductis,
1499 3976 1747 4042 quamvis
1785 3974 1972 4046 grandi

396 4066 594 4137 pretio,
612 4065 1324 4135 liberaliumidisciplinarttm
1347 4066 1680 4122 doctoribus.
1696 4066 1975 4120 Excitabat

395 4159 776 4215 adolescentes
806 4157 875 4214 ad
897 4159 1072 4212 studia
1103 4160 1367 4212 bonarum
1419 4158 1641 4223 artium,
1693 4159 1972 4226 proposita

395 4251 604 4322 praemii
660 4260 826 4322 atque
867 4250 1089 4305 honoris
1125 4265 1256 4320 spe:
1313 4249 1511 4304 multos
1555 4249 1626 4306 ob
1666 4249 1898 4318 inopiam
1944 4263 1975 4304 a

392 4342 592 4398 studiis
648 4344 955 4398 defecturos
1006 4341 1332 4399 liberalitate
1366 4351 1422 4397 et
1477 4343 1844 4397 munificentia
1879 4357 1974 4398 sua

388 4435 532 4504 juvit
555 4445 611 4488 et
647 4434 898 4490 instituto
944 4435 1232 4490 continuit.
1282 4433 1422 4501 Quid
1447 4437 1600 4505 plura
1627 4434 1696 4490 de
1727 4435 1978 4504 amplitu-

395 4527 528 4582 dine
574 4527 732 4597 hujus
762 4528 950 4597 optimi
998 4527 1174 4583 Patris
1201 4527 1397 4592 dicam,
1461 4525 1740 4593 Quirites?
1801 4526 1972 4592 Quam

390 4620 560 4690 juste,
612 4637 774 4690 quam
816 4620 1131 4690 prudenter,
1161 4636 1322 4689 quam
1378 4620 1672 4676 clementer
1704 4620 1973 4674 coloniam

397 4722 639 4769 vestram
703 4713 1100 4769 Bononiensem
1140 4714 1555 4784 gubernaverit.
1609 4713 1864 4779 erexerit,
1923 4714 1974 4766 in

397 4825 531 4881 pace
555 4808 861 4871 retinuerit,
879 4822 946 4862 ex
969 4806 1073 4861 hoc.
1093 4805 1416 4876 deprehendi
1437 4801 1612 4874 potest
1628 4806 1770 4875 quod
1791 4814 1976 4874 postea

395 4920 550 4959 more
574 4903 837 4972 majorum
864 4899 1289 4956 Bononiensium
1324 4907 1582 4968 patronus
1629 4898 1770 4967 apud
1802 4901 1981 4967 ponti.

397 4995 530 5050 facs
585 5008 802 5063 semper
841 5001 924 5047 est
961 4990 1207 5046 habitus.
1266 4990 1414 5044 Illius
1465 4991 1609 5045 enim
1655 4989 1820 5061 legati
1874 4992 1980 5046 huc

398 5087 676 5141 venientes
702 5086 848 5138 fiuric
873 5083 1146 5137 hominem
1177 5089 1304 5135 ante
1335 5095 1528 5136 omnes
1569 5081 1792 5148 adeunt,
1829 5081 1979 5137 salu-

398 5189 537 5243 tant,
582 5176 896 5243 consulunt,
929 5174 1244 5231 consultum
1289 5175 1645 5236 comitantur,
1696 5175 1976 5242 reducunt,

396 5273 540 5341 quod
598 5279 684 5326 est
730 5268 980 5323 maximas
1027 5266 1352 5338 integritatis
1407 5278 1464 5320 et
1513 5266 1858 5322 continentiae
1899 5267 1977 5322 si-

395 5379 586 5435 guunt.

469 5457 538 5511 At
587 5453 898 5521 Bessariou,
946 5459 1167 5508 mortuo
1196 5450 1422 5506 Nicolao
1457 5451 1522 5517 ν,
1560 5465 1684 5507 cum
1718 5451 1772 5506 in
1800 5451 1978 5506 locum

397 5549 519 5616 ejus
547 5546 720 5602 sufiici
770 5546 999 5601 alterum
1052 5545 1362 5615 pontificem
1416 5558 1642 5599 necesse
1673 5553 1838 5608 esset,
1873 5543 1981 5599 Ro-

399 5657 544 5698 mam
570 5640 816 5706 veniens,
849 5639 1271 5710 lacrymantibus
1295 5636 1724 5692 Bononiensibus
1748 5637 1902 5706 quasi
1947 5651 1977 5692 a

400 5743 557 5804 patre
613 5733 909 5796 destitutis,
966 5730 1228 5786 conclave
1281 5743 1580 5798 ingressus,
1618 5731 1977 5798 quorumdam

405 5825 651 5891 Patrum,
685 5835 738 5879 ct
775 5823 1123 5894 optimorum,
1158 5820 1418 5892 suffragio
1453 5821 1692 5890 pontifex
1721 5821 1972 5891 designa-

2073 490 2475 555 tur.Quantum
2513 504 2638 543 vero
2661 488 2804 546 adsit
2835 485 3084 542 maximis
3124 485 3335 557 imperii
3359 483 3648 555 provinciis

2069 587 2124 633 et
2187 579 2500 640 civitatibus
2561 580 2701 635 livor
2735 588 2897 648 atque
2957 578 3199 644 invidia,
3257 577 3646 646 comprehendi

2070 680 2221 725 certe
2251 670 2354 725 hoc
2391 671 2508 726 loco
2534 679 2730 740 potest.
2775 670 3003 737 Quidam
3037 668 3180 723 enim
3216 668 3397 722 statim
3432 666 3636 720 suhorti

2070 773 2194 817 sunt
2212 763 2358 819 leves
2377 770 2430 818 et
2448 764 2750 832 voluptuosi
2778 765 2892 833 qui,
2913 761 3254 817 Bessariouis
3279 760 3646 828 integritatem

2070 863 2124 908 et
2161 855 2477 910 modestiam
2502 855 2680 918 veriti,
2733 854 2977 909 dicerent
3027 852 3280 922 suffragia
3337 852 3466 906 vitio
3514 851 3648 904 inita

2071 946 2251 1000 denuo
2281 946 2566 1015 repetenda
2599 961 2740 1001 esse.
2777 944 2892 1001 Non
2921 946 3133 1000 obstitit
3154 945 3234 997 vir
3253 946 3488 1015 optimus
3510 958 3650 1011 quo-

2073 1039 2251 1093 minus
2285 1038 2335 1092 id
2366 1038 2540 1102 fieret,
2569 1038 2910 1104 existimans,
2941 1039 3080 1104 quod
3110 1052 3293 1092 verum
3326 1045 3430 1102 est,
3465 1035 3650 1103 ponti-

2073 1133 2292 1184 ficatum
2327 1146 2424 1185 sua
2453 1145 2684 1198 persona
2713 1130 2836 1199 plus
2867 1130 3108 1200 indigere
3129 1145 3289 1198 quam
3316 1145 3376 1184 se
3427 1127 3649 1198 pontifi-
3686 1184 3691 1189 _

2074 1232 2199 1276 catu
2258 1223 2323 1275 ad
2388 1222 2653 1291 integram
2715 1222 2967 1289 gloriam,
3001 1237 3106 1290 qua
3167 1221 3408 1290 profecto
3460 1235 3650 1276 carere

2066 1311 2178 1380 jam
2213 1327 2318 1365 non
2345 1321 2539 1379 potest.
2575 1312 2650 1366 Eo
2679 1313 2822 1366 enim
2853 1313 3281 1366 existimationis
3309 1321 3363 1366 ct
3391 1313 3548 1366 fama:
3573 1313 3655 1365 vir

2073 1402 2442 1470 amplissimus
2463 1402 2707 1465 devenit,
2741 1411 2800 1456 ut
2820 1402 2962 1456 nulla
2993 1403 3041 1457 ei
3072 1403 3300 1457 ulterius
3329 1403 3564 1472 dignitas
3587 1405 3650 1454 ad

2072 1508 2256 1547 veram
2291 1491 2603 1548 felicitatem
2637 1493 2707 1548 sit
2744 1494 3085 1562 requirenda.
3154 1492 3346 1548 Dolcre
3411 1502 3651 1548 nostram

2073 1587 2246 1640 vicem
2291 1595 2344 1640 et
2396 1585 2564 1640 t0tius
2619 1586 2933 1654 reipublicae
2982 1585 3327 1650 Christianae,
3362 1603 3470 1640 non
3513 1586 3650 1652 ejus,

2076 1677 2334 1731 debemus
2365 1676 2508 1745 quod
2538 1676 2630 1730 tali
2666 1677 2941 1731 caruimus
2973 1677 3244 1746 principe,
3274 1687 3328 1733 et
3359 1679 3460 1731 hac
3492 1679 3658 1746 pot's-

2075 1771 2273 1824 simum
2329 1780 2650 1838 tempestate
2699 1785 2827 1840 qua,
2877 1780 3076 1838 praeter
3123 1778 3408 1848 externum
3445 1771 3653 1825 hostem

2074 1861 2169 1932 qui
2203 1863 2506 1918 cervicibus
2546 1863 2746 1918 nostris
2787 1873 3031 1917 armatus
3071 1861 3332 1916 continuo
3385 1862 3653 1926 imminet,

2075 1953 2324 2018 avaritia,
2382 1954 2574 2021 libido,
2630 1954 2962 2025 ignorantia,
3016 1953 3108 2008 Dei
3166 1961 3332 2022 atque
3385 1953 3650 2008 bonorum

2077 2048 2352 2102 hominum
2383 2057 2744 2117 contemptus,
2775 2047 3030 2102 intestina
3070 2056 3124 2102 et
3168 2048 3486 2115 gravissima
3517 2045 3654 2099 mala

2074 2155 2173 2196 nos
2202 2149 2418 2211 urgent,
2465 2140 2804 2211 opprimunt,
2843 2147 3100 2206 enecant,
3135 2139 3356 2194 nemine
3405 2138 3649 2208 juvantc.

2077 2231 2188 2288 Hoc
2212 2232 2464 2302 pontifice
2504 2232 2777 2299 indigebat
2809 2233 3004 2302 religio
3037 2232 3343 2288 Christiana
3371 2271 3386 2294 ,
3418 2234 3651 2284 lacerata

2075 2340 2182 2380 non
2230 2323 2410 2378 minus
2451 2338 2480 2376 a
2533 2324 2682 2379 vitiis
2725 2333 3032 2379 nostrorum
3080 2337 3242 2392 quam
3306 2322 3374 2374 ab
3433 2331 3655 2374 externo

2077 2416 2273 2480 hoste,
2329 2424 2386 2469 ut
2432 2414 2722 2486 aliquando
2771 2414 3106 2484 respiraret;
3145 2415 3286 2467 hunc
3347 2411 3653 2478 pontificem

2079 2521 2257 2562 mores
2279 2506 2451 2561 nostri
2479 2506 2826 2577 requirebant
2851 2506 2998 2560 omni
3035 2519 3101 2560 ex
3134 2517 3287 2574 parte
3309 2503 3655 2569 labefactati;

2077 2597 2244 2666 hujus
2280 2596 2553 2664 pontificis
2602 2611 2766 2666 opera
2799 2596 3112 2666 indigebant
3154 2597 3419 2651 bonarum
3457 2596 3654 2649 artium

2077 2688 2302 2744 studiosi
2336 2697 2390 2743 et
2442 2688 2495 2743 in
2527 2689 2721 2758 quavis
2759 2689 3012 2744 facultate
3065 2690 3338 2754 industrii,
3373 2689 3462 2758 qui
3516 2703 3658 2742 nunc

2080 2787 2339 2850 tanquam
2384 2779 2598 2849 profani
2637 2789 3058 2834 contemnuntur
3090 2821 3103 2844 ,
3139 2778 3458 2849 rcjiciuntur
3482 2787 3533 2832 et
3562 2777 3660 2830 eli~

2078 2873 2375 2927 minantur.
2408 2871 2524 2927 Non
2567 2873 2770 2928 destitit
2806 2881 2981 2926 tamen
3031 2872 3312 2926 Bessariou
3369 2869 3658 2925 Callistum

2078 2979 2300 3020 monere
2322 2975 2377 3020 et
2406 2965 2614 3020 hortari
2641 2973 2722 3028 ut,
2748 2963 3072 3034 interposita
3100 2963 3428 3018 auctoritate
3476 2961 3660 3030 ponti-

2077 3059 2292 3118 ﬁcatus,
2317 3058 2626 3112 sazvicntem
2663 3058 2874 3111 hostem
2913 3071 2942 3109 a
2995 3057 3302 3112 cervicibus
3323 3054 3667 3110 Christiano.

2077 3165 2196 3205 rum
2230 3149 2596 3220 propulsaret.
2617 3148 2695 3203 Ad
2729 3148 2828 3203 hoc
2853 3163 3069 3218 quoque
3112 3147 3310 3203 bellum
3339 3147 3664 3202 adhortatus

2079 3253 2162 3297 est
2223 3241 2580 3310 Alphousum.
2615 3239 2898 3310 Aragouiae
2956 3254 3156 3309 regem,
3191 3241 3316 3293 dum
3370 3253 3400 3291 a
3449 3239 3661 3294 balucis

2079 3333 2421 3399 Puteolanis,
2461 3346 2582 3400 quae
2622 3332 2834 3385 adierat
2873 3331 3199 3386 valetudinis
3236 3345 3421 3394 causa,
3449 3328 3666 3401 Neapo~

2079 3423 2172 3477 lim
2215 3422 2601 3491 proficiscitur.
2658 3423 2738 3475 Ad
2794 3421 3058 3492 Cryptam
3109 3421 3516 3491 Ncapolitanam
3569 3438 3660 3479 rex

2083 3529 2276 3584 magno
2304 3517 2557 3569 comitatu
2583 3513 2805 3568 honoris
2833 3528 2994 3567 causa
3026 3512 3330 3568 Bessarioni
3361 3514 3416 3568 lit
3442 3515 3664 3578 obvius,

2081 3622 2339 3676 eumque,
2371 3605 2520 3660 nullo
2553 3619 2661 3660 non
2687 3606 2959 3660 comitatis
2998 3616 3048 3658 et
3075 3605 3444 3661 beneficentiae
3465 3623 3662 3678 genere

2082 3700 2348 3763 adhibito,
2395 3699 2449 3754 in
2501 3699 2692 3754 urbem
2728 3698 2898 3753 ducit.
2939 3698 3240 3768 Acceptum
3274 3701 3419 3754 laute
3447 3709 3500 3755 et
3549 3715 3661 3752 tua-

2082 3791 2298 3863 gnifice,
2335 3792 2732 3859 abeuntemque
2786 3791 2978 3844 eodem
3019 3805 3235 3860 semper
3281 3799 3337 3845 et
3367 3804 3670 3847 veneratus

2083 3895 2133 3940 et
2162 3893 2485 3953 prosecutus
2507 3892 2592 3934 est
2627 3883 2804 3934 vultu.
2847 3874 2857 3885 ”
3282 3892 3294 3901 ν

2142 3972 2354 4028 Mortuo
2389 3971 2583 4026 deinde
2603 3971 2854 4033 Callisto,
2877 3969 3004 4024 Pius
3031 3971 3077 4024 ll
3107 3971 3162 4025 in
3195 3970 3314 4040 ejus
3344 3971 3516 4027 locum
3545 3973 3665 4028 suf-

2082 4066 2278 4130 fectus,
2315 4071 2641 4118 conveutum
2677 4059 3022 4115 Mantuanum
3044 4099 3060 4125 ,
3090 4061 3414 4118 adhortante
3469 4063 3662 4119 Bessa-

2081 4162 2257 4225 rione,
2277 4155 2607 4215 Christianis
2634 4153 2886 4210 omnibus
2912 4158 2978 4208 ad
2999 4165 3203 4210 certant
3231 4155 3370 4210 diem
3395 4157 3668 4223 decrevit,

2082 4267 2191 4324 quo
2257 4250 2498 4307 omnium
2554 4247 2858 4318 principum
2907 4256 2961 4300 et
3018 4246 3336 4316 populorum
3379 4262 3657 4303 consensu

2083 4344 2283 4400 bellum
2312 4341 2509 4398 Turcis
2539 4339 2890 4395 indiceretur.
2918 4337 3238 4394 Convenere
3285 4353 3351 4394 eo
3383 4339 3669 4411 principes

2083 4435 2236 4491 multi
2263 4444 2353 4491 aut
2382 4433 2542 4503 legati
2578 4446 2764 4502 regum
2805 4431 3244 4501 autpriucipum,
3285 4447 3423 4502 quos
3463 4432 3657 4488 Bessa-

2085 4530 2204 4584 riou
2228 4536 2348 4596 post
2383 4527 2534 4580 Pium
2564 4523 2875 4596 pontificem
2910 4525 2978 4579 ad
3011 4533 3215 4578 tantum
3240 4534 3292 4580 et
3320 4533 3431 4579 tam
3464 4539 3656 4581 neces-

2083 4624 2289 4678 sarium
2325 4620 2520 4676 bellum
2553 4617 2787 4689 eleganti
2818 4617 3096 4680 oratione,
3125 4633 3286 4688 quam
3320 4620 3373 4674 in
3405 4620 3669 4677 manibus

2083 4716 2370 4780 habemus,
2406 4711 2727 4766 adhortatus
2773 4720 2878 4766 est.
2910 4709 2982 4765 At
3013 4725 3140 4766 vero
3182 4727 3304 4766 cum
3344 4711 3469 4766 huic
3511 4723 3671 4767 tanto

2082 4806 2366 4877 apparatui
2417 4803 2818 4860 Germanorum
2873 4802 3181 4872 principum
3234 4803 3373 4858 inter
3416 4819 3476 4858 se
3519 4803 3668 4859 bella

2083 4903 2385 4964 obstarent,
2415 4912 2480 4952 eo
2510 4896 2729 4951 mittere
2754 4894 2886 4950 Pius
2917 4894 3299 4952 Bessarionent
3328 4898 3504 4952 virum
3533 4913 3662 4968 gra.

2085 4993 2365 5048 vissimum
2393 4991 2626 5061 legatum
2657 4988 2910 5050 iuSIituit,
2941 4989 3052 5056 qui,
3088 4991 3249 5044 rebus
3285 4989 3337 5043 in
3369 4989 3670 5047 Germania

2082 5083 2424 5155 compositis,
2469 5082 2854 5151 imperatorem
2894 5078 3233 5136 Fridericutn
3277 5096 3344 5138 ac
3404 5083 3650 5152 reliquos

2085 5179 2357 5251 principes
2386 5177 2453 5231 ad
2506 5175 2700 5229 bellum
2727 5172 2921 5230 Turcis
2953 5175 3212 5230 indictum
3253 5177 3662 5230 adhortaretur.

2087 5269 2250 5326 Vadit
2277 5270 2362 5323 vir
2391 5252 2650 5337 optimus,
2680 5266 2806 5322 licet
2827 5265 3252 5320 valetudinarius
3273 5275 3328 5319 et
3362 5264 3542 5320 hieme
3575 5265 3666 5320 ina

2082 5372 2283 5428 stante,
2324 5377 2432 5432 quo
2487 5359 2614 5414 Pius
2671 5359 2920 5427 imperat.
2965 5354 3242 5421 Venetias,
3305 5355 3452 5411 Pado
3497 5369 3664 5412 amne

2085 5457 2319 5526 primum
2349 5453 2583 5515 delatus,
2613 5448 2811 5503 ducem
2853 5461 2918 5502 ac
2952 5455 3202 5502 senatum
3240 5445 3308 5500 ad
3355 5447 3660 5516 suscipieu~

2082 5548 2214 5602 dum
2269 5554 2478 5600 tantum
2537 5540 2736 5597 bellum
2790 5539 3133 5604 adhortatus,
3192 5536 3246 5592 in
3307 5537 3667 5594 Germaniam

2081 5640 2314 5694 honesto
2374 5633 2546 5703 magis
2582 5621 2743 5700 quam
2793 5627 2942 5681 lauto
2997 5636 3054 5681 et
3100 5626 3334 5696 eleganti
3390 5629 3666 5687 comitatu

2084 5730 2247 5786 ﬂectit
2277 5728 2402 5782 iter.
2435 5723 2704 5778 Saeviebat
2729 5727 2840 5773 tum
2873 5717 3066 5782 hiems,
3103 5717 3397 5774 Februario
3448 5735 3664 5788 mense,

2091 5826 2146 5880 in
2174 5819 2458 5877 Germania
2491 5815 2846 5890 potissimum,
2866 5826 2985 5879 qum
3010 5811 3156 5881 regio
3179 5811 3528 5884 frigidissima
3553 5811 3662 5872 est.
