4114 6434
506 331 594 394 cit
1834 336 2044 398 DAPT.
2095 336 2444 397 PLATthE'

506 455 748 510 Venatus
788 453 968 525 itaque.
1003 469 1124 509 cum
1160 454 1352 514 ventis.
1387 462 1500 508 tum
1546 452 1827 517 imbribus,
1860 464 1968 506 tum
2002 453 2083 506 ni-

505 548 664 602 vibns
696 563 861 617 prope
883 548 1180 604 continuis,
1214 547 1418 600 nullum
1456 547 1596 600 diem
1634 547 1928 602 intermisit
1972 561 2081 614 quo

507 642 739 696 ulterius
772 657 874 694 non
920 641 1392 708 proficisceretur;
1426 648 1480 692 et
1519 653 1643 694 cum
1677 650 1823 693 stare
1857 638 2081 708 pedibus

505 732 629 801 equi
659 747 766 801 prie
789 732 957 797 glacie
995 731 1078 782 Vix
1109 738 1346 796 possent,
1380 729 1624 784 vehiculo
1663 729 2078 793 Germanorum,

506 827 649 890 quod
679 830 888 878 traham
929 839 1204 891 vocamus,
1237 839 1341 877 non
1368 834 1571 888 vectus,
1617 824 1708 878 sed
1742 833 1947 878 tractus
1977 833 2078 878 est.

507 917 746 972 Tandem
774 931 919 994 vero,
941 925 1059 986 post
1082 917 1292 970 labores
1312 916 1751 985 propeiulint'tos,
1767 913 2080 969 Norimber-

506 1024 627 1073 gain
663 1008 830 1068 venit,
864 1005 1078 1059 obviam
1103 1006 1401 1074 prodeunte
1427 1003 1845 1057 honoratissimo
1866 1018 2080 1072 quoque

504 1099 646 1160 eive,
697 1098 1087 1168 prodeuntibus
1117 1097 1387 1166 episcopis
1420 1105 1474 1150 et
1512 1104 1624 1149 toto
1677 1096 1842 1149 clero.
1879 1093 2078 1149 Urbem

505 1195 805 1262 ingressus,
840 1192 1034 1246 litteris
1065 1191 1249 1243 statim
1299 1203 1363 1243 ac
1400 1187 1607 1242 nuntiis
1641 1188 1912 1256 principes
1941 1187 2079 1242 Ger-

505 1283 698 1337 maniae
721 1285 786 1337 ad
819 1298 876 1336 se
913 1290 1093 1345 vocat,
1124 1281 1377 1348 pupulum
1415 1295 1630 1348 quoque
1664 1279 2080 1346 Norimbergen-

505 1392 618 1428 sem
653 1386 709 1428 ut
747 1375 884 1429 idem
917 1374 1083 1427 faciat
1115 1373 1270 1441 longa
1316 1387 1379 1427 ac
1424 1373 1571 1441 gravi
1601 1371 1846 1425 oratione
1881 1371 2082 1425 adhor-

507 1477 529 1519 t
549 1477 689 1526 itur;
718 1465 765 1519 id
792 1465 926 1520 velle
960 1466 1122 1518 Deum
1148 1463 1272 1532 Opt.
1309 1462 1474 1523 Marc,
1504 1463 1552 1517 id
1571 1461 1725 1515 Pium
1744 1464 2077 1530 pontificem,

509 1560 561 1612 id
594 1573 678 1612 res
695 1556 989 1611 Christiani
1013 1556 1189 1625 populi
1222 1555 1446 1609 afﬂictas
1473 1569 1640 1624 prope
1665 1569 1728 1608 ac
1746 1555 2076 1625 profligatam

509 1651 886 1718 Supervenere
919 1659 1100 1702 autem
1145 1662 1250 1699 non
1285 1648 1354 1699 ita
1389 1645 1556 1701 multo
1587 1654 1724 1714 post,
1753 1647 2078 1700 auctoritate

506 1744 652 1798 sedis
669 1740 977 1811 apostolicae.
1002 1749 1057 1793 et
1093 1737 1224 1792 tanti
1254 1737 1352 1792 viri
1385 1736 1524 1792 fama
1553 1738 1780 1806 permoti
1807 1729 2079 1807 principes

509 1834 659 1888 multi
695 1833 777 1888 vel
832 1832 1137 1903 principum
1166 1840 1448 1895 oratores;
1511 1831 1608 1884 hos
1637 1831 1804 1895 enim,
1846 1829 1900 1884 in
1950 1845 2081 1885 cou-

505 1933 667 1981 ventu
701 1924 882 1979 audita
915 1921 1406 1977 controversiarum
1458 1935 1643 1984 causa,
1676 1922 1742 1974 ad
1791 1935 1977 1990 pacem
2026 1931 2080 1975 et

505 2015 849 2071 concordiam
888 2013 1067 2068 multis
1096 2027 1158 2066 ac
1215 2012 1463 2067 maximis
1493 2011 1789 2066 rationibus
1818 2025 2079 2066 revocnre

505 2121 880 2178 saepenumero
907 2117 1133 2162 conatus
1170 2115 1272 2160 est.
1301 2103 1439 2170 Quid
1475 2119 1582 2158 non
1618 2103 1896 2173 cogitavit.
1951 2103 2078 2172 quid

505 2218 612 2256 non
645 2201 772 2271 egit,
807 2198 936 2270 quid
982 2215 1085 2254 non
1127 2199 1264 2254 dixit
1318 2197 1622 2262 Bessarion,
1659 2195 1896 2262 Quirites
1921 2236 1934 2257 ,
1969 2211 2077 2264 quo

505 2311 690 2365 pacem
717 2295 856 2347 inter
875 2291 1200 2348 dissidentes
1235 2289 1630 2360 compmteret?
1666 2290 1902 2344 Aderant
1931 2291 2078 2359 prin-

504 2403 651 2453 e;p-s
679 2385 857 2448 tunlti,
883 2385 1073 2439 aderat
1105 2381 1399 2437 cardinalis
1435 2381 1812 2449 Augustensis,
1849 2383 2076 2435 aderant

503 2481 738 2551 episcopi
774 2479 1012 2550 quidam,
1053 2477 1238 2531 aderat
1269 2474 1550 2538 Albertus,
1586 2471 2076 2541 Brandiburgcnsis

506 2574 767 2636 marchio,
828 2572 1054 2625 aderant
1086 2569 1242 2638 legati
1274 2566 1533 2637 Bajoariae
1585 2564 1761 2620 (lucis.
1797 2562 1905 2618 Hos
1941 2567 2075 2618 duos

502 2665 772 2736 principes
829 2664 969 2718 inter
1017 2677 1077 2717 se
1132 2663 1370 2716 maxime
1401 2660 1724 2717 dis.~identes
1753 2661 1876 2714 odio
1905 2673 2076 2728 prope

503 2759 764 2827 ingenito,
791 2767 846 2811 et
873 2771 1093 2811 monere
1114 2765 1167 2811 et
1201 2770 1390 2824 rogare
1416 2762 1470 2808 et
1503 2755 1794 2809 obsecrare
1825 2753 1906 2805 vir
1935 2752 2075 2821 opti-

505 2865 626 2903 mus
675 2863 783 2901 non
825 2847 1129 2911 desinebat,
1179 2845 1398 2906 copiosa
1431 2853 1485 2898 et
1529 2843 1676 2912 gravi
1707 2842 1953 2896 oratione
2009 2843 2074 2895 de

506 2954 637 3007 pace
669 2928 907 3001 'babita,
968 2949 1127 3003 quam
1183 2932 1339 3002 paulo
1370 2944 1497 2986 ante
1537 2945 1659 2985 cum
1715 2929 2072 2983 admiratione

504 3032 756 3101 legimus,
788 3040 868 3093 ut,
899 3026 1156 3097 depositis
1183 3024 1550 3081 simultatibus
1584 3034 1636 3076 et
1658 3022 1820 3086 odiis,
1844 3021 1910 3076 de
1933 3020 2073 3076 bello

501 3125 697 3178 Turcis
725 3121 1005 3177 inferendo
1042 3135 1144 3174 una
1196 3135 1316 3173 cum
1352 3117 1607 3188 pontifice
1647 3123 1699 3168 et
1748 3113 2074 3183 imperatore

502 3217 826 3286 cogitarent.
857 3214 995 3268 Ecce
1015 3213 1140 3266 dum
1166 3212 1218 3265 in
1256 3209 1653 3264 consultatione
1691 3216 1899 3271 essent,
1932 3206 2074 3260 litte-

502 3325 575 3362 rae
601 3309 648 3360 ei
687 3324 715 3361 a
757 3308 934 3376 legato
961 3303 1276 3369 Pannoniae,
1313 3301 1369 3355 S.
1400 3300 1591 3370 Angeli
1621 3297 1900 3364 cardinali,
1947 3298 2072 3352 red-

501 3405 701 3453 duntur
723 3401 920 3466 quibus
948 3397 1003 3452 lit
1031 3395 1233 3450 certior
1257 3403 1546 3464 pugnatum
1572 3406 1694 3446 cum
1714 3390 1906 3444 Turcis
1928 3403 2068 3455 esse,

498 3505 552 3546 ct
586 3489 886 3545 l‘aunouios
921 3487 1070 3558 gravi
1103 3485 1294 3556 prtelio
1320 3491 1606 3552 superatos
1646 3480 1896 3546 cessisse,
1930 3479 2073 3549 peri-

497 3585 786 3650 t'ttlttmqtte
819 3580 1103 3635 imminere
1133 3591 1205 3632 ne
1251 3576 1455 3640 hostes,
1488 3572 1715 3628 victoria
1745 3570 1894 3635 elati,
1919 3571 2072 3640 longe

500 3693 562 3732 ac
594 3677 698 3730 late
744 3674 922 3729 omnia
957 3680 1240 3742 occupent,
1279 3675 1496 3724 vastent
1527 3675 1583 3722 et
1619 3665 1900 3735 diripiant.
1929 3663 2068 3717 Tum

501 3765 787 3821 Bessarion
829 3761 1283 3833 lacrymahundus
1317 3773 1381 3813 ac
1411 3758 1579 3812 vicem
1603 3755 1929 3812 Christianae
1965 3755 2070 3809 rei-

500 3857 728 3928 publicae
749 3871 987 3927 gemens,
1003 3853 1238 3909 breviter
1257 3849 1438 3908 clades
1455 3864 1640 3905 omnes
1658 3848 1863 3904 nostris
1893 3846 2072 3902 illatas

498 3958 912 4015 commemorat,
940 3946 1232 4001 iunuiuens
1267 3942 1564 4016 periculum
1593 3941 1853 4006 ostendit,
1880 3953 2067 4008 pacem

494 4056 542 4096 et
576 4041 918 4098 concordiam
949 4037 1221 4110 proponit,
1252 4051 1359 4106 quo
1394 4034 1622 4091 liberius
1659 4043 1712 4088 et
1741 4033 1908 4086 tutius
1938 4045 2072 4085 con-

488 4135 690 4204 junctis
739 4135 904 4188 armis
957 4142 1011 4188 et
1040 4131 1211 4202 copiis
1264 4129 1342 4183 ire
1382 4128 1432 4181 in
1489 4129 1694 4183 hostem
1749 4125 1982 4181 ferocem
2017 4133 2071 4177 et

497 4229 698 4284 recenti
760 4226 980 4282 victoria
1034 4225 1394 4280 exsultantem
1450 4220 1627 4275 liceat.
1694 4219 1828 4274 Cum
1883 4225 2067 4271 autem

495 4323 861 4390 Norimberga:
914 4319 986 4373 nil
1041 4320 1155 4373 fieri
1199 4320 1495 4381 videretur,
1526 4319 1667 4385 quod
1732 4328 1796 4370 eo
1848 4320 2071 4382 propter

493 4415 806 4469 distantiam
832 4412 1097 4482 proficisci
1119 4411 1364 4466 Rhenani
1387 4409 1661 4479 principes
1689 4416 2064 4478 gravarentur,

494 4505 732 4559 maxime
760 4517 888 4557 vero
907 4501 1181 4572 palatintts
1201 4516 1407 4568 comes,
1427 4500 1722 4555 transferre
1738 4507 2066 4552 conventum

495 4596 854 4650 Wormatiam
893 4596 1101 4664 legatus
1145 4595 1403 4660 instituit,
1441 4609 1508 4648 ne
1542 4594 1834 4663 quicquam
1887 4593 2068 4645 inten-

493 4697 664 4743 tatum
690 4686 1020 4754 relinqueret
1043 4685 1184 4754 quod
1210 4686 1272 4738 ad
1297 4683 1568 4740 sedandas
1599 4681 1721 4736 lites
1749 4681 2064 4750 pertineret.

497 4755 727 4834 ventum
765 4787 846 4832 est
873 4777 1091 4831 tandem
1130 4785 1254 4848 post
1300 4774 1460 4828 multa
1497 4784 1551 4828 et
1577 4772 1895 4843 gravissima
1925 4769 2066 4838 peri-

494 4876 614 4931 cula
636 4871 993 4927 Wormatiam
1015 4887 1030 4936 ;
1059 4885 1231 4941 neque
1253 4871 1396 4924 enim
1415 4883 1703 4938 peragrare
1719 4865 2065 4921 Germaniam

494 4969 612 5022 sine
638 4962 891 5035 praesidio
932 4961 1147 5016 militari
1181 4963 1326 5024 licet,
1363 4962 1505 5030 quod
1538 4960 1678 5030 apud
1715 4975 1808 5014 eos
1835 4961 2064 5028 (tantum

493 5062 636 5116 valet
685 5055 1098 5123 consuetudo!)
1159 5056 1357 5124 rapiare
1393 5066 1446 5110 et
1497 5053 1775 5108 latrocinia
1805 5052 2065 5120 quodam-

495 5154 653 5207 modo
683 5161 939 5206 concessa
973 5149 1239 5201 videntur.
1261 5149 1556 5214 Susceptus
1585 5145 1813 5212 benigne
1853 5159 1880 5195 a
1907 5140 2066 5195 Wor-

494 5244 838 5302 macensibus
861 5241 1148 5297 Bessarion
1191 5241 1399 5311 legatos
1425 5247 1539 5293 tum
1570 5239 1926 5306 imperatoris,
1953 5247 2062 5288 tum

495 5339 723 5394 aliorum
751 5336 1058 5406 principmn
1110 5335 1176 5388 ad
1208 5350 1267 5387 se
1296 5340 1475 5396 vocat,
1513 5330 1654 5400 quod
1699 5330 1767 5384 sit
1797 5330 2063 5397 agendum

493 5431 765 5502 proponit.
798 5427 1163 5498 Disceptatur,
1196 5441 1295 5482 nec
1351 5425 1518 5480 semel
1562 5433 1794 5483 tantum,
1835 5418 1928 5474 sed
1964 5418 2065 5471 ite-

491 5537 612 5576 rum
634 5536 698 5576 ac
722 5519 903 5576 tertio.
929 5520 1096 5576 Mittit
1127 5521 1412 5589 episcopos
1446 5505 1592 5571 viros
1627 5513 1980 5583 gravissimos
2013 5517 2068 5562 et

489 5613 728 5684 optimos
756 5623 896 5682 quos
931 5629 1112 5670 secum
1149 5612 1383 5667 habebat
1420 5611 1485 5662 ad
1528 5595 1736 5661 vicinos
1763 5602 2058 5672 principes,

3691 354 3796 396 CXII

2190 469 2256 508 ne
2288 455 2415 524 quid
2481 454 2826 510 omitteretur
2851 455 2992 525 quod
3043 455 3124 510 ad'
3151 457 3523 512 concordiam
3568 457 3801 516 faceret.

2190 546 2292 602 Ubi
2327 557 2506 601 autem
2553 549 2684 602 nihil
2728 548 2840 602 fieri
2878 557 3024 602 tanta
3059 548 3441 604 sollicitudine
3487 550 3795 614 videretur,

2188 640 2475 699 mouendo,
2527 640 2765 710 rogando
2807 642 3290 711 obsecrandoque,
3337 641 3623 696 Viennam
3667 659 3795 711 pro-

2186 731 2353 786 ficisci
2385 733 2451 787 ad
2489 732 2868 802 imperatorem
2911 732 3165 802 instituit,
3211 749 3417 788 omnes
3457 736 3795 789 adhortatus

2184 833 2241 876 ut
2285 838 2350 876 eo
2402 838 2461 876 se
2519 838 2752 892 propere
2803 823 3132 887 conferrent,
3184 823 3499 878 arbitratus
3559 823 3796 878 Cmsaris

2184 913 2469 982 prresentia
2507 921 2560 966 et
2597 915 2920 968 auctoritate
2967 929 3081 968 rem
3109 924 3358 985 Optatam
3407 931 3476 970 ex
3509 917 3790 970 sententia

2184 1005 2375 1058 confici
2405 1020 2582 1071 posse.
2619 1005 2827 1075 Magnis
2864 1007 3077 1075 quidem
3111 1015 3273 1076 atque
3308 1008 3542 1076 asperis
3579 1008 3797 1060 itineri-

2184 1098 2286 1153 bus
2305 1112 2371 1152 eo
2410 1097 2623 1151 tandem
2656 1111 2872 1152 ventum
2920 1106 3022 1153 est.
3063 1099 3150 1154 Fit
3196 1101 3424 1153 obviam
3472 1098 3790 1154 Bessarioui

2185 1189 2480 1258 imperator
2512 1191 2575 1242 ad
2605 1189 2747 1246 mille
2779 1207 2991 1261 passus,
3023 1206 3256 1261 eumque
3288 1191 3452 1244 nullo
3484 1206 3596 1246 non
3633 1193 3789 1245 adhi-

2185 1283 2296 1336 bito
2326 1283 2552 1338 honoris
2584 1298 2783 1354 genere
2821 1284 2876 1338 in
2927 1284 3114 1338 urbem
3152 1284 3317 1338 ducit.
3360 1285 3510 1338 Data
3549 1294 3636 1337 est
3671 1293 3792 1335 tau-

2185 1376 2466 1429 tummodo
2500 1375 2615 1430 dies
2645 1376 2815 1442 quieti
2849 1392 2865 1441 ;
2898 1386 3113 1445 postera
3143 1391 3273 1429 vero
3294 1391 3432 1429 cum
3469 1375 3690 1444 legatus
3723 1375 3786 1426 ad

2183 1467 2588 1536 imperatorem,
2621 1475 2825 1522 contra
2859 1469 3159 1537 imperator
3201 1469 3266 1520 ad
3316 1468 3570 1535 legatum
3623 1468 3788 1535 pvott-

2182 1560 2316 1615 cisci
2359 1560 2580 1614 honoris
2617 1574 2775 1614 causa
2805 1561 3177 1622 contenderet,
3207 1559 3443 1627 pervicit
3478 1558 3788 1627 imperator

2181 1652 2248 1706 ad
2291 1651 2666 1706 Bessa-rioncm
2701 1665 2954 1722 pergens,
2986 1667 3220 1720 quocum
3269 1661 3322 1706 et
3357 1652 3430 1704 de
3465 1666 3606 1719 pace
3634 1666 3786 1705 com-

2183 1746 2432 1812 ponenda
2487 1745 2629 1799 inter
2675 1744 2980 1798 Germanitc
3050 1744 3330 1813 principes
3400 1754 3462 1796 et
3518 1744 3593 1796 de
3643 1740 3782 1797 bello

2181 1836 2378 1893 Turcis
2407 1836 2688 1892 quercndo
2720 1836 3074 1906 longissimus
3102 1845 3156 1891 ct
3187 1837 3569 1906 gravissimus
3605 1849 3783 1890 sermo

2179 1937 2262 1982 est
2295 1927 2530 1983 habitus.
2577 1927 2712 1982 Cum
2762 1927 2945 1993 itaque
2975 1927 3248 1997 principes
3274 1935 3327 1980 et
3362 1927 3538 1996 legati
3584 1926 3782 1979 multo-

2181 2035 2297 2075 rum
2343 2020 2636 2082 venissent,
2695 2020 2758 2073 de
2803 2019 3104 2088 eademque
3153 2033 3210 2073 re
3257 2034 3430 2088 quam
3471 2017 3781 2087 smpissime

2179 2113 2325 2168 omni
2374 2120 2569 2166 conatu
2615 2112 2815 2164 frustra
2874 2117 3165 2165 tractatum
3224 2118 3422 2173 esset,
3489 2109 3781 2180 proposito

2180 2203 2352 2274 ipsius
2409 2204 2700 2272 provinciae
2747 2204 3112 2258 emolumento
3163 2213 3218 2256 et
3272 2203 3494 2257 honore
3529 2243 3544 2267 ,
3601 2192 3779 2254 redire

2179 2296 2394 2349 tandem
2434 2298 2490 2350 in
2524 2295 2734 2349 Italiam
2780 2296 2955 2350 lucem
3006 2295 3390 2350 felicissimam
3432 2294 3515 2366 (1)
3567 2294 3778 2361 legatus

2180 2385 2432 2447 instituit,
2496 2401 2562 2438 ne
2600 2385 2801 2440 frustra
2833 2394 2890 2438 et
2939 2395 3150 2453 tempus
3179 2395 3235 2441 et
3265 2400 3474 2454 corpus
3511 2383 3777 2438 valetudi-

2179 2478 2390 2532 narium
2416 2476 2709 2546 frigoribus
2743 2488 2797 2532 et
2817 2477 3001 2533 labore
3032 2478 3286 2533 itinerum
3319 2492 3386 2531 ac
3407 2477 3576 2533 taedio
3608 2475 3775 2530 animi

2177 2582 2541 2624 consumeret.
2582 2571 2726 2625 inter
2746 2582 2961 2626 exteras
2990 2580 3198 2641 gentes,
3234 2571 3445 2626 Graecis
3489 2581 3546 2624 et
3568 2569 3777 2624 Latinis

2179 2673 2367 2716 natura
2395 2661 2644 2726 infestas,
2683 2663 3053 2730 periclitatum
3088 2671 3170 2717 est
3196 2661 3396 2731 smpius
3436 2663 3571 2716 dqu
3603 2671 3775 2714 temu-

2176 2757 2306 2811 lenti
2335 2763 2389 2810 et
2436 2755 2631 2810 armati
2670 2770 2775 2810 non
2814 2756 2992 2812 solum
3019 2756 3071 2810 in
3109 2756 3278 2826 agris,
3309 2758 3408 2811 sed
3448 2756 3503 2811 in
3550 2755 3774 2808 urbibus

2176 2861 2536 2923 grassantur;
2578 2850 2799 2906 Vienna:
2848 2862 3026 2908 autem
3066 2852 3435 2922 potissimum,
3484 2853 3579 2907 ubi
3621 2864 3775 2920 gym-

2177 2943 2364 2998 nastici
2390 2943 2580 3013 quavis
2607 2943 2821 2998 licentia
2847 2953 2901 2998 et
2930 2944 3228 3014 petulantia
3257 2954 3515 2998 utuntur.
3587 2942 3771 2995 Rediit

2178 3037 2392 3090 tandem
2429 3047 2549 3106 post
2581 3035 2861 3092 biennium
2894 3035 3144 3092 Bessario
3177 3048 3382 3102 vester,
3409 3037 3681 3103 Quirites,
3714 3044 3772 3087 ttt

2175 3139 2334 3194 quem
2381 3126 2659 3180 absentem
2729 3125 2898 3182 Roma
2954 3126 3344 3191 desiderabat,
3407 3128 3670 3198 cupiebat
3719 3134 3769 3177 et

2174 3216 2316 3270 votis
2360 3216 2600 3286 optabat,
2631 3227 2950 3287 praesentem
3010 3219 3251 3288 denique
3301 3219 3638 3284 intueretur,
3679 3215 3768 3269 ad-

2177 3309 2468 3364 miraretur
2495 3322 2949 3382 venerareturque
2976 3321 3033 3367 ut
3064 3310 3321 3367 Ecclesiae
3349 3311 3617 3368 Romana:
3648 3308 3766 3361 ιιιιί-

2177 3415 2300 3456 cum
2337 3402 2585 3457 columen
2631 3413 2687 3458 et
2725 3405 2912 3473 patria!
2950 3411 3144 3459 vestrae
3177 3412 3486 3474 parentem.
3522 3403 3640 3457 Non
3674 3401 3764 3450 dc-

2175 3493 2313 3546 stitit
2357 3502 2534 3547 tamen
2583 3493 2668 3548 vir
2717 3493 2958 3564 optimus
3011 3503 3065 3548 et
3117 3495 3558 3564 sapientiasimns
3607 3492 3756 3545 l'itnn

2175 3584 2487 3655 pontificem
2547 3585 2748 3640 hortari
2792 3593 2849 3640 ut
2902 3586 3206 3656 piissimum
3247 3586 3444 3640 bellum
3483 3585 3598 3656 jam
3642 3590 3764 3636 ante

2175 3687 2363 3732 contra
2417 3678 2610 3747 impios
2655 3679 2931 3734 decretum
2983 3679 3421 3747 amplecteretur.
3504 3679 3656 3731 llanc
3694 3673 3761 3726 ub

2175 3781 2290 3821 rem
2341 3783 2462 3822 cum
2514 3767 2641 3823 Pius
2671 3768 2970 3835 Anconam,
3026 3773 3167 3825 unde
3226 3781 3478 3826 moturus
3529 3779 3652 3825 erat
3710 3767 3759 3818 iu

2176 3856 2408 3924 hostem,
2441 3857 2709 3926 proficisci
2761 3859 3106 3924 instituisset,
3151 3859 3331 3927 ibique
3379 3859 3612 3913 classem
3662 3872 3758 3909 nu-

2172 3949 2339 4019 dique
2355 3961 2636 4004 venturam
2668 3965 2696 4004 a
2728 3949 3054 4006 Christianis
3074 3961 3436 4022 exspectaret,
3469 3952 3754 4008 Bessarion

2174 4041 2240 4094 ad
2284 4039 2515 4096 Venetos
2553 4055 2780 4111 propere
2813 4043 3093 4097 contendit
3135 4043 3279 4098 sedis
3331 4045 3640 4114 apostolicae
3679 4041 3758 4094 le-

2173 4143 2365 4203 gatus;
2400 4134 2555 4205 cujus
2595 4135 2893 4189 auctoritas
2927 4144 3135 4190 tantum
3169 4136 3340 4190 valuit
3385 4149 3438 4191 ut
3466 4139 3664 4192 ducem
3703 4140 3757 4186 et

2171 4237 2419 4280 st-natum
2460 4226 2526 4280 ad
2581 4226 2632 4280 id
2665 4226 2862 4280 bellum
2917 4226 3212 4294 impttlerit.
3269 4220 3475 4284 Paratae
3511 4229 3755 4282 triremes

2175 4334 2203 4373 a
2240 4318 2463 4374 Venetis
2483 4329 2630 4382 sunt,
2652 4319 2759 4373 dux
2780 4319 2937 4374 classi
2981 4321 3291 4388 prteticitur,
3325 4323 3546 4391 navigat
3581 4323 3753 4376 Anco-

2172 4427 2318 4475 nam,
2361 4427 2426 4466 eo
2451 4411 2734 4466 Bessarion
2772 4427 2896 4466 cum
2923 4413 3248 4468 triremisua
3273 4401 3516 4483 impensa
3552 4422 3751 4469 structa

2172 4513 2228 4558 ct
2257 4514 2464 4558 armata
2493 4504 2793 4558 contendit.

2245 4596 2314 4650 At
2345 4611 2474 4650 vero
2518 4597 2568 4649 in
2608 4605 2756 4649 tanto
2797 4603 3059 4664 apparatu
3100 4595 3195 4651 Pio
3224 4597 3476 4665 pontifice
3514 4606 3750 4653 mortuo,

2170 4702 2293 4741 cum
2337 4701 2529 4740 omnes
2566 4686 2767 4754 passim
2801 4687 3198 4753 dilaberentur,
3233 4690 3346 4758 ipse
3381 4703 3601 4756 quoque
3643 4685 3746 4737 lto-

2171 4795 2312 4833 matn
2362 4779 2428 4833 ad
2477 4778 2710 4833 ineunda
2752 4795 2849 4848 pro
2881 4795 3020 4834 novo
3053 4784 3309 4850 pontiﬁce
3360 4784 3617 4852 suffragia
3671 4795 3748 4839 re:

2168 4873 2435 4938 vertitur;
2476 4888 2581 4940 quo
2606 4881 2811 4936 creato,
2840 4887 2962 4927 Cum
2994 4874 3178 4927 omnia
3208 4875 3274 4928 ad
3316 4875 3488 4929 Otium
3527 4885 3744 4944 specta-

2169 4975 2307 5028 rent,
2339 4965 2555 5034 iugenio
2589 4979 2686 5017 suo
2714 4974 2766 5017 et
2796 4964 3042 5019 doctrina
3082 4967 3271 5032 fretus,
3301 4970 3554 5037 quicquid
3589 4967 3678 5020 otii
3715 4977 3742 5015 a

2167 5057 2330 5109 rebus
2380 5055 2606 5121 publicis
2658 5055 2921 5118 dabatur,
2977 5066 3145 5111 toltttn
3199 5059 3253 5113 id
3299 5058 3365 5112 ad
3399 5057 3736 5114 scribendum

2167 5147 2394 5201 contulit
2426 5146 2586 5201 homo
2611 5147 2850 5200 omnium
2877 5147 3288 5204 solertissimus.
3314 5149 3447 5204 Cum
3485 5150 3740 5220 prodesse

2168 5253 2350 5290 coram
2401 5238 2590 5292 amicis
2622 5250 2715 5290 attt
2767 5239 3194 5307 periclitantibus
3243 5256 3348 5295 non
3402 5251 3603 5310 p0sset,
3647 5251 3738 5291 eos

2165 5331 2361 5386 litteris
2393 5333 2605 5400 pietatis
2628 5343 2679 5387 et
2707 5331 3060 5392 hmnauitatis
3085 5336 3260 5404 plenis
3282 5338 3586 5399 admonuit,
3612 5347 3738 5388 cru-

2166 5425 2282 5490 dtit,
2316 5425 2602 5490 deterruit,
2629 5425 2694 5479 ad
2723 5424 2978 5496 cilicium,
3002 5430 3048 5484 si
3074 5445 3181 5498 qua
3214 5429 3268 5484 in
3294 5445 3351 5486 re
3380 5431 3734 5501 deliquerunt,

2167 5517 2461 5571 revocavit.
2503 5519 2706 5571 Harum
2755 5529 2934 5574 exstat
2978 5538 3235 5579 numerus
3283 5539 3449 5594 prope
3497 5521 3736 5578 inﬁnitus

2169 5617 2279 5663 tum
2311 5609 2517 5676 Graece,
2557 5619 2679 5666 tum
2709 5609 2900 5670 Latine
2937 5617 3290 5686 scriptarum.
3350 5615 3489 5673 Duas
3523 5609 3740 5682 scripsit

561 5805 638 5878 (l)
676 5801 849 5860 Verba
875 5805 1036 5862 lucem
1076 5805 1440 5875 felicissr'mam
1479 5822 1582 5862 nou
1615 5807 1771 5864 habet
1809 5805 2056 5862 BLovius.

2177 5815 2365 5860 isscma
2396 5803 2642 5860 forsitan.
