4114 6426
350 399 485 441 εχιιι

350 502 585 558 duorum
645 500 889 556 locorum
918 500 1255 557 laudationes
1297 507 1351 552 et
1384 497 1572 567 patria:
1628 493 1937 561 Trapezun-

352 597 458 648 dos
492 592 606 665 (sic)
640 602 695 649 et
734 592 946 660 Isthmi,
977 593 1111 647 adeo
1147 590 1425 662 eleganter
1462 596 1517 643 et
1559 584 1823 645 absolute,
1878 589 1936 634 ut

358 687 661 757 provinciae
712 688 843 757 ipsae
874 696 931 742 et
979 684 1310 756 benignitate
1336 681 1458 737 caeli
1504 688 1558 734 et
1607 678 1852 733 ubertate
1886 680 1938 727 et

358 780 575 850 frugum
639 781 902 845 omnium,
959 791 1014 835 et
1071 776 1430 848 portuositate
1473 773 1716 827 littorum
1779 776 1942 832 atque

356 874 645 928 hominum
709 873 1112 943 ingeniosorum
1163 876 1219 924 et
1266 867 1685 924 fortissimorum
1744 860 1939 928 copia,

358 967 536 1021 cuivis
599 966 892 1036 provinciae
939 964 1173 1020 conferri
1220 976 1378 1032 posse
1428 958 1766 1012 viderentur.
1824 952 1941 1008 Non

357 1059 489 1111 dico
519 1072 679 1125 quam
713 1059 891 1121 docte,
923 1070 1084 1124 quam
1123 1052 1435 1108 memoriter
1468 1049 1658 1104 horum
1703 1047 1941 1101 locorum

360 1170 454 1209 res
483 1155 726 1224 publicas
756 1160 811 1206 et
846 1151 1106 1221 quidquid
1133 1150 1187 1204 in
1219 1149 1439 1203 histum
1472 1144 1630 1209 bello,
1663 1152 1775 1197 tum
1811 1154 1946 1210 pace

357 1256 582 1317 gestum
610 1245 699 1310 sit,
728 1251 1116 1298 commemoret
1140 1284 1154 1308 ,
1185 1239 1478 1303 describat,
1515 1242 1688 1296 notet.
1725 1233 1776 1287 id
1827 1232 1946 1301 qui-

363 1339 492 1392 dem
528 1338 661 1392 adeo
709 1336 990 1406 ingeniose
1028 1342 1082 1389 et
1134 1339 1409 1393 accurate,
1447 1339 1503 1383 ut
1553 1341 1641 1381 res
1678 1325 1808 1393 ipsae
1840 1337 1946 1376 non

361 1431 679 1501 descriptae,
719 1430 813 1485 sed
847 1429 915 1482 ab
948 1430 1134 1483 eodem
1167 1425 1424 1479 institutae
1448 1430 1501 1476 et
1533 1428 1697 1490 gesta:
1727 1416 1950 1470 videan-

368 1535 483 1579 tur.
516 1524 575 1578 ln
625 1520 1088 1578 consolationibus
1124 1518 1294 1573 tribus
1312 1529 1446 1586 quas
1475 1513 1540 1568 ad
1566 1512 1947 1579 imperatorem

364 1614 1029 1684 Constantinopolitanum
1066 1613 1118 1665 in
1170 1618 1346 1664 morte
1392 1604 1576 1660 uxoris
1624 1598 1847 1662 habuit,
1884 1596 1948 1649 ad

364 1706 736 1763 constantiam
764 1694 820 1759 et
848 1701 1227 1759 fortitudinem
1256 1697 1530 1753 hominem
1570 1695 1743 1763 ipsum
1779 1688 1950 1760 pluriv

364 1802 477 1856 bus
515 1797 813 1853 rationibus
866 1804 1106 1861 revocat,
1152 1790 1330 1849 verbis
1373 1784 1710 1858 gravissimis
1741 1790 1794 1836 et
1828 1796 1957 1836 seu-

368 1894 564 1949 tentiis
596 1890 889 1947 ostendens
930 1888 1007 1944 nil
1034 1886 1157 1942 novi
1203 1885 1319 1954 ejus
1365 1876 1637 1948 majestati
1689 1872 1955 1930 accidisse

366 2002 503 2043 cum
544 1999 692 2039 mors
723 1983 976 2038 omnibus
1007 1964 1222 2040 sitnon
1258 1976 1380 2029 dico
1412 1982 1697 2027 commune
1728 1964 1953 2026 malum,

369 2078 473 2133 sed
510 2074 913 2145 receptaculum
955 2086 986 2125 a
1036 2069 1213 2133 malis,
1256 2067 1301 2121 si
1354 2066 1490 2119 bene
1542 2076 1607 2115 ac
1645 2064 1957 2113 constanter

375 2174 546 2225 vitam
590 2168 911 2223 duxerimus
971 2161 1425 2234 quemadmodum
1474 2156 1717 2225 reginam
1780 2150 1954 2219 ipsam

376 2266 589 2320 vixisse
613 2261 873 2318 ostendit.
911 2254 1230 2314 Confutavit
1277 2251 1542 2308 acerrime
1576 2246 1726 2316 gravi
1755 2251 1808 2297 et
1870 2255 1961 2295 co-

376 2358 534 2428 piosa
562 2355 812 2430 oratione
839 2364 937 2407 eos
962 2349 1054 2418 qui
1090 2343 1435 2416 pertinaciter
1458 2340 1619 2395 nimis
1644 2339 1959 2391 asseverant

381 2452 590 2506 dictum
617 2428 746 2503 illud
767 2443 992 2501 Joannis
1019 2442 1083 2497 de
1114 2440 1311 2504 Petro,
1347 2455 1365 2487 ι
1406 2434 1499 2488 Sic
1528 2446 1650 2487 eum
1684 2428 1803 2482 volo
1847 2440 1961 2480 ma-

381 2557 541 2605 nere,
569 2540 697 2610 quid
720 2540 784 2593 ad
814 2548 886 2606 te,
917 2556 935 2589 ι
973 2550 1095 2592 cum
1120 2532 1408 2587 dicendum
1428 2527 1522 2589 sit,
1550 2543 1569 2576 ι
1606 2523 1664 2580 Si
1683 2537 1803 2578 eum
1840 2519 1961 2573 volo

382 2630 777 2700 manere,quid
806 2629 871 2683 ad
906 2629 995 2684 te?
1028 2645 1045 2678 ι
1082 2624 1194 2680 Hoc
1216 2632 1395 2678 autem
1417 2620 1609 2691 probat
1638 2624 1692 2670 et
1714 2613 1966 2669 doctissi-

382 2742 600 2783 morum
653 2724 932 2779 hominum
979 2720 1305 2774 auctoritate
1340 2724 1393 2770 et
1422 2713 1607 2768 Graeca
1651 2708 1826 2763 littera
1859 2719 1964 2774 qua

380 2820 625 2877 Jeannes
652 2815 1001 2886 Evangelium
1028 2810 1269 2879 scripsit,
1300 2820 1355 2863 et
1387 2806 1573 2861 Latina
1607 2803 1897 2865 locutione,
1934 2814 1964 2851 a

382 2930 496 2985 qua
533 2914 723 2967 modus
774 2909 863 2962 ille
907 2904 1127 2960 dicendi
1159 2904 1315 2972 longe
1366 2898 1645 2954 abhorret.
1676 2893 1785 2948 Sed
1836 2894 1970 2945 adeo

386 2984 613 3077 copiose
644 3003 698 3057 in
730 2998 1101 3056 adversarium
1136 2994 1331 3063 surgit,
1373 2990 1637 3057 Quirites,
1668 2995 1727 3040 ut
1762 2984 1968 3038 nullum

388 3076 562 3171 prope
586 3105 850 3157 erratum,
878 3099 974 3144 aut
1019 3087 1153 3142 vitio
1187 3085 1545 3153 interpretum
1592 3076 1971 3136 eonunissum,

389 3169 485 3244 aut
523 3184 849 3257 negligentia
882 3181 1253 3241 librariorum,
1294 3183 1386 3229 aut
1430 3171 1637 3228 incuria
1679 3169 1971 3240 legentium

388 3286 445 3339 in
477 3290 592 3338 tota
618 3278 901 3349 Scriptura
936 3288 1094 3331 sacra
1128 3270 1525 3342 praatermittat.
1556 3264 1745 3335 Aperit
1766 3264 1967 3325 omnia,

392 3377 658 3443 disputat,
714 3369 930 3435 refellit,
974 3369 1155 3421 docet.
1197 3362 1401 3417 Eodem
1436 3358 1651 3415 dicendi
1684 3366 1739 3411 et
1791 3356 1978 3424 dispu-

395 3467 545 3523 tandi
580 3472 824 3519 torrente
866 3457 1128 3530 Ephesini
1167 3453 1412 3526 episcopi
1440 3451 1772 3523 opinionem,
1825 3462 1977 3501 asse-

399 3560 591 3623 rentis,
644 3554 908 3627 Spiritum
946 3561 1194 3608 sanctum
1230 3563 1260 3602 a
1293 3548 1457 3601 Patre
1489 3554 1695 3598 tantum
1733 3542 1974 3610 prodire,

394 3654 665 3709 acerrime
704 3644 976 3704 confutet.
1032 3640 1220 3697 Sancti
1261 3637 1637 3702 Bessarionis,
1668 3634 1809 3687 unde
1862 3633 1981 3701 ipse

396 3757 599 3800 nomen
648 3739 878 3807 accepit,
927 3734 1121 3806 patria!
1140 3731 1393 3815 parentis
1445 3742 1508 3783 ac
1545 3726 1777 3796 patroni,
1817 3723 1979 3777 vitam

402 3834 691 3902 diligenter
721 3845 785 3884 ac
815 3826 1038 3896 copiose
1079 3820 1317 3890 scripsit.
1362 3818 1547 3875 Sancti
1575 3815 1853 3871 Francisci
1884 3828 1979 3868 or-

403 3929 609 3990 dinem,
656 3923 814 3994 cujus
854 3928 1116 3992 patronus
1153 3916 1387 3971 babetur
1409 3954 1424 3978 ,
1457 3920 1768 3967 constanter
1800 3923 1863 3962 ac
1892 3922 1985 3962 sa—

402 4023 621 4091 pienter
647 4026 856 4071 tutatus
876 4025 981 4068 est.
1016 4010 1131 4066 Non
1162 4019 1245 4065 est
1277 4020 1467 4078 passus
1500 4003 1807 4074 quempiam
1846 4002 1985 4055 bene

406 4116 472 4167 de
497 4125 698 4181 genere
726 4110 965 4162 humano
993 4103 1246 4159 meritum
1291 4097 1670 4154 maledicentia
1697 4105 1818 4166 post
1843 4109 1984 4148 mor-

405 4201 791 4275 temlacerari.
830 4196 985 4254 Unde
1007 4195 1272 4259 acerrime
1301 4194 1355 4248 in
1387 4190 1828 4246 calunmiatorem
1859 4186 1985 4241 Pla-

407 4297 555 4352 tonis
590 4292 825 4363 insurgit
858 4305 923 4346 eo
967 4288 1247 4343 volumine
1285 4294 1338 4339 et
1372 4282 1591 4353 quidem
1629 4280 1814 4335 divino
1843 4279 1986 4348 quod

409 4404 582 4458 nuper
633 4400 828 4454 magna
887 4397 1007 4438 cum
1060 4392 1240 4435 vestra
1314 4377 1730 4445 exspectatione
1796 4370 1986 4426 edidit.

408 4480 582 4545 Quam
619 4477 802 4548 gravis
849 4475 922 4529 sit
955 4474 1008 4527 in
1056 4472 1349 4533 laudando,
1383 4468 1611 4522 acerbus
1657 4465 1710 4518 in
1775 4465 1990 4531 vitupe-

413 4574 607 4636 rando,
636 4572 687 4625 in
713 4567 1001 4624 sententiis
1028 4571 1277 4634 argutus,
1307 4563 1359 4615 in
1390 4542 1708 4615 disserendo
1752 4556 1989 4618 subtilis,

413 4672 468 4721 in
495 4663 826 4719 confutando
863 4674 1011 4724 acer,
1062 4673 1130 4714 ex
1164 4657 1267 4710 hoc
1302 4654 1445 4709 libro
1485 4648 1870 4720 comprehendi
1900 4663 1996 4718 po-

416 4767 543 4820 test,
573 4759 626 4809 in
657 4769 764 4824 quo
791 4766 969 4807 rerum
996 4749 1276 4809 omnium,
1306 4744 1610 4800 divinarum
1645 4752 1700 4796 et
1729 4741 1993 4793 humana-

417 4864 561 4914 rum,
594 4844 820 4921 scientia
850 4854 1106 4910 tanquam
1140 4839 1191 4893 in
1227 4835 1469 4891 sacrario
1495 4833 1735 4905 reposita
1760 4833 1992 4887 videtur.

423 4943 566 4994 Hinc
603 4949 685 4993 est
721 4944 871 4990 certe
899 4936 1045 5003 quod
1073 4930 1325 4985 hauriant
1363 4926 1633 4996 theologi,
1663 4925 1995 4995 philosophi,

421 5029 820 5095 mathematici,
872 5037 1140 5088 oratores.
1174 5022 1439 5079 dialectici
1486 5031 1540 5074 et
1578 5021 1806 5090 quodvis
1833 5033 2000 5089 genus

425 5125 709 5180 hominum
740 5121 977 5176 civilium
1015 5133 1082 5173 ac
1122 5118 1515 5172 studiosorum.
1553 5113 1764 5167 Nullam
1796 5121 1998 5167 sectam

420 5215 870 5291 philosophorum
908 5209 1276 5283 praetermittit
1303 5220 1463 5275 quam
1501 5221 1608 5259 non
1640 5214 1790 5258 notet
1821 5217 1837 5256 :
1867 5203 1994 5272 quid

422 5311 657 5381 quisque
692 5304 913 5366 dixerit,
951 5301 1094 5369 quod
1152 5299 1366 5370 probari
1422 5296 1786 5367 improbarive
1824 5306 2007 5365 posset

424 5399 692 5455 ostendit:
714 5406 773 5449 ut
799 5394 1264 5465 Pythagoreorum
1291 5389 1511 5443 nimiam
1550 5388 1832 5457 pietatem,
1850 5386 2009 5455 Cyni-

427 5508 616 5547 eorum
640 5490 1027 5551 rusticitatem,
1059 5483 1365 5538 Stoicorum
1395 5479 1768 5535 austeritatem
1809 5477 2005 5547 carpit,

429 5586 503 5643 ita
519 5583 1002 5654 Peripateticorum
1015 5587 1069 5631 et
1085 5584 1324 5631 veterum
1338 5573 1784 5628 Academicorum
1801 5569 2005 5624 medio-

432 5694 482 5734 cr
498 5677 679 5733 itatcm
704 5670 1127 5741 laudat;extollit
1148 5667 1517 5731 Aristotelem,
1540 5664 1812 5719 Platonem
1835 5664 2011 5735 philu-

512 5860 585 5930 (Ι)
620 5859 711 5912 Hi.-
752 5859 891 5914 cnim
1047 5854 1302 5911 deiruissct
1330 5866 1435 5908 om.
1472 5848 1730 5907 Bzovius.

1421 372 1956 438 PANEGYRICUS
1998 354 2555 436 BESSARIONIS.’

3494 378 3625 422 ῦκιν

2046 490 2340 558 sophorum
2369 492 2670 564 principem
2691 491 2838 556 facit,
2868 504 3096 560 quorum
3126 490 3276 558 plura
3296 487 3624 544 Christianis

2049 589 2285 643 ostendit
2310 590 2599 643 convenire
2617 602 2919 658 quamcum
2939 587 3121 656 aliquo
3143 584 3581 653 philosophorum
3605 599 3621 646 ;

2049 698 2227 751 neque
2255 683 2305 738 id
2345 683 2561 753 quidem
2618 682 2990 751 theologorum
3028 691 3339 736 nostrorum
3383 677 3621 731 auctori-

2050 782 2157 828 tate
2189 776 2565 829 tantummodo
2604 776 2837 843 probat,
2887 789 3073 829 verum
3107 768 3267 827 etiam
3312 769 3627 841 syllogismo

2049 876 2101 921 et
2133 867 2458 928 rationibus,
2520 869 2718 937 quibus
2769 852 3139 923 adversarium
3194 867 3266 919 ita
3301 860 3630 927 circumagit

2049 968 2103 1015 et
2148 960 2410 1030 Opprimit
2466 969 2523 1014 ut
2560 975 2731 1029 neque
2758 975 2862 1029 quo
2896 973 2953 1015 se
2992 959 3220 1026 recipiat
3268 954 3630 1010 calumniator

2049 1053 2222 1108 divini
2283 1053 2526 1109 Platonis
2580 1053 2809 1118 habeat,
2875 1065 3054 1119 neque
3099 1049 3225 1119 quid
3282 1047 3627 1115 respondeat,

2049 1147 2277 1201 obrutus
2315 1145 2671 1213 argumentis,
2713 1144 2848 1199 satis
2880 1144 3143 1198 inveniat.
3178 1142 3331 1196 Hunc
3358 1140 3624 1209 siquidem

2056 1238 2474 1292 homuncionem
2498 1238 2580 1291 vir
2606 1214 3070 1305 amplissiinus‘ita
3102 1234 3370 1289 interdum
3394 1230 3626 1294 deridet,

2051 1337 2265 1384 servata
2295 1329 2560 1399 gravitate
2590 1328 2890 1399 dignitatis,
2927 1338 2985 1382 ut
3030 1327 3183 1381 fateri
3232 1333 3389 1395 cogat
3424 1338 3484 1378 se
3517 1337 3625 1377 non

2052 1420 2214 1497 modo
2239 1420 2572 1478 intellexisse
2594 1419 2836 1476 Platonis
2860 1429 3120 1484 mentem,
3153 1432 3310 1489 quem
3343 1416 3429 1470 hic
3455 1427 3627 1469 novus

2051 1512 2364 1568 Carneades
2419 1512 2751 1581 imperitia},
2810 1511 3186 1581 turpitudinis,
3248 1510 3633 1565 inconstantia

2054 1605 2252 1671 arguit,
2282 1604 2376 1660 sed
2421 1619 2488 1659 ne
2526 1604 2721 1674 lingua:
2769 1604 2986 1674 quidem
3015 1603 3217 1658 Graeca:
3248 1601 3633 1670 proprietatem

2057 1696 2312 1763 tenuisse,
2348 1711 2470 1752 cum
2503 1697 2620 1767 ipse
2653 1695 2873 1752 Graecus
2903 1695 2974 1751 sit
2999 1704 3053 1750 et
3080 1695 3320 1749 Platonis
3356 1692 3499 1761 leges
3524 1704 3632 1745 non

2059 1792 2280 1848 Latinas
2315 1790 2515 1855 facere,
2568 1789 2664 1845 sed
2717 1788 3014 1858 depravare
3039 1798 3286 1853 conatus,
3323 1781 3635 1853 philosophi

2056 1883 2355 1940 sententias
2377 1880 2704 1937 everteritet
2720 1879 3065 1934 obscuriores
3094 1875 3405 1932 reddiderit.
3423 1873 3635 1940 Quanta

2058 1975 2399 2045 fuerithujus
2423 1973 2675 2039 audacia,
2697 1971 2955 2038 Quirites,
2976 1968 3411 2031 animadvertite,
3427 1979 3637 2035 quaeso.

2058 2070 2157 2125 llic
2190 2068 2336 2124 enim
2373 2083 2434 2121 ac
2467 2068 2510 2122 si
2548 2067 2603 2120 in
2628 2063 2822 2135 quavis
2855 2063 3079 2118 scientia
3103 2102 3117 2126 ,
3147 2061 3395 2116 doctrina
3425 2068 3476 2114 et
3500 2057 3643 2111 anti-

2062 2162 2272 2231 quitate
2321 2159 2471 2214 solus
2507 2156 2700 2211 doctor
2750 2154 2992 2225 gentium
3045 2152 3339 2207 haberetur
3385 2157 3439 2204 et
3491 2148 3641 2203 solus

2064 2253 2606 2327 peragrassetorbem
2626 2258 2894 2306 terrarum
2918 2246 3163 2305 discendi
3191 2260 3354 2300 causa
3383 2241 3643 2313 quidquid

2066 2347 2267 2415 ubique
2298 2359 2554 2399 arcanum
2585 2351 2637 2396 et
2663 2340 3001 2395 reconditum
3038 2348 3117 2392 est
3138 2376 3154 2402 ,
3184 2346 3240 2389 ut
3274 2335 3555 2389 Platonem
3586 2339 3645 2386 et

2062 2439 2422 2510 Pythagoram
2460 2434 2657 2489 fecisse
2706 2431 3109 2493 intelleximus,
3142 2428 3292 2481 solus
3317 2426 3370 2479 in
3414 2423 3645 2492 publicis

2070 2531 2299 2600 Europa:
2352 2527 2651 2601 gymnasiis
2718 2523 2935 2594 Gorgiae
2982 2520 3234 2576 Leontini
3281 2528 3339 2573 et
3389 2513 3645 2571 Archelai

2070 2640 2274 2680 morem
2310 2638 2339 2677 a
2387 2622 2610 2677 Socrate
2641 2617 2879 2674 derisum
2914 2622 3249 2683 usurpasset,
3289 2609 3646 2680 quaestionem

2073 2720 2283 2777 scilicet
2327 2719 2383 2774 in
2414 2724 2688 2772 conventu
2718 2722 2771 2767 et
2806 2725 3007 2766 corona
3059 2707 3337 2761 hominum
3391 2700 3647 2771 poscendi

2071 2822 2125 2868 et
2154 2813 2346 2883 jubere
2374 2810 2574 2873 dicere,
2600 2822 2721 2877 qua:
2753 2805 2820 2859 de
2853 2818 2909 2857 re
2946 2803 3175 2870 quisque
3222 2797 3402 2861 vellet,
3438 2791 3648 2856 audire,

2070 2918 2180 2958 non
2215 2917 2280 2956 eo
2328 2897 2651 2955 temeritatis
2684 2892 2931 2965 progredi
2968 2894 3131 2960 jccrte
3172 2888 3451 2942 debuisset
3482 2884 3557 2953 (Ι)
3596 2891 3654 2933 ιιι

2075 2995 2446 3051 doctissimum
2482 2989 2833 3045 Aristotelem
2865 3003 2985 3042 eum
3027 2983 3210 3037 divino
3259 2980 3504 3039 Platone,
3538 2975 3650 3027 ιΙίς-

2074 3087 2307 3154 cipnlum
2338 3096 2554 3140 acutum
2576 3100 2693 3139 cum
2728 3080 3062 3141 amplissimo
3088 3083 3415 3144 pra-ceptore
3444 3068 3657 3124 confer-

2078 3188 2160 3232 ret
2189 3193 2251 3231 ac
2278 3176 2666 3230 committeret.
2712 3171 2885 3239 Hujus
2930 3181 3108 3223 tamen
3146 3165 3371 3219 audacia
3401 3163 3473 3216 nil
3498 3160 3657 3215 nobis

2079 3273 2271 3330 obfuit,
2307 3270 2567 3336 Quirites,
2591 3267 2701 3319 imo
2731 3266 3080 3319 vehementer
3121 3257 3324 3330 profuit
3355 3274 3369 3323 ;
3404 3267 3456 3309 et
3488 3254 3534 3309 si
3568 3251 3656 3306 cui

2080 3365 2207 3420 licet
2241 3374 2431 3431 optare
2460 3371 2516 3413 ut
2550 3359 2745 3427 aliquis
2775 3363 2983 3426 peccet,
3028 3353 3078 3406 id
3119 3361 3269 3407 certe
3316 3347 3469 3402 nobis
3518 3346 3657 3399 adeo

2078 3456 2333 3526 pret-ilius
2355 3451 2755 3520 exposcendum
2802 3447 2924 3502 fuit.
2961 3445 3070 3501 Hac
3102 3443 3245 3499 enim
3284 3439 3659 3508 indignatione

2082 3550 2391 3603 cencitatus
2425 3544 2735 3609 Bcssarion,
2775 3555 2991 3595 onmem
3032 3538 3271 3591 omnium
3309 3532 3662 3600 philosotilio-

2082 3659 2200 3696 rum
2227 3643 2317 3711 qui
2353 3655 2588 3709 unquam
2624 3638 2771 3690 fuere
2801 3632 3123 3689 sententiam
3155 3628 3407 3696 explicat,
3435 3632 3488 3678 et
3519 3620 3663 3691 quod

2087 3736 2324 3788 maxime
2359 3733 2654 3799 Optandum
2681 3735 2818 3788 erat,
2858 3724 3160 3778 doctrinam
3187 3730 3239 3773 et
3276 3726 3511 3773 utentem
3541 3711 3664 3766 Pla-

2087 3831 2252 3890 tonis,
2300 3842 2329 3879 a
2370 3825 2585 3879 nemine
2624 3822 2736 3875 fere
2778 3818 3055 3888 juniorum
3096 3814 3394 3884 cegnitam,
3428 3809 3668 3879 explicat

2089 3931 2144 3975 et
2179 3921 2372 3989 aperit,
2405 3928 2462 3970 ut
2494 3913 2753 3985 perfacile
2787 3917 3068 3979 appareat,
3101 3920 3290 3959 omnes
3334 3911 3510 3958 sectas
3546 3914 3668 3969 qua:

2091 4027 2284 4067 sanum
2319 4007 2519 4075 aliquid
2550 4018 2741 4072 sapere
2770 4001 3043 4060 videntur,
3071 3994 3136 4047 ab
3158 3994 3276 4062 ipso
3310 3991 3533 4045 Platone
3553 3999 3671 4043 tan-

2089 4117 2252 4173 quam
2284 4096 2507 4169 perenni
2535 4106 2587 4149 et
2620 4092 2896 4146 uberrimo
2926 4088 3072 4140 fonte
3107 4100 3347 4137 manare.

2164 4193 2257 4247 His
2288 4191 2469 4253 rebus,
2505 4202 2624 4255 quae
2655 4181 2990 4252 gravissima!
3024 4187 3151 4231 sunt
3188 4185 3241 4227 et
3282 4183 3451 4227 totum
3490 4167 3667 4224 hontio

2093 4302 2214 4341 nem
2259 4298 2429 4353 prope
2485 4278 2803 4348 rrquirunt,
2853 4272 3095 4325 intentus
3136 4282 3230 4337 pro
3268 4276 3510 4333 tempore
3541 4263 3673 4315 Bes-

2091 4379 2302 4441 sarion,
2342 4375 2416 4429 nil
2456 4384 2635 4428 tamen
2679 4381 2917 4438 unquam
2946 4364 3128 4418 Otnisit
3155 4361 3297 4431 quod
3343 4359 3408 4411 ad
3433 4354 3672 4411 officium

2092 4465 2461 4521 cardinalatus
2511 4460 2830 4531 pertineret.
2865 4454 2996 4507 Rem
3045 4451 3280 4505 divinam
3322 4457 3376 4501 et
3421 4443 3564 4497 domi
3617 4451 3672 4497 et

2096 4561 2234 4615 foris
2259 4571 2533 4624 nunquam
2568 4548 2879 4605 intermittit
2911 4562 2929 4600 :
2960 4554 3209 4599 senatum
3243 4540 3572 4607 frequentat,
3617 4535 3673 4588 in

2096 4667 2203 4721 quo
2248 4647 2523 4705 secundus
2580 4660 2609 4697 a
2642 4639 2897 4712 pontiﬁce
2948 4637 3197 4691 habetur.
3231 4630 3569 4687 Sententiam
3622 4627 3675 4679 in

2098 4739 2599 4800 consultationibus
2626 4735 2862 4805 graviter
2906 4740 2960 4784 et
2988 4737 3307 4784 constanter
3344 4739 3375 4778 e
3400 4720 3675 4792 republica

2098 4837 2413 4893 Christiana
2449 4841 2631 4884 tuetur
2662 4843 2677 4893 ;
2727 4823 3018 4879 clientibus
3048 4828 3101 4873 et
3148 4816 3504 4873 familiaribus
3536 4811 3676 4882 apud

2102 4928 2416 5001 pontificem
2439 4920 2798 4991 patrocinium
2829 4932 2983 4971 stnnn
3005 4922 3253 4983 praestat;
3273 4910 3679 4963 circumventos

2106 5021 2375 5076 malorum
2409 5014 2638 5069 fallaciis
2667 5012 2919 5077 adjuvat;
2958 5007 3131 5061 bonos
3160 5013 3216 5057 et
3256 5002 3444 5055 doctos
3476 5000 3541 5051 ad
3571 5013 3683 5051 me-

2107 5116 2295 5168 liorem
2327 5111 2602 5164 fortunam
2636 5117 2686 5158 et
2736 5102 3104 5157 honestiorem
3137 5093 3414 5163 dignitatis
3454 5089 3677 5160 gradum

2108 5201 2677 5261 counnendationibus
2708 5198 2822 5252 suis
2849 5188 3193 5264 gravissimis
3239 5200 3301 5240 ac
3326 5182 3555 5253 propriis
3598 5180 3682 5231 fa-

2109 5301 2403 5355 cnltatibus
2454 5294 2724 5349 interdum
2776 5288 2973 5355 erigit,
3007 5281 3264 5337 familiam
3312 5276 3456 5331 domi
3490 5274 3585 5325 alit
3630 5273 3682 5325 in

2114 5403 2343 5458 utraque
2363 5387 2545 5455 lingua
2575 5378 3007 5435 eruditissimam
3046 5379 3102 5426 et
3126 5371 3179 5424 in
3208 5367 3398 5439 quavis
3428 5364 3686 5417 facultate

2111 5481 2509 5536 doetissimam.
2549 5473 2724 5528 Vestri
2778 5470 2851 5524 illi
2906 5466 3182 5535 majores,
3221 5458 3482 5525 Quirites,
3538 5456 3685 5506 viros

2114 5574 2462 5631 doctissimos
2485 5571 2537 5623 in
2570 5556 2988 5622 contubernium
3020 5570 3174 5612 suum
3212 5548 3546 5619 recipiebant
3601 5545 3690 5599 di-

2114 5667 2295 5724 scendi
2328 5673 2382 5721 et
2409 5656 2825 5735 philosophandi
2853 5666 3041 5717 causa,
3078 5659 3133 5703 ut
3166 5643 3350 5715 Scipio
3375 5639 3695 5709 Africanus,
