4114 6444
459 391 565 435 εῖν

462 489 699 546 Ennium
724 496 961 559 poetam,
985 486 1269 542 Panetium
1304 484 1705 555 philosopnum,
1758 483 2034 555 Polybium

464 584 782 638 historicum
810 598 827 648 ;
862 580 1088 646 Luculli,
1127 579 1360 635 Catones
1391 588 1443 632 et
1472 577 1741 632 Hortensii
1782 578 2036 632 Archiatn

465 684 680 742 poetam
710 690 725 739 ;
760 674 1053 727 (licerones
1106 670 1423 740 Cratippum
1474 669 1854 739 philosophum
1887 687 1901 735 ;
1934 668 2034 723 Cn.

463 769 756 836 Pompeius
815 768 1063 821 Lenaeum
1135 765 1433 832 libertum;
1500 767 1776 833 Augustus
1836 764 2036 829 Caesar,

462 859 801 927 Apollonium
834 856 1249 925 Pergamenum.
1285 854 1483 910 Multos
1520 856 1608 924 qui
1643 857 1692 909 id
1721 855 1900 910 fecere
1929 868 2035 909 non

462 953 529 1005 de
570 950 830 1005 Romanis
867 958 1094 1013 tantum,
1124 949 1218 1002 sed
1253 949 1413 1002 etiam
1447 948 1513 1001 dc
1537 949 1780 1003 externis
1804 963 2041 1003 comme-

463 1058 675 1095 morare
728 1056 962 1112 possem.
1024 1041 1149 1094 Hrcc
1185 1052 1362 1094 tamen
1406 1041 1477 1096 sit
1532 1042 1865 1095 Bcssariouis
1899 1057 2037 1109 pra:-

462 1135 614 1202 cipna
647 1134 765 1187 laus
795 1135 936 1202 quod
965 1147 1094 1186 suos
1120 1148 1221 1185 non
1255 1133 1512 1199 religione
1539 1140 1750 1186 tantum
1781 1142 1835 1185 et
1866 1133 2036 1186 uteri-

461 1231 560 1280 hns
616 1227 682 1280 ad
730 1227 867 1279 bene
929 1225 1213 1278 vivendum
1288 1224 1561 1287 instituit,
1628 1239 1810 1277 verum
1872 1225 2035 1279 etiam

462 1317 790 1381 litteratura,
824 1317 1157 1381 eruditione,
1204 1315 1448 1369 doctrina
1507 1316 1579 1368 ita
1622 1316 1812 1368 imbuit
1839 1353 1854 1377 ,
1890 1316 1977 1369 ubi
2007 1331 2035 1369 a

464 1410 703 1477 negotiis
756 1408 990 1477 publicis
1044 1416 1220 1469 vacat,
1276 1418 1330 1462 ut
1388 1407 1550 1473 idem,
1585 1409 2034 1476 quemadmodum

464 1501 701 1569 quotidie
727 1500 1021 1563 cernimus,
1058 1498 1208 1553 multi
1240 1511 1294 1553 et
1336 1499 1547 1566 quidem
1588 1498 1732 1554 docti
1772 1512 2032 1569 tanquam

464 1609 527 1648 ex
553 1607 692 1660 equo
718 1590 1054 1661 Trojano(ut
1074 1593 1139 1645 de
1176 1591 1412 1645 Isocrate
1443 1593 1518 1645 ait
1539 1590 1751 1663 Cicero)
1782 1592 2036 1646 continue

464 1683 749 1752 prodeant,
791 1695 854 1735 ac
879 1680 1061 1750 plures
1092 1695 1256 1748 prope
1281 1696 1442 1750 quam
1467 1696 1535 1735 ex
1562 1680 1764 1749 reliqua
1794 1681 2034 1736 Romana

464 1773 637 1829 curia.
671 1771 811 1840 Quid
861 1774 1012 1828 deest
1064 1772 1280 1828 Nicolao
1337 1773 1589 1837 Perotto,
1630 1774 2038 1844 archiepiscopo

468 1865 778 1936 Sipontino,
812 1865 955 1934 quod
1012 1865 1077 1918 ad
1140 1880 1318 1919 mores
1367 1875 1421 1920 et
1479 1866 1779 1921 doctrinam
1831 1865 2041 1920 faciat?

469 1958 666 2014 Gravis
702 1972 798 2027 pro
829 1956 1112 2027 dignitate,
1139 1958 1310 2012 comis
1345 1966 1399 2012 et
1433 1958 1723 2023 humanus,
1753 1958 1943 2012 scribit
1975 1973 2039 2013 ac

467 2051 596 2105 dicit
625 2050 897 2119 eleganter
925 2059 978 2104 et
1028 2050 1289 2117 copiose;
1342 2049 1435 2105 sed
1479 2050 1571 2119 qui
1630 2048 1814 2105 Graeca
1852 2048 2038 2106 Latina

468 2143 670 2197 faceret
721 2156 882 2196 nemo
945 2142 1123 2195 adhuc
1185 2147 1341 2194 aetate
1395 2150 1577 2195 nostra
1634 2142 1884 2196 inventus
1934 2151 2037 2199 est.

469 2232 681 2299 Quanta
714 2233 785 2287 sit
823 2230 1294 2298 TheodoriGazm,
1320 2232 1418 2287 viri
1457 2233 1669 2302 Optimi,
1704 2233 1950 2289 doctrina
1986 2242 2040 2288 et

472 2323 726 2386 eruditio,
749 2333 858 2376 tum
892 2321 1077 2378 Gra‘ca
1111 2331 1222 2376 tum
1244 2321 1539 2387 Latina,ex
1568 2324 1668 2377 hoc
1699 2324 1779 2377 vel
1804 2324 2040 2384 maxime

466 2414 792 2482 deprehendi
840 2422 1023 2485 p'ttcst
1063 2414 1206 2484 quod
1261 2429 1453 2468 omnes
1508 2414 1774 2470 bonarum
1837 2417 2037 2471 artium

467 2507 694 2561 studiosi
742 2509 807 2561 de
834 2507 1013 2578 aliqua
1062 2522 1121 2561 re
1151 2507 1489 2577 ambigentes
1539 2508 1685 2563 hunc
1716 2510 1919 2564 adeunt
1970 2525 2037 2565 ex

469 2607 582 2673 tota
612 2596 832 2652 civitate
867 2608 924 2653 ttt
962 2598 1244 2652 oraculum
1308 2598 1472 2654 totius
1508 2599 1827 2656 eruditionis
1862 2615 1925 2655 ac
1958 2602 2009 2655 di

469 2689 724 2758 sriplinte.
756 2687 872 2754 llic,
906 2690 1006 2744 etsi
1045 2689 1263 2744 Graccus
1297 2690 1386 2755 sit,
1416 2692 1485 2744 ita
1515 2689 1705 2747 Latine
1738 2693 1947 2759 scribit,
1980 2702 2039 2747 ut

470 2779 672 2834 nullam
696 2779 925 2849 hospitis
955 2781 1186 2848 speciem
1204 2795 1311 2849 pra:
1334 2796 1392 2836 se
1418 2784 1574 2837 ferat.
1609 2783 1725 2837 Non
1758 2792 1843 2839 est
1875 2785 2039 2841 ornit-

471 2874 665 2925 tt-ndns
711 2870 945 2925 Joannes
991 2870 1207 2937 Gattus,
1265 2873 1545 2943 theologus
1577 2873 2038 2945 philosophusque

364 2994 375 3007 ι
470 2963 727 3032 insignis;
757 2976 864 3015 non
905 2962 1144 3017 Valerius
1177 2963 1554 3028 Viterhiensis,
1579 2966 1881 3021 eruditione
1913 2982 2035 3022 cum

472 3055 659 3123 quovis
700 3053 902 3121 optimo
950 3054 1130 3107 aetatis
1156 3064 1352 3109 nostrae
1384 3055 1595 3111 medico
1634 3057 2039 3125 conferendus;

472 3158 578 3196 non
608 3142 969 3208 Andronicus,
1001 3141 1186 3196 Graeca
1236 3152 1289 3195 et
1334 3142 1526 3197 Latina
1583 3144 1763 3215 lingua
1797 3146 2042 3217 apprime

472 3235 738 3288 eruditus.
795 3232 935 3288 Sunt
964 3242 1019 3288 et
1046 3234 1097 3288 in
1140 3233 1259 3302 ejus
1288 3235 1644 3291 contubernio
1677 3237 1769 3306 qui
1823 3238 2042 3306 pontiﬁ-

472 3326 615 3379 cium
649 3340 711 3381 ac
751 3324 909 3380 civile
945 3324 1037 3395 jus
1067 3326 1268 3397 quique
1314 3328 1696 3384 mathematica
1729 3331 1935 3400 optime
1968 3340 2045 3386 te-

474 3427 657 3473 neant.
692 3417 1111 3488 Subsequuntur
1147 3428 1201 3475 et
1243 3419 1469 3487 iuvenes
1516 3422 1731 3495 quidam
1764 3423 1856 3492 qui
1910 3422 2044 3479 vali-

474 3510 655 3566 diores
705 3508 855 3578 facti,
905 3519 1162 3580 tanquam
1200 3510 1450 3581 generosi
1482 3511 1613 3582 pulli
1647 3521 1702 3567 et
1731 3527 1797 3568 ex
1843 3514 2044 3583 optima

475 3603 626 3674 prole
689 3603 913 3673 sumpti,
945 3618 1050 3659 non
1082 3603 1267 3658 tubam
1318 3612 1410 3658 aut
1454 3619 1768 3675 campanam
1801 3607 2048 3663 reformi-

475 3698 703 3753 dahunt.
735 3697 801 3753 Hi
825 3697 1034 3754 fructus
1059 3697 1383 3753 oboriuntur
1399 3697 1638 3767 undique
1667 3698 1733 3753 ad
1748 3700 2045 3755 ubertatem

479 3802 587 3842 non
629 3788 790 3844 unius
832 3787 1089 3856 civitatis,
1142 3789 1239 3843 sed
1287 3790 1450 3844 totius
1504 3788 1816 3857 provinciae,
1850 3790 2047 3847 Bessa-

477 3878 647 3959 riouis
676 3894 839 3949 opera
878 3888 933 3934 et
968 3880 1239 3948 impensa,
1271 3880 1363 3948 qu';
1395 3894 1502 3935 non
1534 3895 1639 3936 una
1665 3881 1717 3936 in
1752 3898 1811 3937 re
1839 3891 2045 3938 tantum

476 3968 890 4027 liberalissimae
930 3987 1160 4037 manus,
1195 3972 1293 4029 sed
1334 3973 1389 4027 in
1426 3972 1669 4043 pluribus
1711 3974 2046 4031 circumfert.

477 4061 761 4119 Miseratus
791 4064 1100 4120 Graecorum
1134 4065 1497 4121 calamitatem
1522 4107 1537 4132 ,
1574 4065 1739 4120 multa
1763 4082 2048 4125 nummum

480 4156 591 4213 tnill
616 4171 645 4213 a
673 4172 959 4215 aureorum
993 4172 1093 4238 pro
1125 4157 1454 4215 redimendis
1493 4158 1723 4228 captivis
1748 4161 2045 4229 expendit;

1244 376 1456 437 BAPT.
1502 375 1852 436 PLATlN/E
1892 375 2427 440 PANEGYRICUS
2462 381 2976 448 BESSARIONIS.

3632 386 3789 437 cxtl'

2140 490 2347 557 puellas
2380 491 2572 546 multas
2602 492 2779 562 inopia
2807 504 3089 564 parentum
3116 496 3310 552 marito
3345 509 3620 553 carentes
3642 515 3751 552 tere

2142 582 2362 650 proprio
2401 582 2526 637 dote
2570 582 2713 638 facta
2747 587 2933 653 nuptui
2976 586 3227 641 collocat.
3262 586 3473 659 Inopes
3507 600 3566 642 et
3608 591 3757 643 valc-

2141 672 2446 727 tudinarios
2473 675 2731 728 continuo
2759 674 2915 743 juvat
2937 691 2952 742 ;
2977 676 3118 731 aedes
3153 692 3341 731 sacras
3376 686 3477 731 aut
3513 678 3755 733 instituit

2141 772 2233 815 aut
2268 762 2532 831 collapsas
2562 772 2825 819 vetustate
2855 766 3045 833 reiicit,
3067 766 3209 834 quod
3235 767 3445 823 indicat
3479 769 3751 838 templum

2141 854 2509 921 apostolorum
2540 854 2590 908 in
2620 854 2788 919 Urbe,
2832 857 2919 910 ubi
2952 858 3209 913 sacellum
3238 857 3342 911 sibi
3377 859 3664 924 condidit,
3700 872 3754 915 et

2140 958 2393 999 secessus
2439 944 2654 1015 Crypta),
2700 944 2941 1003 Ferrata:
2997 949 3170 1004 beatae
3218 949 3437 1022 Virgini
3498 951 3748 1009 dicatus.

2140 1034 2371 1091 Domum
2395 1052 2609 1107 quoque
2630 1038 2734 1093 sibi
2765 1040 2978 1109 paravit
3015 1042 3085 1096 ita
3127 1042 3382 1112 dignitati
3411 1053 3468 1099 et
3503 1043 3749 1098 faculta-

2143 1130 2286 1185 tibus
2307 1140 2717 1201 congruentem,
2737 1142 2793 1187 ut
2815 1148 2987 1202 neque
3018 1135 3211 1190 melius
3228 1136 3535 1206 quisquam
3568 1152 3750 1207 neque

2140 1222 2441 1276 modestius
2489 1223 2540 1276 in
2578 1222 2721 1279 Urbe
2764 1225 2989 1282 habitet.
3038 1214 3376 1282 Accedentes
3419 1238 3479 1283 et
3515 1230 3746 1297 quidem

2138 1314 2460 1385 frequenter
2493 1317 2725 1373 libenter
2758 1319 2992 1374 admittit
3029 1336 3042 1372 :
3075 1321 3225 1375 audit
3246 1328 3299 1376 et
3325 1322 3483 1392 quod
3517 1322 3641 1376 ﬁeri
3678 1323 3748 1376 ab

2138 1422 2203 1463 eo
2259 1408 2554 1461 amicorum
2608 1424 2770 1465 causa
2824 1419 3018 1479 potest,
3072 1411 3353 1467 doctorum
3423 1414 3745 1482 praesertim

2139 1514 2368 1569 quorum
2401 1510 2659 1569 patronus
2692 1509 2795 1563 cst,
2844 1501 2897 1556 id
2947 1516 3007 1556 se
3058 1502 3297 1558 libenter
3331 1503 3627 1559 facturum
3660 1518 3750 1558 re.

2139 1592 2424 1663 promittit.
2452 1591 2547 1648 His
2573 1607 2697 1648 vero
2733 1595 2797 1648 de
2824 1610 2921 1649 suo
2940 1595 3209 1650 interdum
3244 1596 3442 1661 donat,
3463 1607 3745 1667 quantum

2142 1683 2189 1738 ei
2266 1698 2361 1754 per
2415 1683 2745 1737 domesticas
2794 1685 3067 1753 impensas
3122 1686 3267 1741 licet.
3327 1686 3745 1742 Bibliothecam

2142 1772 2405 1839 Graacam,
2425 1773 2641 1842 triginta
2666 1774 2900 1830 millibus
2930 1791 3273 1829 nummorum
3300 1791 3612 1831 aureorum
3633 1794 3746 1833 em—

2143 1880 2285 1940 plant
2315 1869 2551 1924 Venetiis
2571 1869 2859 1934 exstruxit,
2878 1886 2947 1924 ne
2967 1870 3187 1925 omnino
3210 1872 3526 1925 litteratura
3554 1871 3747 1926 Grmca

2145 1960 2418 2014 deﬁceret.
2452 1957 2601 2013 Vidit
2634 1960 2776 2013 enim
2811 1974 2929 2014 eam
2964 1960 3150 2015 urbem
3199 1970 3428 2030 propter
3482 1962 3747 2017 vicinita-

2142 2059 2323 2105 temet
2361 2050 2753 2121 navigationem
2786 2049 2989 2106 Graecis
3030 2067 3060 2105 a
3088 2053 3336 2107 barbaris
3364 2053 3593 2108 vexatis
3626 2068 3750 2108 esse

2144 2141 2605 2210 percommodum.
2636 2140 2867 2195 Ornahit
2897 2151 2952 2196 et
2981 2139 3121 2195 hanc
3167 2147 3404 2194 vestram
3460 2141 3747 2196 civitatem

2142 2230 2336 2285 Latina
2411 2231 2771 2302 supellectile,
2828 2231 2874 2287 si
2936 2231 2985 2286 ei
3051 2229 3363 2301 aliquandiu
3429 2231 3625 2287 vivere
3685 2232 3751 2285 li-

2142 2323 2335 2378 currit.

2211 2413 2369 2470 Hunc
2402 2416 2581 2483 itaque
2610 2413 2910 2480 hominem,
2936 2411 3201 2480 Quirites,
3224 2412 3317 2483 qui
3342 2413 3418 2469 ob
3443 2428 3608 2469 suam
3639 2411 3751 2466 sin-

2143 2507 2386 2577 gularem
2411 2488 2764 2575 sapientiam,
2808 2504 3196 2570 constantiam,
3230 2504 3417 2572 ﬁdem,
3456 2504 3747 2571 pietatem,

2142 2594 2539 2660 fortitudinem,
2581 2595 3003 2660 humanitatem,
3040 2596 3291 2667 gratiam,
3339 2594 3746 2657 eruditionem,

2143 2687 2443 2743 doctrinam
2478 2687 2603 2742 facit
2650 2687 2947 2758 quominus
2980 2686 3269 2753 Socrates,
3310 2684 3602 2753 Platones,
3627 2685 3750 2739 Ari-

2144 2779 2387 2847 stoteles,
2434 2779 2671 2846 Graecos,
2733 2776 3307 2845 Numas,‘\'arrones,
3346 2776 3573 2842 Brutos,
3618 2775 3749 2830 Sul-

2143 2873 2329 2941 pitios,
2361 2871 2602 2927 Catones
2624 2880 2837 2927 vestros
2879 2870 3224 2935 desideretis,
3278 2869 3448 2935 hunc,
3494 2869 3745 2939 inquam,

2149 2964 2387 3019 omnium
2441 2963 2719 3019 hominem
2766 2962 2903 3019 bene
2934 2963 2999 3017 de
3041 2963 3243 3031 optimo
3293 2974 3517 3031 quoque
3569 2968 3626 3015 et
3662 2959 3746 3012 in-

2150 3055 2359 3112 dustrio
2415 3054 2693 3120 meritum,
2719 3052 2902 3119 colite,
2935 3052 3223 3108 observate
3262 3066 3327 3106 ac
3355 3050 3747 3121 frequentibus

2148 3145 2404 3201 laudibus
2423 3143 2718 3200 celebrate.
2736 3141 2865 3208 ,Hac
2885 3142 3092 3197 ratione
3113 3140 3284 3214 (tanta
3316 3150 3394 3195 est
3442 3139 3746 3195 auctoritas

2150 3237 2350 3307 vestra)
2384 3247 2439 3293 et
2469 3237 2738 3293 bonorum
2766 3234 2979 3306 ingenia
3007 3234 3074 3289 ad
3107 3233 3360 3290 virtutem
3392 3230 3735 3295 excitabitis,

2150 3331 2427 3401 proposita
2484 3329 2653 3399 gloria
2711 3328 2915 3399 optima
2976 3326 3044 3382 ad
3103 3325 3424 3381 excitandos
3491 3323 3745 3379 homines

2154 3422 2387 3477 calcaria
2409 3430 2439 3489 ;‘
2460 3429 2516 3477 et
2550 3420 2725 3476 malos
2753 3434 2783 3473 a
2810 3420 2945 3474 vitio
2969 3416 3335 3480 deterrebitis,
3360 3430 3486 3471 cum
3524 3430 3555 3469 a
3587 3412 3744 3469 vobis

2160 3513 2469 3585 posthaberi
2508 3521 2604 3567 aut
2643 3510 2820 3567 notari
2860 3509 3156 3580 ﬂagitiosos
3195 3507 3482 3563 dedecoris
3512 3521 3579 3563 ac
3625 3515 3741 3560 tur-

2153 3606 2412 3677 pitudinis
2443 3614 2569 3662 nota
2597 3605 2871 3661 videbunt.
2934 3602 3046 3673 Ego
3099 3615 3225 3657 vero
3280 3599 3553 3655 maximas
3591 3597 3744 3651 vobis

2154 3698 2357 3770 gratias
2382 3711 2481 3768 ago
2504 3696 2644 3767 quod
2682 3711 2767 3751 me
2791 3694 2977 3749 audire
3002 3694 3193 3764 quovis
3227 3692 3386 3747 modo
3418 3691 3737 3762 loquentem

2154 3790 2474 3855 volueritis;
2502 3789 2732 3859 majores
2765 3799 2942 3843 tamen
2983 3786 3266 3841 habiturus
3314 3786 3357 3839 si
3390 3801 3487 3840 vos
3523 3796 3739 3852 quoque

2156 3883 2556 3947 Bessarionem,
2623 3882 2839 3937 Patrem
2887 3880 3310 3951 amplissimum,
3359 3878 3559 3947 quovis
3604 3890 3739 3945 pra:-

2157 3976 2314 4031 couio
2337 3975 2580 4045 dignum,
2607 3974 2858 4030 laudibus
2883 3972 3079 4028 vestris
3100 3984 3217 4040 qua-
3232 3968 3572 4039 gravissima:
3588 3972 3732 4025 sunt,

2157 4064 2585 4123 celebraveritis.
