4114 6422
411 440 560 479 CXV“

1062 429 1580 493 BESSARIONIS
1621 433 1815 494 ACTA
1855 434 1939 496 IN
1982 438 2429 502 LEGATIONE
2464 439 2964 504 BONONIENSI.

3505 457 3673 503 C'H'lil

412 583 3671 615 .____________._______________________________

1295 771 2517 961 BESSABION
2526 777 2726 958 IS

744 1104 1231 1199 SANCT/E
1310 1106 1850 1202 ROMANIE
1927 1111 2532 1207 ECCLESIIE
2608 1120 3341 1216 CARDINALIS

1505 1327 1883 1444 ACTA
1971 1326 2604 1453 SELECTA

588 1556 769 1628 QUIE
812 1556 916 1620 AD
976 1554 1171 1619 EJUS
1214 1554 1721 1618 LEGATIONEM
1762 1559 1847 1621 IN
1910 1560 2120 1622 URBE
2156 1560 2501 1624 BONONIA
2539 1564 3020 1631 EXARCHATU
3061 1571 3471 1640 RAVENNE.

1225 1651 1322 1713 ET
1352 1650 1887 1714 ROMANDIOLE
1923 1655 2338 1719 PROVINCIA
2369 1659 2836 1735 PERTINENT,

1365 1787 1416 1848 E
1459 1802 1573 1848 ms.
1609 1786 1825 1850 codice
1854 1787 2155 1853 Vaticano
2196 1791 2571 1872 deprompta
2606 1793 2717 1873 (a).

488 2196 802 2260 Bessarton,
834 2194 1181 2251 miseratione
1200 2191 1382 2246 divina
1405 2191 1696 2261 episcopus
1724 2191 1994 2249 Tuscula-

414 2306 539 2355 nus,
566 2289 624 2344 S.
646 2287 713 2343 Β.
748 2287 1004 2343 Ecclesiae
1029 2286 1343 2351 cardinalis,
1386 2285 1437 2341 in
1472 2286 1691 2343 civitate
1742 2287 1995 2343 Bononia!

411 2383 820 2450 exarc'liatuque
853 2379 1171 2435 Ravennate
1219 2388 1273 2432 et
1306 2377 1677 2433 Romandiola:
1716 2380 1993 2449 provincia

417 2474 731 2543 apostolicae
777 2473 923 2528 sedis
958 2472 1167 2542 legatus
1195 2470 1262 2525 de
1296 2470 1487 2536 latere,
1516 2470 1715 2525 dilecto
1745 2470 1855 2524 filio
1904 2485 1995 2524 ar-

416 2567 830 2638 chipresbytero
868 2566 1117 2623 ecclesiae
1160 2564 1459 2633 collegiataa
1509 2564 1678 2618 sancti
1746 2563 1993 2618 Damiani

418 2660 808 2716 Saxenatensis
832 2659 1086 2716 dimcesis
1116 2658 1343 2713 salutem
1367 2656 1423 2712 in
1457 2656 1686 2711 Domino
1710 2656 1997 2726 sempiter-

414 2769 563 2807 nam.

489 2844 561 2899 Ex
588 2845 831 2916 iujuncto
856 2844 1011 2900 nobis
1034 2842 1324 2913 legationis
1344 2858 1590 2910 munere,
1613 2855 1777 2913 prout
1794 2843 1998 2900 decens

415 2948 472 2993 et
532 2952 829 3005 congruum
878 2946 983 3001 est,
1026 2936 1091 2990 ad
1133 2950 1194 2990 ea
1231 2936 1465 2990 libenter
1517 2935 1849 2991 intendimus
1901 2949 1999 3004 per

422 3044 543 3093 quae
580 3028 778 3098 inepiae
816 3026 1196 3092 ecclesiarum,
1246 3030 1543 3095 praesertim
1574 3028 1996 3090 cathedralium,

415 3119 745 3188 illarurnque
772 3118 1077 3193 antistitum
1130 3118 1550 3174 necessitatibus
1580 3118 1648 3174 de
1688 3118 2001 3174 subventio-

424 3216 510 3269 nis
566 3213 766 3267 auxilio
798 3210 1150 3281 provideatur
1175 3220 1505 3279 opportuno,
1540 3217 1598 3263 ut
1632 3224 1824 3273 onera,
1867 3209 1999 3276 ipsis

420 3307 487 3360 ad
510 3320 695 3359 eorum
732 3312 933 3359 statum
976 3304 1235 3357 decenter
1268 3303 1565 3357 tenendum
1598 3301 1994 3367 incumbentis,

414 3397 635 3454 facilius
657 3404 977 3467 supportare
998 3394 1230 3449 valeant.
1249 3393 1393 3450 Sane
1422 3409 1517 3464 pro
1537 3402 1688 3462 parte
1715 3393 1996 3449 reverendi

415 3493 471 3546 in
501 3491 719 3546 Christo
747 3489 926 3545 Patris
955 3487 1162 3543 domini
1215 3485 1444 3541 Mariani
1475 3486 1717 3556 episcopi
1749 3487 1997 3541 Saxena-

417 3584 591 3638 tensis
622 3583 810 3651 petitio
843 3595 1025 3651 nuper
1059 3579 1218 3635 nobis
1262 3579 1442 3635 oblata
1494 3580 1825 3642 continebat,
1851 3579 1997 3643 quod

414 3674 535 3743 ejus
556 3673 799 3731 Ecclesia
826 3674 1241 3735 Saxonatensis,
1261 3672 1346 3726 cui
1379 3672 1994 3739 prmessedignoSritur,

419 3766 580 3820 fuerit
619 3775 671 3819 et
697 3765 767 3819 sit
796 3764 846 3817 in
876 3762 1070 3817 annuis
1095 3761 1455 3816 reditibusita
1497 3762 1674 3815 tenuis
1719 3772 1773 3815 et
1818 3762 1995 3827 exilis,

419 3858 561 3927 quod
620 3858 739 3926 ipse
794 3856 1019 3911 minime
1050 3855 1225 3909 valeat
1288 3853 1586 3909 secundum
1641 3855 1999 3909 condecentia

418 3959 591 4005 status
614 3950 697 4004 sui
718 3964 777 4003 se
796 3956 848 4003 et
872 3947 975 4003 sibi
999 3946 1302 4002 servientes
1324 3948 1611 4000 commode
1630 3945 1996 4001 substentare.

417 4040 660 4107 Cumque
689 4040 742 4091 in
777 4038 997 4094 dioecesi
1024 4036 1144 4106 ejus
1177 4036 1246 4091 sit
1266 4035 1522 4101 ecclesia,
1551 4050 1644 4090 seu
1670 4035 1820 4104 plebs
1848 4050 2001 4089 rura-

420 4132 488 4186 Iis
522 4141 829 4202 nuncupata
877 4130 934 4185 S.
971 4130 1155 4184 Maria:
1177 4128 1537 4197 Romagnani,
1576 4128 1765 4183 habitu
1795 4135 1998 4193 tamen,

418 4234 471 4280 et
505 4240 609 4279 non
636 4234 759 4279 actu
806 4224 1090 4289 curata,in
1125 4222 1437 4276 nemoribus
1464 4230 1517 4275 et
1550 4221 1686 4276 locis
1722 4221 2000 4291 sylvestri-

418 4316 521 4371 bus
551 4319 867 4380 constituta,
900 4316 966 4370 ad
994 4331 1232 4384 prmseus
1264 4329 1467 4369 vacans
1504 4327 1599 4382 per
1620 4313 1829 4368 obitum
1860 4312 1991 4366 olim

420 4408 772 4477 Sempliciani
808 4408 1006 4461 dudum
1051 4407 1295 4461 canonici
1333 4405 1743 4469 Saxenatensis,
1774 4418 1867 4458 seu
1904 4419 1998 4473 per

420 4500 624 4555 obitum
646 4500 861 4556 Sanctis
880 4501 1006 4555 olim
1037 4500 1199 4553 etiam
1219 4499 1375 4553 dicta
1401 4497 1645 4553 ecclesiae
1666 4494 2003 4550 Saxenaten—

421 4596 496 4649 sis
535 4593 782 4648 canonici
813 4593 1125 4647 ultimorum
1151 4599 1421 4645 rectorum
1449 4588 1609 4645 dicta:
1624 4589 1890 4652 ecclesiae,
1911 4584 2005 4643 seu

422 4687 598 4757 plebis
641 4705 654 4741 :
698 4686 902 4741 idcirco
932 4700 997 4740 ex
1028 4685 1253 4754 speciali
1295 4683 1466 4753 gratia
1516 4682 1582 4737 de
1634 4680 2007 4737 subveutionis

430 4777 631 4833 auxilio
657 4789 981 4831 succurrere
1004 4774 1177 4829 eidem
1210 4773 1472 4829 vellemus
1490 4786 1552 4826 ac
1570 4772 1780 4842 plebem
1802 4772 1998 4841 prtel'a-

421 4879 530 4922 tam
557 4868 852 4938 episcopali
884 4868 1039 4921 dictae
1068 4865 1322 4921 Ecclesia:
1360 4864 1716 4921 Saxenatensi
1742 4872 2007 4933 perpetuo

423 4962 602 5027 unire,
631 4969 683 5013 et
735 4959 1086 5026 incorporare
1134 4959 1507 5029 dignarentur.
1560 4955 1670 5011 Nos
1723 4970 1876 5022 ergo,
1913 4956 2007 5025 ιιιιὶ

424 5051 717 5106 indefessis
759 5050 969 5104 studiis
1007 5049 1149 5103 votis
1208 5050 1457 5102 favemus
1514 5046 1859 5115 supplicium,
1895 5046 2000 5112 piis

422 5143 723 5213 prsesertim
759 5142 924 5212 justis
953 5150 1116 5211 atque
1149 5139 1419 5204 honestis,
1453 5139 1766 5209 praedictam
1788 5138 1996 5207 plebem

422 5237 481 5291 S.
521 5235 728 5301 Mariae,
754 5234 914 5304 cujus
941 5233 1151 5288 fructus
1177 5231 1273 5287 XV
1306 5233 1473 5287 libras
1503 5232 1623 5285 auri
1676 5231 1743 5285 de
1784 5244 1997 5284 camera

419 5328 715 5382 secundum
761 5341 1105 5383 communem
1157 5325 1572 5381 aastimationem
1633 5323 1866 5377 valorem
1904 5337 2002 5375 au-

389 5435 587 5485 uinum
625 5433 731 5472 non
762 5417 1055 5482 excedunt,
1098 5426 1155 5470 ut
1193 5417 1331 5471 idem
1361 5416 1648 5484 episcopus
1680 5414 1898 5478 asserit,
1945 5422 2000 5468 et

419 5511 575 5563 sicut
608 5509 957 5577 pra-mittitur
982 5519 1285 5572 vacantem,
1322 5507 1437 5560 sive
1469 5507 1574 5560 alio
1606 5507 1797 5573 quovis
1840 5505 1999 5558 modo

419 5610 514 5657 aut
539 5618 602 5655 ex
621 5601 843 5655 alterius
861 5600 1230 5669 cujuscunque
1272 5611 1499 5667 persona
1541 5611 1736 5651 vacare
1760 5595 1995 5663 dicatur,

2093 2101 2307 2156 etiamsi
2338 2110 2487 2157 tanto
2524 2110 2764 2174 tempore
2792 2105 3092 2169 vacaverit,
3124 2105 3268 2176 quod
3308 2102 3426 2174 ejus
3460 2104 3681 2160 collatio

2102 2209 2199 2250 seu
2228 2192 2471 2263 provisio
2497 2195 2650 2265 juxta
2697 2194 3086 2251 Lateranensis
3118 2204 3319 2249 statuta
3358 2195 3576 2251 concilii
3608 2196 3682 2249 sit

2096 2287 2159 2342 ad
2184 2287 2365 2343 sedem
2398 2288 2752 2355 apostolicam
2780 2287 3015 2358 legitime
3032 2287 3304 2356 devoluta,
3330 2288 3545 2343 etiamsi
3584 2302 3681 2356 per

2094 2381 2533 2437 constitutionem
2561 2394 2681 2451 quae
2726 2380 2915 2448 incipit
2950 2379 3400 2445 Exsecrabilium,
3431 2390 3674 2443 vacaret,

2094 2484 2150 2528 et
2186 2475 2328 2528 inter
2366 2473 2577 2544 aliquos
2605 2474 2692 2539 lis,
2721 2472 2879 2543 cujus
2923 2482 3128 2528 statum
3165 2474 3253 2529 hic
3294 2488 3394 2543 pro
3421 2488 3678 2543 expresso

2098 2565 2283 2619 haberi
2342 2565 2616 2631 volumus,
2657 2565 2889 2633 pendeat
2922 2565 3186 2629 indecisa,
3238 2580 3359 2619 cum
3422 2564 3678 2618 omnibus

2089 2659 2306 2727 juribus
2336 2668 2391 2715 et
2428 2659 2773 2731 pertinentiis
2792 2659 2927 2726 suis,
2952 2658 3242 2729 episcopali
3263 2658 3418 2713 dictae
3437 2658 3683 2711 ecclesiae

2099 2753 2457 2808 Saxenatensi
2485 2752 2815 2807 auctoritate
2849 2751 3137 2820 legationis
3161 2762 3215 2805 et
3240 2751 3385 2805 omni
3422 2750 3525 2803 alia
3554 2764 3685 2803 auc-

2098 2846 2341 2912 toritate,
2368 2860 2472 2915 qua
2522 2844 2820 2913 fungimur,
2861 2854 3121 2914 perpetuo
3153 2842 3395 2909 uniinus,
3431 2843 3683 2897 annecti-

2099 2953 2219 2993 mus
2248 2947 2302 2992 et
2330 2938 2765 3008 incorporamus,
2804 2938 3184 3003 decernentes,
3226 2951 3283 2991 ut
3312 2934 3534 3006 praefato
3569 2935 3684 3004 epi-

2097 3042 2261 3098 scopo
2291 3027 2517 3098 ejusque
2549 3027 2957 3085 successoribus
3006 3026 3461 3096 liceatprrefatam
3498 3026 3675 3081 eccle-

2098 3120 2235 3176 siam
2265 3119 2482 3175 Sanctze
2506 3119 2687 3175 Maria:
2714 3135 2835 3175 cum
2859 3120 2999 3174 dicta
3028 3120 3272 3177 Ecclesia
3308 3119 3675 3175 Saxenateusi

2099 3213 2372 3285 perpetuis
2408 3211 2744 3282 temporibus
2776 3211 2925 3267 licite
2972 3221 3025 3266 et
3051 3211 3217 3267 libere
3251 3211 3505 3275 retinere,
3540 3210 3684 3266 fruc-

2103 3316 2299 3376 tusque
2357 3312 2410 3359 et
2461 3303 2669 3359 reditus
2718 3318 2929 3369 omnes,
2982 3313 3037 3359 et
3076 3303 3318 3375 singulos
3382 3318 3506 3357 curn
3545 3304 3685 3358 intc-

2101 3401 2297 3470 gritate
2322 3397 2605 3469 percipere
2630 3396 3120 3453 constitutionibus
3152 3396 3505 3468 synodalibus
3529 3395 3686 3449 dieue

2103 3491 2355 3546 Ecclesiae
2389 3490 2794 3555 Saxenatensis,
2825 3505 2926 3545 nec
2959 3504 3066 3544 non
3107 3488 3551 3559 provincialibus,
3590 3502 3685 3541 seu

2101 3582 2166 3634 ad
2192 3582 2486 3635 canonicos
2512 3588 2566 3635 et
2599 3579 2894 3651 capitulum
2929 3562 3089 3634 dicta:
3120 3579 3388 3635 Ecclesia:
3436 3578 3687 3633 Saxena-

2104 3673 2270 3727 tensis
2299 3672 2564 3742 provisio,
2591 3687 2685 3727 seu
2745 3673 3095 3741 praesentatio
3120 3673 3348 3727 rectoris
3392 3671 3685 3742 pertineat,

2103 3766 2427 3834 caeterisque
2459 3764 2512 3820 in
2561 3765 2899 3819 contrarium
2959 3765 3289 3821 facientibus
3326 3779 3431 3819 non
3468 3766 3711 3835 obstan-r

2104 3854 2252 3909 tibus
2285 3855 2723 3925 quibuscunque,
2757 3854 2955 3925 quibus
2991 3856 3245 3910 omnibus
3276 3855 3495 3925 proprio
3539 3863 3685 3911 motu

2102 3954 2159 4004 et
2195 3963 2262 4002 ex
2327 3953 2475 4001 certa
2526 3944 2757 4001 scientia
2804 3944 3166 4012 derogamus;
3226 3947 3587 4000 decernentes
3617 3962 3684 4001 ex

2104 4054 2252 4093 nunc
2288 4037 2505 4093 irritum
2530 4046 2582 4090 et
2614 4037 2795 4102 inane,
2823 4035 2868 4090 si
2898 4050 3058 4091 secus
3089 4050 3254 4104 super
3281 4036 3349 4091 iis
3381 4051 3409 4089 a
3442 4052 3688 4105 quocun-

2104 4144 2211 4200 que
2243 4129 2500 4195 scienter,
2538 4128 2624 4183 vel
2674 4127 2990 4197 iguoranter
3023 4126 3308 4195 contigerit
3345 4130 3684 4199 attemptari.

2105 4222 2373 4288 Quocirca
2404 4220 2717 4275 discretioni
2750 4228 2855 4274 tuae
2884 4220 3211 4275 auctoritate
3251 4219 3470 4291 praefata
3498 4230 3688 4275 tenore

2105 4311 2462 4381 praesentium
2496 4311 2889 4368 committimus
2936 4321 2992 4366 et
3031 4312 3376 4377 mandamus,
3411 4324 3687 4383 quatenus

2106 4418 2203 4472 per
2227 4412 2276 4457 te
2310 4401 2393 4456 vel
2429 4402 2595 4456 alium
2633 4417 2732 4457 seu
2773 4404 2907 4458 alios
2934 4404 3185 4459 eumdem
3221 4406 3536 4474 episcopum
3598 4405 3681 4458 vel

2107 4505 2522 4568 procuratorem
2567 4509 2729 4550 suum
2785 4495 2905 4564 ejus
2962 4496 3180 4551 nomine
3233 4497 3589 4567 recipientem
3632 4498 3684 4552 iu

2103 4588 2444 4657 corporalem
2500 4587 2906 4657 possessionem
2964 4589 3123 4644 dictae
3175 4589 3433 4644 Ecclesia:
3473 4588 3687 4644 Sanctae

2103 4682 2306 4749 Mariae,
2340 4697 2403 4737 ac
2436 4681 2642 4751 jurium
2675 4689 2729 4735 et
2751 4681 3207 4749 pertinentiarum
3254 4681 3497 4751 ejusdem
3526 4684 3687 4737 indu-

2107 4790 2225 4839 cas,
2271 4784 2324 4829 et
2350 4774 2671 4827 auctoritate
2732 4784 2919 4829 nostra
2971 4775 3248 4829 inductum
3299 4775 3577 4842 defendas,
3631 4791 3688 4828 a-

2107 4876 2257 4921 moto
2314 4864 2512 4918 exinde
2556 4863 2796 4933 quolibet
2837 4864 3029 4919 illicito
3071 4865 3382 4934 detentore,
3412 4868 3577 4922 facias
3609 4870 3687 4921 di-

2106 4968 2257 5011 ctum
2285 4957 2602 5026 episcopum
2638 4957 2719 5011 vel
2741 4958 2861 5027 ejus
2901 4969 3307 5028 procuratorem
3341 4963 3407 5013 ad
3440 4959 3684 5014 eamdem

2106 5049 2359 5103 eclesiam
2395 5048 2602 5102 admitti
2633 5057 2791 5119 prout
2829 5059 2911 5104 est
2961 5053 3151 5113 moris,
3189 5050 3423 5120 sibique,
3453 5053 3535 5105 vel
3565 5052 3685 5119 ejus

2109 5142 2450 5211 procuratori
2485 5142 2549 5196 de
2574 5142 2863 5211 fructibus,
2907 5143 3173 5198 reditibus
3204 5150 3257 5197 et
3303 5145 3681 5214 proventibus,

2101 5233 2318 5301 juribus
2354 5243 2409 5289 et
2447 5235 2870 5290 obventionibus
2909 5234 3181 5291 universis
3218 5236 3427 5306 integre
3463 5250 3685 5305 respon-

2109 5326 2245 5392 deri,
2269 5326 2705 5383 contradictores
2753 5342 2846 5397 per
2913 5341 3198 5383 censuram
3251 5326 3679 5383 ecclesiasncam

2107 5427 2163 5471 et
2188 5418 2290 5470 alia
2341 5416 2481 5486 juris
2536 5418 2773 5473 remedia
2807 5418 3222 5487 compescendo.

2177 5596 2371 5647 Datum
2411 5594 2663 5649 Bononiae
2689 5610 2739 5648 vn
2774 5593 3019 5649 Januarii
3051 5592 3211 5647 1455.

484 5760 556 5821 (τι)
580 5764 737 5823 Supra
763 5761 881 5823 (col.
904 5760 1030 5823 XIX)
1059 5762 1247 5823 mentio
1273 5761 1331 5823 fit
1360 5760 1421 5808 de
1452 5760 1757 5809 llessarionis
1788 5756 2399 5823 legatione__Bononiensi.
2430 5755 2546 5823 Acta
2566 5768 2677 5823 quas
2717 5760 2775 5804 ad
2800 5756 2927 5823 hanc
2952 5755 3252 5823 legationem
3284 5752 3684 5823 spectantedidit

424 5814 675 5871 tamen]
704 5814 928 5871 Ve‘neliis
960 5814 1098 5877 ΠΗ,
1124 5835 1257 5881 apuo
1297 5822 1606 5869 'l‘ommasum
1634 5814 1911 5878 Bettinelli,
1946 5820 1996 5866 in
2024 5818 2149 5866 libro
2174 5816 2411 5881 inscripto
2436 5830 2449 5867 :
2476 5814 2791 5869 Miscellanea
2812 5814 3025 5867 divarié
3039 5821 3249 5881 operate
3302 5822 3417 5865 tofo.
3453 5816 3575 5866 ΠΗ.
3613 5817 3684 5867 Ea

419 5882 503 5931 hic
521 5883 758 5947 addimus,
781 5892 835 5933 ut
870 5885 1119 5947 potuimus
1156 5879 1224 5946 (at
1257 5896 1351 5932 non
1390 5885 1573 5944 ubique
1607 5882 1896 5945 potuimus),
1928 5881 2209 5930 emendata.
2234 5879 2369 5929 lium
