4114 6416
510 423 640 463 ωιιχ

588 636 897 700 Bessarion,
924 636 1275 692 miseratione
1298 639 1477 694 divina
1496 650 1699 696 sanctae
1718 640 1973 696 Romanzc
1998 641 2097 695 Ec-
2136 688 2140 695 .

517 728 697 783 clesiae
721 728 1041 794 cardinalis,
1070 730 1360 801 episcopus
1388 731 1757 797 Tusculanus,
1783 733 2096 802 apostolicae

519 820 665 874 sedis
697 820 903 889 legatus
951 822 1017 875 de
1047 822 1217 878 latere
1276 823 1329 876 in
1362 824 1583 879 civitate
1621 823 1901 888 Bononiae,
1935 838 2096 878 exar-

518 913 682 966 cbatu
716 912 989 968 Ravenna:
1020 923 1073 969 et
1097 914 1470 970 Romandiolte
1520 916 1802 983 provincia
1835 916 1887 969 in
1930 916 2095 985 spiri-

518 1003 755 1058 tualibns
791 1016 842 1059 et
876 1006 1266 1072 temporalibus
1314 1008 1588 1077 generalis
1630 1007 1889 1071 vicarius,
1948 1021 2098 1062 reve-

516 1096 686 1148 rendo
726 1097 777 1148 in
805 1096 1022 1151 Christo
1059 1096 1202 1152 Patri
1234 1098 1463 1152 Domino
1507 1099 1765 1167 episcopo
1802 1096 1997 1168 Regin,
2044 1108 2098 1153 et

518 1186 731 1243 dilectis
762 1187 815 1241 in
861 1188 1081 1245 Christo
1134 1190 1262 1245 filiis
1290 1190 1529 1260 capitulo
1562 1189 1809 1259 ejusdem
1850 1192 2097 1247 ecclesia:

521 1280 748 1334 salutem
773 1282 825 1335 in
848 1282 1219 1349 Domino,ctc.
1734 1272 1739 1275 “

592 1373 724 1428 Cum
747 1390 775 1428 a
804 1376 956 1429 nobis
986 1378 1190 1446 petitur
1210 1376 1349 1447 quod
1376 1376 1646 1431 honestati
1678 1377 2002 1431 convenitct
2030 1376 2095 1430 ad

522 1465 783 1521 honorem
800 1467 1156 1523 ecclesiarum
1192 1470 1493 1539 praesertim
1518 1469 1908 1524 cathedralium
1933 1470 2096 1535 cedit,

527 1559 712 1613 animo
742 1573 842 1613 nos
864 1559 1023 1614 decet
1048 1560 1235 1615 libenti
1257 1561 1576 1627 concedere,
1601 1570 1655 1615 et
1681 1562 1976 1630 petentium
2003 1562 2098 1615 de-

522 1650 737 1706 sideriis
765 1654 1076 1722 praesidium
1107 1653 1392 1721 impertiri.
1417 1653 1552 1708 Cum
1582 1655 1791 1724 itaque,
1812 1655 1971 1709 sicuti
2002 1669 2097 1722 pe-

523 1744 735 1797 titionis
764 1754 959 1799 vestrae
993 1744 1147 1800 nobis
1181 1746 1378 1800 oblatae
1430 1749 1601 1802 series
1630 1749 1965 1810 continebat,
2005 1762 2099 1802 vos

524 1834 776 1903 praelatus
801 1834 1057 1892 dominus
1090 1838 1375 1908 episcupus
1395 1839 1588 1909 Regin.
1628 1856 1734 1894 una
1761 1858 1881 1895 cmn
1904 1841 2100 1895 vestris

524 1926 805 1980 canonicis
822 1942 918 1996 pro
948 1929 1154 1983 honore
1177 1930 1332 1983 dictae
1351 1928 1608 1984 Ecclesiae
1636 1931 1703 1985 ad
1740 1931 2096 1984 imitationem

524 2022 752 2076 aliarum
774 2023 1124 2077 ecclesiarum
1164 2025 1555 2079 cathedralium
1577 2025 1840 2079 duxeritis
1858 2035 2101 2079 statuen-

522 2116 653 2167 dum
690 2116 830 2182 quod
866 2115 1097 2185 quilibet
1124 2116 1280 2171 dicta:
1309 2116 1551 2171 ceclesiue
1580 2117 1878 2171 enttonimts
1927 2118 2099 2172 almu-

526 2207 597 2258 tia
627 2205 820 2261 debeat
856 2209 933 2261 uti
984 2207 1038 2261 in
1092 2208 1321 2263 ecclesia
1356 2210 1632 2279 praelibata
1683 2210 1876 2264 saltem
1909 2211 2097 2264 diebus

524 2298 729 2355 iestivis
754 2307 807 2355 et
824 2301 1158 2356 s'olemnibus
1188 2303 1237 2356 in
1268 2301 1485 2369 oliiciis,
1526 2312 1580 2358 et
1604 2304 1764 2358 etiam
1791 2302 2100 2358 Mansiona-

524 2393 590 2447 rii
622 2395 891 2462 praedicta:
908 2395 1154 2451 ecclesiae
1174 2392 1325 2451 more
1349 2396 1839 2452 mansionariorum
1867 2397 2097 2451 aliarum

521 2484 876 2541 ecclesiarum
898 2487 1289 2542 cathedralinm
1322 2488 1563 2556 subjecta
1598 2503 1757 2557 poena
1802 2489 1855 2542 in
1913 2488 2099 2559 hujus-

524 2582 669 2635 tuodi
749 2583 1133 2638 constitutione
1185 2592 1465 2649 contenta,
1522 2595 1577 2639 et
1640 2584 1951 2639 successive
2006 2599 2102 2654 per

523 2674 683 2727 aliam
714 2676 871 2730 modo
936 2676 1099 2732 simili
1123 2676 1567 2731 constitutionem
1596 2677 1926 2733 celebratam
1959 2678 2100 2730 iubi-

524 2764 774 2828 bueritis,
808 2775 863 2818 et
891 2780 1149 2834 expresse
1178 2766 1565 2820 mandaveritis
1598 2781 1666 2821 ne
1696 2766 1817 2834 quis
1842 2767 1983 2820 alius
2011 2781 2101 2821 ca-

526 2856 755 2912 nonicus
792 2857 1032 2927 cujusvis
1068 2857 1291 2913 alterius
1329 2858 1575 2913 ecclesiae
1608 2857 1906 2929 collegiata:
1939 2862 1990 2913 in
2023 2858 2103 2914 ci-

525 2948 713 3012 vitate,
749 2948 832 3003 vel
890 2949 1116 3004 dioacesi
1169 2948 1375 3019 Regina
1410 2947 1718 3004 constitutae
1761 2950 1838 3004 uti
1886 2950 2099 3017 debeat,

526 3039 722 3108 possit,
756 3039 841 3094 vel
870 3047 1163 3110 praesumat
1192 3040 1487 3109 aliquibus,
1516 3040 1604 3096 vel
1645 3041 1826 3111 aliqua
1858 3040 2098 3108 almutia,

527 3135 610 3188 vel
642 3133 883 3189 almutiis
898 3133 1061 3188 simili
1080 3133 1160 3188 vel
1190 3133 1477 3198 similibus,
1498 3133 1743 3187 dissimili
1771 3132 2101 3189 veldissimi-

524 3223 667 3278 libus
693 3224 794 3278 sub
832 3237 993 3293 poena
1018 3222 1601 3278 excommunicationis
1634 3232 1687 3277 et
1715 3224 2100 3280 beneﬁciorum

525 3315 866 3384 privationis,
887 3323 1046 3385 prout
1071 3314 1125 3367 in
1156 3313 1315 3368 dictis
1337 3313 1817 3370 constitutionibus
1846 3329 1979 3384 quas
2012 3316 2103 3370 hic

525 3422 623 3479 pro
682 3407 957 3479 ettpressis
1012 3405 1201 3461 haberi
1244 3406 1514 3472 volumus,
1548 3406 1709 3462 latius
1768 3408 2097 3463 continetur.

523 3499 707 3566 Quare
738 3514 836 3570 pro
867 3508 1021 3569 parte
1079 3507 1257 3553 vestra
1318 3507 1375 3553 et
1427 3497 1648 3568 capituli
1699 3496 1909 3568 praefati
1947 3500 2103 3554 nobis

526 3592 885 3662 supplicatum
908 3591 1032 3657 fuit,
1064 3598 1329 3660 quatentts
1350 3604 1449 3659 pro
1476 3590 1728 3645 validiori
1750 3590 2101 3647 subsistentia

527 3683 1008 3739 constitutionibus
1038 3681 1332 3753 praedictis,
1370 3697 1433 3737 ac
1472 3683 1726 3737 omnibus
1775 3690 1829 3735 et
1874 3684 2125 3754 singulis

526 3776 795 3832 contentis
825 3778 878 3830 in
901 3775 1059 3831 dictis
1075 3775 1558 3830 constitutionibus
1578 3784 1782 3830 nostrae
1812 3776 2105 3830 confirma-

528 3869 695 3926 tionis
717 3870 878 3923 robur
898 3867 1136 3937 adjicere
1167 3867 1533 3936 dignaremur,
1558 3880 1775 3920 omnem
1803 3863 2102 3935 supplendo

526 3964 821 4028 defectum,
853 3964 896 4018 si
923 3964 1046 4031 quis
1082 3962 1263 4015 forsan
1291 3961 1646 4015 intervenerit
1681 3959 1732 4012 in
1757 3956 2103 4014 eisdetn.Nos

524 4072 653 4125 ergo
678 4055 874 4110 vestris
894 4064 945 4107 et
972 4053 1191 4123 capituli
1219 4050 1458 4120 praedicti
1494 4051 1546 4105 in
1588 4052 1690 4105 bac
1720 4060 1870 4121 parte
1898 4050 2106 4121 suppli-

524 4148 850 4212 cati0uibus,
868 4153 1130 4216 quantum
1168 4158 1289 4198 cum
1312 4142 1419 4198 Deo
1442 4157 1756 4212 possumus,
1775 4152 2101 4208 annuentes,

526 4241 945 4297 constitutiones
1002 4239 1312 4307 prmdictas,
1340 4250 1567 4304 quarum
1602 4243 1844 4289 tenorem
1888 4234 1974 4288 bic
2008 4249 2105 4302 pro

525 4348 790 4402 expresso
821 4331 1011 4385 haberi
1045 4329 1314 4393 volumus,
1346 4327 1639 4396 omniaque
1667 4325 1773 4380 alia
1813 4336 1867 4381 et
1897 4326 2105 4396 singula

528 4441 627 4497 per
656 4442 770 4489 vos,
800 4431 857 4477 ut
878 4422 1183 4493 praefertur,
1217 4419 1361 4474 facta
1394 4428 1451 4474 et
1473 4419 1723 4474 ordinata
1756 4426 1870 4473 rata
1900 4418 2106 4475 haben-

532 4531 611 4575 tes
638 4530 693 4573 et
715 4526 888 4584 grata,
918 4517 1004 4569 illa
1036 4516 1360 4569 auctoritate
1384 4513 1678 4583 apostolica
1712 4521 1914 4567 nostrae
1950 4513 2100 4583 lega-

532 4612 697 4667 tionis
723 4614 982 4678 omnique
1030 4607 1132 4660 alia
1161 4607 1505 4669 auctoritate,
1542 4620 1647 4674 qua
1678 4604 1953 4675 fungimur
1976 4620 2107 4660 con-

531 4707 832 4768 ﬁrmamus,
848 4700 1211 4773 approbamus
1231 4710 1285 4753 et
1304 4700 1583 4768 praesentis
1599 4699 1780 4769 scripti
1806 4698 2107 4769 patrocinio

533 4790 933 4845 commnnimus
965 4787 1266 4858 supplendo
1290 4801 1481 4842 omnes
1504 4778 1771 4855 deiectus,
1817 4789 1860 4843 si
1894 4790 1983 4858 qui
2021 4790 2109 4843 itt-

535 4883 868 4939 tervenerint
902 4882 954 4937 in
987 4880 1305 4952 praemissis,
1360 4878 1555 4949 illaque
1590 4880 1938 4934 decernimus
1986 4896 2108 4951 per-

535 4976 717 5046 petuis
768 4973 971 5029 futuris
1000 4972 1330 5040 temporibus
1370 4972 1758 5027 inviolabiliter
1794 4972 2103 5037 observari,

535 5085 642 5125 non
666 5066 1010 5122 obstantibus
1036 5064 1453 5134 quibuscunque
1477 5064 1977 5127 constitutionibus,
2002 5075 2112 5119 sta-

536 5163 669 5218 tutis
688 5168 743 5216 et
762 5157 1244 5215 consuetudinibus
1266 5166 1319 5211 et
1340 5156 1461 5210 aliis
1480 5155 1530 5209 in
1549 5156 1884 5211 contrarium
1910 5154 2114 5211 facien-

534 5256 698 5312 tibus.

605 5345 797 5401 Datum
835 5344 1113 5407 Bononiae,
1135 5342 1219 5397 dic
1252 5359 1303 5398 vt
1346 5341 1657 5397 Decembris
1684 5339 1839 5395 H52.

607 5600 919 5665 Bessarion,
947 5608 1079 5662 etc.,
1100 5595 1393 5652 venerabili
1426 5595 1543 5649 viro
1567 5593 1846 5665 Sylvestro
1885 5590 2115 5657 Quirino

536 5690 870 5759 dchnctiis,
899 5693 1241 5746 decretorum
1286 5689 1520 5753 doctori,
1553 5684 1995 5742 reverendissimi
2018 5682 2116 5737 do-

542 5784 676 5838 tnini
704 5784 1099 5854 archiepiscopi
1150 5782 1492 5837 Ravennatis
1539 5780 1766 5847 vicario,
1789 5776 2018 5833 salutent
2062 5783 2116 5832 el

538 5880 816 5937 sinceram
848 5881 900 5936 itt
932 5879 1161 5939 Domino
1197 5875 1550 5934 charitatent.

1784 413 2304 474 BESSARIONIS
2346 410 2533 469 ACTA

3676 398 3779 442 6X!

2281 521 2442 576 Sedis
2473 518 2790 592 apostolicae
2824 512 3169 587 providentia
3215 509 3615 581 circumspecta
3650 523 3785 562 non-

2206 632 2481 685 nunquam
2523 617 2758 685 rigorem
2783 612 2924 680 juris
2954 606 3375 664 mansuetudine
3407 614 3698 673 temperat.
3729 614 3785 657 et

2204 710 2349 779 quod
2383 723 2662 764 sacrorum
2698 718 2966 761 canonum
2987 698 3547 774 probibentinstituta
3577 696 3644 749 de
3666 711 3788 764 gra-

2207 805 2280 857 tia
2308 802 2661 873 benignitatis
2694 798 2952 871 indulget,
2972 807 3147 867 _pront
3176 808 3535 863 personarum
3566 800 3621 845 et
3656 800 3787 844 tem-

2207 910 2398 965 porum
2434 895 2695 964 qualitatc
2722 901 2947 960 pensata
2972 890 3023 945 id
3055 889 3109 965 in
3149 887 3261 941 Deo
3292 885 3593 941 salubriter
3625 894 3786 949 expe-

2205 963 2322 1043 dire
2351 963 2653 1057 cognoscit.
2693 985 2837 1040 Sane
2865 1000 2928 1039 ex
2956 963 3109 1052 parte
3140 978 3528 1035 Bartbolomaai
3556 979 3621 1030 de
3645 975 3786 1029 Stre~

2206 1064 2436 1153 geni-bus
2475 1088 2531 1134 et
2566 1077 2749 1132 Maria:
2786 1075 3050 1145 Gasparis
3085 1074 3153 1129 de
3204 1070 3469 1149 Manusiis
3500 1069 3566 1123 de
3600 1065 3789 1121 Russis

2206 1172 2451 1227 mulieris
2475 1171 2768 1241 eonjngnm
2811 1167 2969 1222 nobis
3000 1164 3181 1221 oblata
3214 1162 3406 1231 petitio
3451 1157 3785 1214 continebat.

2206 1266 2348 1332 quod
2375 1262 2476 1333 ipsi
2500 1262 2588 1316 diu
2607 1263 2948 1332 ignorantes,
2977 1257 3194 1327 aliquod
3220 1251 3677 1324 impedimentmn
3708 1246 3789 1299 in-

2209 1364 2292 1407 ter
2320 1367 2417 1407 eos
2452 1353 2716 1407 exsistere
2745 1350 3041 1420 quominus
3066 1354 3286 1418 possent
3321 1345 3387 1398 ad
3413 1342 3648 1396 invicem
3680 1351 3789 1391 ma-

2207 1434 2593 1498 trimonialiter
2649 1442 2917 1512 copulari,
2976 1437 3392 1509 matrimonium
3432 1434 3580 1488 inter
3609 1446 3667 1486 se
3696 1445 3786 1499 per

2208 1536 2369 1589 verba
2401 1536 2464 1589 de
2493 1535 2745 1603 praesenti
2782 1532 3121 1588 clandestine
3140 1534 3564 1589 contraxerunt,
3589 1520 3787 1577 carnali

2208 1625 2397 1693 copula
2458 1626 2600 1682 inter
2632 1641 2729 1681 eos
2765 1625 3008 1680 nondum
3062 1621 3408 1685 subsecuta;
3449 1614 3787 1686 postmodum

2206 1730 2340 1771 vero
2369 1717 2437 1771 ad
2472 1694 2659 1772 eorum
2694 1716 2939 1786 pervenit
2974 1714 3225 1769 notitiam
3253 1710 3399 1780 quod
3427 1717 3627 1779 quarto
3658 1719 3787 1759 con-

2211 1808 2601 1878 sanguinitatis
2632 1810 2797 1877 gradu
2830 1808 3064 1863 invicem
3096 1811 3222 1861 sunt
3245 1800 3553 1873 conjuncti,
3574 1806 3789 1868 propter

2209 1902 2354 1970 quod
2389 1902 2441 1955 in
2474 1901 2782 1968 hujusmodi
2818 1896 3168 1955 matrimonio
3214 1907 3498 1950 remanere
3527 1905 3636 1945 non
3669 1902 3794 1959 pos-

2211 2002 2361 2059 sunt,
2414 1994 2713 2063 apostolica
2745 2008 2909 2063 super
2950 1992 3054 2046 hoc
3088 2004 3196 2044 nun
3227 1988 3450 2043 obtenta
3509 1984 3787 2051 dispensa—

2214 2093 2379 2147 tione.
2413 2088 2474 2142 Et
2528 2089 2670 2143 sicut
2695 2087 2885 2140 eadem
2937 2082 3128 2156 petitio
3162 2078 3529 2149 subiungebat
3578 2078 3623 2133 si
3660 2078 3793 2130 inter

2211 2182 2665 2238 Bartbolomaaum
2694 2188 2748 2232 et
2769 2177 2991 2231 Mariam
3022 2173 3273 2245 praefatos
3297 2171 3596 2226 divortium
3621 2168 3790 2232 ﬁeret,

2209 2275 2602 2337 dissensiones,
2629 2272 2828 2325 damna
2853 2279 2908 2325 et
2932 2267 3187 2324 scandala
3212 2267 3355 2320 inter
3382 2265 3555 2335 ipsos,
3577 2275 3792 2315 eorum-

2209 2381 2317 2436 que
2348 2368 2790 2435 consanguineos
2845 2370 2901 2417 et
2928 2361 3135 2416 amicos
3166 2359 3366 2414 exinde
3414 2352 3792 2410 verosimiliter

2209 2457 2416 2512 exoriri
2478 2464 2724 2526 possent.
2754 2453 2937 2520 Quare
2966 2468 3065 2522 pro
3119 2463 3276 2521 parte
3322 2444 3710 2503 Bartholomzei
3741 2450 3793 2497 et

2210 2548 2395 2603 Mariae
2430 2547 2592 2603 nobis
2628 2546 2731 2601 fuit
2773 2543 3051 2600 humiliter
3082 2541 3442 2612 supplicatum
3482 2548 3541 2593 ut
3578 2536 3706 2607 ipsis
3739 2539 3790 2586 et

2211 2655 2399 2696 eorum
2431 2640 2657 2694 cuilibet
2693 2652 2859 2707 super
2886 2637 2991 2692 hoc
3015 2634 3083 2691 de
3130 2633 3497 2689 absolutionis
3533 2627 3789 2685 beneﬁcio

2212 2749 2241 2787 a
2268 2731 2504 2804 generali
2540 2728 3122 2785 excommunicationis
3151 2726 3446 2791 sententia,
3467 2738 3631 2794 quam
3672 2732 3790 2789 pro-

2210 2833 2331 2897 pter
2385 2822 3097 2881 contractumclandestine
3150 2818 3565 2874 matrimonium
3609 2814 3790 2883 hujus-

2210 2918 2355 2974 modi
2420 2915 2828 2987 quomodolibet
2905 2914 3275 2978 incurrerunt,
3334 2919 3389 2966 et
3478 2916 3791 2979 opportuna:

2210 3008 2630 3079 dispensationis
2654 3006 2829 3076 gratia
2848 3004 3137 3077 providere
3160 3005 3226 3059 de
3245 3002 3585 3071 benignitate
3609 3006 3783 3053 nestra

2209 3103 2588 3173 dignaremur.
2630 3098 2741 3155 Nos
2792 3098 2977 3166 itaque
3026 3098 3269 3166 ipsorum
3311 3089 3693 3148 Bartbolomei
3741 3094 3792 3140 et

2210 3192 2397 3247 Maria:
2430 3193 2482 3247 in
2534 3191 2635 3245 hac
2654 3199 2812 3260 parte
2852 3185 3349 3258 supplicationibus
3392 3181 3665 3243 inclinati,
3704 3190 3791 3232 eo-

2210 3299 2439 3355 rumque
2470 3285 2781 3339 animarum
2827 3280 2986 3336 saluti
3042 3278 3334 3349 providere
3377 3284 3433 3332 et
3482 3266 3787 3344 hujusmodi

2211 3378 2648 3437 dissensionibus
2677 3391 2741 3431 ac
2764 3374 3054 3437 seandalis,
3078 3381 3345 3442 quantum
3373 3382 3499 3422 cum
3529 3366 3639 3420 Deo
3668 3373 3791 3431 pos-

2212 3484 2419 3536 sumus,
2446 3468 2668 3524 obviare
2696 3465 2962 3530 volentes,
2989 3463 3055 3517 lt.
3084 3460 3150 3518 V.
3172 3460 3241 3516 de
3270 3473 3377 3530 qua
3410 3458 3461 3511 in
3498 3458 3564 3511 iis
3599 3463 3651 3510 et
3680 3450 3794 3505 aliis

2210 3560 2428 3630 plenam
2478 3558 2529 3612 in
2572 3555 2806 3611 Domino
2835 3552 3090 3609 ﬁduciam
3121 3550 3436 3606 obtinemus
3468 3542 3790 3627 auctoritate

2212 3650 2506 3723 apostolica
2525 3648 2681 3705 nobis
2702 3660 2983 3712 concessa,
2998 3657 3105 3714 qua
3129 3642 3403 3713 fungimur
3419 3639 3472 3694 in
3493 3641 3597 3694 hac
3620 3643 3786 3708 parte,

2213 3759 2310 3813 per
2339 3743 2454 3797 haec
2498 3742 2701 3810 scripta
2740 3736 3158 3800 committimus,
3191 3742 3246 3788 et
3284 3732 3632 3793 mandamus,
3662 3739 3788 3796 qua-

2215 3847 2374 3891 tenus
2408 3836 2627 3889 eosdem
2664 3830 3127 3887 Bartholomteum
3162 3836 3218 3883 et
3249 3826 3474 3881 Mariam
3515 3833 3677 3893 atque
3701 3832 3791 3871 eo-

2215 3942 2337 3982 rum
2364 3925 2680 3995 quemlibet,
2721 3925 2766 3979 si
2810 3924 2926 3977 haec
2953 3919 3233 3975 humiliter
3267 3916 3553 3985 petierint,
3596 3915 3661 3969 ah
3696 3911 3792 3963 hu-

2208 4017 2446 4088 jusmodi
2499 4000 3086 4070 excetumttnicationis
3141 4010 3442 4072 sententia,
3477 4006 3793 4062 auctoritate

2214 4108 2520 4179 apostolica
2540 4107 2759 4177 praefata
2783 4102 3079 4159 absolvatis
3104 4102 3159 4156 in
3185 4100 3359 4155 forma
3389 4099 3649 4154 Ecclesia:
3669 4106 3792 4147 con-

2214 4210 2392 4267 sueta,
2418 4200 2686 4270 injnnCIis
2742 4198 2869 4252 inde
2903 4210 3094 4252 eorum
3117 4194 3339 4250 cuilibet
3368 4208 3465 4262 pro
3495 4191 3656 4246 modo
3679 4184 3792 4241 cul-

2222 4310 2301 4365 pa:
2332 4270 2651 4362 pwnitetitia
2695 4287 2924 4344 salutari
2960 4295 3016 4342 et
3034 4286 3176 4347 aliis,
3207 4301 3327 4355 qua:
3354 4285 3564 4354 dejttre
3601 4279 3794 4336 fuerint

2221 4386 2566 4456 injnugenda.
2629 4383 2849 4437 Demum
2891 4382 2935 4436 si
2970 4382 3043 4435 ita
3073 4388 3174 4447 est,
3201 4390 3256 4433 et
3300 4379 3442 4432 dicta
3474 4377 3641 4431 Maria
3677 4383 3794 4442 pru-

2222 4486 2339 4547 pter
2364 4478 2465 4531 hoc
2493 4485 2645 4543 rapta
2672 4488 2778 4527 non
2814 4472 3135 4537 fuerit,cutn
3170 4470 3373 4525 eisdem
3404 4466 3793 4523 Bartholomwo

2221 4579 2275 4625 et
2314 4568 2481 4623 Maria
2517 4576 2576 4621 ut
2623 4565 3014 4636 impedimento
3045 4562 3225 4633 quarti
3310 4552 3796 4629 consanguinitatis

2220 4661 2426 4730 gradus
2458 4655 2780 4727 hujusmodi
2808 4670 2925 4711 non
2966 4654 3239 4721 obstante,
3270 4653 3322 4708 in
3369 4652 3513 4707 dicto
3549 4652 3630 4706 sic
3662 4648 3796 4701 inter

2220 4767 2314 4809 eos
2337 4759 2620 4807 contracto
2652 4746 3000 4802 matrimonio
3042 4758 3326 4800 remanere
3352 4752 3408 4798 et
3444 4744 3510 4797 ad
3547 4742 3691 4812 illius
3713 4749 3797 4791 soc

2220 4844 2658 4901 lemnizationem
2695 4842 2849 4912 juxta
2887 4847 3091 4894 sancta:
3137 4836 3327 4891 matris
3358 4836 3620 4890 Ecclesia:
3652 4827 3798 4885 insti-

2222 4938 2487 4992 tationem
2511 4945 2568 4990 ct
2594 4948 2798 4989 morem
2830 4932 3037 5000 patriae,
3080 4930 3378 5001 procedere
3427 4926 3598 4980 libere
3657 4931 3710 4977 et
3738 4918 3797 4971 li-

2222 5030 2330 5085 cite
2366 5030 2667 5098 possint,et
2695 5024 2906 5079 valeant
2929 5022 3257 5078 auctoritate
3287 5019 3585 5090 apostolica
3605 5011 3796 5088 pradi-

2221 5131 2310 5175 cta
2337 5119 2661 5187 dispensetis
2685 5118 2891 5188 prolem
2921 5130 2987 5170 ex
3014 5114 3369 5169 matrimonio
3397 5106 3793 5180 suscipiendam

2223 5214 2536 5286 hujusmodi
2586 5213 2889 5285 legitimam
2922 5209 3290 5267 decernendo.
3320 5207 3385 5265 In
3414 5223 3660 5281 quorum,
3690 5211 3791 5258 etc.

2295 5333 2488 5387 Datum
2513 5328 2792 5393 Bononiae,
2820 5324 2893 5378 22
2921 5324 3050 5380 Maii
3083 5323 3241 5379 1455.

2970 5459 3061 5515 ιν.

2296 5581 2606 5646 Bessarion,
2655 5578 3007 5634 miseratione
3038 5576 3223 5631 divina
3263 5575 3549 5645 episcopus
3599 5571 3796 5625 Tuscu-

2227 5680 2403 5739 lanus,
2427 5676 2484 5729 S.
2503 5673 2641 5727 ΚΕ.
2664 5671 2983 5735 cardinalis,
3014 5668 3265 5723 Nic-aeuus
3283 5668 3576 5736 vulgariter
3595 5671 3794 5717 nuncu-

2228 5782 2406 5842 pattts,
2428 5769 2479 5821 in
2498 5766 2718 5821 civitate
2739 5760 2992 5818 Benoniae
3024 5762 3356 5816 exarcltatus
3374 5750 3792 5814 Ravennatcnsis

2228 5872 2282 5922 et
2318 5859 2687 5917 liomandiola-
2720 5856 3001 5927 provincia
3056 5856 3200 5912 sedis
3234 5854 3545 5926 apostolicae
3599 5852 3795 5916 legatus
