4114 6458
407 405 530 469 cui

403 531 686 592 delatore,
711 529 909 584 dilecto
947 531 1053 585 lilio
1076 532 1268 586 Joanni
1301 533 1580 598 Anthomi,
1605 535 1805 589 clerico
1842 535 1974 588 Par-

404 623 910 689 tnensi,ltabitatori
945 624 1122 678 Castri
1159 624 1514 695 (Irepalcorii,
1546 628 1771 682 salutem
1803 629 1980 683 etsiu-

403 729 584 770 ceram
618 715 670 768 in
702 714 934 769 Domino
961 716 1306 772 charitatem.

419 823 424 828 ’
476 807 610 863 Vitae
637 815 691 863 et
717 823 931 864 morum
957 809 1238 878 honestas,
1283 812 1498 880 aliaque
1527 812 1814 867 laudabilia
1849 827 1977 880 pro-

405 902 588 956 bitatis
618 911 672 956 et
718 901 980 956 virtutum
1011 904 1224 970 merita,
1259 918 1420 973 super
1454 906 1650 974 quibus
1703 907 1843 974 apud
1881 921 1978 960 nos

406 992 512 1046 fide
550 993 712 1062 digno
761 995 1163 1049 commendaris
1197 996 1530 1062 testimonio,
1560 1012 1659 1051 nos
1692 998 1976 1059 inducunt.

405 1096 465 1140 ut
495 1086 594 1141 tibi
629 1087 926 1142 reddantur
953 1088 1016 1142 ad
1051 1089 1278 1159 gratiam
1320 1088 1592 1145 liberales.
1620 1090 1754 1146 Cum
1798 1093 1980 1160 itaque

401 1178 563 1234 sicuti
599 1178 876 1248 petitionis
907 1189 1012 1234 tuae
1042 1181 1198 1235 nobis
1215 1181 1408 1237 oblatae
1439 1183 1608 1237 series
1641 1182 1977 1246 continebat,

407 1269 738 1324 venerabilis
799 1271 880 1325 vir
931 1271 1183 1326 dominus
1241 1271 1476 1328 Joannes
1546 1271 1806 1328 Senensis
1881 1273 1978 1328 deo

404 1369 679 1416 cretorum
728 1362 939 1427 doctor,
977 1361 1260 1426 reverendi
1293 1367 1460 1433 patris
1508 1365 1715 1420 domini
1768 1364 1978 1421 Guroni

405 1451 594 1507 Maria:
630 1452 880 1509 Estensis
925 1456 1378 1510 commendatarii
1421 1457 1739 1510 monasterii
1792 1456 1978 1511 Sancti

406 1543 655 1600 SJvestri
710 1547 777 1601 de
835 1544 1050 1601 Mantua
1107 1545 1429 1601 Mutinensis
1460 1547 1708 1603 dioecesis
1746 1549 1799 1602 in
1833 1548 1979 1603 dicto

404 1638 738 1692 monasterio
762 1638 1028 1708 generalis
1050 1638 1308 1705 vicarius,
1325 1649 1553 1695 vacante
1577 1639 1859 1707 clericatu,
1880 1657 1977 1697 seu

404 1728 641 1784 clericus
684 1729 950 1784 beneficio
979 1731 1224 1785 instituto
1277 1733 1331 1786 in
1377 1731 1618 1787 Ecclesia
1675 1747 1772 1789 seu
1824 1734 1980 1801 plebe

406 1820 626 1876 Sanctae
650 1821 831 1877 Mariae
856 1822 922 1875 de
947 1822 1251 1878 Brennucio
1281 1825 1346 1878 de
1374 1823 1715 1893 Crepalcorio
1737 1826 1979 1895 subjecta

405 1913 743 1968 monasterio
804 1914 1066 1982 przedicto
1116 1913 1300 1970 Sancti
1375 1915 1622 1971 Silvestri
1671 1916 1977 1979 Cumoleni,

405 2007 726 2061 clericatum
759 2006 853 2060 tibi
882 2004 1082 2060 Joanni
1119 2007 1342 2077 praefato
1373 2009 1684 2074 contulerit,
1727 2020 1780 2063 et
1820 2010 1888 2065 de
1916 2025 1980 2064 eo

404 2097 706 2163 providerit
731 2115 746 2155 :
788 2111 956 2168 quare
985 2115 1081 2169 pro
1109 2108 1264 2170 parte
1285 2111 1372 2156 tua
1403 2101 1563 2156 nobis
1588 2100 1688 2156 fuit
1711 2102 1982 2172 supplica-

409 2198 549 2254 tum,
581 2198 639 2244 ιιι
669 2191 874 2244 dictum
907 2191 1222 2246 clericatum
1252 2194 1318 2246 de
1348 2207 1486 2249 novo
1523 2193 1618 2248 tibi
1645 2195 1895 2249 conferre
1925 2204 1981 2249 et

409 2281 478 2334 de
508 2295 576 2335 eo
601 2282 885 2348 providere
920 2283 1196 2339 vellemus.
1228 2282 1336 2339 Nos
1371 2285 1549 2355 itaque
1577 2285 1683 2339 tuis
1706 2285 1983 2354 supplica-

413 2371 651 2426 tionibus
679 2373 1314 2438 inclinati,collationcm
1359 2385 1412 2431 et
1435 2378 1802 2448 provisionetn
1846 2393 1985 2448 prae-

409 2461 586 2515 dictas
641 2465 964 2520 auctoritate
1013 2477 1214 2522 nostrae
1271 2467 1560 2539 legationis
1594 2471 1979 2540 approbantes,

408 2555 658 2608 eumdem
684 2556 1000 2612 clericatum
1029 2575 1152 2614 cum
1189 2562 1675 2633 omnibusjuribus
1725 2574 1782 2619 et
1811 2566 1982 2634 perti-

411 2649 612 2703 ncntiis
640 2649 754 2703 suis
779 2649 878 2704 tibi
903 2652 966 2705 de
994 2666 1134 2707 novo
1165 2655 1515 2722 conferimus,
1538 2665 1591 2710 et
1615 2655 1791 2711 deillo
1817 2657 1981 2711 etiam

410 2739 782 2805 providemus,
813 2742 918 2796 nisi
949 2743 1015 2797 de
1055 2743 1149 2799 illo
1186 2755 1430 2816 tempore
1464 2745 1605 2802 datae
1631 2734 1983 2818 prmsentium

411 2832 485 2884 sit
515 2831 672 2887 alteri
697 2833 788 2901 jus
812 2835 1125 2903 quaesitum,
1148 2850 1365 2904 curam,
1402 2839 1641 2906 regimen
1674 2850 1728 2894 et
1753 2841 1985 2896 admini-

411 2928 733 2980 strationem
787 2927 955 2996 ipsius
1008 2937 1114 2982 tam
1174 2929 1227 2983 in
1269 2931 1677 3000 temporalibus,
1733 2947 1897 3000 quam
1932 2934 1982 2986 in

410 3020 792 3088 Spiritualibus
815 3021 907 3074 tibi
927 3021 1168 3090 plenarie
1197 3024 1589 3078 committenda
1613 3041 1629 3088 ;
1661 3026 1988 3081 mandantes

411 3111 669 3184 omnibus
714 3122 768 3167 et
796 3113 1024 3182 singulis
1071 3115 1306 3179 colonis,
1342 3115 1739 3171 laboratoribus
1773 3126 1826 3171 et
1864 3117 1985 3172 aliis

415 3213 590 3257 tet-ras
636 3215 690 3258 et
727 3205 1094 3274 possessiones
1143 3205 1270 3260 dicti
1323 3205 1617 3262 clericatus
1676 3208 1988 3264 tenentibus

413 3308 554 3362 quos
605 3295 702 3348 tibi
740 3295 808 3350 de
840 3296 1084 3366 ejusdem
1121 3295 1405 3363 fructibus,
1471 3298 1732 3354 reditibus
1780 3305 1834 3354 et
1862 3315 1990 3369 pro-

416 3385 668 3441 ventibus
700 3387 910 3456 integre
934 3395 988 3440 et
1018 3387 1187 3442 libere
1220 3387 1585 3456 reSpondeant
1615 3398 1668 3444 et
1704 3399 1763 3443 ut
1795 3391 1990 3446 littera:

415 3487 618 3528 nostrae
639 3476 881 3530 debitum
926 3479 1226 3532 sortiantur
1280 3478 1555 3544 effectum,
1596 3481 1991 3536 committimus

415 3577 472 3620 et
499 3567 817 3622 mandamus
844 3569 1098 3626 omnibus
1117 3581 1170 3625 et
1197 3571 1429 3640 singulis
1446 3572 1832 3627 ecclesiasticis
1849 3575 1990 3626 dun-

418 3668 570 3713 taxat
605 3660 852 3728 personis
877 3662 978 3715 sub
1010 3670 1196 3716 nostra
1247 3663 1517 3732 legatione
1549 3662 1892 3733 degentibus,
1923 3663 1990 3717 ad

417 3769 558 3824 quos
595 3763 890 3822 praesentes
946 3763 1144 3809 nostrae
1175 3755 1367 3810 litterae
1399 3755 1763 3825 pervenerint,
1813 3764 1866 3810 et
1897 3770 1991 3810 ea-

420 3846 665 3899 rumdem
693 3845 877 3915 vigore
926 3845 1132 3900 fuerint
1163 3847 1414 3916 requisiti
1446 3845 1801 3916 singulariter
1828 3847 1912 3903 vel
1937 3851 1990 3901 in

417 3937 691 4002 solidum;
718 3946 984 4005 quatenus
1016 3945 1068 3992 te
1094 3937 1348 3993 inducant
1369 3940 1421 3993 in
1457 3939 1653 3993 realem
1679 3948 1842 4010 atque
1871 3954 1993 3995 cor-

419 4029 660 4098 poralem
687 4029 1098 4098 possessionem
1127 4029 1261 4084 dicti
1302 4031 1602 4086 clericatus
1629 4039 1683 4086 et
1714 4031 1992 4086 inductum

417 4131 706 4191 protegant
753 4130 915 4190 atque
964 4120 1278 4188 defendant,
1339 4131 1524 4178 amoto
1576 4123 1773 4178 exinde
1822 4123 1996 4192 quoli-

418 4216 510 4269 bet
537 4215 726 4270 illicito
747 4215 1052 4280 detentore,
1072 4215 1507 4271 contradictores
1533 4217 1806 4287 quoslibet
1829 4226 1993 4288 atque

421 4307 650 4362 rebelles
679 4322 775 4376 per
804 4321 1091 4362 censuram
1113 4307 1542 4368 ecclesiasticam
1574 4311 1991 4380 compescenda.

498 4425 687 4506 Datum
722 4423 995 4487 Bononiae,
1047 4422 1134 4478 die
1163 4421 1231 4478 18
1257 4422 1458 4492 Aprilis
1503 4423 1664 4490 M50,
1703 4423 1994 4480 indictione

425 4518 515 4585 i5,
541 4517 886 4585 pontiﬁcatus
912 4514 976 4570 D.
1006 4514 1214 4571 Nicolai
1249 4529 1395 4571 anno
1419 4516 1474 4571 4.

1183 4649 1249 4705 ν.

497 4770 804 4834 Bessarion,
854 4777 962 4824 etc.
1012 4769 1209 4824 dilecto
1265 4769 1416 4825 nobis
1448 4749 1649 4824 Pasino
1699 4769 1877 4825 Melmi
1930 4771 1998 4825 de

424 4863 796 4918 Malchiavelis
827 4863 1058 4916 salutem
1089 4864 1142 4916 in
1185 4877 1270 4930 eo,
1308 4863 1360 4917 in
1401 4878 1508 4933 quo
1541 4871 1623 4917 est
1657 4879 1785 4917 vera
1824 4864 1996 4917 salus.

498 4955 751 5010 Exhibita
784 4955 1054 5024 siquidem
1099 4956 1259 5010 nobis
1300 4971 1397 5025 pro
1439 4959 1512 5009 ttti
1539 4967 1694 5025 parte
1733 4957 2002 5025 supplica-

426 5050 500 5103 tio
529 5050 844 5103 continebat
875 5065 891 5104 :
920 5049 1062 5117 quod
1092 5063 1214 5101 cum
1265 5048 1330 5103 de
1355 5062 1498 5102 anno
1532 5047 1670 5102 M50
1706 5063 1796 5116 per
1829 5047 1887 5102 ι).
1937 5048 1998 5102 L.

423 5143 756 5198 cardinaletn
783 5143 848 5196 de
870 5141 1083 5195 Comite
1111 5150 1165 5194 tu
1192 5141 1581 5210 supplicavetis
1604 5140 1657 5194 et
1677 5142 1767 5194 alii
1792 5141 2003 5195 nobiles

424 5240 492 5289 de
521 5233 889 5288 Malchiavelis
916 5235 1152 5301 gratiose
1175 5235 1424 5289 exauditi
1443 5234 1797 5289 obtinueritis
1816 5235 2003 5288 decre-

427 5339 562 5391 tum,
593 5324 735 5394 quod
762 5325 892 5380 dicti
927 5324 1155 5390 nobiles,
1187 5326 1276 5395 qui
1302 5335 1463 5380 erant
1510 5340 1738 5379 numero
1767 5325 1797 5377 7
1823 5326 2002 5395 capita

428 5420 758 5474 familiarum
812 5417 960 5471 nullo
996 5417 1158 5470 modo
1194 5427 1480 5472 teneantur
1537 5417 1883 5472 contribuere
1935 5418 2005 5472 ad

427 5525 596 5564 onera
629 5507 795 5562 realia
847 5507 1157 5576 personalia
1190 5507 1271 5561 vel
1311 5507 1464 5577 juxta
1501 5521 1622 5561 cutn
1682 5507 2004 5562 hominibus

428 5599 802 5665 Houcastaldi,
838 5600 933 5654 sed
967 5599 1402 5668 intelligereutur
1446 5615 1568 5656 esse
1613 5603 1880 5670 segregati
1934 5601 2002 5655 ab

429 5690 741 5745 hominibus
771 5688 1147 5755 Roncastaldi,
1181 5690 1476 5745 dummodo
1496 5691 1768 5746 solverent
1789 5692 2003 5764 singulo

431 5796 619 5834 mense
641 5781 882 5835 Camerae
902 5781 1205 5835 communis
1229 5780 1591 5836 Bononiensis
1619 5783 1787 5836 libras
1816 5784 2002 5837 decent

430 5881 486 5924 et
508 5881 732 5939 septem,
764 5869 968 5926 solidos
1001 5869 1184 5924 decent
1212 5868 1419 5928 Bonon.
1474 5873 1725 5931 videlicet
1756 5873 1925 5931 libras
1963 5875 2025 5931 tt'

1489 423 1569 481 ΙΝ
1618 419 2052 484 LEGATIONE
2100 416 2595 480 BONONIENSI.

3509 433 3658 476 LXXII

2090 531 2296 587 solidos
2332 532 2515 586 decem
2543 547 2641 602 pro
2672 532 2912 602 quolibet
2934 534 3116 603 capite
3140 531 3369 586 familias
3394 547 3550 605 prout
3575 551 3666 592 sc—

2091 627 2290 680 riosius
2326 634 2475 695 patet
2530 627 2581 679 in
2628 626 2777 680 dicto
2824 625 3066 689 decreto,
3111 634 3406 696 petensque
3447 636 3502 678 ut
3534 643 3662 682 cum

2089 718 2252 788 aliqui
2292 733 2359 773 ex
2417 719 2577 774 dictis
2628 719 2660 772 7
2708 717 2984 787 capitibus
3036 718 3151 772 sive
3191 712 3530 784 impotentia,
3571 727 3666 770 aut

2089 809 2425 878 malignitate
2453 818 2705 864 recusent
2733 811 2944 864 solvere
2967 818 3173 880 partem
3197 808 3299 862 sibi
3333 817 3658 877 tangentem,

2091 901 2432 970 inquietaris,
2488 911 2652 972 atque
2686 901 3030 972 compelleris
3058 916 3297 971 perszepe
3339 901 3405 954 ad
3444 901 3662 954 solven-

2088 993 2216 1047 dum
2244 1002 2450 1063 partem
2487 994 2677 1048 talium
2704 996 2817 1050 sive
2843 994 3239 1048 recusantium.
3266 993 3444 1058 Quare
3472 992 3664 1055 digna-

2088 1099 2273 1140 remur
2301 1094 2487 1141 nostro
2513 1085 2737 1156 speciali
2786 1087 3003 1141 decreto
3035 1099 3322 1140 secernere
3373 1095 3423 1138 te
3452 1085 3666 1152 suppli-
3761 1097 3763 1099 ‘

2087 1185 2300 1232 cantem
2334 1177 2402 1232 ab
2425 1177 2548 1233 aliis
2593 1177 2910 1232 hominibus
2940 1177 3008 1232 de
3058 1176 3448 1238 Malchiavelis,
3484 1177 3664 1230 soluta

2087 1277 2238 1340 parte
2265 1270 2360 1324 tibi
2394 1279 2667 1341 tangente.
2689 1269 2796 1325 Nos
2827 1277 3007 1324 autem
3051 1271 3143 1340 qui
3191 1278 3412 1324 assueto
3463 1280 3662 1323 nostrte

2091 1373 2297 1417 natura:
2339 1363 2528 1417 ordine
2574 1362 2889 1433 supplicum
2946 1361 3201 1432 precibus
3232 1376 3390 1428 quam
3430 1360 3666 1414 libenter

2088 1455 2403 1519 annuimus,
2435 1455 2710 1523 siquidem
2739 1453 2901 1524 digna
2922 1469 3108 1508 eorum
3144 1453 3469 1508 intercessio
3505 1453 3660 1506 vobis

2091 1549 2356 1612 videatur,
2394 1564 2509 1604 rem
2543 1548 2854 1618 praedictam
2885 1548 2951 1601 ad
2988 1557 3224 1601 nostram
3265 1547 3508 1601 notitiam
3529 1561 3662 1599 exa-

2092 1643 2404 1708 ntinandam
2457 1641 2830 1696 commisimus
2884 1641 3135 1710 prudenti
3197 1638 3314 1692 viro
3370 1634 3664 1691 Paschasio

2093 1734 2326 1788 auditori
2355 1743 2563 1796 nostro,
2614 1732 2704 1802 qui
2755 1742 2970 1802 sumpta
3004 1730 3389 1785 informatione
3420 1725 3664 1797 diligenti

2091 1827 2250 1882 nobis
2305 1825 2512 1890 retulit,
2545 1841 2665 1896 quae
2713 1841 2811 1892 pro
2841 1825 2916 1879 tui
2964 1834 3115 1895 parte
3171 1824 3414 1894 exposita
3448 1820 3667 1875 fuerunt

2089 1933 2220 1973 vera
2253 1932 2397 1975 esse.
2423 1918 2532 1974 Nos
2560 1933 2689 1988 ergo
2714 1917 2964 1986 precibus
2998 1917 3102 1970 tuis
3139 1930 3344 1970 morem
3387 1923 3663 1984 gerentes,

2091 2013 2146 2066 in
2179 2011 2246 2066 iis
2285 2025 2406 2080 qua:
2457 2025 2765 2079 possumus,
2816 2009 3000 2064 habita
3064 2007 3326 2062 relatione
3382 2006 3663 2076 prmdicta,

2090 2104 2382 2176 apostolica
2409 2105 2750 2168 auctoritate,
2773 2117 2877 2172 qua
2905 2099 3203 2170 fungimur,
3227 2101 3504 2154 decretqu
3531 2098 3666 2151 alias

2090 2197 2187 2252 tibi
2217 2205 2271 2250 et
2304 2196 2428 2250 aliis
2459 2195 2526 2250 de
2559 2191 2932 2248 Malchiavelis
2967 2191 3238 2246 indultum
3268 2189 3658 2244 confirmamus

2092 2304 2155 2345 ac
2187 2291 2253 2342 de
2286 2301 2424 2342 novo
2453 2287 2800 2342 concedimus
2834 2285 2928 2339 tibi
2958 2282 3154 2337 Pasiuo
3188 2281 3370 2342 modo,
3416 2291 3468 2334 et
3498 2283 3548 2334 in
3587 2282 3668 2334 fu-

2091 2393 2272 2436 turum
2299 2390 2356 2435 ut
2388 2381 2578 2435 solutis
2618 2379 2806 2434 solidis
2865 2376 3263 2449 quinquaginta
3303 2375 3510 2428 Bonon.
3567 2375 3662 2428 tibi

2096 2472 2440 2542 tangentibus
2479 2470 2689 2525 solvere
2719 2484 2816 2539 pro
2858 2479 3012 2541 parte
3043 2479 3132 2524 tua
3180 2471 3326 2524 nullo
3369 2469 3534 2523 modo
3568 2469 3668 2523 deo

2095 2565 2224 2619 beas
2251 2565 2367 2618 sive
2404 2565 2578 2632 possis
2608 2562 2822 2633 gravari
2856 2578 2977 2616 cum
3007 2560 3168 2616 dictis
3202 2563 3268 2617 de
3300 2561 3670 2616 llialchiavclis

2095 2671 2189 2723 per
2221 2658 2449 2725 aliquem
2485 2654 2766 2711 oﬂicialem
2798 2659 3107 2712 communis
3135 2654 3492 2710 Bononiensis
3520 2671 3534 2720 ;
3573 2655 3668 2707 de-

2095 2751 2367 2804 clarantes
2398 2759 2454 2804 ut
2486 2749 2678 2804 solutis
2717 2749 2876 2804 dictis
2918 2748 3106 2804 solidis
3155 2749 3546 2818 quinquaginta
3579 2763 3671 2801 ca-

2097 2858 2257 2898 merae
2287 2843 2639 2907 Bononiensi,
2688 2851 2742 2898 tu
2789 2853 2887 2896 aut
2915 2841 3056 2896 alius
3093 2851 3182 2896 tuo
3210 2841 3449 2906 nomine,
3484 2840 3564 2894 vel
3593 2841 3669 2893 tui

2097 2935 2452 3004 imposterum
2517 2934 2906 2990 descendentes
2959 2933 3072 2989 ullo
3113 2935 3294 2998 modo,
3334 2943 3428 2986 aut
3481 2933 3672 2985 ordine

2097 3027 2320 3082 minime
2378 3027 2560 3082 valeas
2617 3025 2898 3081 molestari
2926 3042 2942 3092 ;
2977 3025 3297 3080 mandantes
3325 3023 3670 3080 thesaurario

2097 3133 2323 3176 camerae
2347 3117 2704 3173 Bononiensis
2733 3132 2798 3172 ac
2825 3117 3203 3173 defensoribus
3237 3115 3457 3170 haveris
3488 3130 3671 3168 came-

2097 3227 2172 3268 rae
2201 3228 2265 3268 ac
2295 3212 2530 3277 caeteris,
2561 3216 2627 3266 ad
2654 3225 2790 3281 quos
2813 3211 3051 3280 pertinet
3080 3227 3093 3265 :
3130 3219 3400 3280 quatenus
3429 3223 3672 3279 praesens

2099 3315 2343 3362 nostrum
2381 3305 2657 3360 decretum
2684 3306 2976 3360 observent
3006 3313 3060 3359 et
3095 3303 3301 3359 faciant
3326 3305 3395 3358 ab
3423 3304 3545 3359 aliis
3582 3302 3671 3357 in-

2098 3397 2421 3452 violabiliter
2460 3395 2762 3452 observari.
2789 3393 2848 3449 in
2881 3407 3113 3463 quorum
3145 3393 3303 3450 fidem
3346 3404 3459 3448 etc.

2170 3513 2359 3569 Datum
2401 3523 2506 3569 etc.
2529 3512 2617 3569 die
2638 3512 2812 3580 prima
2835 3508 3038 3580 Aprilis
3067 3516 3175 3564 etc.

2841 3648 2934 3705 Vl.

2174 3764 2480 3826 Bessarion,
2515 3773 2621 3818 etc.
2681 3761 2934 3817 discretis
2968 3758 3124 3814 nobis
3161 3759 3212 3812 in
3241 3757 3461 3812 Christo
3494 3755 3676 3809 Balia-

2105 3873 2161 3913 sa
2173 3860 2212 3912 ri
2247 3858 2564 3928 presbytero
2587 3856 2734 3922 archi
2743 3854 3063 3924 presbytero
3085 3851 3362 3915 ltnolensi,
3380 3863 3430 3905 et
3451 3851 3676 3905 Thema:

2103 3966 2166 4005 ac
2221 3949 2634 4018 Christophoro,
2685 3945 2965 4002 canonicis
2999 3943 3373 4008 lmolensibus,
3423 3952 3532 3996 etc.
3586 3956 3675 3995 sa—

2106 4044 2294 4096 Itllcm.

2182 4135 2408 4204 Dignum
2439 4131 2771 4186 arbitramur
2789 4137 2844 4184 et
2879 4139 3178 4197 congruum
3214 4133 3273 4179 ιιι
3316 4123 3422 4178 illis
3483 4122 3672 4177 redda-

2105 4247 2227 4287 mur
2254 4232 2306 4282 in
2351 4224 2685 4280 exhibitione
2733 4221 2922 4292 gratias
2970 4217 3242 4284 liberales,
3279 4216 3474 4285 quibus
3511 4214 3576 4267 ad
3618 4215 3668 4267 id

2104 4323 2375 4394 praecipua
2406 4318 2666 4372 virtutum
2690 4314 2884 4369 merita
2916 4310 3261 4366 laudabiliter
3287 4309 3673 4376 suffragantur.

2105 4419 2239 4474 Cum
2271 4417 2494 4484 litaque,
2525 4413 2666 4467 sicut
2716 4409 3045 4478 accepimus,
3092 4402 3678 4474 archipresbyteratus.

2106 4528 2224 4571 seu
2250 4510 2400 4582 plebs
2434 4509 2648 4564 Sanctae
2671 4505 2852 4560 Maria:
2873 4503 2940 4557 de
2966 4497 3226 4555 Salustria
3243 4493 3528 4550 lmolensis
3550 4493 3684 4546 dia:-

2107 4605 2250 4662 cesis
2271 4619 2394 4658 cum
2422 4618 2552 4658 cura
2581 4608 2754 4666 vacet,
2777 4607 2830 4652 et
2860 4610 3050 4651 vacare
3067 4600 3322 4649 noscatur
3347 4590 3412 4644 ad
3439 4603 3682 4659 praesens

2109 4713 2205 4766 pro
2259 4711 2345 4760 eo,
2405 4694 2550 4763 quod
2605 4690 2911 4746 Ludovicus
2971 4685 3248 4741 Francisci
3295 4723 3308 4738 .
3332 4722 3346 4738 .
3369 4721 3383 4737 .
3407 4723 3419 4736 .
3447 4721 3461 4735 .
3482 4724 3496 4737 .
3519 4721 3532 4736 .
3551 4722 3566 4735 .
3587 4721 3602 4736 .
3625 4719 3640 4735 .
3665 4720 3680 4736 .

2109 4791 2384 4858 presbyter
2417 4783 2702 4839 lmolénsis
2729 4782 2935 4836 dudum
2964 4776 3423 4848 archipresbyter,
3460 4791 3556 4828 seu
3603 4789 3685 4827 re-

2109 4890 2226 4934 ctor
2259 4879 2417 4930 dicta:
2449 4876 2621 4944 plebis
2664 4874 2809 4927 aliud
2846 4879 3095 4928 curatum
3150 4884 3243 4923 seu
3279 4865 3686 4936 incompatibtle

2109 4964 2539 5020 ecclesiasticum
2555 4961 2764 5017 exstitit
2781 4960 3102 5016 benelieium
3121 4958 3348 5027 pacifice
3367 4967 3646 5012 assecutus
3669 4971 3686 5020 ;

2113 5073 2209 5112 nos
2239 5056 2482 5110 volentes
2516 5055 2771 5109 dilectum
2823 5053 2980 5108 nobis
3014 5051 3066 5105 in
3110 5050 3331 5104 Christo
3361 5048 3690 5103 Emmanue-

2112 5148 2215 5204 lem
2241 5147 2510 5218 quondam
2547 5145 2809 5202 Autltonii
2839 5145 3169 5200 Crentonen.
3221 5142 3444 5196 fratrem
3478 5141 3686 5194 ordinis

2112 5239 2526 5308 praedicatorum
2597 5247 2654 5292 et
2697 5235 3076 5308 cappellanum
3144 5233 3418 5304 magnifici
3477 5229 3686 5286 demini

2114 5333 2329 5387 Thadaei
2355 5331 2556 5396 lmolae,
2572 5340 2702 5396 etc.,
2740 5331 2805 5384 de
2820 5331 2942 5384 vita:
2963 5337 3016 5382 et
3033 5341 3246 5381 morum
3272 5328 3550 5379 honestate
3571 5325 3686 5392 pii.-

2115 5425 2308 5478 rimum
2345 5421 3003 5488 comtnendatum,horum
3034 5417 3232 5472 intuitu
3274 5416 3459 5469 favore
3492 5429 3684 5483 prose-

2113 5518 2206 5586 qui
2256 5518 2520 5586 gratioso,
2573 5515 2861 5585 praefatum
2921 5511 3538 5582 archipresbyteratum,
3585 5520 3686 5562 seu

2116 5607 2325 5676 plebem
2359 5604 2571 5659 Sanetae
2600 5601 2784 5658 Maria
2808 5603 2876 5657 de
2911 5599 3198 5666 Salustria,
3239 5601 3381 5655 sicut
3405 5600 3687 5668 piaculi“.-

2119 5707 2227 5761 tur,
2252 5696 2367 5751 sive
2395 5696 2501 5749 alio
2519 5695 2708 5763 quovis
2733 5695 2910 5756 modo,
2943 5700 3035 5746 aut
3055 5705 3123 5746 ex
3147 5691 3370 5745 alterius
3396 5691 3688 5760 cujuscun-

2116 5799 2222 5855 que
2253 5794 2408 5854 parte
2437 5790 2755 5849 vacantem;
2792 5781 3004 5836 etiamsi
3037 5795 3135 5850 per
3181 5779 3409 5834 liberam
3443 5780 3685 5848 resigna-

2118 5877 2324 5934 tioncm
2380 5876 2507 5932 dicti
2545 5875 2828 5943 Ludovici,
2882 5883 2976 5929 aut
3037 5874 3264 5933 alterius
3299 5873 3689 5945 cujuscunque
