4114 6412
527 391 696 434 CXXIII

1789 373 2025 438 BESSA
2039 371 2304 434 RIONIS
2346 371 2534 434 ACTA

2805 229 2849 256 ..φ

3641 388 3799 431 CX!"

527 506 682 552 extra
714 491 1016 548 Romanam
1067 491 1274 547 curiam
1308 503 1492 546 coram
1524 488 1737 546 notario
1777 497 1834 544 et
1874 487 2105 544 testibus
2206 496 2355 548 sunt.
2382 496 2576 541 vacant
2608 486 2946 544 incremento
2968 496 3024 544 et
3054 488 3281 560 paeiﬁco
3302 489 3495 546 statui.
3525 490 3676 547 Sane
3703 509 3798 562 pro

531 596 728 658 sponte
757 585 992 652 factam;
1018 594 1073 640 et
1107 585 1152 638 si
1187 592 1337 638 tanto
1359 591 1601 652 tempore
1627 584 1927 646 vacaverit,
1961 579 2105 649 quod

531 677 652 744 ejus
677 675 896 730 collatio
925 689 1017 729 seu
1046 673 1286 742 provisio
1310 673 1372 728 ad
1391 675 1570 727 sedem
1585 671 1941 742 apostolicam
1974 670 2108 742 jux-

534 776 587 820 ta
641 765 1025 821 Lateraneusis
1085 773 1291 820 statuta
1324 763 1540 820 concilii
1572 772 1667 818 aut
1703 761 1843 817 alias
1873 773 2108 828 quomo-

451 913 456 920 ,
533 859 734 914 dolibet
767 859 1005 929 legitime
1031 859 1286 914 devoluta
1321 873 1420 913 seu
1456 855 1770 926 specialiter
1822 853 1904 908 vel
1939 865 2107 924 gene-

531 952 722 1004 raliter
745 949 973 1005 exsistat
1003 961 1088 1005 :et
1117 951 1160 1004 si
1186 965 1349 1018 super
1368 963 1430 1003 ea
1468 949 1612 1003 inter
1639 946 1852 1015 aliquos
1885 943 1950 998 lis
1979 957 2110 1013 peu-

529 1043 654 1098 deat
689 1043 952 1108 iudecisa,
980 1041 1136 1112 cujus
1163 1050 1370 1096 statum
1406 1041 1494 1094 hic
1521 1053 1621 1108 pro
1653 1036 1988 1093 sufﬁcienter
2013 1049 2113 1090 ex-

530 1149 725 1205 presso
760 1134 1250 1214 ltabcrivolumus.
1324 1131 1494 1200 Cujus
1544 1131 1772 1194 fructus,
1825 1128 2030 1184 reditus
2057 1133 2113 1182 et

531 1238 829 1294 proventus
866 1225 935 1280 40
969 1224 1302 1280 ﬂoreuorum
1329 1225 1445 1278 auri
1474 1224 1540 1278 de
1555 1223 1784 1278 Camera
1813 1219 2110 1276 secundum

531 1333 875 1373 communem
907 1318 1317 1374 aestimationem
1355 1317 1592 1372 valorem
1614 1330 1880 1379 annuum,
1914 1323 1972 1368 ut
2001 1312 2114 1368 dic-

534 1421 624 1464 tus
653 1409 972 1465 Emmanuel
995 1408 1213 1472 asserit,
1249 1423 1354 1462 non
1386 1409 1674 1471 excedunt,
1706 1421 1828 1462 cum
1859 1403 2112 1460 omnibus

531 1503 752 1572 juribus
815 1511 872 1556 et
901 1502 1241 1572 pertinentiis
1274 1501 1386 1555 suis
1415 1495 2110 1559 eidemEmmanueli,cum

455 1655 464 1666 θ
535 1607 666 1660 quo,
701 1601 756 1646 ut
779 1592 1001 1656 asserit,
1031 1591 1322 1662 apostolica
1356 1590 1675 1646 auctoritate
1732 1588 1868 1643 alias
1899 1588 2116 1656 dispen-

534 1693 717 1738 satum
777 1684 1010 1748 exstitit,
1041 1694 1099 1738 ut
1133 1693 1441 1754 acceptare,
1476 1681 1720 1751 recipere
1779 1688 1835 1733 et
1879 1678 2115 1734 retinere

536 1775 736 1838 valeat,
797 1775 969 1830 donec
1007 1775 1204 1830 vixerit
1245 1775 1614 1845 quodcunque
1661 1770 1981 1826 beneficium
2011 1783 2114 1824 cu-

541 1876 718 1920 ratum
752 1867 963 1921 etiamsi
1009 1867 1598 1937 archipresbyteratus,
1657 1877 1752 1917 seu
1821 1861 2111 1930 prioratus,

537 1957 758 2013 vel'alia
796 1957 1032 2026 dignitas
1054 1957 1239 2022 fuerit,
1279 1957 1574 2027 apostolica
1632 1963 1686 2009 et
1734 1961 1933 2009 nostra:
1972 1951 2117 2021 lega-

541 2050 705 2104 tionis
745 2060 800 2104 et
849 2049 996 2104 omni
1030 2049 1377 2114 auctoritate,
1425 2063 1530 2117 qua
1585 2046 1882 2118 fungimur,
1926 2053 2116 2100 tenore

538 2141 887 2212 praesentium
923 2141 1256 2198 confecimus
1289 2150 1342 2197 et
1373 2141 1440 2196 de
1475 2140 1564 2196 illo
1603 2140 1769 2195 etiam
1839 2138 1942 2194 sibi
1985 2152 2114 2207 pro-

539 2234 808 2298 videmus,
863 2234 1216 2288 decernentes
1250 2249 1313 2288 ex
1374 2247 1516 2287 nunc
1565 2231 1777 2286 irritum
1827 2239 1882 2285 et
1929 2229 2110 2293 inane,

537 2326 583 2380 si
610 2339 767 2380 secus
795 2339 958 2394 super
988 2325 1057 2380 iis
1092 2326 1328 2380 scienter
1357 2326 1440 2380 vel
1485 2325 1795 2394 ignoranter
1826 2321 2116 2391 contigerit

538 2417 869 2486 attemptari.
893 2413 1007 2470 Non
1022 2417 1272 2470 obstante
1296 2417 1436 2486 quod
1470 2417 1536 2471 de
1565 2416 1710 2471 dicto
1735 2414 2118 2484 archipresby-

541 2515 738 2572 tetatu,
769 2521 862 2562 seu
894 2506 1048 2575 plebe
1075 2522 1168 2578 per
1207 2507 1494 2576 quemdam
1519 2504 1802 2560 Nicolaum
1835 2501 2026 2558 Joanni
2063 2511 2117 2558 et

539 2600 860 2653 canonicum
894 2598 1216 2655 lmoleusem
1262 2608 1520 2670 tanquam
1578 2599 1840 2653 vicarium
1891 2594 2114 2664 capituli

539 2689 844 2754 lmolensis,
869 2690 1162 2760 episcopali
1205 2690 1332 2744 sede
1362 2698 1588 2744 vacante
1638 2689 1946 2758 fungentem
1987 2700 2117 2740 auc-

542 2781 761 2836 toritate
792 2780 1114 2851 episcopalis
1138 2780 1282 2835 sedis
1308 2778 1580 2850 praedictae
1633 2779 1910 2849 provisum
1945 2775 2118 2830 fuisse

544 2872 760 2926 dicatur
815 2871 943 2925 licet
1002 2871 1223 2926 nulliter
1253 2880 1306 2926 et
1339 2871 1406 2926 de
1460 2869 1605 2925 facto
1636 2869 1852 2924 cuidam
1892 2865 2118 2922 Nieolao

541 2961 698 3031 Lippi
763 2962 830 3016 de
857 2963 1038 3017 Ferris
1059 2963 1127 3018 de
1156 2963 1410 3018 Faventia
1428 2969 1481 3016 et
1502 2961 1643 3030 quod
1660 2959 1945 3016 occasione
1979 2974 2121 3029 pras-

543 3056 710 3108 missa
745 3053 884 3109 idem
909 3056 1160 3110 Nicolaus
1185 3054 1600 3126 prmsentialiter
1623 3053 1856 3107 detineat
1875 3063 1928 3105 et
1958 3067 2122 3107 occu-

542 3161 635 3220 pet
681 3152 884 3206 dictum
933 3149 1519 3220 archipresbyteratum
1553 3159 1648 3202 seu
1709 3144 1957 3215 plebem:
2016 3159 2121 3199 nos

535 3245 685 3297 'cnitn
713 3243 959 3296 volumus
985 3241 1128 3310 quod
1171 3256 1275 3294 non
1321 3237 1574 3295 obStante
1624 3237 1767 3293 dicta
1819 3236 2122 3305 provisione

543 3336 684 3390 idem
715 3333 1033 3389 Emmanuel
1062 3333 1232 3401 possit
1271 3332 1473 3387 habere
1504 3329 2116 3400 archipresbyteratum,

481 3425 494 3435 ‘
542 3442 637 3483 seu
665 3427 876 3498 plebem
922 3425 1234 3494 pradictam
1286 3433 1342 3478 et
1389 3422 1508 3492 ejus
1569 3422 1779 3477 fructus
1813 3431 1869 3475 et
1917 3421 2122 3476 reditus

542 3533 665 3573 cum
691 3517 1004 3587 integritate
1034 3517 1316 3586 percipere
1358 3515 1560 3570 valeat.
1593 3513 1857 3580 Quocirca
1917 3511 2124 3567 discre-

545 3609 678 3663 tioui
710 3619 907 3664 veStra:
930 3609 1252 3662 auctoritate
1276 3604 1500 3678 praefata
1548 3615 1603 3660 et
1635 3615 1823 3661 tenore
1869 3597 2122 3674 praesen-

543 3702 677 3758 tiutn
710 3701 1100 3756 committimus
1126 3709 1181 3755 et
1214 3699 1541 3756 mandamus
1571 3709 1842 3768 quotenus
1872 3711 1970 3766 per
2025 3709 2123 3751 vos

545 3794 628 3849 vel
664 3794 830 3849 alium
866 3810 962 3850 seu
991 3795 1124 3848 alios
1152 3793 1400 3848 eumdem
1434 3789 1837 3846 Emmanuelem
1883 3789 1963 3843 vel
1999 3803 2124 3858 pro-

477 3933 480 3937 .
533 3896 853 3941 curatorem
875 3901 1030 3940 suum
1057 3886 1176 3956 ejus
1219 3886 1438 3940 nomine
1474 3885 1800 3954 recipientes
1832 3883 1885 3936 in
1914 3883 2118 3936 realem

541 3991 596 4035 et
625 3980 962 4049 corporalem
991 3977 1392 4049 possessionem
1416 3975 1998 4046 archipresbyteratus,
2027 3986 2123 4027 seu

541 4072 712 4143 plebis
739 4072 1006 4141 praedicta:
1035 4078 1238 4126 sanctae
1258 4068 1465 4125 salaria:
1495 4068 1562 4122 de
1587 4065 1876 4133 Salustria,
1924 4079 1984 4119 ac
2031 4063 2122 4134 ju-

543 4171 680 4223 rium
716 4179 769 4223 et
793 4169 1249 4239 pertinentiarum
1285 4167 1526 4238 ejusdem
1554 4165 1839 4229 inducatis,
1861 4173 2124 4220 etaucto-

544 4266 706 4320 ritate
740 4273 921 4316 nostra
946 4261 1222 4316 inductum
1281 4257 1612 4323 defendatis,
1697 4266 1882 4312 amoto
1925 4257 2124 4312 exinde

544 4355 783 4425 quolibet
809 4353 997 4407 illicito
1027 4353 1330 4418 dctentore,
1363 4349 1627 4404 facientes
1661 4349 1864 4403 dictum
1906 4349 2123 4402 Emma-

547 4445 782 4509 nuelem,
813 4443 895 4496 vel
926 4442 1043 4508 cjus
1081 4449 1493 4512 procuratorem
1524 4456 1620 4511 pro
1653 4456 1717 4494 eo
1771 4445 1839 4494 ad
1873 4441 2120 4496 eamdem

548 4534 756 4604 plebem
785 4548 878 4586 seu
914 4533 1516 4603 archipresbyteratum;
1553 4542 1610 4584 ut
1641 4542 1722 4586 est
1783 4533 1975 4594 moris,
2027 4533 2123 4587 ad-

461 4657 466 4661 Α
549 4626 693 4680 mitti
725 4626 936 4694 sibique
963 4623 1045 4679 vel
1074 4625 1192 4693 ejus
1217 4624 1555 4694 procuratori
1603 4625 1668 4679 de
1701 4624 1986 4691 fructibus,
2039 4640 2124 4678 re-

548 4718 758 4772 ditibus
822 4729 877 4773 et
930 4717 1302 4785 proventibus,
1338 4715 1549 4782 juribus
1599 4723 1654 4769 et
1707 4716 2124 4771 obveutionibus

551 4809 822 4864 universis
849 4809 1183 4877 responderi,
1232 4808 1661 4862 contradictores
1699 4809 1970 4878 quoslibet
2026 4823 2124 4878 per

548 4915 835 4956 censuram
867 4900 1295 4954 ecclesiasticam
1329 4909 1384 4951 et
1415 4900 1518 4951 alia
1547 4899 1683 4970 juris
1705 4900 1945 4954 remedia
1969 4914 2121 4954 com-

547 4996 842 5066 pescmdo.
874 4993 932 5048 lu
965 5008 1192 5061 quorum
1219 4992 1401 5058 fidem,
1427 5005 1536 5046 etc.

621 5112 813 5165 Datum
860 5108 1134 5172 Bononiae,
1167 5106 1239 5163 25
1275 5105 1422 5162 Junii
1454 5106 1611 5176 1450,
1635 5121 1741 5164 etc.

1279 5243 1390 5298 VII.

620 5363 932 5426 Bessarion,
975 5367 1106 5425 etc.,
1135 5359 1433 5414 venerabili
1459 5358 1606 5414 Patri
1636 5357 1817 5415 Blasio
1847 5357 2029 5414 abbati
2062 5359 2117 5415 S.

549 5459 620 5513 bl.
659 5459 709 5511 iu
746 5456 1062 5512 Cosmediu.
1090 5453 1224 5506 alias
1259 5453 1442 5506 Sancti
1478 5449 1718 5521 Spiritus
1745 5450 1812 5505 de
1843 5449 2120 5508 Ravenna.

628 5548 792 5617 Digna
826 5547 1103 5602 reddimur
1137 5559 1201 5597 ex
1238 5541 1480 5611 injuucto
1514 5539 1672 5595 nobis
1698 5539 2123 5611 legationtsofli-

548 5641 635 5694 cio
659 5641 956 5693 attentione
985 5636 1225 5696 solliciti,
1253 5644 1310 5686 ut
1338 5635 1392 5687 in
1427 5631 1779 5687 admittendis
1808 5648 1994 5686 eorum
2031 5650 2123 5684 vo-

549 5731 621 5784 tis
661 5731 975 5783 bcacvolum
1006 5727 1380 5782 impertiuntur
1404 5723 1810 5792 assettSttttrqui
1855 5737 2122 5776 monaste-

548 5826 778 5888 I‘Iol‘ttttl,
816 5820 1273 5888 ecclesiarumth
1305 5831 1465 5887 atquc
1496 5816 1732 5874 locorum
1768 5813 1970 5885 quibus
1987 5831 2123 5884 pra:-

2210 585 2363 644 parte
2381 585 2468 629 tua
2503 574 2693 644 petitio
2721 576 2882 632 nobis
2900 577 3080 633 oblata
3110 578 3424 638 continebat
3453 581 3606 649 quod
3630 582 3803 636 eccle-

2210 668 2286 722 sia
2326 667 2498 721 sancti
2533 665 2678 722 Petri
2717 668 2772 722 in
2803 667 3068 726 Bresscda
3095 669 3214 728 siue
3236 685 3365 726 cura
3394 671 3507 726 sita
3543 670 3598 726 iu
3647 671 3800 726 terri-

2215 759 2351 813 torio
2377 756 2674 826 Ravennae,
2707 776 2826 831 qua:
2853 760 3062 830 jamdiu
3093 772 3178 818 est
3210 763 3557 819 circumdata
3597 763 3805 833 pabuli-

2213 850 2314 905 bus
2334 859 2389 904 et
2429 851 2679 907 funditus
2711 853 2948 921 ruinata,
2978 855 3052 910 ita
3074 857 3217 924 quod
3261 871 3366 912 non
3402 868 3494 912 est
3543 858 3805 912 memoria

2214 945 2266 998 in
2292 945 2651 1012 contrarium,
2679 947 2822 1017 quod
2857 963 3093 1017 unquam
3129 948 3290 1004 fuerit
3317 948 3564 1019 alicujus
3598 948 3806 1004 fructus

2211 1035 2295 1090 vel
2331 1037 2552 1103 valoris,
2578 1049 2734 1093 vacat
2763 1040 2830 1094 ad
2864 1055 3123 1108 praesens,
3158 1053 3213 1097 et
3241 1053 3350 1097 tam
3408 1042 3506 1096 diu
3565 1043 3804 1106 vacavit,

2213 1129 2357 1196 quod
2390 1128 2436 1184 si
2463 1129 2581 1198 ejus
2616 1130 2834 1186 collatio
2869 1134 3150 1200 spectabat
3193 1135 3260 1188 ad
3318 1133 3566 1202 aliquem
3619 1132 3807 1203 praela-

2217 1228 2352 1284 tum,
2397 1222 2555 1276 modo
2599 1231 2682 1275 est
2738 1221 2986 1276 devoluta
3017 1223 3085 1278 ad
3155 1226 3338 1278 sedem
3400 1223 3799 1292 apostolicam;
3889 1292 3892 1296 η

2214 1315 2463 1381 quodque
2501 1313 2784 1383 praefatum
2820 1317 3208 1371 monasterium
3254 1316 3470 1371 Sanch
3503 1315 3693 1371 Maria:
3746 1317 3798 1369 iu

2212 1404 2505 1460 Cosmediu
2534 1406 2693 1458 habet
2721 1406 2960 1475 undique
2988 1407 3153 1461 multa
3181 1407 3319 1462 bona
3343 1409 3556 1462 circum
3601 1407 3798 1462 dictam

2215 1491 2526 1562 ecclesiam,
2561 1497 2704 1552 unde
2763 1497 2925 1554 facile
2982 1500 3212 1564 videtur,
3249 1499 3452 1556 dictam
3512 1500 3802 1556 ecclesiam

2216 1588 2386 1643 fuisse
2419 1588 2714 1658 subjectam
2741 1590 2884 1644 dicto
2917 1597 3010 1646 tuo
3053 1592 3387 1645 monasterio
3443 1590 3584 1646 licet
3638 1591 3802 1658 ipsius

2217 1681 2530 1733 monasterii
2559 1680 2684 1748 jura
2717 1695 2814 1749 pro
2863 1679 3058 1750 tnajori
3111 1691 3267 1752 parte
3330 1681 3443 1737 sint
3491 1681 3802 1749 deperdita,

2214 1787 2316 1826 nec
2347 1773 2401 1826 id
2454 1772 2658 1840 liquido
2690 1772 2870 1828 valeas
2927 1774 3322 1830 demonstrare.
3381 1773 3569 1840 Quare
3617 1773 3801 1828 eadem

2214 1863 2402 1933 petitio
2436 1863 2798 1934 subjungebat
2831 1873 2890 1919 ut
2941 1852 3147 1918 ilictam
3196 1865 3488 1920 ecclesiam
3549 1864 3707 1920 uuire
3752 1870 3804 1917 et

2217 1955 2564 2023 incorporare
2601 1955 2949 2024 dignaremur
2985 1965 3074 2011 tuo
3113 1957 3467 2012 monasterio.
3499 1955 3615 2012 Nos
3650 1967 3799 2024 ergo,

2217 2047 2308 2117 qui
2342 2045 2642 2104 indefessis
2671 2048 2868 2104 studiis
2905 2049 3047 2105 votis
3069 2049 3314 2106 favemus
3344 2048 3540 2119 justis,
3571 2045 3800 2119 pradic-

2215 2148 2324 2195 tam
2359 2140 2642 2196 ecclesiam
2679 2141 2854 2196 sancti
2885 2139 3028 2195 Petri
3063 2151 3117 2196 ut
3147 2142 3499 2212 praemittitur
3519 2149 3800 2195 vacantem

2195 2231 2619 2302 inperpetuum
2666 2231 2905 2298 unimus,
2953 2241 3065 2290 etc.
3092 2231 3408 2289 Mandantes
3461 2232 3674 2289 vicario
3739 2228 3798 2284 D.

2215 2324 2616 2394 archiepiscopi
2652 2325 3106 2393 Bavennateusis,
3147 2335 3202 2382 et
3239 2325 3500 2381 omnibus
3555 2321 3802 2395 personis

2215 2415 2602 2471 ecclesiasticis
2631 2416 2731 2471 sub
2761 2428 2942 2472 nostra
3001 2418 3268 2486 legatione
3307 2417 3656 2481 degentibus,
3713 2409 3802 2482 qui

2216 2505 2410 2560 harum
2443 2506 2626 2577 vigore
2652 2505 2854 2562 fuerint
2904 2509 3156 2579 requisiti
3202 2516 3476 2578 quatenus
3537 2515 3596 2562 te
3647 2505 3800 2562 indu-

2215 2612 2363 2668 cant,
2392 2611 2498 2660 etc.

2287 2691 2480 2749 Datum
2503 2693 2780 2766 Bononia,
2813 2695 2883 2752 20
2915 2695 3167 2752 Octobris
3201 2693 3363 2752 1450.

2943 2785 3080 2842 VIII.

2290 2877 2605 2946 Bessarion,
2630 2889 2739 2936 etc.
2779 2878 2992 2936 dilectis
3023 2879 3181 2934 nobis
3213 2879 3266 2932 in
3300 2876 3524 2934 Christo
3555 2890 3798 2934 commu-

2219 2970 2296 3033 ni,
2333 2971 2613 3025 messariis
2647 2980 2703 3024 et
2757 2969 3072 3025 hominibus
3127 2977 3396 3022 terrarqu
3453 2967 3700 3022 Succidze
3747 2973 3797 3018 et

2219 3061 2575 3132 Garnaglonis
2599 3062 2814 3132 Alpium
2847 3060 3260 3116 communitatis
3288 3058 3545 3116 Bononiae
3573 3059 3795 3114 salutem

2220 3163 2273 3210 et
2299 3155 2524 3210 sincera:
2549 3153 2860 3210 dilectionis
2885 3152 3160 3208 affectum.

2291 3243 2453 3299 Fides
2485 3255 2538 3299 et
2572 3245 2788 3301 devotio
2820 3254 2998 3301 vestra
3027 3259 3163 3314 quas
3187 3244 3251 3300 ad
3285 3244 3588 3300 Romanam
3618 3240 3796 3296 Eccle—

2219 3338 2355 3394 siam
2381 3338 2592 3392 habetis
2609 3346 2661 3391 et
2683 3346 3225 3406 prmsentetnjtatum
3244 3336 3483 3392 civitatis
3507 3333 3788 3390 Bononiae:

2221 3430 2505 3484 calamitas
2555 3429 2800 3498 insuper,
2833 3443 2995 3500 quam
3044 3429 3118 3485 ob
3171 3429 3349 3483 varias
3406 3441 3692 3498 pressuras
3745 3432 3796 3477 ct

2222 3521 2464 3577 locorum
2500 3522 2739 3592 ipsorum
2769 3522 3112 3576 sterilitatem
3141 3522 3485 3588 substinetis,
3520 3535 3620 3577 nos
3647 3517 3796 3574 iuda-

2221 3623 2373 3677 cunt,
2399 3623 2457 3668 ut
2480 3630 2574 3670 vos
2601 3613 2994 3684 amplectamur
3019 3612 3300 3669 favoribus
3353 3614 3632 3680 gratiosis.
3686 3610 3794 3664 Du-

2221 3705 2346 3760 dum
2400 3705 2664 3775 siquidem
2721 3721 2818 3776 per
2884 3704 3040 3761 bona:
3101 3706 3378 3761 memoria:
3441 3704 3790 3760 reverendam

2220 3797 2438 3852 Patrem
2467 3795 2531 3851 D.
2565 3796 2852 3852 Fautiuutn
2894 3795 3160 3858 Venetum
3193 3812 3291 3866 pro
3321 3805 3506 3852 sancta
3555 3798 3790 3852 Romana

2222 3887 2464 3944 Ecclesia
2492 3888 2917 3960 gubernatorem
2959 3887 3195 3944 civitatis
3219 3887 3491 3958 praedictae
3522 3889 3790 3945 decretum

2228 3983 2384 4038 nobis
2419 3980 2785 4050 comperimus
2844 3979 3020 4036 fuisse
3066 3993 3408 4048 concessum,
3465 3991 3522 4034 et
3569 3975 3793 4051 gratiose

2224 4073 2488 4129 indultum
2513 4073 2729 4128 tenoris
2761 4079 2816 4128 et
2837 4071 3191 4128 continentia:
3215 4073 3622 4142 subsequentis,
3653 4065 3794 4121 vide-

2222 4167 2350 4222 licet
2380 4181 2395 4219 :
2432 4165 2702 4220 Fantinus
2721 4165 3134 4235 protonorarius
3157 4161 3393 4222 Venetus
3436 4177 3535 4232 pro
3565 4156 3793 4218 sanctis-

2225 4259 2369 4314 simo
2403 4258 2623 4315 domino
2659 4264 2847 4311 nostro
2871 4256 2934 4310 D.
2969 4255 3206 4326 Eugenio
3232 4269 3368 4326 papa
3394 4255 3463 4310 ιν
3513 4265 3569 4310 et
3616 4257 3792 4308 sancta

2222 4350 2465 4406 llomana
2498 4349 2736 4405 Ecclesia
2766 4347 2974 4404 Bouou.
3008 4359 3114 4404 etc.
3165 4349 3494 4417 gubernator
3516 4388 3534 4410 .
3595 4341 3794 4401 dilectis
3867 4340 3872 4342 ⁷

2221 4445 2381 4498 nobis
2410 4444 2464 4496 iu
2497 4439 2717 4496 Christo
2745 4440 3025 4495 communi
3066 4438 3328 4495 Massario
3384 4448 3438 4495 et
3490 4437 3792 4496 hominibus

2224 4546 2386 4590 terra:
2423 4532 2666 4589 StICCIth
2691 4545 2744 4587 et
2771 4532 3130 4604 Garnaglouis
3148 4532 3359 4602 Alpium
3389 4525 3791 4589 communitatis

2222 4627 2480 4682 Bononia:
2509 4626 2740 4683 salutem
2769 4627 2818 4680 in
2855 4641 2942 4691 eo,
2977 4627 3069 4696 qui
3103 4638 3187 4681 est
3217 4640 3342 4681 vera
3375 4627 3546 4682 salus.
3598 4622 3790 4679 Diffuse

2223 4721 2356 4776 satis
2387 4721 2455 4774 de
2487 4719 2802 4774 calamitate
2835 4728 3016 4774 vestra
3051 4719 3182 4774 fides
3212 4719 3368 4774 nobis
3409 4719 3552 4776 facta
3584 4727 3669 4773 est
3699 4725 3790 4783 per

2225 4812 2489 4866 redditam
2521 4809 2972 4880 supplicationem
3003 4823 3167 4878 quam
3189 4807 3566 4864 etcommunis
3584 4802 3790 4860 nomine

2201 4907 2376 4960 'nobis
2402 4903 2731 4960 exhibuistis
2762 4919 2776 4958 :
2814 4901 2913 4956 fuit
2943 4903 3086 4955 enini
3127 4915 3292 4956 casus
3356 4901 3470 4969 ipse
3518 4893 3791 4953 miserabi-

2222 4999 2350 5053 lium
2381 4995 2538 5050 facile
2559 4994 2652 5065 qui
2687 4993 3071 5051 misericordes
3089 5000 3238 5058 sunt,
3269 4991 3337 5046 ad
3370 4987 3789 5045 misericordiam

2221 5089 2581 5155 devinciens;
2633 5100 2744 5141 non
2773 5099 2894 5139 cum
2920 5084 3104 5140 omnia
3135 5084 3406 5153 insperata
3442 5094 3632 5138 natura
3668 5088 3790 5148 qua-

2223 5181 2344 5235 dam
2379 5192 2484 5232 non
2513 5175 2674 5232 facile
2725 5174 3026 5231 tolerabilia
3069 5174 3200 5238 siut,
3231 5174 3347 5244 ipse
3380 5173 3667 5228 imminens
3708 5179 3789 5220 ca-

2222 5285 2316 5326 sus
2343 5271 2396 5323 in
2422 5268 2575 5324 vobis
2599 5283 2726 5337 erga
2759 5275 2999 5322 nostram
3053 5265 3211 5319 fidem
3268 5265 3522 5332 pietatem
3553 5255 3785 5317 adduxit.

2223 5363 2357 5417 Cum
2393 5368 2597 5420 autem,
2661 5357 2802 5412 sicut
2834 5355 3186 5426 exposuistis,
3233 5354 3506 5409 domicilia
3553 5359 3786 5409 commu-

2225 5465 2432 5520 nesque
2481 5449 2844 5504 habitationes
2879 5459 3075 5501 vestrae
3105 5461 3299 5500 omnes
3347 5447 3601 5501 radicatte
3630 5443 3786 5507 lapsa?

2223 5519 2546 5604 suutlluxu,
2578 5546 2633 5591 et
2665 5537 2819 5590 ruina
2872 5535 3095 5600 tnoutis,
3153 5535 3244 5589 ubi
3291 5536 3580 5590 residentia
3631 5519 3786 5586 vestri

2223 5630 2533 5686 communis
2566 5627 2670 5682 sita
2701 5637 2839 5693 erat,
2870 5628 3096 5696 locaque
3125 5625 3323 5682 fertilia
3351 5627 3495 5684 dicto
3525 5640 3648 5682 casu
3682 5628 3786 5676 ste.

2227 5724 2380 5781 rilem
2407 5719 2741 5788 susceperint
2764 5719 3153 5785 conditionem,
3193 5719 3546 5789 supplicastis
3579 5709 3785 5773 humili-

2236 5827 2342 5880 tcr,
2381 5823 2436 5868 ut
2461 5827 2680 5869 causam
2707 5811 2972 5868 haberent
3001 5812 3251 5869 homines
3291 5795 3514 5871 titinime
3535 5795 3802 5869 deseren“
