4114 6434
384 411 527 460 CXXV

387 517 445 571 di
471 532 765 572 commune
799 527 1066 582 vestrum,
1093 514 1235 584 quod
1280 514 1604 570 imminuere
1629 516 1978 583 dignarentur

385 624 492 678 pro
517 609 740 662 dimidio
788 623 1056 663 sunnnam
1086 608 1346 660 librarum
1385 607 1784 676 quinquaginta
1838 609 1972 658 dua-

389 716 555 764 runt,
624 697 920 754 solidorum
975 699 1278 763 tredecim,
1335 698 1682 751 denariorum
1744 705 1976 765 quatuor

386 792 763 860 Bonumquos
788 789 1004 859 singulo
1026 805 1174 844 anno
1228 787 1436 844 solvere
1467 803 1564 856 pro
1612 800 1726 839 rata
1787 787 1972 842 salarii

388 885 718 938 vicariorum
742 883 1084 953 Capugnani,
1112 896 1176 936 ac
1196 881 1338 950 quod
1361 881 1552 935 saltem
1589 879 1667 932 sal
1718 879 1874 933 Vobis
1919 888 1974 932 et

386 989 575 1032 vestro
601 975 876 1030 connuuni
912 974 1283 1028 necessarium
1313 972 1536 1027 daretur
1588 971 1744 1026 vobis
1794 986 1824 1024 a
1885 987 1976 1026 ca-

389 1082 554 1122 mera
587 1067 784 1122 salium
815 1066 1158 1121 Bononiense
1184 1081 1283 1134 pro
1337 1063 1491 1118 libris
1544 1063 1716 1116 tribus
1765 1062 1972 1118 Bonon.

387 1159 458 1210 ad
495 1158 760 1210 rationem
791 1155 1001 1220 Corbis,
1031 1155 1174 1210 sicut
1198 1155 1256 1208 iit
1286 1154 1496 1209 caeteris
1529 1155 1652 1208 aliis
1705 1156 1978 1210 comitati-

391 1249 494 1302 bus
521 1247 926 1302 connnunitalis
953 1246 1164 1302 Bonon.
1200 1254 1426 1315 propter
1461 1261 1650 1299 eorum
1682 1253 1975 1315 pauperta-

389 1352 525 1392 tem.
555 1340 662 1393 Nos
693 1350 870 1393 autem
904 1339 1007 1392 etsi
1056 1337 1289 1392 lirtniter
1343 1339 1631 1392 credamus
1681 1337 1880 1391 damna
1924 1345 1979 1392 et

383 1430 633 1498 iacturas
661 1439 890 1490 vestras,
922 1439 1102 1482 tamen
1134 1429 1336 1482 habere
1369 1431 1616 1483 volumus
1665 1429 1718 1482 in
1765 1443 1824 1482 re
1863 1428 1977 1496 ipsa

388 1537 612 1577 oinncnt
645 1521 956 1589 possibilem
1019 1520 1503 1586 informatiunem;
1545 1535 1767 1588 remque
1821 1534 1976 1573 com-

390 1615 646 1666 misimus
677 1615 971 1668 rcverendo
1003 1613 1068 1666 Ι).
1115 1612 1458 1668 tbesaurario
1499 1623 1552 1665 et
1597 1610 1978 1666 defensoribus

393 1705 612 1757 havet-is
647 1705 952 1758 communis
977 1703 1182 1758 Bonon.
1211 1701 1315 1773 Ipsi
1341 1705 1482 1758 enim
1513 1697 1772 1758 inﬁrmati
1798 1701 1980 1755 ﬁrma-

393 1805 592 1848 verunt
627 1795 784 1848 nobis
807 1807 868 1846 ea
889 1809 1008 1862 qua:
1031 1795 1082 1846 in
1116 1793 1509 1862 supplicatione
1533 1807 1629 1861 per
1651 1806 1744 1848 vos
1765 1791 1978 1844 narrata

393 1897 548 1951 sunt,
619 1901 742 1940 vera
799 1901 944 1950 esse,
997 1885 1394 1954 imminereque
1459 1884 1524 1938 ad
1580 1886 1692 1938 haec
1743 1882 1978 1952 pericula

395 1987 596 2046 printer
619 1979 755 2046 ipsa,
781 1993 900 2046 qia:
940 1993 1095 2032 mons
1119 1977 1230 2048 ipse
1259 1979 1434 2032 adhuc
1465 1976 1716 2032 tcuditad
1748 1976 1981 2031 decisio—

397 2083 522 2122 nem
559 2084 574 2120 :
609 2068 1066 2122 uudesuadebaut
1121 2069 1298 2133 nobis,
1347 2069 1492 2138 quod
1547 2070 1774 2137 gratiam
1823 2070 1980 2123 vobis

399 2159 704 2215 faceremus
740 2177 756 2215 :
787 2162 928 2228 quod
955 2161 1036 2214 sal
1075 2161 1228 2215 vobis
1273 2162 1494 2214 daretur
1539 2160 1750 2214 ratione
1802 2162 1981 2214 corbis

401 2268 503 2318 pro
533 2252 888 2324 librisltribus
910 2253 1120 2307 Bonon.
1147 2266 1178 2305 a
1233 2267 1468 2318 camera,
1497 2268 1588 2307 seu
1621 2252 1810 2322 cauipa
1853 2253 1982 2306 salis

401 2353 626 2398 nostra:
650 2352 703 2398 et
731 2345 877 2413 quod
907 2343 1162 2398 salarium
1182 2345 1490 2398 communis
1515 2345 1705 2404 vestri.
1727 2343 1982 2397 videlicet

399 2437 665 2492 librarum
688 2436 1078 2506 quinquaginta
1099 2435 1349 2501 duarum,
1375 2433 1674 2488 solidorum
1699 2434 1980 2496 tredecim.

397 2527 754 2580 denariorum
793 2538 1044 2596 quatuor,
1071 2527 1216 2596 quod
1268 2529 1548 2579 annuatim
1587 2525 1794 2580 solvere
1827 2528 1982 2578 ten'e-

393 2617 536 2671 mini
565 2632 663 2686 pro
695 2618 896 2672 salario
923 2619 1252 2672 vicariorum
1299 2618 1644 2688 Capugnani;
1697 2619 1840 2688 quod
1891 2631 1984 2670 re-

399 2709 772 2776 mittercmus,
809 2723 861 2765 et
922 2711 1368 2766 imminueremus
1423 2713 1490 2766 ad
1553 2712 1722 2766 libras
1759 2711 1980 2782 triginta

403 2804 545 2856 duas
575 2802 776 2857 sotidos
836 2803 1113 2864 iretlecim,
1165 2803 1422 2857 denarios
1493 2813 1728 2871 quatuor
1771 2803 1977 2858 Borion.

389 2908 526 2963 quae
553 2894 832 2948 annuatim
859 2893 995 2947 solvi
1034 2909 1127 2962 per
1149 2909 1243 2949 viis
1273 2911 1369 2962 pro
1399 2894 1598 2949 salario
1649 2893 1978 2949 vicariorum

397 2995 712 3041 teneantur.
746 2985 1038 3041 Residuum
1093 2996 1295 3052 autem,
1324 2987 1574 3042 videlicet
1611 2989 1782 3042 libras
1805 2987 1880 3041 20
1912 3003 1981 3042 ne

399 3075 782 3145 praeiudicium
813 3075 909 3128 ﬁat
933 3091 1166 3130 camerae
1195 3088 1280 3128 aut
1313 3078 1436 3130 aliis
1473 3078 1977 3146 ceinnnniitatibus,

399 3169 624 3222 solvant
645 3169 749 3221 hoc
781 3169 964 3238 nzodo,
987 3179 1089 3224 etc.
1127 3153 1260 3222 Nam
1283 3168 1426 3224 facta
1453 3183 1536 3225 est
1559 3173 1692 3225 alias
1713 3173 1980 3228 constitu-

403 3259 484 3313 tio
518 3273 614 3327 per
646 3259 908 3329 regimina
931 3261 1166 3317 civitatis
1196 3261 1446 3317 Bononiae
1467 3275 1518 3318 et
1547 3265 1862 3318 confirmata
1887 3277 1983 3334 per

399 3349 695 3418 quemdam
725 3349 1232 3402 revercndissimmn
1264 3351 1592 3404 cardinalem
1641 3350 1776 3404 alias
1801 3349 1982 3406 Bono-

405 3437 792 3505 niaalcgatum,
825 3438 968 3506 quod
1015 3439 1271 3493 introitus
1325 3435 1470 3493 Dacii
1527 3440 1979 3506 molemlinorum,

393 3529 500 3598 iqui
531 3543 628 3596 pro
653 3537 769 3583 rata
803 3531 1158 3598 contingente
1195 3531 1680 3585 coinmunitatibos
1713 3529 1980 3596 Succidaz,

389 3619 786 3690 Garnaglonis,
816 3629 871 3673 et
895 3619 1211 3690 Capugnani
1255 3621 1320 3675 ad
1372 3621 1636 3676 rationem
1683 3622 1982 3677 solidorum

395 3723 642 3782 quatuor
681 3726 780 3780 pro
809 3716 977 3766 bucca
1001 3725 1356 3781 personarum
1375 3713 1640 3767 dictarum
1665 3717 1982 3768 comitatum

401 3813 856 3858 converterentur
883 3803 948 3856 ad
979 3803 1377 3870 reparationem
1408 3813 1461 3857 et
1485 3805 1552 3859 ad
1588 3804 1982 3873 reaptationem

407 3895 724 3948 balneorum
755 3893 820 3946 de
844 3892 1133 3962 Laporetta
1167 3895 1570 3950 communitatis
1601 3895 1982 3952 Bononiensis.

393 3985 542 4040 tum
575 3993 754 4040 autem
780 3988 1098 4040 constitutio
1135 3988 1248 4054 ipsa
1268 3988 1379 4056 jam
1405 3987 1560 4042 annis
1587 3989 1772 4042 decem
1802 4004 1987 4043 serva-

410 4087 462 4132 ta
490 4079 583 4144 sit,
619 4079 1103 4146 reparationeSque
1127 4089 1222 4145 pro
1265 4079 1473 4150 majore
1505 4091 1656 4148 parte
1712 4081 1822 4136 sint
1859 4097 1985 4150 per-

408 4171 587 4233 lectae,
620 4183 922 4238 parumque
955 4179 1120 4224 restet
1145 4171 1210 4223 ad
1236 4185 1386 4224 suam
1413 4169 1820 4239 perfectionem,
1853 4187 1984 4226 sua-

406 4262 635 4327 debant,
667 4261 813 4331 quod
841 4275 907 4315 ex
933 4247 1154 4315 introitu
1195 4263 1452 4330 praedicto
1473 4262 1620 4316 Dacii
1647 4263 1986 4320 molendina-

411 4372 532 4409 rum
565 4370 662 4422 pro
715 4366 833 4408 rata
895 4355 1246 4422 contingente
1281 4353 1442 4409 dictis
1487 4357 1840 4410 comitatibus
1889 4357 1985 4426 qui

409 4463 510 4516 per
537 4448 794 4501 olliciales
822 4447 1109 4516 deputatus
1139 4447 1413 4517 colligitur
1438 4463 1600 4502 causa
1644 4451 1800 4503 dicta:
1834 4465 1986 4518 repa-

409 4539 660 4602 rationis,
698 4539 982 4606 capiantur
1031 4537 1190 4591 dictae
1249 4538 1396 4592 libra:
1441 4539 1512 4593 ‘20
1569 4555 1666 4607 pro
1715 4541 1985 4610 completa

410 4629 684 4685 solutione
715 4644 904 4684 eorum
933 4643 1052 4698 qua:
1096 4631 1309 4683 solvere
1343 4631 1672 4684 tenebamiui
1710 4649 1806 4699 pro
1845 4634 1988 4685 sala-

413 4725 496 4778 rio
549 4723 737 4776 vicarii
793 4721 982 4784 vestri,
1017 4721 1293 4774 residuum
1343 4733 1470 4774 Vero
1519 4722 1772 4776 introitus
1813 4721 1986 4792 depu-

413 4826 556 4871 tetur
583 4817 648 4870 ad
675 4816 888 4870 solitam
924 4813 1190 4869 dictorum
1217 4813 1532 4867 balneorum
1565 4816 1984 4884 reparationem.

411 4909 528 4963 Hoc
559 4909 704 4962 enim
745 4907 925 4960 suasis
951 4905 1107 4959 nobis
1147 4915 1368 4974 propter
1403 4905 1600 4958 damna
1665 4915 1844 4960 vestra
1881 4923 1986 4962 non

413 5002 761 5055 mediocriter
823 4999 1068 5067 placuit:
1131 4997 1276 5049 unde
1329 4997 1570 5053 volentes
1617 5000 1668 5051 in
1729 5002 1814 5062 iis,
1869 5015 1988 5070 qua:

331 5105 352 5120 ’
413 5105 726 5163 possumus,
759 5090 913 5144 vobis
966 5099 1024 5140 et
1069 5099 1260 5140 vestra:
1319 5089 1613 5142 calamitati
1673 5092 1985 5156 subvenire,

410 5179 736 5236 auctoritate
764 5178 1062 5248 apostolica
1105 5191 1208 5245 qua
1245 5175 1526 5246 iungimur
1564 5180 1796 5248 gratiam
1835 5183 1986 5236 vobis

413 5273 664 5337 facimus,
686 5271 1038 5325 concedimus
1067 5278 1121 5323 et
1155 5268 1452 5344 illargiiuur
1508 5273 1805 5325 secundum
1842 5275 1986 5341 quod

413 5366 468 5418 in
513 5363 776 5419 relatione
831 5361 1091 5431 praedicta
1132 5361 1490 5428 signiﬁcatum
1542 5375 1648 5427 est,
1710 5368 1855 5433 quod
1908 5367 1988 5419 sal

411 5458 666 5514 videlicet
687 5457 840 5511 vobis
867 5469 965 5524 pro
998 5469 1098 5508 usu
1143 5464 1325 5508 vestro
1351 5449 1677 5508 exhibentur
1713 5472 1742 5509 a
1795 5458 1986 5524 canipa

413 5552 543 5604 salis
589 5551 800 5604 Bonon.
849 5565 947 5619 pro
1003 5549 1156 5602 libris
1218 5547 1388 5599 tribus
1453 5546 1661 5602 Bouon.
1727 5559 1991 5616 quatenus

413 5643 680 5712 siquidem
714 5643 921 5696 Solvere
949 5648 1158 5693 tantum
1191 5637 1434 5691 delicatis
1471 5655 1567 5706 pro
1602 5639 1800 5692 Salnt'io
1833 5641 1991 5692 vira-

415 5739 480 5792 rti
513 5737 823 5804 Capugnani
853 5733 1136 5786 annuatim
1188 5731 1354 5783 libras
1418 5731 1702 5798 pra-dictas
1768 5731 1984 5800 triginta

482 5861 553 5922 (ι)
590 5861 724 5912 Falsa
761 5859 1068 5924 pontiﬁcatus
1103 5863 1236 5904 nuta.

863 5946 1130 6007 Parant.
1175 5944 1288 6001 Gn.
1339 5939 1535 6001 CLP'J.

1465 404 1544 462 IN
1592 403 2032 464 LEGATJONE
2079 404 2572 468 BONONIENSI.

3521 409 3677 451 ελχγδ

2083 520 2236 578 duas.
2278 519 2479 574 solidos
2545 517 2826 584 tredecim,
2887 517 3144 573 denarios
3209 524 3441 585 quatuor
3509 514 3682 568 Bono-

2083 609 2335 662 nienses:
2365 609 2481 662 alia:
2523 625 2650 664 vero
2684 609 2941 672 20,1ibra:
2973 619 3182 662 tantum
3234 607 3518 663 solvantur
3592 605 3660 656 de

2083 699 2311 753 introitu
2347 702 2602 768 deputato
2659 716 2755 771 pro
2813 702 3130 756 balneorum
3183 699 3526 769 reparatione
3581 713 3676 766 per

2077 804 2226 855 cum,
2259 791 2337 844 vel
2360 807 2474 857 eos,
2513 793 2605 857 qui
2635 794 2701 846 ad
2735 793 2970 847 similem
3019 791 3371 846 exaCtionem
3421 790 3671 859 deputati

2079 888 2233 944 sunt,
2261 881 2402 934 sicut
2421 881 2581 934 latius
2599 883 2846 950 superius
2869 895 3192 951 expressum
3218 891 3332 944 eSt;
3363 880 3677 934 inundantes

2075 967 2421 1021 tliesanrario
2460 983 2692 1023 camerae
2724 968 2940 1023 Bonan.
2971 971 3063 1037 qui
3117 984 3216 1038 pro
3259 977 3503 1038 tempore
3536 971 3666 1031 erit,

2077 1058 2463 1113 defensoribus
2489 1059 2727 1122 bavcris.
2757 1061 3205 1125 conductoribus,
3231 1075 3295 1115 ac
3347 1070 3672 1130 superstan-

2069 1149 2226 1203 tibus
2259 1151 2410 1215 salis,
2445 1153 2800 1207 etaetoribus
2833 1153 3052 1207 viCariis
3077 1151 3423 1222 Capugoani,
3463 1153 3673 1206 ollieia-

2075 1239 2226 1294 libus
2273 1243 2548 1310 ili-putatis
2589 1243 2656 1296 ad
2715 1243 2844 1296 dicti
2901 1243 3158 1298 introitus
3195 1245 3536 1298 exactionem
3579 1261 3676 1312 pro

2083 1333 2430 1399 reparatione
2463 1333 2781 1388 balneorum
2813 1349 2878 1388 ac
2905 1335 3158 1388 onmibus
3185 1343 3240 1388 et
3281 1335 3515 1404 singulis
3544 1338 3664 1390 aliis

2077 1422 2402 1480 oﬂicialib‘us
2433 1425 2632 1480 nostris
2658 1433 2714 1480 et
2744 1425 3052 1480 communis
3085 1425 3442 1482 Bononiensis
3471 1429 3673 1496 quibus

2077 1524 2288 1583 spectat
2319 1525 2412 1570 aut
2453 1527 2703 1586 spectare
2755 1521 2928 1587 possit
2973 1519 3029 1572 in
3083 1517 3354 1584 futurum,
3403 1529 3675 1588 quatenus

2081 1603 2228 1660 lianc
2279 1617 2523 1662 nostram
2553 1605 2780 1676 gratiam
2815 1620 3056 1675 servent,
3089 1609 3398 1680 faciantque
3421 1612 3490 1666 de
3540 1623 3675 1664 tem-

2081 1713 2213 1766 pore
2246 1700 2298 1752 in
2329 1709 2542 1769 tempus
2567 1700 2635 1756 ab
2665 1701 2790 1757 aliis
2817 1702 3124 1758 observari.
3153 1703 3218 1756 lo
3237 1719 3470 1780 quorum
3499 1705 3671 1758 ﬁdem

2073 1793 2366 1859 praesentis
2381 1794 2758 1848 concessionis
2789 1805 2988 1850 nostra}
3015 1796 3293 1850 decretum
3335 1797 3486 1862 ﬁeri,
3519 1798 3674 1866 sigil-

2083 1885 2230 1951 lique
2251 1883 2425 1940 nostri
2459 1885 2676 1940 rotundi
2715 1883 2984 1955 iussimus
3045 1867 3407 1955 impressione
3443 1889 3670 1942 numini.

2155 1976 2347 2029 Datum
2369 1976 2631 2032 Bononia!
2661 1977 2720 2031 in
2763 1977 2962 2046 palatio
2989 1988 3192 2032 nostra:
3219 1980 3552 2042 residentis;
3587 1981 3674 2035 die

2079 2068 2275 2138 quinto
2307 2067 2520 2124 decimo
2541 2069 2746 2123 mensis
2776 2068 3062 2124 Februarii
3097 2068 3264 2133 1452,
3315 2067 3510 2140 pontiﬁ
3549 2082 3672 2125 atus

2081 2159 2422 2216 sanctissimi
2467 2159 2674 2214 domini
2703 2162 2877 2216 nostri
2915 2159 2982 2214 Ι).
3029 2159 3255 2229 Engenii
3301 2159 3468 2231 Papa:
3517 2178 3670 2217 atii-.0

2075 2255 2259 2322 primo
2293 2253 2392 2323 (l),
2421 2263 2530 2308 etc.

2111 2363 2116 2366 '
2261 2333 2276 2346 ’
2821 2346 2924 2403 Π.

2151 2437 2284 2492 Post
2311 2437 2478 2508 cujus
2515 2438 2740 2508 quidem
2767 2437 2972 2512 decreti
3007 2448 3062 2493 et
3099 2424 3303 2492 indulti
3353 2439 3665 2493 cottcessio-

2083 2543 2232 2589 nem,
2266 2527 2584 2594 spectabilis
2613 2529 2774 2583 miles
2793 2529 2864 2585 ὓ.
2895 2527 3161 2585 i‘licolaus
3183 2531 3254 2584 de
3277 2527 3502 2583 Sanatis
3533 2529 3669 2583 civi-

2075 2621 2214 2673 tatis
2241 2620 2608 2675 Bonaniensis
2625 2621 3268 2690 auctoritateapostoliea
3293 2620 3356 2674 in
3395 2621 3665 2676 continent

2073 2703 2392 2767 Palatinum
2407 2723 2748 2783 assumptus,
2787 2715 2844 2768 in
2877 2715 3106 2768 titulum
3129 2713 3221 2768 sui
3251 2713 3555 2767 comitatus
3583 2714 3666 2766 Io.

2069 2822 2206 2862 cum
2239 2807 2582 2876 praedictum,
2605 2807 2708 2875 qui
2737 2805 2944 2862 dicitur
2963 2806 3302 2876 Laporetta,
3337 2821 3463 2860 cum
3487 2807 3670 2860 uiiiui-

2079 2901 2188 2954 tuis
2219 2899 2572 2970 pertinentiis
2601 2898 3164 2968 etjurisdictionibus
3185 2899 3334 2961 suis,
3385 2907 3455 2952 a’c
3489 2897 3665 2952 etiam

2079 3005 2207 3044 cuin
2241 2989 2508 3044 vicariatu
2533 2990 2810 3044 dictarunt
2841 2997 3138 3053 terrarum,
3159 2997 3222 3042 et
3243 2987 3524 3042 solutione
3557 2999 3661 3042 so-

2077 3085 2320 3160 lidorum
2373 3093 2616 3154 quatitur
2661 3098 2766 3152 pro
2787 3083 3040 3162 qualibet
3065 3081 3236 3138 bucca
3267 3083 3555 3136 lionuuum
3605 3091 3669 3132 et

2077 3185 2443 3246 personatum
2463 3177 2525 3231 in
2551 3175 2690 3246 ipsis
2705 3177 2875 3232 terris
2899 3174 3305 3240 exsisténtium,
3315 3185 3484 3243 prout
3507 3179 3671 3227 antea

3748 523 3760 554 ι

3751 557 3761 588 i

2077 3285 2183 3338 pro
2207 3269 2488 3324 macinatu
2521 3283 2750 3324 cautem
2769 3267 3135 3322 Bononiensis
3159 3265 3381 3321 solvere
3429 3271 3670 3320 consue-
3749 3285 3756 3294 ·

2077 3364 2298 3423 verant,
2331 3360 2535 3415 eadem
2571 3361 2906 3415 auctoritate
2923 3357 3172 3414 obtinuit
3185 3355 3486 3432 provideri,
3509 3363 3672 3425 p:otu.

2075 3451 2138 3506 in
2155 3451 2367 3508 litteris
2393 3450 2714 3521 apostolicis
2741 3451 2869 3506 inde
2891 3449 3185 3514 confectis,
3199 3457 3265 3504 et
3281 3463 3474 3503 coram
3497 3447 3666 3501 notus

2072 3545 2344 3601 exhibitis
2367 3547 2516 3601 clare
2545 3553 2785 3601 constat.
2811 3545 2952 3600 Cum
2975 3554 3163 3600 autem
3189 3544 3336 3598 inter
3363 3541 3660 3613 prtelatiiai

2075 3653 2406 3708 generosum
2433 3639 2687 3693 comitem
2717 3645 2774 3692 et
2801 3636 3156 3706 spectabilem
3185 3634 3416 3689 militem
3451 3643 3516 3687 ex
3545 3650 3658 3687 una

2079 3739 2238 3803 parte
2259 3739 2313 3786 ct
2347 3731 2576 3786 vicarios
2601 3745 2701 3799 pro
2723 3739 2968 3800 tempore
2989 3731 3274 3798 deputatus
3300 3727 3368 3782 ad
3407 3727 3664 3795 region-it

2079 3834 2355 3880 terrarum
2387 3838 2456 3878 ex
2481 3824 2682 3890 altera,
2715 3838 2782 3879 ac
2811 3824 2984 3878 etiam
3019 3820 3452 3877 communitates
3469 3831 3530 3874 et
3557 3823 3666 3872 lio-

2079 3915 2262 3970 mines
2287 3915 2606 3968 earumdem
2627 3923 2876 3983 parteex
2899 3913 3074 3967 altera
3097 3913 3302 3982 smpius
3347 3923 3668 3965 controver—

2081 4006 2167 4060 sia
2199 4005 2389 4066 fuerit,
2409 4004 2645 4059 etetiatu
2674 4007 2853 4074 vigeat
2877 4004 2945 4058 de
2969 4003 3231 4072 praesenti
3263 4001 3667 4058 occasione-so-

2085 4094 2320 4152 lutionis
2349 4093 2543 4152 salarii
2567 4094 2704 4149 dicti
2729 4094 3049 4159 vicariattis,
3075 4105 3137 4149 et
3155 4093 3330 4149 etiam
3369 4091 3668 4147 solutionis

2079 4183 2348 4243 librarum
2397 4186 2613 4257 viginti,
2659 4195 2803 4254 quas
2847 4184 3094 4257 praelata:
3133 4183 3582 4246 communitates,
3613 4191 3667 4236 et

2081 4281 2452 4350 nomines-pro
2479 4293 2664 4334 eorum
2693 4279 2888 4334 buccis
2907 4277 3343 4347 runcinatusjam
3367 4276 3536 4332 certis
3557 4277 3668 4332 ela-
3709 4337 3712 4340 ,

2081 4373 2200 4438 psis
2229 4373 2388 4427 annis
2437 4371 2656 4426 solvere
2707 4385 2813 4440 pro
2845 4369 3192 4441 reparatione
3235 4369 3562 4425 balneorum
3599 4369 3668 4422 de

2079 4456 2382 4530 Laporetta
2419 4472 2849 4524 consueverunt,
2909 4461 2982 4516 ad
3041 4475 3279 4530 quorum
3333 4460 3662 4516 solutionem

2079 4554 2324 4620 praefatae
2353 4553 2734 4608 u'uiversi'tates
2754 4561 2807 4608 et
2829 4553 3081 4610 homines
3097 4553 3240 4609 dicta
3251 4568 3366 4607 rum
3391 4561 3658 4609 terrarum

2077 4646 2418 4702 auctoritate
2445 4645 2746 4715 praainserti
2771 4644 2982 4701 decreti
3029 4661 3090 4701 se
3129 4653 3388 4703 asserunt
3433 4663 3540 4701 non
3580 4659 3660 4703 ιιτο

2081 4739 2205 4793 heri
2231 4753 2384 4791 :.nos
2427 4745 2556 4808 ergo
2597 4736 2906 4809 iurgiorum
2961 4740 3228 4796 materias
3257 4745 3540 4809 amputare
3567 4754 3664 4791 eu—

2081 4832 2319 4899 1-ientes,
2351 4843 2416 4884 ac
2443 4831 2590 4899 paci,
2623 4830 2791 4898 quieti
2819 4839 2876 4886 et
2905 4831 3288 4901 tranquillitati
3325 4833 3665 4886 subditorum

2081 4927 2397 4976 nostrorum
2415 4921 2702 4991 providere
2725 4921 3019 4992 plurimum
3041 4917 3389 4986 all‘ectantes,
3414 4927 3664 4991 praesenti

2091 5021 2278 5068 nostro
2301 5013 2521 5068 decreto
2561 5011 2864 5080 ﬁrmamus,
2891 5013 3037 5082 quod
3069 5013 3306 5084 puerone
3325 5014 3667 5068 universita-

2091 5107 2172 5158 tcs
2196 5115 2249 5158 et
2285 5102 2533 5157 homines
2553 5104 2874 5160 earumdem
2903 5119 3003 5173 pro
3022 5107 3170 5158 omni
3197 5119 3267 5159 eo
3283 5117 3346 5159 et
3363 5115 3498 5168 toto,
3520 5109 3665 5172 quoii

2087 5194 2376 5249 occasione
2405 5194 2534 5248 dicti
2561 5195 2862 5248 macinatus
2897 5203 2994 5261 pro
3037 5208 3228 5248 eorum
3265 5195 3452 5249 buccis
3477 5209 3662 5247 came-

2093 5301 2168 5339 ra:
2209 5284 2538 5340 Bononiensi
2585 5284 2801 5338 solvere
2835 5295 3086 5339 tenentur
3133 5287 3207 5338 de
3239 5295 3440 5340 cancro
3471 5300 3666 5338 omnes

2089 5379 2336 5447 singulas
2369 5379 2535 5432 libras
2595 5378 2845 5432 undecim
2907 5375 3118 5432 Borion.
3183 5389 3240 5431 et
3281 5393 3386 5430 non
3443 5378 3670 5432 ulterius

2093 5481 2186 5538 pra
2207 5469 2316 5522 i‘ato
2346 5467 2404 5522 D.
2441 5467 2662 5524 Nicolao
2687 5468 2874 5523 comiti
2905 5470 3162 5538 praedicto
3197 5479 3255 5523 et
3285 5469 3443 5522 militi
3475 5485 3504 5522 a
3533 5477 3673 5520 tem—

2095 5575 2225 5629 pore
2251 5559 2627 5613 concessionis
2687 5559 3014 5614 auctoritate
3043 5557 3343 5628 apostolica
3389 5558 3491 5612 sibi
3525 5557 3667 5612 farta

2094 5653 2228 5706 citra
2263 5667 2328 5706 ex
2379 5651 2744 5718 computando
2783 5650 2910 5702 illud
2947 5661 3116 5704 totum
3151 5649 3228 5703 de
3275 5651 3422 5706 dicta
3453 5665 3668 5706 summa

2095 5747 2238 5816 quod
2283 5744 2458 5798 dicitis
2497 5743 2882 5799 universitates
2915 5754 2980 5798 et
3025 5743 3276 5797 homines
3333 5743 3556 5814 praefato
3597 5746 3670 5802 ll.
