4114 6456
389 404 604 446 CXXXII?

389 513 551 567 αὐτὸν
578 512 606 564 ό
627 510 742 564 τῶν
770 509 1106 580 ἱεροφαντῶν
1133 512 1400 581 ,μέγιστος
1437 511 1861 582 Τραπεζοῦντος
1887 512 1964 580 (8)

389 605 636 668 Δοσίθεος
669 605 813 659 πάνυ
846 622 928 659 τοι
961 605 1186 668 πολλαῖς
1217 605 1390 667 λιταῖς
1415 605 1510 658 καὶ.
1534 606 1754 674 δεήσεσι
1788 604 1966 672 λόγοις

386 714 448 751 τε
476 697 640 750 αὐτὸν
666 695 1006 748 ἐκπαιδεὺειν
1035 695 1129 749 καὶ
1153 695 1270 765 ἅμα
1315 695 1504 750 θέσθαι
1554 696 1670 749 υίὸν
1702 695 1796 749 τοῦ
1828 695 1967 750 κατὰ

388 789 555 858 φύσιν
590 789 1009 860 ἐπικυδέστερον
1029 806 1044 820 ο
1074 791 1200 842 ἐπεὶ
1238 788 1284 841 δ’
1306 788 1454 860 αὑτῷ
1486 789 1629 843 κατὰ
1655 787 1778 843 νοῦν
1805 789 1966 860 ἐπῄει

389 881 858 952 παλινδρομήσειν
893 882 952 945 ἐς
971 881 1031 934 τὸ
1069 880 1389 944 Βυζάντιον,
1427 881 1844 952 ξυνεπηγάγετο
1877 883 1969 936 καὶ

385 974 480 1027 τὸν
511 975 678 1027 παῖδα
710 975 811 1043 τῆς
834 975 1036 1045 ἀρετῆς
1063 975 1124 1028 τὸ
1159 975 1358 1038 κάλλος
1389 974 1818 1048 ἐπιφερόμενον,
1848 973 1968 1043 μετ’

385 1067 450 1119 οὐ
481 1067 616 1120 πολὺ
647 1067 692 1120 δ’
723 1067 875 1135 ἄγων
903 1069 1202 1138 ἐνεχείρισε
1225 1069 1555 1140 διδασκάλῳ,
1589 1069 1680 1122 τὸν
1718 1069 1817 1138 μὲν
1854 1067 1972 1134 βίον

385 1160 728 1229 ἁδιαὸλήτῳ,
759 1160 852 1213 τὸν
871 1159 929 1214 δὲ
963 1161 1170 1230 τρόπον
1209 1157 1594 1232 ἀνεπιλήπτῳ,
1641 1161 1740 1230 τὴν
1797 1159 1842 1214 δ’
1869 1163 1971 1230 ἐμ-

386 1252 614 1323 πειρίαν
643 1251 978 1324 δεξιωτάτῳ,
1010 1248 1070 1307 εὖ
1099 1253 1244 1322 μάλα
1265 1253 1446 1319 εἰδὼς,
1491 1257 1575 1308 ὅτι
1607 1255 1676 1306 τόι
1699 1253 1804 1324 μὲν
1835 1255 1970 1308 ἄλλα

385 1345 500 1398 τῶν
548 1345 606 1396 ἐν
644 1343 962 1414 ἀνθρώποις
1019 1343 1202 1398 καλῶν
1243 1343 1408 1412 φύσει
1435 1345 1498 1398 τέ
1549 1346 1701 1398 ἐστιν
1731 1343 1970 1398 ὰϐἐῦαια

388 1437 486 1489 και
511 1421 877 1506 ὀλιγοχρόνια,
915 1435 1134 1490 παιδεία
1178 1437 1236 1490 δι
1268 1437 1406 1508 μόνη
1437 1435 1547 1491 τῶν
1583 1437 1640 1490 ἐν
1670 1438 1804 1508 ἡμῖν
1833 1435 1974 1490 tua.

387 1529 550 1582 νατόν
580 1545 639 1582 τε
674 1530 772 1582 καλ⁸
799 1528 1194 1600 ἀναφαίρετον.

461 1705 536 1767 ὒῦ
558 1711 604 1765 δ’
634 1710 728 1766 οὖν
757 1711 940 1767 ἐπόθει
976 1711 1121 1783 μάλα
1171 1711 1370 1783 τυχὼν,
1430 1713 1626 1768 θᾶττον
1671 1713 1704 1782 ἢ
1742 1713 1888 1765 πᾶσί·
1914 1729 1973 1780 γε

387 1807 512 1862 κατ’
545 1806 758 1870 ἐλπίδα,
789 1805 994 1878 μελέτῃ
1025 1824 1082 1859 τε
1116 1806 1212 1860 καὶ
1243 1806 1442 1876 γνώσει
1481 1807 1576 1860 καὶ
1617 1806 1818 1875 εὐφυΐᾳ
1851 1822 1980 1858 συν-

387 1900 596 1970 αγήοχε
630 1900 731 1968 μέν
749 1901 850 1966 τὴν
881 1899 1106 1970 πρώτην
1136 1900 1334 1969 τέχνην
1363 1900 1458 1952 καὶ
1511 1898 1820 1966 ἀναγκαίαν
1849 1901 1972 1961 ταῖς

390 1994 515 2064 μετ’
545 1993 738 2064 αὐτὴν,
771 1994 1076 2062 συναγήοχε
1107 1992 1162 2045 δὲ
1183 1991 1478 2063 ποιητικὴν
1508 1993 1609 2061 τὴν
1650 1991 1975 2062 πολυσχιδῆ,

388 2085 628 2156 εὔπορον
682 2081 851 2139 οὖσαν
884 2087 1077 2156 χρῆμα
1135 2087 1232 2139 καὶ
1261 2085 1512 2154 δαψιλὲς,
1543 2087 1612 2158 τῇ
1642 2103 1700 2138 τε
1741 2085 1980 2156 χορηγίᾳ

387 2179 492 2249 τῆς
539 2179 810 2249 γλώττης,
843 2179 920 2248 τῷ
975 2197 1036 2232 τε
1087 2178 1284 2250 πλήθει
1317 2177 1424 2231 τῶν
1458 2179 1764 2248 ὀνομάτων,
1798 2179 1978 2230 πάντα

393 2269 591 2341 ἱκανὴν
620 2270 862 2342 δηλῶσαι
889 2269 958 2323 τὰ
981 2269 1304 2341 βουλήματα
1330 2270 1432 2340 τῆς
1447 2270 1650 2340 ψυχῆς,
1681 2271 1776 2323 καὶ
1796 2271 1980 2323 ὁποῖον

390 2360 427 2430 ἦ
461 2355 676 2431 ἔργονῆ
715 2360 908 2430 σχῆμα
935 2359 968 2429 ἢ
994 2359 1164 2424 πάθος
1193 2359 1225 2421 ἣ
1260 2358 1492 2430 μέγεθος
1519 2360 1754 2422 ἕκαστος
1779 2361 1992 2428 κέκτηι

391 2471 488 2506 ται
514 2451 621 2506 τῶν
651 2453 954 2524 ἀνθρώπων
987 2453 1020 2522 ἢ
1064 2454 1159 2505 καὶ
1199 2451 1360 2519 θεῶν,
1395 2453 1647 2522 ἐναργῶς
1677 2454 1858 2505 πάντα
1884 2454 1982 2505 καὶ

395 2548 572 2618 ῥᾷστα
598 2546 1086 2617 διασημαίνουσαν.
1135 2543 1462 2616 Ῥητορικὴν
1483 2546 1540 2599 δέ
1571 2561 1634 2614 γε
1671 2546 1772 2616 τὴν
1804 2545 1980 2614 πυρὸς

397 2639 564 2710 μ’ἐνος
603 2639 916 2702 πνείουσαν,
947 2639 996 2692 εἰ
1034 2639 1128 2690 καὶ
1173 2637 1360 2710 ἱλαρὸς
1416 2637 1583 2700 αὐτὸς
1637 2639 1732 2690 καὶ
1787 2635 1982 2707 ἠθικὺς

394 2732 696 2802 ἐτύγχανεν
725 2732 824 2798 ὣν,
852 2731 986 2784 πολὺ
1017 2731 1127 2784 τῶν
1163 2729 1340 2784 ἄλλων
1371 2729 1622 2798 διέφερεν
1673 2727 1731 2780 ἐν
1761 2745 1820 2780 τε
1858 2727 1982 2798 βου-

395 2819 516 2881 λαῖς
555 2817 612 2871 ἐν
643 2835 704 2872 τε
761 2818 942 2880 δίκαις
999 2820 1103 2872 κᾶν
1160 2818 1510 2885 ἐπιδείξεσιν.
1565 2820 1718 2871 Ἐπεὶ
1752 2818 1797 2870 δ’
1833 2817 1984 2888 αὐτῷ

393 2909 574 2966 ταῦτα
608 2907 725 2983 εἶχε
789 2910 973 2974 καλῶς
1027 2912 1124 2964 καὶ
1153 2906 1300 2984 ᾗπερ
1359 2911 1642 2974 ἐϐούλετο,
1673 2913 1898 2982 λογικῆς
1923 2927 1984 2964 τε

396 3005 504 3076 ἤδη
539 3006 635 3059 καὶ
690 3005 888 3076 ἠθικῆς
941 3005 1260 3076 ἐπεθύμησε
1307 3006 1400 3058 καὶ
1447 3007 1576 3071 τοὺς
1612 3004 1983 3075 περὶφύσεως

400 3097 648 3168 μετιέναι
677 3097 875 3167 λόγους
905 3097 1000 3150 καὶ
1029 3097 1206 3161 ῑδεῶν,
1259 3099 1355 3152 καὶ
1385 3097 1483 3168 τῆς
1529 3097 1774 3168 ἐφέσεως
1807 3099 1986 3166 ἐπηυο

401 3191 672 3263 μοίρησεν
727 3191 787 3244 οὗ
821 3191 965 3245 πάνυ
989 3207 1071 3244 τοι
1101 3189 1283 3259 πολλῷ
1314 3191 1407 3243 καὶ
1435 3190 1525 3244 διὰ
1581 3189 1821 3261 μακροῦ.
1863 3191 1984 3243 Ἔτι

397 3297 462 3333 τε
495 3279 564 3334 αὖ
601 3280 693 3334 καὶ
721 3280 831 3334 τῶν
859 3279 1258 3351 μαθηματικῶν
1295 3281 1504 3352 τεχνῶν
1528 3283 1622 3334 καὶ
1661 3281 1988 3350 ἐπιστημῶν

400 3372 462 3424 ἐν
489 3371 551 3425 οὐ
587 3371 762 3442 πολλῷ
784 3389 888 3426 τινι
912 3372 1109 3442 χρόνῳ,
1140 3373 1408 3442 Πλήθωνα
1433 3371 1572 3442 ἔχων
1599 3372 1986 3443 καθηγεμόνα,

399 3463 470 3514 τὰ
495 3461 757 3515 κάλλιστα
781 3461 1104 3532 ξυναγήοχε.
1132 3463 1212 3516 Τὰ
1248 3461 1291 3514 δ’
1327 3462 1486 3528 ἄλλα,
1513 3462 1590 3525 ὡς
1617 3463 1850 3533 περιττὰ
1875 3465 1988 3525 τοῖς

401 3554 688 3609 ιλῦσεϐοὖσι
727 3557 823 3608 καὶ
873 3555 1148 3625 ἄχρηστα,
1195 3557 1308 3618 τοῖς
1348 3553 1700 3625 βουλομένοις
1733 3555 1986 3626 παρῆκεν

402 3647 711 3718 ἐπιζητεῖν.
753 3647 909 3701 Οὕτω
942 3648 1007 3716 δὴ
1044 3645 1136 3701 οὖν
1167 3647 1298 3719 περὶ
1321 3649 1496 3701 ταῦτα
1517 3647 1736 3718 ἔχοντος
1769 3649 1864 3702 τοῦ
1890 3651 1986 3702 ἁν-

403 3742 528 3812 δρδς
555 3743 652 3794 καὶ
689 3741 810 3810 δίχα
857 3741 1172 3812 μερίζοντος
1229 3741 1422 3794 ἑαυτὸν
1458 3743 1524 3811 τῇ
1589 3741 1688 3810 μὲν
1727 3741 1864 3811 πρὸς
1895 3741 1987 3794 λό-

404 3850 556 3901 γους,
619 3827 696 3887 ὧν
750 3834 878 3887 ἄνευ
909 3833 1108 3901 τυφλὸς
1156 3834 1183 3884 ὁ
1215 3833 1352 3904 βίος,
1383 3835 1448 3903 τῇ
1491 3833 1548 3886 δὲ
1579 3833 1719 3904 πρὸς
1752 3835 1988 3903 ἄσκησιν

406 3925 683 3987 πολιτείας
713 3925 1080 3995 θεοπρεποῦς,
1117 3919 1256 3996 ἦκεν
1308 3926 1522 3990 ἐκεῖνος
1558 3924 1773 3994 φθάσας
1803 3926 1830 3979 ὁ
1862 3927 1989 3998 κρό-

406 4035 520 4080 νος,
551 4018 578 4070 ό
609 4019 726 4070 τοῖν
774 4019 952 4084 γενοῖν
1007 4017 1293 4088 ἑκατέροιν
1327 4015 1403 4088 (9)
1459 4017 1785 4086 ἐπέραστος,
1831 4017 1890 4081 ὃς
1919 4017 1988 4071 τὰ

405 4107 752 4180 διερρωγότα
809 4107 946 4178 γένη
1001 4108 1206 4177 συνῆψε
1263 4108 1358 4161 καὶ
1384 4107 1484 4178 τὴν
1518 4107 1756 4161 παλαιὰν
1787 4107 1990 4180 ἔχθραν

406 4199 624 4266 ἐκείνην
678 4199 944 4252 διέλυσεν.
1008 4199 1358 4270 Ἐπηγόιγετο
1405 4199 1462 4252 δὲ
1508 4199 1610 4270 τὴν
1641 4200 1872 4272 εἰρήνην
1897 4201 1992 4255 καὶ

407 4291 506 4361 τὴν
529 4289 809 4362 ὁμόνοιαν,
841 4291 950 4346 τῶν
989 4294 1046 4348 ἐν
1071 4291 1172 4364 βίῳ
1206 4294 1274 4346 τὰ
1305 4291 1580 4346 κάλλιστά
1617 4307 1682 4360 γε
1716 4293 1814 4346 καὶ
1851 4289 1990 4362 ξυμ-

407 4383 728 4453 φορώτατα.

481 4549 554 4612 Ὠ
586 4557 703 4622 πῶς
738 4559 1004 4628 ἀδακρυτὶ
1040 4559 1213 4614 ταῦτα
1244 4561 1340 4615 καὶ
1363 4562 1585 4633 μέτειμι
1608 4567 1700 4616 καὶ
1718 4561 1950 4632 διέξειμι
1976 4565 1992 4618 l

407 4651 530 4714 πῶς
579 4651 660 4703 τὼ
712 4652 962 4718 δυστήνω
1021 4671 1122 4722 μου
1171 4653 1437 4723 ὀφθαλμὼ
1471 4653 1988 4726 κατεξηρανθήτην,

410 4744 505 4797 καὶ
531 4743 706 4815 φρίκη
731 4745 846 4814 (l0)
887 4745 1066 4798 πάντα
1105 4746 1362 4816 περιέσχε
1397 4748 1466 4800 τὰ
1495 4749 1632 4817 μέλη
1671 4765 1774 4818 μου
1796 4791 1810 4815 ,
1845 4748 1876 4819 ἢ
1909 4749 1993 4802 ὃτι

409 4836 472 4888 τδ
507 4831 646 4905 αἷμα
677 4838 744 4906 τῇ
773 4836 836 4889 λύ
849 4853 920 4906 πῃ
957 4837 1222 4901 ξυσταλὲν
1252 4838 1384 4908 περὶ
1411 4839 1623 4904 τᾶνδον,
1651 4841 1752 4892 οὐκ
1780 4841 1992 4908 ἀλόγως

407 4929 478 4980 τὰ
501 4926 608 4998 ἔξω
629 4929 646 4946 ⁶
679 4929 1142 4999 κατεστερίφωσε.
1166 4930 1300 4983 Τότε
1330 4931 1396 5001 δὴ
1413 4927 1508 4982 οὖν
1538 4933 1616 4994 εἰς
1652 4931 1819 5002 ἄνδρα
1857 4949 1998 4998 παρ·

409 5019 741 5088 αγγείλαντα
803 5022 896 5074 τὶν
944 5024 1213 5089 γενναῖον,
1269 5023 1532 5092 ἀρχιερέα
1609 5025 1860 5092 γενέσθαι
1897 5026 1996 5094 τῆς

411 5111 795 5182 πολυυμνήτου
821 5112 1078 5177 Νικαίας,
1125 5117 1222 5168 καὶ
1272 5117 1661 5184 παρεκάλεσαν
1708 5121 1802 5172 καὶ
1831 5118 1998 5188 ἠνάγ-

411 5219 608 5257 κασαν.
645 5202 710 5254 Τί
745 5202 806 5255 τὸ
839 5202 1089 5256 ἐντεῦθεν
1122 5203 1374 5276 ἀπῆρκεν
1403 5209 1460 5268 ἐς
1504 5207 1739 5260 Ἰταλίαν
1775 5210 1991 5278 σύναμα

411 5295 488 5365 τῷ
523 5295 872 5364 γαληνοτάτῳ
903 5295 1015 5366 (ll)
1061 5295 1218 5366 ἡμῶν
1252 5297 1464 5364 βασιλεί
1512 5301 1604 5352 καὶ
1639 5301 1715 5370 τῷ
1744 5302 1864 5354 τότε
1896 5304 1995 5365 τὰς

409 5387 568 5458 ἡνίας
625 5387 724 5457 τῆς
797 5387 1126 5458 Ἐκκλησὶας
1179 5388 1436 5456 ἱθόνοντι,
1492 5393 1586 5444 καὶ
1637 5393 1901 5466 ξυμπάσῃ
1933 5401 1993 5467 τῇ

595 5566 670 5641 De
703 5565 980 5641 Dositheis
1003 5571 1174 5641 variis
1208 5571 1316 5641 egit
1365 5570 1581 5627 Fabric.
1618 5573 1747 5627 bibl.
1779 5572 1872 5628 Gr.
1906 5574 1993 5640 Ill,

411 5635 734 5710 5,
771 5637 834 5703 ll,
861 5655 916 5708 p.
953 5639 1019 5694 88
1063 5657 1178 5710 seq.

485 5707 561 5778 (9)
589 5707 920 5781 Orientaletu
951 5723 1004 5765 et
1047 5707 1449 5768 Occidentalem
1490 5713 1784 5769 Ecclesium
1826 5715 1998 5783 signi-

417 5783 596 5920 mi‘h’)
628 5851 806 5921 Φρίκτὶ
842 5853 896 5906 il.
953 5851 986 5906 Ι.
1040 5852 1232 5908 horror
1279 5853 1505 5910 febt'ilis.
1546 5852 1698 5911 Alex.
1747 5857 1992 5922 Aphrod.

1311 391 1703 454 LAU'DATIO
1746 389 2090 454 FUNEBlll
2105 394 2144 452 S
2193 393 2422 457 BESSA
2437 397 2480 458 R
2495 397 2732 460 lONlS.

3453 413 3654 456 CXXXIV

2077 513 2345 568 tnax’mus
2379 516 2684 571 antistitum
2722 515 3118 586 Trapezuntius
3145 518 3454 584 Dositheus,
3486 537 3652 591 quem

2078 601 2260 656 multis
2281 607 2502 662 omnino
2527 608 2782 675 precibus
2801 597 3375 678 obsecrationibusque
3392 621 3446 665 et
3473 614 3654 666 verbis

2077 690 2406 762 i..stitueret,
2435 698 2708 768 simulque
2740 699 2794 752 in
2821 699 2986 753 lilium
3015 701 3422 770 sibiadOptaret
3450 712 3503 756 et
3525 703 3650 771 qui-

2077 782 2194 835 dem
2230 785 2384 856 longe
2431 788 2802 856 gloriosiorem
2845 805 2909 845 eo
2936 793 3026 860 qui
3060 793 3357 848 secundum
3397 805 3652 848 naturam

2075 879 2311 944 genitus.
2344 881 2477 934 Cum
2527 893 2703 936 autem
2743 883 2842 952 ipsi
2886 883 2939 937 in
2986 894 3218 940 mentem
3262 887 3499 941 venisset
3556 886 3656 956 By-

2078 971 2315 1024 zantium
2342 987 2605 1039 remeare,
2631 989 2816 1028 secum
2843 976 3068 1030 adduxit
3097 987 3150 1031 et
3184 991 3408 1046 puerum
3435 979 3655 1032 virtutis

2077 1064 2538 1134 pulchritudinem
2577 1082 2688 1136 pra:
2721 1083 2780 1123 se
2827 1067 3090 1123 ferentem
3115 1109 3129 1131 .
3181 1083 3282 1125 nec
3324 1070 3490 1125 multo
3540 1081 3660 1140 post

2081 1157 2361 1225 magistro,
2434 1157 2590 1227 cujus
2643 1159 2748 1212 vita
2798 1159 3200 1228 irreprehensa,
3249 1163 3658 1231 ineorruplique

2081 1263 2278 1313 ιιιοτεε,
2314 1250 2384 1304 ob
2414 1251 2810 1320 experientiam
2847 1253 3180 1321 peritissimo
3219 1254 3271 1309 in
3323 1271 3516 1311 manus
3557 1266 3662 1310 tra-

2079 1341 2235 1406 didit,
2295 1343 2539 1411 apprime
2587 1343 2766 1398 sciens
2811 1355 3004 1400 cmtera
3058 1361 3177 1416 quae
3233 1357 3360 1402 sunt
3395 1348 3446 1401 in
3487 1349 3660 1401 homi—

2079 1435 2620 1506 nibusbonaparum
2636 1450 2756 1490 esse
2783 1435 2934 1490 lirma
2962 1449 3016 1492 et
3035 1439 3340 1494 brevissimi
3371 1442 3655 1508 temporis,

2078 1529 2418 1598 disciplinam
2447 1544 2576 1583 vero
2603 1529 2653 1581 in
2691 1527 2846 1582 nobis
2875 1529 3230 1584 immortalem
3268 1547 3387 1585 esse
3439 1542 3493 1586 et
3543 1547 3662 1600 quae
3695 1571 3716 1579 ρ

2079 1621 2284 1676 auferri
2326 1632 2579 1690 nequeat.

2153 1710 2324 1766 Porro
2349 1713 2400 1766 id
2448 1713 2600 1783 cujus
2631 1729 2824 1783 magno
2858 1721 3144 1770 tenebatur
3183 1715 3461 1771 desiderio
3507 1731 3660 1772 asse—

2083 1814 2262 1868 cutus,
2294 1805 2538 1858 omnium
2575 1821 2670 1877 spe
2692 1807 2853 1861 cilius
2876 1846 2890 1870 ,
2918 1807 3122 1871 studio,
3151 1807 3348 1860 mentis
3380 1809 3664 1863 accumiue

2083 1907 2136 1954 et
2176 1899 2313 1953 bona
2343 1899 2522 1952 indole
2553 1901 2784 1970 primam
2820 1910 2993 1954 artem
3033 1901 3180 1955 illaut
3207 1941 3222 1966 ,
3250 1902 3458 1955 caeteris
3489 1903 3666 1955 omni-

2083 1989 2185 2044 bus
2220 2005 2338 2059 quae
2375 2006 2496 2046 eam
2543 2004 2848 2061 sequuntur
2896 1993 3262 2048 necessariam
3328 1993 3664 2058 condidicit;

2084 2083 2380 2138 condidicit
2407 2095 2460 2138 et
2484 2085 2809 2154 multiplices
2840 2086 3066 2154 poeticae
3099 2096 3304 2154 partes,
3350 2095 3408 2139 ut
3435 2101 3557 2155 qua:
3591 2087 3664 2140 sit

2087 2191 2180 2231 ars
2203 2177 2449 2246 locuples
2483 2185 2536 2230 ct
2567 2178 2810 2247 copiosa,
2856 2178 3048 2246 linguae
3088 2188 3354 2248 apparatu
3391 2187 3444 2231 et
3487 2178 3668 2232 uomi-

2087 2285 2213 2322 num
2269 2267 2612 2322 multitudine
2655 2263 2844 2324 omnes
2904 2269 3067 2324 animi
3112 2285 3313 2326 sensus
3357 2269 3666 2338 exprimere

2087 2361 2290 2426 valens,
2320 2368 2374 2415 et
2401 2359 2612 2428 qualem
2643 2359 2726 2414 vel
2757 2362 3154 2430 operationem,
3183 2361 3264 2415 vel
3293 2361 3554 2427 habitum,
3584 2361 3670 2415 vel

2087 2453 2450 2516 alfeetionem,
2474 2452 2556 2507 vel
2581 2454 3004 2520 pinguitudinem
3033 2455 3262 2509 sortitus
3292 2455 3362 2509 sit
3383 2454 3665 2510 hominum

2087 2557 2179 2601 aut
2211 2548 2371 2601 etiam
2408 2547 2634 2601 deorum
2679 2546 3054 2616 unusquisque
3084 2547 3319 2602 dilucide
3363 2549 3584 2602 omnino
3613 2553 3670 2600 ct

2089 2637 2346 2692 facillime
2393 2647 2852 2694 commouslr-ans.
2886 2639 3042 2693 Tunc
3095 2639 3148 2693 iu
3195 2640 3491 2699 rhetorica,
3546 2655 3669 2707 quae

2087 2730 2194 2785 vim
2231 2729 2372 2798 ignis
2393 2731 2584 2800 spirat,
2606 2733 2709 2786 etsi
2739 2731 2908 2788 comis
2933 2733 3048 2800 ipse
3069 2743 3122 2786 et
3150 2743 3417 2793 moratus,
3440 2744 3669 2786 caeteros

2089 2821 2202 2877 sive
2235 2822 2286 2877 in
2317 2821 2692 2888 deliberando,
2722 2825 2840 2878 sive
2877 2825 2927 2880 in
2953 2824 3132 2879 causis
3166 2824 3429 2890 dicendis,
3464 2824 3580 2878 sive
3613 2825 3668 2877 in

2090 2915 2497 2969 demonstrandi
2529 2931 2729 2984 genere
2775 2916 2932 2985 longe
2964 2918 3276 2986 superabat.
3315 2917 3448 2974 Cum
3485 2929 3667 2972 autem

2091 3006 2204 3060 haec
2235 3006 2437 3073 optime
2473 3015 2530 3059 et
2575 3020 2640 3060 ex
2689 3017 2812 3060 veto
2844 3007 3049 3074 enlluit,
3102 3007 3334 3076 logicam
3397 3023 3560 3077 porro
3611 3019 3670 3062 et

2091 3091 2326 3146 ethicam
2361 3101 2416 3145 et
2446 3105 2538 3146 eas
2573 3107 2690 3160 quae
2731 3103 2857 3148 sunt
2903 3096 2966 3148 de
3001 3103 3190 3150 natura
3229 3104 3282 3150 ct
3323 3097 3460 3152 ideis
3490 3097 3672 3152 scien-

2091 3183 2196 3236 tias
2233 3182 2440 3238 discere
2490 3185 2543 3238 in
2596 3186 2870 3240 desiderio
2923 3187 3130 3252 habuit,
3196 3189 3351 3256 eique
3392 3204 3476 3242 res
3533 3189 3669 3243 bene

2091 3275 2380 3342 successit,
2441 3276 2573 3343 quin
2628 3285 2804 3331 tamen
2863 3277 3091 3332 multum
3148 3293 3372 3349 prorsus
3427 3295 3524 3335 nec
3578 3281 3667 3334 diu

2096 3367 2414 3422 studuisset.
2447 3367 2958 3424 Mathematicarum
2991 3387 3118 3425 vero
3149 3373 3348 3425 artium
3382 3383 3435 3427 ct
3483 3375 3635 3428 seim-
3669 3406 3676 3414 .

2095 3459 2316 3526 tiarum,
2363 3459 2514 3514 brevi
2556 3460 3068 3532 quidemtempore,
3113 3463 3426 3517 Plethonom
3469 3465 3674 3521 habens

2093 3553 2308 3620 ducem,
2343 3555 2544 3621 optima
2576 3569 2804 3625 qumque
2837 3557 3100 3625 percepit.
3129 3556 3232 3611 Sed
3267 3559 3492 3628 reliqua,
3516 3561 3670 3629 quasi

2095 3659 2430 3712 supervacua
2463 3649 2712 3714 pietatem
2738 3648 3042 3704 colentibus
3083 3659 3138 3704 et
3175 3649 3414 3716 inutilia,
3471 3653 3535 3706 iis
3577 3654 3673 3722 qui

2097 3738 2295 3792 vellent
2329 3739 2646 3808 inquirenda
2675 3740 2902 3795 dimisit.
2936 3742 3076 3813 Ergo
3101 3743 3166 3799 iis
3201 3741 3270 3800 de
3319 3745 3478 3800 rebus
3516 3747 3583 3798 ita
3617 3759 3680 3800 se

2097 3829 2330 3885 habente
2348 3832 2463 3886 viro
2493 3841 2546 3886 et
2573 3831 2822 3888 bifariam
2850 3824 3015 3890 curas
3049 3838 3275 3903 partito,
3300 3838 3428 3892 hinc
3455 3839 3674 3909 quidem

2097 3923 2150 3976 in
2183 3925 2409 3989 litteras,
2441 3927 2560 3980 sine
2585 3927 2782 3996 quibus
2825 3943 2968 3984 caeca
3003 3940 3086 3984 est
3121 3931 3252 3996 vita,
3285 3933 3433 3988 illinc
3459 3949 3586 3989 vero
3617 3934 3674 3989 iu

2096 4017 2544 4072 exorcitatiouem
2571 4019 2801 4074 instituti
2843 4035 2954 4091 quo
2989 4022 3098 4076 Deo
3141 4023 3302 4094 digne
3337 4026 3553 4089 vivitur,
3583 4043 3676 4080 vo-

2101 4109 2180 4162 nit
2205 4111 2420 4164 tandem
2449 4119 2663 4179 tempus
2702 4111 2858 4179 illud,
2893 4114 3136 4182 Utrisque
3167 4116 3380 4185 pepulis
3405 4119 3677 4172 desidera-

2100 4203 2392 4270 tissimam,
2432 4203 2575 4273 quod
2603 4203 2876 4272 disruptas
2926 4216 3114 4273 gentes
3146 4210 3464 4262 coadunavit
3495 4220 3547 4264 et
3582 4227 3679 4264 an-

2102 4296 2305 4362 tiquam
2370 4293 2516 4348 illam
2577 4295 2826 4348 dissolvit
2879 4296 3247 4364 inimicitiam,
3301 4314 3598 4368 parentque
3623 4313 3678 4355 et

2101 4384 2474 4452 concordiam,
2503 4401 2590 4440 res
2623 4388 2861 4441 omnium
2893 4403 3011 4456 qum
3043 4399 3169 4441 sunt
3202 4393 3254 4443 itt
3285 4392 3392 4445 vita
3426 4393 3678 4462 pulcher-

2103 4475 2272 4532 rimas
2301 4487 2350 4530 et
2387 4479 2706 4534 utilissimas
2743 4481 2980 4535 reduxit.

2178 4568 2324 4624 lleul
2352 4570 2440 4640 qui
2461 4574 2575 4625 sine
2602 4575 2854 4642 lacrymis
2885 4573 2974 4627 illa
2991 4583 3162 4631 tracto
3186 4589 3234 4631 et
3256 4570 3450 4632 ena'rro
3471 4577 3678 4650 ?Quam

2102 4663 2173 4718 ob
2225 4679 2444 4719 causam
2491 4665 2783 4720 miserrimi
2811 4667 2950 4720 oculi
3000 4671 3100 4723 mei
3146 4679 3270 4724 sunt
3319 4671 3592 4734 exsiccati,
3627 4681 3682 4724 et

2102 4755 2283 4808 eximia
2327 4755 2566 4810 membra
2625 4771 2746 4811 mea
2797 4758 3026 4812 horrore
3071 4761 3352 4828 coercita,
3405 4764 3504 4814 nisi
3551 4763 3678 4829 quia

2103 4851 2327 4919 sanguis
2371 4865 2480 4920 pne
2534 4852 2720 4906 dolore
2783 4854 2987 4908 cit-cum
3043 4857 3336 4923 prmcordia
3395 4869 3684 4911 concretus

2103 4942 2372 4997 exteriora
2405 4959 2519 4996 mea
2558 4959 2664 4996 non
2717 4947 2918 5014 absque
2979 4940 3192 5002 ratione
3251 4951 3576 5004 induravit?
3611 4953 3684 5005 Eo

2106 5033 2268 5102 igitur
2299 5043 2544 5101 tempore
2577 5033 2787 5090 virilem
2845 5037 2895 5089 in
2953 5049 3167 5092 :Ptntem
3203 5055 3546 5108 progressum
3583 5060 3682 5093 nn-

2106 5123 2264 5177 bilem
2317 5135 2560 5176 nostrum
2617 5126 2810 5189 civem,
2846 5135 2903 5179 ιιι
2953 5129 3318 5184 celeberrima:
3350 5131 3536 5186 Νἰιτιιτῖιξ
3593 5151 3684 5184 ar-

2105 5215 2481 5296 chiepiscopus
2545 5217 2696 5272 fieret
2755 5229 2810 5272 et
2869 5231 3195 5288 rogaverunt
3262 5233 3313 5276 et
3367 5239 3680 5290 coegerunt.

2109 5305 2338 5372 Exinde,
2370 5325 2468 5360 una
2501 5325 2620 5362 cum
2657 5311 3004 5365 serenissime
3035 5312 3361 5381 imperatore
3411 5327 3595 5369 nostto
3631 5327 3687 5373 et

2105 5419 2225 5454 Cum
2256 5417 2320 5454 eo
2351 5401 2437 5468 qui
2463 5411 2590 5454 tunc
2614 5403 2869 5468 [corporis
2898 5403 3148 5457 Ecclesia:
3175 5405 3408 5458 habenas
3441 5409 3680 5476 regebat,

2107 5579 2286 5632 l‘r'nltl.
2317 5577 2370 5635 ‘2,
2413 5579 2491 5630 16.

2181 5652 2222 5714 (Ι
2245 5653 2289 5710 Ι)
2320 5647 2553 5702 Joannes
2591 5651 2922 5720 Palamlogus
2961 5652 3048 5705 ille
3085 5669 3095 5700 :
3127 5651 3170 5704 si
3209 5653 3274 5704 tle
3306 5656 3534 5707 rout'iiiu
3559 5657 3685 5710 Fer-

2109 5721 2336 5772 rarit-nsi
2387 5719 2474 5770 hic
2509 5735 2689 5772 sermo
2736 5719 2843 5780 ed,
2882 5723 2972 5784 qui
3027 5733 3178 5773 Certo
3213 5734 3314 5776 cst.
3377 5725 3494 5779 th.
3552 5729 3684 5780 Atta

2108 5789 2269 5860 hujus
2315 5803 2436 5860 syri.
2677 5791 2927 5860 Syrupttli
2987 5805 3105 5860 pag.
3151 5791 3238 5845 59.
3291 5794 3448 5848 Uonl.
3502 5799 3686 5852 leones

2107 5875 2192 5920 ap.
2231 5859 2484 5912 Lamhec.
2519 5857 2654 5916 \‘lll.
2701 5857 2752 5919 ti.
2791 5859 2910 5914 504.
