4132 6408
618 340 692 427 σε
1851 364 2250 426 οεῡηοιις

2246 367 2659 430 scnounn
3768 375 3828 445 εδ

622 492 803 551 neque
838 458 995 533 enim
1025 490 1092 531 ex
1119 458 1237 532 solo
1267 474 1429 530 Patre
1460 474 1613 530 illum
1642 489 1763 531 esse
1803 476 1962 541 dicit,
1994 477 2088 533 sed
2108 492 2195 532 so-
2226 487 2254 547 Α

2193 508 2195 522 ι
2226 487 2279 547 Α
2303 479 2453 532 ἐστὶν
2482 481 2582 551 (Ι),
2617 480 2794 534 αἴτιον
2847 476 2983 533 εἶναι
3016 480 3265 551 βούλεται
3319 482 3409 534 τὶν
3440 482 3642 552 Πατέρα
3677 489 3825 556 μόνον,

621 568 731 624 lius
768 568 862 623 Dei
893 581 1037 631 esse,
1070 564 1217 637 quod
1244 566 1577 636 permultum
1616 564 1820 622 differt.
1857 566 2010 622 Alter
2036 583 2191 632 vero,

2304 572 2387 626 ὅτι
2420 574 2583 641 μόνος
2620 574 2862 637 ἀναίτιος
2899 572 3096 638 αἴτιος,
3145 574 3272 628 καθ’
3301 574 3330 627 δ
3356 559 3728 644 σημαινόμενοι
3750 586 3828 635 καὶ

620 661 666 714 si
707 658 932 729 quidem
967 672 1094 713 vere
1122 656 1175 711 id
1197 656 1265 712 ad
1290 656 1409 727 ejus
1437 655 1768 727 theologiam
1800 658 2066 728 pertinet,
2094 657 2195 713 Pa-

2302 666 2381 734 τῴ
2410 667 2512 734 τῆς
2556 666 2737 730 αἰτίας
2793 666 3022 736 ὀνόματι
3081 668 3177 721 καὶ
3219 670 3286 738 τῇ
3326 668 3392 722 ἐκ
3446 670 3686 738 προθέσει
3724 675 3828 737 τοὺς

563 785 579 814 τ
619 762 759 806 trem
788 751 963 805 solum
997 749 1114 805 vult
1141 763 1262 805 esse
1318 748 1676 821 principium,
1733 750 1865 820 quia
1922 748 2075 805 solus
2111 759 2195 805 est

2317 758 2701 821 Ἀνατολικοὺς
2754 758 2972 829 ὁρῶμεν
3011 759 3221 823 πάντας
3276 761 3601 829 χρωμένους,
3628 762 3683 827 ἐξ
3706 764 3756 817 οὗ
3780 767 3833 833 δὴ

618 845 952 916 principium
983 844 1103 901 sine
1144 843 1441 914 principio,
1480 842 1788 899 secundum
1818 856 1986 913 quem
2028 843 2198 911 signi-

2197 876 2198 880 π
2306 852 2399 904 καὶ
2432 852 2582 904 πᾶσα
2616 852 2748 920 ἡμῖν
2796 853 2828 917 η
2862 850 3003 919 πρὸς
3054 851 3325 915 Λατίνους
3360 852 3565 922 ἀνίσχει
3596 855 3829 925 διαῳορά·

619 940 840 992 ticatum
872 945 928 991 et
961 950 1140 991 causa:
1164 934 1467 1006 (principii)
1497 934 1744 998 nomine,
1768 944 1825 988 et
1855 936 2198 1004 praepositio-

2303 942 2420 996 ἀλλ’
2475 945 2535 995 οὐ
2571 944 2725 1010 λέγει
2759 943 2850 996 τὸν
2882 943 3012 995 Υίδν
3075 945 3395 997 παντάπασι
3454 944 3587 1013 πρὸς
3636 947 3724 1014 τὴν
3757 948 3830 1001 τοῦ

620 1045 686 1082 ne
711 1044 775 1083 ea:
802 1028 1111 1085 Orientales
1133 1044 1326 1084 omnes
1350 1029 1602 1085 videmus
1630 1031 1730 1095 uti,
1758 1045 1828 1085 cx
1860 1045 1971 1101 quo
1999 1042 2055 1087 et
2077 1048 2199 1087 oln-

2304 1030 2459 1101 ἀγίον
2493 1036 2814 1106 Πνεῦματος
2855 1036 3082 1104 πρόοδόν
3102 1052 3159 1088 τε
3192 1038 3289 1088 καὶ
3316 1035 3547 1107 ὕπαρξιν
3574 1038 3642 1106 μὴ
3669 1055 3832 1091 κοινω-

615 1121 703 1175 nis
731 1121 891 1176 nobis
928 1135 1052 1175 cum
1086 1119 1299 1176 Latinis
1332 1120 1643 1176 diaerentia
1678 1121 1914 1187 tollitur,
1954 1122 2051 1179 sed
2084 1139 2196 1179 non

2304 1126 2417 1176 νεῖν
2461 1124 2540 1194 τῷ
2589 1126 2780 1195 Πατρί.
2818 1124 2937 1187 Πῶς
2965 1125 3076 1193 γὰρ
3111 1122 3167 1186 ὃς
3203 1125 3267 1177 ἐκ
3294 1124 3388 1177 τοῦ
3425 1126 3627 1197 Πατρὸς
3660 1126 3737 1179 διὰ
3760 1128 3833 1179 τοῦ

615 1212 751 1269 dicit
775 1211 974 1268 Filium
1008 1213 1237 1267 omnino
1260 1213 1441 1283 quoad
1482 1211 1720 1283 Spiritus
1753 1213 1932 1270 sancti
1975 1230 2201 1285 proces-

2303 1216 2435 1269 Υἱοῦ
2459 1217 2705 1284 προϊέναι
2738 1216 2833 1269 καὶ
2865 1216 2930 1269 ὲκ
2958 1216 3055 1269 τοῦ
3088 1216 3303 1286 Πατρδς
3340 1217 3430 1270 διὰ
3449 1218 3540 1270 τοῦ
3578 1216 3699 1270 Υἰοῦ
3728 1234 3838 1287 προ-

619 1306 833 1384 sionem
864 1315 922 1361 et
951 1305 1328 1361 exsistentiam
1357 1320 1464 1360 non
1498 1307 1910 1363 communicare
1935 1323 2061 1363 cum
2092 1308 2196 1363 Pa-

2304 1305 2598 1359 δάλλεσθαι
2643 1305 2802 1359 τοῦτο
2831 1305 3135 1376 κηρύττει;
3171 1304 3363 1369 Οὕτως
3401 1307 3545 1377 αὐτῷ
3581 1306 3638 1361 τδ
3664 1311 3838 1376 συμπὲ-

620 1408 734 1464 tre;
764 1397 1042 1468 quomodo
1068 1396 1217 1452 enim
1263 1397 1316 1453 id
1345 1397 1579 1465 diceret,
1613 1399 1708 1469 qui
1752 1414 1818 1455 ex
1872 1400 2033 1455 Patre
2099 1416 2197 1469 per

2303 1414 2486 1469 ρασμο
2520 1398 2643 1451 οὔτε
2691 1398 2920 1469 βεὸηκὸς
2974 1398 3212 1467 οὐδαμοῦ
3264 1398 3531 1453 δέδεικται
3589 1399 3684 1468 τῆς
3731 1419 3839 1473 προ-

616 1489 819 1544 Filium
859 1489 1085 1559 prodire
1114 1498 1171 1545 et
1210 1505 1279 1546 ex
1328 1490 1498 1555 Patre
1539 1505 1638 1562 per
1694 1490 1895 1547 Filium
1963 1491 2195 1561 produci

2299 1495 2510 1552 τάσεως
2548 1492 2696 1561 αὐτῴ
2727 1490 3107 1560 σαλευθείσης,
3160 1491 3258 1544 καὶ
3309 1492 3368 1558 ἐξ
3416 1486 3491 1546 ὧν
3516 1490 3725 1564 ὕστερον
3770 1494 3837 1562 βε-

616 1579 882 1650 Spiritum
915 1580 1204 1650 prmdicat?
1228 1580 1345 1635 Tali
1379 1589 1540 1651 pacto
1558 1589 1842 1636 ostensum
1876 1588 1983 1645 est,
2012 1580 2198 1651 Ephe-

2301 1581 2492 1645 ϐαιοῦν
2513 1586 2644 1637 αὐτὸ
2693 1585 2974 1655 βούλεται,
3003 1581 3157 1636 οὐδὲν
3184 1582 3346 1638 πλέον
3409 1584 3622 1657 εἴληφεν
3659 1587 3728 1649 εἰς
3768 1588 3839 1654 βε-

620 1670 689 1725 sii
727 1670 1138 1735 conclusionem
1171 1670 1486 1726 nullatenus
1529 1668 1853 1741 procedere,
1887 1685 2012 1725 cum
2044 1671 2196 1725 iniir-
2305 1673 2561 1731 ϐαἰωσιν.
3082 1714 3095 1721 ›
3700 1742 3718 1757 _

618 1772 763 1818 mata
797 1763 1018 1832 penitus
1081 1766 1154 1818 sit
1195 1764 1317 1835 ejus
1363 1762 1542 1834 major
1586 1763 1917 1834 propositio,
1951 1773 2005 1819 et
2075 1779 2143 1819 ex
2178 1764 2266 1833 iis,
2306 1768 2508 1837 quibus
2543 1779 2732 1841 postea
2765 1773 3092 1831 conﬁrmare
3128 1775 3277 1831 illam
3304 1775 3443 1843 vult,
3490 1773 3620 1829 nihil
3646 1772 3838 1827 ulterius

619 1860 677 1914 in
719 1856 1195 1913 conﬁrmationem
1259 1855 1495 1926 accepit.

1113 1974 1365 2032 EPIIES.
1401 1972 1555 2031 CAP.
1589 1971 1675 2030 IV.
2234 1979 2283 2041 Β
2413 1969 2418 1975 ’

2234 1979 2283 2041 Β
2413 1969 2418 1975 '
2757 1978 3024 2033 sessor
3059 1979 3218 2034 κει».
3263 1981 3318 2032 Δο
3349 1978 3449 2052 (2).

685 2087 798 2144 Nos
830 2084 1053 2159 quidem
1109 2084 1239 2144 dum
1289 2084 1487 2145 Filium
1549 2099 1901 2141 removemus
1947 2100 1979 2141 a
2030 2101 2197 2141 causa

2383 2090 2577 2161 Ἡμεῖς
2608 2090 2707 2160 μὲν
2745 2090 2839 2146 τὸν
2874 2092 3003 2146 Υἰδν
3039 2092 3410 2163 ἀφαιροῦντες
3438 2090 3536 2162 τῆς
3566 2090 3731 2163 αἰτίας
3759 2087 3834 2142 τοῦ

613 2179 879 2251 Spiritus,
911 2177 1048 2233 nihil
1081 2191 1206 2237 eum
1242 2175 1608 2247 deprimimus
1637 2191 1668 2232 a
1707 2176 1979 2249 dignitate
2011 2177 2106 2233 Dei
2143 2186 2199 2234 et

2300 2186 2642 2255 Πνεῦματος,
2698 2185 2851 2240 οὐδὲν
2882 2187 3052 2241 αὐτὸν
3106 2187 3445 2258 δλαττοῦμεν
3478 2186 3575 2255 τῆς
3613 2184 3700 2238 τοῦ
3726 2182 3835 2237 Θεοῦ

618 2272 837 2339 Patris;
867 2285 1047 2345 neque
1068 2269 1222 2327 cutim
1257 2284 1485 2340 prorsus
1517 2271 2039 2328 communicabilem
2082 2271 2200 2327 dei-

2301 2279 2395 2331 καὶ
2433 2277 2646 2348 Πατρὶς
2679 2277 2834 2343 ἀξίας
2853 2293 2868 2308 ⁸
2906 2278 3027 2332 οὐδὲ
3054 2278 3166 2348 γὰρ
3202 2278 3345 2342 ὅλως
3374 2275 3656 2350 μεταδοτδν
3685 2274 3836 2341 τὸτῆς

620 2366 752 2425 tatis
799 2379 1020 2418 causam
1056 2362 1315 2428 dicimus,
1348 2361 1495 2418 sicut
1547 2376 1650 2419 nec
1690 2361 1951 2434 principii
2004 2378 2199 2419 caren-

2299 2367 2553 2438 θεότητος
2604 2368 2777 2422 αἴτιον
2828 2367 3087 2437 λέγομεν,
3140 2367 3336 2438 ῶσπερ
3394 2367 3517 2422 οὐδὲ
3545 2366 3603 2419 τὸ
3633 2362 3836 2418 ἀναίτιον

613 2460 750 2513 tiam
783 2472 879 2514 seu
904 2456 1387 2513 innascibilitatem
1425 2454 1628 2523 Patris,
1657 2470 1759 2510 nec
1793 2456 1971 2526 ipsam
2015 2464 2198 2529 pater-

2297 2458 2393 2513 τοῦ
2430 2459 2667 2530 Πατρδς,
2698 2457 2812 2511 οὐδ’
2860 2458 3034 2530 αὐτὴν
3064 2460 3163 2530 τὴν
3192 2459 3532 2529 πατρότητα.
3569 2456 3766 2511 Λατῖνοι
3791 2450 3836 2503 δὲ

612 2552 867 2606 nitatem.
898 2549 1077 2604 Latini
1115 2558 1323 2614 autem,
1351 2549 1445 2618 qui
1472 2548 1993 2611 communicabilem
2023 2549 2197 2607 deita-

2301 2551 2590 2622 μεταδοτὸν
2623 2551 2781 2604 τοῦτο
2818 2553 3163 2621 φρονοῦντες,
3198 2548 3322 2606 εἶτα
3351 2551 3413 2604 τὸ
3439 2547 3656 2617 Πνεῦμα
3676 2544 3834 2599 τούτου

612 2644 687 2698 tis
747 2657 969 2697 causam
1024 2650 1236 2707 tenent,
1274 2640 1475 2696 deinde
1545 2640 1773 2710 Spiritui
1827 2657 1948 2697 eam
2002 2640 2210 2698 deesse

2206 2661 2210 2665 '
2299 2644 2581 2700 λείπεσθαι
2614 2646 2887 2716 λέγοντες,
2940 2647 3139 2711 πάσαις
3168 2647 3447 2717 ἀνάγκαις
3490 2645 3696 2709 ἔλαττον
3730 2636 3833 2692 αὐτὸ

616 2735 915 2796 aiiirmant.
951 2733 1104 2788 omni
1140 2732 1467 2787 necessitate
1499 2747 1625 2788 cum
1685 2730 2004 2787 inferiorem
2071 2733 2196 2789 red-

2298 2736 2515 2792 ποιοῦσι
2538 2739 2637 2807 τῆς
2663 2739 2756 2792 τοῦ
2785 2739 2997 2811 Πατρδς
3015 2739 3109 2793 καὶ
3138 2738 3272 2792 Υἰοῦ
3297 2739 3551 2808 θεότητος
3575 2737 3665 2790 καὶ
3686 2732 3834 2796 ἀξίας.

586 2829 756 2901 λιίιιιιι
791 2827 992 2881 deitatc
1024 2835 1080 2881 et
1114 2825 1379 2896 dignitate
1428 2824 1603 2881 Patris
1637 2833 1694 2880 et
1738 2825 1882 2895 Filii,
1916 2835 1972 2881 ct
2001 2842 2198 2883 secun-

2298 2831 2394 2884 καὶ
2420 2829 2567 2884 κατά
2596 2830 2757 2885 τοῦτο
2788 2830 3133 2902 βλασφημεῖν
3156 2833 3238 2895 εἰς
3278 2835 3339 2884 τὸ
3361 2830 3586 2899 Πνεῦμα
3607 2827 3664 2880 τὸ
3693 2826 3835 2894 ἆγιηνι

596 2926 746 2989 ,όυιιι
773 2926 877 2977 hoc
898 2922 1281 2992 blaspliemare
1316 2921 1370 2975 in
1402 2919 1669 2990 Spiritum
1721 2931 2000 2987 sanctum,
2053 2922 2198 2977 sicut

2053 2922 2198 2977 sicut
2297 2917 2486 2990 ῶσπερ
2517 2920 2610 2974 καὶ
2641 2921 2764 2976 κατ’
2791 2920 2928 2976 ἄλλα
2957 2920 3243 2993 πολλαχῶς
3266 2920 3685 2992 ἀναγκάζονται.

609 3016 1008 3077 etsecundnm
1059 3014 1164 3068 alia
1197 3012 1489 3083 multiplici
1520 3014 1681 3068 modo
1720 3022 2015 3084 coguntur.

1160 3123 1635 3193 ,SCIIOLARIUS.
2650 3126 2653 3131 ’

2650 3126 2653 3131 ’
2873 3126 2915 3178 0
2977 3124 3384 3182 ΣΧΟΛΑΡΙΟΣ.

686 3247 868 3304 Latini
903 3247 1069 3304 etiam
1099 3244 1194 3300 hic
1240 3251 1432 3300 contra
1468 3243 1863 3313 blasphemiam
1918 3243 2057 3315 ipsis
2114 3245 2199 3300 in-

2369 3239 2435 3293 Οἱ
2473 3239 2694 3293 Λατῖνοι
2728 3237 3008 3293 κάνταῦθα
3038 3240 3178 3309 πρὸς
3206 3240 3309 3309 τὴν
3353 3240 3477 3293 κατ’
3504 3236 3676 3294 αὑτῶν
3707 3234 3838 3304 Blas-

610 3351 878 3398 teutaiam
915 3339 1104 3395 eadem
1136 3334 1452 3392 defensione
1485 3346 1735 3404 utentur,
1772 3353 1881 3408 qua
1914 3348 1970 3393 et
2003 3338 2071 3392 ad
2108 3337 2242 3401 se-(

2217 3336 2266 3402 ο
2298 3332 2513 3402 φημίαν
2545 3329 2981 3401 ἀπολογήσονται
3006 3332 3075 3384 τὰ
3104 3328 3371 3395 adﬁnia
3402 3335 3498 3387 καὶ
3524 3331 3649 3402 πρὸς
3678 3328 3731 3381 τὸ
3751 3324 3838 3379 τῶν

614 3434 855 3488 cundum
892 3437 1276 3501 argumentum
1311 3428 1394 3483 usi
1432 3436 1581 3492 sunt,
1618 3444 1743 3483 cum
1789 3430 1896 3486 hoc
1948 3430 2092 3485 idem
2122 3430 2195 3485 sit

2298 3423 2750 3493 ἐπιχειρημάτων
2787 3422 3204 3494 ἀπελογήσαντο
3249 3424 3531 3497 δεύτερον,
3557 3421 3729 3491 ἐπειδὴ
3758 3418 3833 3472 καὶ

506 3548 511 3551 ι
613 3542 741 3582 cum
791 3526 906 3586 illo,
947 3523 1133 3578 nescio
1162 3522 1461 3592 quomodo
1518 3531 1575 3577 ct
1609 3537 1718 3592 qua
1748 3524 2022 3593 sapientia
2081 3523 2134 3578 di

2296 3516 2456 3569 τοῦτο
2498 3516 2667 3570 ταυτό
2719 3518 2867 3570 ἔστιν
2909 3517 3124 3588 ἐκείνῳ,
3178 3519 3280 3572 οὐκ
3332 3517 3433 3573 οἷδ’
3471 3520 3615 3581 ὅπως
3644 3516 3731 3568 καὶ
3753 3512 3839 3566 τίνι

617 3619 873 3677 tinctum,
908 3612 1191 3670 ct'solutio
1216 3610 1285 3666 ad
1321 3612 1455 3667 illud
1488 3611 1615 3666 data
1642 3612 1806 3667 etiam
1838 3627 1936 3683 pro
1961 3612 2067 3667 hoc
2085 3613 2196 3667 erit

2298 3614 2462 3682 σοφίᾳ
2487 3611 2784 3682 διαιρεθὲν,
2816 3612 2913 3665 καὶ
2941 3613 2972 3681 ἠ
3003 3611 3143 3682 πρὸς
3170 3613 3345 3666 ἐκεῖνο
3370 3614 3428 3667 δὲ
3456 3613 3607 3673 λύσις
3629 3603 3841 3674 καὶπρὸς

613 3706 910 3763 suiiiciens.
965 3705 1023 3760 Id
1078 3713 1292 3759 tantum
1350 3707 1405 3758 in
1460 3705 1753 3774 prsesentia
1820 3712 2192 3774 opportunum

2295 3702 2454 3755 τοῦτο
2474 3704 2693 3765 πάντως
2714 3703 2962 3772 ἀρκέσει.
2998 3701 3267 3755 Τοσοῦτον
3303 3704 3475 3772 μόνον
3496 3698 3716 3754 ἐνταῦθα
3743 3711 3840 3746 και·

610 3797 785 3853 l‘uerit
814 3796 1024 3862 dicere,
1068 3795 1115 3850 si
1149 3796 1292 3848 bene
1320 3792 1769 3863 sapientissimus
1798 3792 1889 3848 ille
1913 3794 1998 3847 vir
2046 3792 2196 3848 ordi-

2295 3792 2391 3862 ρον
2429 3790 2496 3845 ἂν
2532 3791 2647 3862 ἔχοι
2682 3791 2880 3859 λέγειν,
2908 3792 2984 3854 ὡς
3008 3791 3057 3844 εἰ
3087 3790 3150 3844 τδ
3176 3791 3278 3863 τῆς
3299 3792 3513 3859 τάξεως
3535 3787 3723 3857 ἀγαθὸν
3745 3782 3839 3854 ᾔδει

612 3895 700 3947 nis
731 3890 935 3944 bomnn
973 3888 1237 3951 novisset,
1263 3886 1413 3957 quod
1444 3886 1668 3956 quidem
1709 3886 1907 3941 attinet
1932 3885 2002 3941 ad
2026 3896 2196 3958 argu-

2295 3884 2478 3948 καλῶς
2529 3887 2558 3938 ὁ
2613 3884 2924 3956 σοφώτατος
2960 3887 3166 3948 ἐκεῖνος
3218 3884 3386 3957 ἀνὴρ,
3428 3885 3477 3940 εἰ
3527 3883 3624 3954 μὲν
3656 3883 3763 3934 ὅσον
3785 3872 3839 3945 ἦν

572 4019 587 4035 .
613 3989 799 4038 menta
822 3993 882 4036 et
915 3979 1179 4044 rationes,
1209 3992 1339 4033 eum
1398 3976 1546 4032 haud
1579 3988 1837 4047 tanquam
1871 3977 1984 4032 duo
2028 3992 2190 4047 sepa-

2293 3978 2693 4048 ἐπιχειρήμασι
2727 3978 2822 4031 καὶ
2852 3977 3056 4045 λόγοις,
3089 3976 3191 4033 οὐκ
3221 3977 3288 4031 ἂν
3321 3979 3523 4049 ἔθηκεν
3545 3976 3616 4039 ὡς
3642 3973 3727 4027 δύο
3745 3970 3840 4055 διῃξ

610 4072 774 4127 ratim
802 4072 1113 4140 positurum
1152 4068 1324 4124 fuisse
1371 4082 1439 4123 ea
1472 4083 1594 4138 quae
1664 4067 1892 4122 omnino
1940 4068 2191 4122 eamdem

2297 4070 2548 4141 ρημένως
2576 4069 2644 4122 τὰ
2673 4070 2988 4123 παντάπασι
3033 4070 3132 4141 τὴν
3166 4068 3336 4138 αὐτὴν
3384 4070 3578 4140 ἔχοντα
3602 4066 3805 4132 δύναμιι
3826 4072 3837 4088 ’

611 4163 723 4220 vim
760 4162 983 4229 habent,
1020 4159 1168 4231 quod
1208 4173 1344 4214 vero
1372 4158 1442 4214 ad
1479 4173 1569 4214 res
1602 4157 1821 4214 divinas
1845 4167 2078 4226 spectat,
2123 4158 2193 4212 de

2294 4164 2343 4215 εἰ
2376 4161 2434 4214 δὲ
2461 4161 2584 4215 ὅσον
2615 4161 2674 4213 ὲν
2707 4163 2823 4224 τοῖς
2873 4160 3060 4227 θείοις,
3110 4162 3242 4232 περὶ
3273 4154 3348 4215 ὧν
3397 4164 3427 4216 ό
3457 4160 3635 4229 λόγος,
3672 4156 3761 4210 οὐκ
3786 4150 3840 4203 ἂν

608 4253 814 4324 quibus
837 4266 1041 4319 sermo,
1064 4266 1244 4323 neque
1270 4260 1407 4307 tunc
1436 4250 1744 4306 secundum
1773 4256 2191 4317 argumentum,

2320 4251 2422 4308 ρῦτε
2459 4256 2521 4308 τὸ
2547 4253 2803 4323 δεύτερον
2831 4254 3177 4325 ἐπιχείρημα
3211 4253 3352 4317 τότε,
3384 4253 3509 4307 οὔτε
3538 4251 3597 4305 τὸ
3614 4248 3841 4315 τέταρτον
3942 4278 3952 4289 η

610 4358 793 4415 neque
816 4357 965 4400 nunc
996 4354 1255 4412 quartum
1297 4341 1446 4397 istud
1491 4356 1721 4412 prorsus
1752 4341 1922 4396 fuisse
1950 4340 2196 4411 prolatu-

2289 4346 2458 4417 δῆθεν
2486 4345 2624 4409 ὅλως
2658 4344 2826 4406 ἔθηκε
2875 4344 2992 4400 νῦν.
3027 4344 3164 4399 ’Δπὺ
3210 4345 3321 4415 γὰρ
3358 4344 3451 4400 τοῦ
3492 4340 3716 4410 τάγαθὸν
3758 4334 3842 4401 τῆς

614 4452 761 4492 rum.
809 4435 889 4493 Ex
916 4450 985 4491 eo
1009 4436 1181 4499 enim,
1214 4435 1362 4505 quod
1393 4435 1600 4491 bonum
1639 4432 1854 4489 ordinis
1883 4431 2106 4503 ignorat
2139 4439 2196 4486 et

2293 4438 2499 4505 τάξεως
2531 4440 2770 4507 ἀγνοεῖν,
2801 4440 2897 4492 καὶ
2919 4439 3086 4503 αὐτὸς
3117 4441 3260 4507 μέγα
3287 4457 3342 4493 τι
3373 4437 3691 4510 χαρίζεσθαι
3718 4426 3841 4486 δοκεῖ

615 4530 734 4598 ipse
762 4541 1020 4597 magnum
1061 4527 1193 4596 quid
1226 4526 1535 4585 concedere
1580 4540 1640 4581 se
1665 4524 1853 4581 credit
1904 4523 2055 4579 Patri
2087 4523 2191 4579 soli

2293 4530 2374 4603 τῷ
2395 4532 2569 4603 Πατρὶ
2593 4532 2744 4603 μόνῳ
2769 4532 2867 4601 τὴν
2890 4532 3069 4586 αἰτίαν
3097 4533 3190 4587 τοῦ
3217 4532 3536 4603 Πνεύματος
3563 4524 3839 4584 ἀποδιδοὺς.

614 4634 835 4675 causam
860 4619 1100 4691 Spiritus
1130 4621 1402 4686 tribuens,
1434 4619 1632 4675 Filium
1683 4635 1816 4677 vero
1866 4619 1938 4676 ab
1971 4636 2039 4676 eo
2093 4634 2194 4674 ex-

2294 4625 2387 4678 τον
2414 4624 2471 4679 δὲ
2510 4624 2640 4678 Υἱὺν
2681 4624 2855 4693 αὐτῆς
2885 4624 3163 4693 ἀφαιρῶν,
3195 4624 3291 4678 καὶ
3319 4626 3447 4689 τοὺς
3476 4622 3728 4679 Λατίνους
3754 4610 3841 4666 οἴε-

527 4759 538 4771 ,
615 4709 869 4775 eludens,
899 4720 958 4764 et
1013 4711 1238 4765 Latinos
1271 4708 1655 4778 biaspbemare
1713 4709 2035 4776 arbitratur,
2093 4725 2159 4780 qu

2221 4700 2268 4757 θ
2297 4735 2388 4774 ται
2419 4718 2765 4790 βλασφημεῖν
2794 4718 2858 4771 οὐ
2891 4719 2961 4772 τὰ
3000 4719 3143 4772 αὐτὰ
3167 4717 3346 4788 τούτῳ
3370 4719 3700 4790 τολμῶντας.
3719 4703 3842 4761 Ἀλλ’

617 4816 728 4856 non
757 4801 948 4857 eadem
979 4817 1043 4858 ac
1066 4803 1181 4873 ipse
1205 4800 1432 4857 audent.
1462 4801 1665 4857 Verum
1696 4802 1744 4857 si
1777 4802 1939 4873 plane
1961 4802 2015 4858 id
2042 4804 2191 4873 quod

2296 4813 2346 4863 εἰ
2379 4809 2479 4880 μὲν
2508 4811 2645 4872 ὅλως
2692 4809 2754 4862 τὸ
2795 4808 2872 4879 μὴ
2914 4810 3148 4880 μετέχον
3197 4809 3516 4877 τῆςαίτίας
3569 4805 3665 4876 τῆς
3707 4802 3757 4853 ἐν
3779 4792 3840 4862 τεῖλ

618 4896 686 4948 de
721 4893 937 4948 ratione
955 4907 1154 4958 causae,
1181 4909 1305 4965 qua
1333 4902 1421 4950 est
1449 4893 1503 4948 in
1538 4894 1719 4961 Patre,
1744 4908 1852 4949 non
1872 4895 2190 4964 participat,

2298 4901 2477 4972 Πατρί
2505 4900 2725 4954 ἔλαττόν
2769 4903 2887 4954 ἐστι
2945 4901 3044 4970 τῆς
3078 4901 3171 4953 τοῦ
3226 4900 3439 4971 Πατρὸς
3492 4896 3737 4965 θεότητος
3762 4882 3841 4939 καὶ

618 4980 861 5036 inferius
891 4993 977 5038 est
1008 4985 1130 5055 ejus
1163 4982 1367 5040 deitate
1395 4992 1453 5037 et
1486 4983 1717 5051 honore,
1749 4993 1808 5038 ut
1836 4984 1953 5054 ipse
1984 4996 2195 5050 censet,

2294 4994 2473 5058 ἀξίας,
2500 4992 2575 5056 ὡς
2601 4992 2765 5056 αὐτὸς
2808 4990 2971 5057 ἀξιοῖ,
3004 4992 3225 5057 Λατῖνοί
3257 5009 3313 5044 τε
3341 4984 3745 5062 βλασφημοῦσιν
3776 4977 3837 5035 εἰς

614 5074 797 5131 Latini
837 5089 968 5130 vero
999 5075 1056 5130 in
1086 5075 1351 5147 Spiritum
1398 5086 1650 5133 sanctum
1701 5074 2106 5145 blasphemant,
2141 5083 2199 5130 et

2293 5084 2355 5137 τὸ
2390 5083 2639 5153 Πνεῦμα,
2695 5086 2790 5137 καὶ
2838 5084 3004 5146 αὐτὸς
3053 5084 3256 5153 ὁμοίως
3315 5084 3397 5145 εἰς
3443 5081 3536 5135 τὸν
3569 5076 3714 5137 Υἰὸν,
3759 5067 3836 5122 καὶ

616 5167 736 5236 ipse
766 5166 1020 5222 similiter
1060 5166 1403 5237 blasphemat
1442 5166 1497 5221 in
1531 5166 1754 5245 Filium,
1796 5172 1853 5219 et
1886 5174 2037 5220 tanto
2070 5168 2196 5235 qui-

2292 5175 2547 5229 τοσοῦτον
2602 5175 2763 5239 αὐτὸς
2819 5178 3023 5245 χεῖρον.
3054 5171 3181 5229 ὅσον
3228 5177 3428 5231 ἐκεῖνοι
3464 5174 3561 5243 μὲν
3593 5168 3650 5233 ἐξ
3679 5159 3747 5220 ὧν
3771 5177 3838 5211 τι·

615 5257 739 5315 dem
803 5258 921 5330 ipse
951 5258 1217 5327 deterius,
1256 5260 1312 5315 in
1367 5244 1639 5331 quantum
1700 5257 1779 5313 illi
1841 5257 2068 5328 quidem
2126 5272 2193 5312 ex

2299 5266 2444 5341 μῶσι
2477 5267 2568 5319 τὸν
2598 5265 2729 5319 Υἱὸν
2755 5244 3097 5337 ἁμαρτάνειν
3126 5268 3208 5330 εἰς
3240 5268 3302 5319 τὸ
3327 5267 3549 5337 Πνεῦμα
3594 5260 3837 5331 προάγινο

578 5350 820 5427 .quibus
874 5350 1074 5406 Filium
1119 5351 1396 5408 honorant
1446 5365 1518 5406 ex
1569 5352 1767 5406 iisdem
1811 5349 1866 5405 in
1928 5349 2194 5421 Spiritum

2290 5375 2406 5424 ται,
2436 5358 2542 5413 όδὲ
2582 5358 2675 5412 τὸν
2703 5358 2832 5414 Υἰὸν
2866 5358 2966 5429 τῆς
3013 5358 3397 5430 προσηκούσης
3420 5358 3505 5411 διὰ
3533 5343 3837 5430 φιλοιεικίωί

500 5465 507 5472 θ
617 5457 849 5512 peccare
877 5442 1265 5506 traducuntur,
1324 5445 1427 5498 iste
1458 5458 1587 5498 vero
1620 5443 1749 5499 dum
1806 5442 2006 5497 Filium
2063 5458 2127 5498 co

2292 5452 2496 5520 εἴργων
2535 5454 2699 5520 τιμῆς
2731 5450 2849 5518 ἅμα
2880 5427 2977 5503 καὶ
3024 5427 3087 5502 το
3120 5427 3362 5518 Πνεῦμα-
3388 5443 3726 5501 συνεκϐάλλει
3746 5451 3757 5465 ο
3797 5427 3838 5480 εἰ

618 5535 879 5591 tentionis
902 5537 1074 5606 gratia
1112 5551 1144 5590 a
1200 5538 1551 5595 convenicnti
1595 5538 1803 5591 honore
1842 5545 1995 5591 arcet
2027 5535 2193 5590 simul

2289 5541 2345 5594 δὲ
2371 5540 2616 5602 δοθέντος
2639 5539 2734 5594 τοῦ
2761 5540 2861 5609 τὴν
2892 5539 3070 5594 αἰτίαν
3093 5537 3234 5593 εἶναι
3267 5537 3594 5606 κοινωνητὴν
3620 5530 3689 5599 τῷ
3717 5523 3837 5589 Υίῴι

609 5636 671 5683 Ct
699 5626 964 5696 Spiritum
995 5627 1064 5683 de
1093 5644 1159 5683 co
1205 5628 1375 5699 cjicit.
1418 5628 1648 5695 Quanlo
1678 5644 1810 5684 vero
1851 5626 2195 5685 dato—causae

2291 5633 2514 5686 ἔλειπον
2542 5631 2764 5686 ἔσεσθαί
2788 5650 2924 5704 φησι
2950 5633 3012 5686 τὸ
3037 5632 3266 5700 Πνεῦμα
3297 5632 3496 5699 ταύτης
3518 5623 3831 5690 λειπὸμ-νονι

684 5806 765 5881 (ἰ)
800 5806 945 5863 Moti.
974 5807 1066 5876 27,
1104 5807 1297 5879 ἓσταις
1328 5807 1489 5868 Marc.
1528 5812 1664 5869 ἐστι.

2369 5814 2445 5885 t2,
2483 5813 2540 5868 In
2572 5814 2693 5870 cod.
2739 5813 2908 5881 λίθω,
2940 5813 3046 5869 2'56
3081 5813 3118 5869 f.
3151 5811 3257 5869 296
3298 5827 3350 5879 a,
3382 5818 3463 5867 est
3492 5820 3606 5879 cap.
3635 5803 3714 5858 ili.
