4132 6412
327 360 403 420 «ιε»
1372 364 1806 434 REFUTATIO
1852 366 2095 431 MARCI
2141 367 2528 431 EPIlESlNl.
3516 363 3586 425 46

319 468 539 541 κρζνειν
621 472 826 539 εἰδότας
906 478 1009 530 ὑπὸ
1065 478 1333 531 τοσούτων
1402 482 1499 548 μὲν
1556 482 1908 547 διδασκάλων,

2018 482 2163 536 cultu
2200 483 2566 547 honorati,ut
2600 481 2820 535 illorum
2859 479 3132 550 theologia
3174 477 3390 533 cunctis
3421 493 3590 548 regu-

319 566 599 619 τοσούτων
647 566 702 619 δὲ
738 567 958 637 βιϐλίων
994 570 1224 622 ἑκάστου
1259 572 1665 641 φωτιζομένους
1688 591 1702 607 ο
1765 577 1813 627 εἰ
1850 574 1907 627 δέ

327 657 511 709 τικάν
537 658 747 722 τούτοις
795 660 1097 727 διαφωνοῦν
1136 662 1467 733 εὑρίσκοιτο,
1534 664 1904 734 συμὸιδάςειν

328 751 492 805 τοῦτο
524 756 619 805 καὶ
667 755 925 823 συνάγειν
984 756 1165 819 καλῶς
1215 760 1337 819 ταῖς
1371 759 1618 827 μεθόδοις
1672 762 1908 825 ἐκείναις

326 839 419 904 αἷς
448 843 601 896 αὐτοὶ
637 847 735 913 τῆς
776 846 1104 915 Ἐκκλησίας
1158 846 1207 897 οί
1248 846 1571 903 διδάσκαλοι,
1600 848 1699 911 τάς
1755 848 1906 911 Θείας

320 932 551 1000 Γραφὰς
577 934 812 1003 συνῆγον
842 938 937 989 καὶ
970 936 1320 998 συνεϐίϐαζον
1371 938 1513 990 κατά
1539 936 1647 989 τῶν
1675 938 1905 1008 διαιρεῖν

320 1026 502 1087 αὑτὰς
535 1030 915 1097 πειρωμένων,
943 1030 1048 1082 κᾶν
1084 1031 1153 1099 τῇ
1188 1029 1460 1100 διαιρέσει
1486 1030 1661 1103 ταύτῃ
1685 1030 1778 1085 τὸν
1805 1033 1902 1102 τῆς

318 1115 651 1181 κακοδοξίας
682 1120 1005 1188 ίδρυνὸντων
1031 1120 1295 1189 θεμέλων.

2006 570 2055 624 la
2091 586 2154 624 ac
2178 586 2365 623 norma
2392 569 2465 623 sit
2518 569 2776 638 legesque
2805 570 2924 623 lata:
2951 570 3156 622 fuerint
3180 567 3230 620 id
3252 566 3582 636 praecipien-

2008 671 2110 717 tes.
2146 662 2212 714 Et
2249 664 2330 715 sic
2366 662 2521 715 multi
2550 671 2679 715 sunt
2714 672 2769 715 et
2799 671 2879 714 tot
2904 659 3106 729 singuli
3135 658 3312 713 libros
3346 658 3591 727 relique-

2007 764 2157 818 runt,
2189 762 2248 807 ut
2284 762 2540 807 czeterum
2590 754 2655 807 de
2690 754 2840 807 nullo
2894 751 3184 817 theologia:
3239 750 3589 819 prohlemate

2003 845 2089 898 vel
2147 845 2402 914 dogmate
2448 843 2679 897 dubium
2735 857 2961 896 movere
3011 851 3220 911 queant
3270 841 3363 910 qui
3428 842 3592 910 plane

2016 936 2145 991 talia
2188 938 2440 1007 judicare
2491 936 2748 991 noverint
2802 951 2831 989 a
2880 943 2961 989 tot
3017 934 3338 989 doctoribus
3391 944 3590 1003 totque

2011 1029 2359 1098 singulorum
2402 1028 2629 1097 scriptis
2663 1027 2985 1092 illuminati,
3038 1026 3083 1079 si
3127 1040 3262 1079 vero
3312 1024 3479 1079 etiam
3534 1023 3589 1075 in

2010 1120 2098 1173 his
2129 1120 2457 1175 discordans
2488 1119 2619 1189 quid
2671 1118 3009 1184 inveniatur,
3061 1118 3113 1171 id
3163 1127 3312 1172 recte
3368 1130 3594 1185 compo-

319 1218 465 1259 nant
513 1217 571 1263 et
624 1214 965 1267 concordent
1015 1214 1126 1267 illis
1183 1217 1481 1282 methodis,
1541 1218 1746 1289 quibus
1804 1214 1906 1283 ipsi
1948 1213 2208 1267 Ecclesia:
2272 1213 2529 1267 doctores
2559 1212 2772 1265 divinas
2831 1211 3157 1281 Seripturas
3197 1210 3593 1265 consociarunt

315 1309 380 1352 et
409 1310 731 1358 constantes
759 1306 1118 1361 ostenderunt
1148 1318 1340 1363 contra
1381 1326 1480 1366 eos
1521 1312 1615 1381 qui
1668 1310 1922 1364 dividere
1962 1306 2083 1360 illas
2116 1307 2463 1361 conabantur
2496 1314 2553 1361 et
2594 1307 2649 1365 in
2686 1306 2788 1359 bac
2815 1304 3091 1359 divisione
3158 1318 3436 1372 perversae
3464 1318 3579 1357 sua:

320 1392 620 1447 sententia:
648 1396 1054 1452 conﬁrmabant
1096 1398 1540 1457 fundamentum.

402 1483 623 1535 Τούτων
650 1484 830 1535 τοίνυν
861 1487 1117 1539 ἀπάντων
1174 1487 1345 1551 οὕτως
1394 1493 1652 1561 ἑχόντων,
1705 1493 1790 1554 τίς
1844 1491 1911 1544 ἂν

320 1573 536 1643 ῥαδίως
579 1575 896 1629 πιστεύσειε
931 1578 1196 1643 Λατίνους
1254 1582 1428 1635 δεινὸν
1483 1586 1583 1655 μὲν
1632 1584 1910 1639 ποιεῖσθαι

317 1668 429 1734 τὴν
448 1664 711 1736 δυαρχίαν
740 1669 831 1720 ἐπὶ
860 1668 1017 1733 Θεοῦ,
1045 1673 1127 1734 είς
1160 1673 1366 1744 ταύτην
1390 1675 1447 1729 δὲ
1483 1676 1905 1730 συνελαύνεσθαι

2088 1488 2220 1551 Quae
2242 1486 2427 1540 omnia
2456 1501 2582 1540 cum
2622 1486 2695 1541 ita
2732 1501 2790 1540 se
2820 1484 3088 1549 habeant,
3136 1487 3263 1556 quis
3291 1487 3448 1543 facile
3474 1503 3592 1543 cre-

2015 1580 2107 1633 det
2156 1575 2382 1633 Latinos
2434 1580 2658 1648 quidem
2710 1579 2971 1649 principii
3030 1580 3350 1635 dualitatem
3387 1582 3442 1634 in
3479 1582 3592 1635 Deo

2013 1671 2321 1737 exsecrari,
2355 1671 2450 1726 sed
2481 1672 2535 1725 in
2568 1673 2820 1727 eamdem
2856 1688 3052 1727 rursus
3087 1672 3294 1744 impelli
3329 1682 3590 1751 tanquam

322 1757 494 1852 πάλιν
526 1758 601 1821 ὠς
634 1761 953 1825 ἀναγκαίως
996 1764 1062 1833 τῇ
1101 1764 1227 1833 δόξῃ
1260 1765 1437 1837 ταύτῃ
1493 1769 1903 1839 συνεπομένηνς

2018 1763 2329 1818 necessario
2360 1779 2425 1818 ex
2480 1764 2583 1819 hac
2648 1780 2745 1819 sua
2800 1766 3068 1835 opinione
3122 1768 3595 1836 eonsequentem?

322 1846 466 1899 Οὔτε
499 1848 602 1917 γὰρ
639 1850 793 1902 αὐτοὶ
823 1853 1011 1918 σοφίας
1039 1854 1145 1906 τινὶ
1175 1855 1285 1907 τῶν
1344 1856 1603 1910 ἀπάντων
1648 1876 1909 1927 παραχω-

2018 1855 2201 1920 Neque
2233 1856 2379 1910 enim
2416 1856 2519 1925 ipsi
2545 1858 2817 1926 sapientia
2844 1858 2938 1911 ulli
2970 1859 3218 1913 omnium
3247 1860 3472 1922 cedunt,
3498 1877 3595 1915 ne-

327 1938 544 2003 ροῦσιν,
584 1939 697 1993 οὔτ’
729 1943 878 2002 εἰκός
912 1946 1030 1997 ἐστι
1050 1945 1209 2000 τοῦτο
1238 1948 1468 2017 πάσχειν
1495 1949 1655 2011 ὄντας
1689 1953 1908 2017 σοφοὺς,

320 2027 465 2082 ἀλλά
497 2030 698 2097 μᾶλλον
732 2031 954 2100 εὔλογόν
979 2036 1096 2088 ἐστι
1125 2036 1250 2099 τοὺς
1296 2038 1355 2089 ού
1396 2038 1598 2106 σφόδρα
1620 2038 1714 2106 τῆς
1749 2040 1911 2093 Λατί-

321 2138 436 2171 νων
487 2128 680 2189 σοφίας
724 2127 1014 2189 ὲπαῐοντας
1043 2128 1141 2197 τὴν
1192 2130 1403 2199 πλάνην
1433 2133 1638 2199 ταύτην
1677 2132 1909 2199 ὑφίστα-

326 2212 457 2263 σθαι
490 2218 585 2268 καὶ
613 2216 855 2282 νομίζειν
886 2218 1118 2273 ἕπεσθαι
1145 2224 1207 2291 τῇ
1236 2220 1363 2295 δόξῃ
1390 2223 1660 2292 Λατίνων,
1686 2223 1723 2279 ἃ
1742 2225 1910 2279 καθάο

327 2304 446 2369 παξ
474 2305 678 2377 ταύτης
711 2310 1070 2382 κεχώρισται.

408 2483 531 2536 Ὀτι
560 2485 614 2538 δὲ
639 2487 741 2540 οὐδ’
771 2490 905 2553 ὅλως
940 2487 1022 2554 οἷς
1059 2492 1269 2557 ἀξιοῦσι
1334 2494 1553 2547 Λατῖνοι
1601 2494 1662 2547 τὸ
1710 2493 1911 2548 ἄτοπον

332 2576 513 2629 ἐκεῖνο
559 2581 880 2647 συμὸαίνειν
936 2585 1185 2649 δύναται,
1244 2587 1450 2650 ἀπλοῦς
1518 2590 1637 2641 ἐστι
1697 2588 1851 2657 λόγος
1887 2592 1915 2643 ὁ

330 2670 539 2722 πείθων
566 2676 658 2725 καὶ
696 2674 902 2745 ἀληθὴς
936 2680 1027 2731 καὶ
1061 2678 1120 2733 δν
1158 2680 1211 2732 εί
1236 2697 1322 2744 τις
1354 2682 1598 2748 ἐλαύνοι,
1645 2683 1741 2735 καὶ
1781 2683 1914 2734 πο).-

328 2761 429 2825 Ut;
457 2765 557 2833 τῆς
610 2768 885 2836 θεολογίας
930 2772 1109 2842 ἀρχὰς
1144 2774 1357 2845 ἀνάγκη
1412 2773 1604 2828 τοῦτον
1656 2793 1914 2828 συναπω-

328 2856 562 2911 θείσοαι.
578 2860 695 2931 Mt;
716 2846 823 2932 γάρ
842 2879 975 2930 φασι
996 2863 1225 2934 δυνάμει
1248 2866 1590 2937 προδλητικῇ
1615 2868 1674 2920 τὸ
1692 2867 1828 2921 Πνεῦ
1839 2885 1915 2936 μα

324 2950 391 3002 τὸ
443 2950 601 3017 ἅγιον
638 2956 665 3005 6
721 2955 910 3026 Πατὴρ
967 2958 1062 3010 καὶ
1114 2959 1143 3011 6
1205 2958 1333 3022 Υἱὸς
1358 2959 1664 3029 προάγουσι
1718 2960 1809 3012 διὰ
1854 2960 1915 3012 τὸ

329 3043 430 3110 τὴν
468 3043 699 3112 δύναμιν
731 3045 937 3117 ταύτην
985 3051 1052 3119 τῇ
1101 3050 1258 3121 οὐσίᾳ
1293 3051 1522 3103 ἔπεσθαι
1561 3051 1657 3103 τοῦ
1704 3051 1915 3119 [ἰατρὸς

2012 1960 2121 2013 que
2154 1947 2437 2014 probabile
2478 1956 2563 2001 est
2611 1947 2785 2016 ipsos,
2832 1964 2957 2001 cum
3007 1949 3120 2001 sint
3152 1948 3456 2018 sapientes,
3492 1950 3593 2004 ista

2014 2037 2164 2105 pati;
2221 2038 2314 2091 sed
2366 2039 2553 2108 potius
2603 2038 2927 2105 verisimile,
2977 2054 3075 2093 eos
3119 2040 3214 2108 qui
3268 2038 3593 2094 Latinorum

2014 2128 2349 2197 sapientiam
2382 2144 2489 2182 non
2538 2145 2702 2198 supra
2748 2132 2970 2183 modum
3025 2131 3361 2201 intelligunt,
3410 2132 3593 2186 fraudi

2011 2220 2285 2290 ejusmodi
2318 2221 2703 2285 succumbere,
2739 2232 2799 2277 ut
2828 2224 3194 2286 arbitrentur,
3226 2239 3290 2278 ea
3331 2239 3397 2277 ex
3447 2224 3598 2277 Lati-

2013 2327 2210 2365 norum
2239 2313 2520 2367 sententia
2554 2317 2847 2385 consequi,
2898 2332 3018 2385 qua:
3047 2315 3217 2370 semel
3248 2330 3345 2384 pro
3378 2331 3596 2383 semper

2014 2404 2244 2458 omnino
2276 2404 2342 2458 ab
2373 2419 2437 2459 ea
2464 2416 2716 2473 separata
2746 2414 2897 2459 sunt.

2086 2494 2241 2560 Quod
2274 2509 2498 2549 veroex
2548 2494 2868 2549 Latinorum
2925 2495 3170 2550 doctrina
3229 2496 3379 2550 nullo
3431 2497 3596 2548 modo

2017 2585 2320 2640 absurdum
2358 2587 2489 2641 illud
2526 2587 2718 2641 inferri
2754 2587 2951 2657 possit,
2986 2588 3221 2656 simplex
3268 2604 3377 2641 non
3413 2589 3598 2641 minus

2017 2695 2180 2749 quam
2213 2695 2342 2735 vera
2386 2680 2528 2735 ratio
2579 2682 2899 2749 persuadet,
2932 2696 3099 2750 quam
3145 2680 3235 2748 qui
3269 2680 3509 2750 rcjiciat,
3540 2689 3597 2734 et

2017 2772 2190 2825 multa
2219 2786 2441 2842 quoque
2476 2772 2766 2842 theologia:
2812 2772 3084 2841 principia
3129 2771 3383 2827 eliminet
3430 2772 3595 2824 simul

2017 2873 2259 2934 oportet.
2286 2865 2455 2922 Unica
2489 2865 2665 2931 enim,
2708 2866 2887 2927 aiunt,
2923 2865 3131 2920 virtute
3166 2864 3429 2933 spirativa
3475 2864 3599 2932 Spi-

2018 2957 2185 3011 ritum
2221 2968 2472 3012 sanr'tnm
2527 2958 2839 3028 producunt
2890 2958 3050 3013 Pater
3108 2967 3165 3013 et
3226 2958 3425 3022 Filius,
3461 2957 3594 3026 quia

2019 3045 2137 3101 haec
2178 3048 2351 3102 virtus
2378 3048 2632 3118 sequitur
2665 3048 2963 3103 essentiam
3005 3049 3181 3104 Patris
3220 3059 3275 3103 ct
3308 3048 3450 3114 Filii,
3484 3064 3595 3100 non

332 3135 428 3187 καὶ
475 3136 569 3188 τοῦ
604 3136 756 3199 Υίοῦ,
780 3140 839 3191 οὑ
874 3143 992 3204 ταῖς
1016 3142 1342 3212 ἀναφοραῖς,
1378 3138 1465 3207 αἷς
1492 3144 1901 3211 διακρίνονται’

2018 3137 2332 3201 relationes,
2362 3140 2567 3209 quibus
2596 3139 3020 3204 discernuntur,
3050 3150 3103 3195 et
3135 3140 3283 3194 sicut
3312 3139 3395 3193 vis
3424 3154 3596 3207 gene-

330 3229 429 3281 καὶ
460 3227 648 3297 ὥσπερ
686 3230 840 3299 ήτοῦ
886 3232 1081 3301 γεννᾷν
1136 3235 1230 3287 καὶ
1276 3232 1373 3287 τοῦ
1416 3220 1713 3302 γεννᾶσθαι
1758 3235 1918 3288 δύνα-

334 3319 425 3385 μίς
458 3320 573 3372 ἐστι
611 3322 687 3391 (Ι)
718 3323 817 3390 μία
852 3326 909 3375 ὲν
939 3325 1017 3394 τῷ
1052 3327 1225 3396 “arpi
1261 3327 1355 3379 καὶ
1386 3327 1463 3397 τῷ
1496 3327 1632 3398 Υίῴ,
1657 3326 1801 3381 οὕτω
1825 3330 1919 3381 καὶ

332 3409 368 3478 ἡ
390 3410 483 3462 τοῦ
509 3412 836 3480 προϐάλλειν
862 3415 959 3484 μία
983 3417 1131 3470 ἐστὶν
1153 3418 1210 3469 ἐν
1234 3419 1439 3482 αὐτοῖς’
1456 3420 1508 3471 εί
1525 3437 1608 3482 τις
1631 3418 1914 3489 γάρδύνα-

328 3501 426 3571 μίς
459 3504 607 3555 ἐστιν
630 3504 687 3557 ἐν
710 3506 892 3569 αὐτοῖς
924 3508 1071 3577 παρὰ
1096 3508 1195 3579 τὴν
1223 3508 1317 3561 τοῦ
1347 3511 1543 3581 γεννᾷν
1592 3512 1686 3564 καὶ
1727 3512 1919 3579 γεννᾶ-

330 3594 479 3657 σθαι,
508 3595 639 3663 μίαν
663 3594 809 3651 εἶναι
840 3598 1047 3668 ταύτην
1071 3602 1312 3671 ἀνάγκη·
1343 3604 1375 3673 ἡ
1430 3604 1489 3656 δὲ
1535 3604 1632 3674 μία
1685 3604 1916 3674 δύναμις

330 3687 428 3739 καὶ
469 3686 598 3756 μίαν
628 3689 909 3759 ἐνέργειαν
940 3695 1034 3746 καὶ
1066 3694 1198 3763 μίαν
1233 3694 1463 3767 πρᾶοδον
1500 3696 1593 3748 καὶ
1637 3697 1769 3767 μίαν
1810 3699 1912 3768 ἀρ-

333 3778 434 3847 χὴν
483 3779 605 3851 τίθη
622 3798 705 3835 σιν
748 3784 806 3849 ἐξ
845 3785 1111 3855 ἀνάγκηςο
1149 3785 1274 3839 οὔτε
1311 3788 1494 3841 τοίνυν
1535 3789 1741 3842 ἄτοπον
1784 3790 1913 3859 μίαν

334 3866 476 3923 εἶναι
503 3870 737 3942 δύναμιν
772 3878 827 3927 ἐν
864 3876 1040 3946 Πατρὶ
1070 3878 1163 3930 καὶ
1208 3877 1323 3945 Υίῴ
1354 3878 1453 3947 τὴν
1512 3880 1910 3949 προϐλητικὴν,

329 3959 457 4014 οὗτε
500 3964 693 4017 ἕπεται
755 3968 961 4035 ταύτης
994 3966 1162 4037 οὔσης
1198 3970 1328 4040 μιᾶς
1376 3970 1477 4037 τὴν
1511 3972 1689 4041 ἀρχὴν
1726 3972 1785 4024 ἑν
1836 3972 1914 4042 τῷ

332 4053 513 4123 "arpi.
546 4057 640 4107 καὶ
672 4056 749 4127 τῷ
802 4057 919 4127 Υίῷ
948 4058 1044 4111 τοῦ
1076 4059 1400 4129 Πνεύματος
1459 4065 1534 4131 μὴ
1566 4058 1704 4116 εἶναι
1760 4066 1911 4135 μῖαν,

330 4145 468 4199 ἀλλὰ
499 4145 715 4217 διπλῆν.
752 4148 931 4211 "Otto;
954 4150 1012 4202 δὲ
1037 4152 1064 4204 6
1095 4151 1283 4221 Πατὴρ
1314 4152 1408 4205 καὶ
1441 4153 1469 4204 6
1496 4154 1626 4217 Υἱὸς
1656 4155 1786 4209 ἄνευ
1814 4156 1916 4225 τῆς

334 4240 470 4305 πρὸς
493 4238 696 4307 ἄλληλα
720 4240 1057 4312 ἀναφορικῆς
1074 4244 1401 4307 ἀντιθέσεως
1429 4248 1526 4315 τῆς
1545 4247 1688 4300 κατά
1709 4248 1768 4300 τὸ
1795 4264 1919 4316 γει-

334 4331 431 4399 νᾷ)
470 4330 672 4401 δηλαδὴ
709 4333 802 4385 καλ⁸
841 4335 1137 4400 γεννᾶσθαι
1173 4340 1236 4389 τὰ
1285 4336 1423 4392 ἄλλα
1455 4336 1515 4390 ἓν
1550 4341 1656 4391 εἰσι
1716 4341 1809 4392 καὶ
1858 4340 1916 4392 ἓν

331 4425 457 4475 ὅλον
489 4427 583 4476 καὶ
618 4424 673 4475 ἓν
704 4427 945 4497 ἀριθμῷ.
966 4428 1182 4499 Ὥσπερ
1212 4432 1391 4483 τοίνυν
1425 4424 1503 4493 εἷς
1525 4431 1657 4494 Θεός
1688 4434 1793 4486 είσι
1820 4435 1915 4485 καὶ

331 4514 415 4579 εἷς
451 4517 785 4587 δημιουργὸς
817 4522 912 4572 καὶ
943 4517 1024 4583 εἷς
1058 4522 1315 4589 πέμπων.
1345 4522 1489 4576 οὓτω
1522 4527 1617 4577 καὶ
1647 4524 1745 4592 μία
1772 4526 1914 4595 ἀρχὴ

328 4609 430 4661 τοῦ
464 4610 623 4675 ἁγίου
656 4611 973 4678 Πνεύματος
1007 4613 1037 4679 ἢ
1071 4606 1150 4673 εἷς
1182 4614 1526 4681 προϐάλλων.
1574 4616 1635 4667 Εἰ
1675 4616 1774 4686 μὲν
1808 4617 1916 4686 γὰρ

327 4704 392 4753 ο)
428 4702 659 4754 δύναται
683 4707 961 4755 κοινωνεῖν
992 4704 1067 4774 τῷ
1098 4706 1278 4773 "arpi.
1318 4706 1417 4772 τῆς
1450 4706 1546 4759 τοῦ
1596 4708 1917 4775 Πνεύματος

327 4795 723 4861 ὲκπορεύσεως
753 4795 780 4845 6
818 4794 940 4857 Υἱὸς
967 4795 1033 4848 δι’
1062 4796 1193 4849 ἄλλο
1226 4815 1299 4855 τι,
1329 4798 1485 4861 ἄλλος
1516 4800 1583 4853 ἂν
1613 4800 1698 4870 εἴη
1727 4800 1915 4868 λόγος·

332 4886 384 4934 εξ
428 4883 483 4934 δὲ
536 4884 691 4935 οὐδὲν
739 4885 1105 4953 προσίσταται
1155 4886 1378 4956 ἕτερον,
1422 4891 1552 4960 περί
1587 4908 1651 4960 γε
1688 4892 1778 4945 τοῦ
1819 4893 1920 4963 τὴν

338 4976 641 5044 μοναρχίαν
680 4975 1009 5031 σαλεύεσθαι
1041 4978 1157 5041 δέος
1187 4980 1363 5034 οὐδέν·
1391 4980 1582 5051 ὥσπερ
1610 4984 1657 5034 εξ
1688 4983 1761 5052 μὴ
1792 4984 1918 5050 ἠδύ-

334 5080 467 5115 νατο
494 5066 521 5115 6
558 5065 676 5126 Υἱὸς
701 5065 1035 5135 δημιουργὸς
1058 5065 1195 5119 εἶναι
1226 5069 1321 5121 καὶ
1346 5071 1405 5121 τὸ
1431 5069 1653 5138 Πνεῦμα
1673 5070 1732 5122 τὸ
1764 5068 1920 5139 ἅγιον

336 5156 531 5224 ὥσπερ
555 5159 645 5209 καὶ
666 5160 692 5211 6
716 5159 927 5229 Πατὴρ,
949 5158 1108 5223 ἄλλος
1133 5160 1197 5213 ἂν
1220 5155 1287 5231 ἦν
1311 5161 1488 5229 λόγος’
1513 5162 1618 5224 ἕως
1641 5162 1685 5216 δ’
1705 5164 1918 5234 ἀνάγκη

333 5249 437 5319 τὴν
466 5248 832 5320 δ,μιουργίαν
880 5252 1070 5322 κοινὴν
1110 5249 1252 5305 εἶναι
1287 5256 1399 5315 τοῖς
1440 5255 1611 5323 τρισὶ,
1648 5256 1780 5325 περὶ
1820 5258 1920 5325 τῆς

333 5344 641 5414 μοναρχίας
686 5345 807 5407 δέος
857 5345 1036 5398 οὐδέν·
1072 5346 1170 5415 μιᾷ
1199 5345 1310 5415 γὰρ
1360 5345 1593 5416 δυνάμει
1653 5347 1919 5418 δημιουρ-

327 5436 493 5505 γο·ῗ.σι
519 5438 612 5488 καὶ
642 5435 716 5498 ὡς
744 5436 864 5506 Θεῷ
906 5437 1196 5505 πρόσεστιν
1238 5438 1453 5506 ἑκάστῳ
1494 5438 1699 5491 τούτων
1730 5438 1790 5491 τὸ
1824 5438 1919 5507 δη-

328 5532 646 5600 μιουργεῖν,
667 5528 808 5581 ὥστε
841 5532 964 5580 ἐπεὶ
992 5523 1071 5590 εἷς
1097 5530 1228 5592 Θεὸς
1259 5531 1369 5582 εἱσι
1400 5530 1499 5582 καλ⁵
1528 5531 1626 5584 ἕνα
1656 5531 1921 5602 δημιουρ-

324 5624 430 5691 γὸν
461 5620 685 5683 τούτους
704 5617 844 5673 εἶναι
873 5622 1109 5690 ἀνάγκη.
1136 5622 1195 5674 ΕΞ
1219 5621 1274 5673 δὲ
1294 5620 1616 5690 θαῦμα,τάς
1644 5623 1737 5677 δύο
1786 5626 1919 5678 ὑπο-

407 5803 489 5877 (ί)
523 5801 666 5858 .ilon.
711 5805 749 5859 ί.
799 5804 887 5860 191
930 5822 982 5872 a,
1020 5805 1117 5879 οὐκ
1156 5804 1288 5859 ἔστι.

2019 3230 2251 3285 rationis
2290 3234 2482 3285 activae
2532 3242 2588 3286 et
2620 3233 2853 3302 passiva:
2901 3234 2953 3287 in
2998 3232 3158 3288 Patre
3212 3244 3266 3287 et
3317 3230 3455 3287 Filio
3512 3242 3597 3286 est

2017 3335 2147 3385 una,
2175 3322 2246 3375 ita
2278 3322 2599 3390 spirationis
2634 3324 2716 3378 vis
2764 3324 2816 3378 in
2852 3325 2986 3394 ipsis
3040 3340 3145 3378 una
3175 3333 3280 3378 est.
3339 3321 3393 3377 Si
3444 3323 3596 3377 enim

2016 3426 2137 3480 qua:
2166 3412 2339 3467 virtus
2370 3413 2424 3466 in
2483 3415 2616 3483 ipsis
2649 3425 2733 3469 est
2790 3425 2990 3487 printer
3047 3418 3157 3470 vim
3219 3413 3597 3485 generationis

2015 3503 2208 3558 activae
2257 3514 2313 3559 et
2362 3507 2617 3575 passivze,
2660 3524 2780 3562 eam
2818 3524 2980 3562 unam
3028 3523 3149 3563 esse
3203 3522 3430 3562 necesse
3476 3518 3597 3569 est;

2015 3597 2175 3651 unica
2213 3613 2343 3653 vero
2380 3599 2555 3653 virtus
2599 3608 2653 3655 et
2701 3616 2869 3655 unam
2911 3601 3291 3672 Operationcm
3339 3610 3389 3655 et
3427 3615 3590 3652 unam

2016 3688 2423 3757 processionem
2455 3698 2513 3755 ei.
2546 3706 2717 3744 unum
2758 3692 3096 3761 principium
3149 3690 3465 3746 necessario
3506 3690 3595 3740 in-

2016 3778 2200 3834 ducit:
2237 3796 2415 3849 neque
2473 3781 2642 3850 igitur
2676 3782 2978 3837 absurdqu
3025 3792 3131 3848 est,
3161 3798 3325 3836 unam
3362 3794 3484 3835 esse
3539 3783 3597 3831 in

2018 3868 2180 3923 Patre
2211 3879 2265 3924 et
2294 3870 2435 3925 Filio
2475 3871 2741 3925 virtutem
2776 3873 3150 3942 spiratricem,
3202 3888 3379 3939 neque
3411 3871 3601 3939 si-qni-

2019 3972 2129 4027 tur,
2158 3978 2282 4016 cum
2318 3965 2433 4018 [nec
2471 3980 2579 4020 una
2608 3965 2704 4029 sit,
2741 3965 2793 4017 in
2835 3966 2993 4020 Patre
3023 3975 3078 4018 et
3113 3965 3251 4018 Filio
3279 3980 3386 4017 non
3427 3978 3595 4015 unum

2015 4069 2137 4109 esse
2173 4053 2418 4125 Spiritus
2446 4056 2808 4127 principium,
2841 4056 2937 4112 sed
2972 4057 3196 4127 duplex.
3227 4054 3467 4110 Omnino
3499 4070 3596 4107 au-

2019 4154 2125 4200 tem
2156 4145 2319 4200 Pater
2351 4155 2407 4200 et
2437 4145 2608 4200 Filius
2644 4146 3061 4216 praescindendo
3094 4161 3123 4200 a
3162 4147 3393 4199 relativa
3426 4161 3599 4214 oppo—

2016 4237 2240 4311 sitione,
2280 4253 2443 4307 quam
2476 4241 2541 4292 ad
2574 4239 2812 4293 invicem
2849 4238 3073 4304 habent,
3109 4247 3274 4309 prout
3307 4238 3396 4291 ille
3433 4254 3601 4306 gene-

2019 4340 2123 4394 rat,
2160 4331 2248 4385 hie
2274 4341 2597 4400 generatur,
2628 4332 2822 4401 quoad
2873 4342 3072 4386 eastern
3128 4346 3299 4384 unum
3361 4342 3491 4385 sunt
3544 4341 3595 4384 et

2022 4439 2189 4477 unum
2226 4431 2401 4477 totum
2440 4434 2496 4478 et
2530 4439 2701 4477 unum
2750 4439 3003 4477 numero.
3040 4423 3197 4477 Sicut
3238 4422 3406 4493 igitur
3458 4438 3602 4476 unus

2024 4525 2151 4570 sunt
2180 4516 2327 4571 Deus
2362 4526 2418 4572 et
2450 4533 2591 4572 unus
2616 4518 2871 4571 conditor
2898 4526 2955 4571 et
2989 4533 3133 4571 unus
3172 4517 3417 4579 mittens,
3448 4516 3517 4568 ita
3543 4528 3601 4568 et

2027 4624 2196 4662 unum
2222 4609 2551 4678 principium
2576 4610 2751 4663 sancti
2780 4609 3023 4679 Spiritus
3049 4610 3132 4663 vel
3169 4624 3311 4663 unus
3337 4610 3596 4677 spirator.

2026 4700 2080 4754 Si
2113 4702 2258 4755 enim
2288 4700 2432 4755 Patri
2481 4702 2535 4755 in
2575 4701 2817 4772 Spiritus
2868 4702 3043 4757 sancti
3094 4703 3457 4771 productione
3493 4718 3598 4753 non

2027 4803 2209 4861 potest
2231 4796 2640 4849 communicare
2665 4794 2838 4849 Filius
2863 4806 3090 4865 propter
3114 4795 3262 4850 aliud
3294 4796 3600 4865 quidpiam.

2026 4887 2133 4939 alia
2166 4891 2308 4942 ratio
2340 4890 2519 4953 foret;
2549 4888 2594 4942 si
2625 4904 2758 4944 vero
2786 4889 2921 4942 nihil
2949 4888 3094 4942 aliud
3125 4889 3329 4950 obstat,
3355 4889 3502 4957 quod
3534 4890 3599 4941 ad

2028 4980 2362 5033 monarchize
2417 4978 2855 5033 destructionem
2918 4979 3151 5041 attinet,
3210 4979 3351 5032 nihil
3401 4978 3605 5032 timene

2029 5071 2194 5135 dum;
2226 5070 2363 5124 sicut
2393 5071 2439 5124 si
2476 5070 2648 5126 Filius
2682 5087 2790 5125 non
2826 5082 3011 5141 posset
3065 5081 3287 5126 creator
3330 5086 3451 5125 esse
3503 5087 3603 5123 ne-

2028 5177 2135 5230 que
2183 5162 2425 5231 Spiritus
2477 5173 2727 5228 sanctus,
2765 5164 3231 5233 qncn‘iadmmlum
3287 5173 3371 5218 est
3421 5163 3602 5227 Pater,

2029 5258 2133 5310 alia
2175 5257 2334 5325 plane
2367 5254 2508 5311 foret
2560 5257 2740 5319 ratio;
2788 5256 3033 5325 quandiu
3074 5272 3204 5309 vero
3258 5271 3485 5309 necesse
3519 5268 3609 5308 est

2029 5350 2363 5405 creationem
2399 5364 2749 5403 communem
2790 5364 2911 5403 esse
2960 5348 3068 5402 illis
3118 5349 3297 5402 tribus
3323 5386 3338 5406 .
3375 5352 3440 5400 de
3485 5363 3603 5399 mo-

2031 5442 2261 5497 narehia
2311 5442 2615 5497 timendum
2658 5442 2815 5496 nihil.
2848 5441 2962 5497 Una
2995 5442 3142 5495 enim
3183 5443 3383 5493 virtute
3417 5449 3607 5493 creant

2029 5546 2179 5590 etut
2216 5538 2329 5590 Deo
2380 5538 2684 5607 unicuique
2740 5537 2938 5589 horum
3009 5536 3151 5590 inest
3214 5536 3294 5589 vis
3355 5535 3605 5595 creandi,

2032 5629 2176 5685 unde
2204 5630 2465 5699 quoniam
2499 5644 2641 5683 unus
2678 5629 2820 5684 Deus
2855 5636 2982 5682 sunt
3010 5623 3064 5681 c't
3096 5643 3262 5681 unum
3303 5636 3609 5682 creatorem

2095 5884 2199 5901 ~r<

2146 5918 2171 5926 «ν
2216 5915 2263 5925 ε..
2306 5920 2310 5924 .
