4132 6406
562 356 629 418 Η
1369 362 1375 368 ’
1781 372 2105 430 GEOi-u’nt
2154 371 2561 434 SCtIUL.tRII
3729 378 3808 446 48

566 477 667 529 Las
698 490 818 529 esse
851 492 1077 533 necesse
1106 490 1207 535 est.
1255 483 1307 537 Si
1366 501 1494 541 vero
1552 488 1779 552 mirum,
1815 493 1949 544 duas
2006 490 2122 543 illas

2239 490 2456 553 στάσεις
2479 490 2606 557 μίαν
2630 485 2769 543 εἶναι
2796 488 2970 560 ἀρχὴν
2992 491 3083 544 καὶ
3113 490 3186 562 μὴ
3213 492 3645 563 συναλείφεσθαι,
3678 499 3807 560 μεῖ-

567 570 889 637 bypostascs
934 588 1102 626 unum
1136 591 1253 631 esse
1304 580 1630 649 principium
1678 591 1735 638 et
1780 592 1961 637 tamen
2021 600 2130 638 non

565 660 871 725 confundi,
925 663 1098 731 magis
1147 667 1345 720 mirum
1402 680 1587 737 esset,
1638 682 1747 726 tres
1810 674 2131 743 hypostascs

574 766 743 802 unum
781 754 1259 823 principiumrsse
1297 776 1473 828 neque
1501 773 1678 817 tamen
1708 764 1975 819 confundi
2010 784 2132 821 eas-

561 847 701 897 ιεοϊ.
743 843 847 898 Sed
892 846 998 901 hoc
1051 848 1320 903 mirantur
1362 853 1582 920 quidem
1636 869 1828 910 omnes
1861 868 2130 928 quotquot

558 945 614 988 rt
653 937 784 990 illud
814 939 1091 1005 credunt,
1127 944 1302 997 nihilo
1351 956 1529 999 tamen
1583 947 1762 1003 minus
1789 951 2043 1016 credunt,
2075 962 2131 1006 et

559 1028 766 1083 ideirco
812 1031 1088 1095 credunt,
1153 1035 1283 1102 quia
1340 1038 1630 1091 mirantur.
1691 1038 1922 1108 Oportet
1976 1044 2126 1097 enim

558 1123 746 1175 divina
798 1127 1243 1194 supernaturalia
1301 1145 1423 1184 esse
1471 1142 1524 1184 et
1557 1146 1723 1200 super
1764 1143 2001 1188 mentem
2033 1150 2129 1189 uo-

561 1222 731 1267 stram
765 1215 979 1270 elevata
1027 1233 1202 1287 eaque
1241 1222 1552 1289 superiora.
1595 1222 1686 1278 Sic
1716 1234 1771 1277 et
1811 1239 1899 1281 res
1935 1241 1994 1279 se
2036 1226 2130 1279 ha-

560 1306 653 1359 bet
687 1306 740 1359 in
775 1312 1055 1378 proposita
1086 1313 1338 1367 materia.
1372 1314 1571 1369 Mirum
1600 1317 1748 1370 enim
1778 1326 1862 1372 est
1896 1327 1950 1372 et
1980 1334 2129 1372 sum-

562 1414 705 1451 mam
738 1388 1162 1456 admirationem
1194 1406 1418 1471 excitat,
1450 1408 1595 1476 quod
1635 1404 1757 1463 dum
1802 1409 2128 1480 hypostases

558 1490 806 1557 perfecte
851 1493 967 1549 suis
1004 1494 1281 1550 distinctae
1319 1500 1750 1566 praprietatibus
1782 1518 1952 1555 unum
1994 1511 2124 1557 sunt

559 1582 739 1636 tertiae
772 1598 1022 1652 persona:
1052 1589 1387 1659 principium
1418 1602 1473 1644 et
1522 1599 1691 1648 untun
1738 1603 1990 1658 numero,
2025 1609 2127 1649 nec

555 1682 736 1728 tamen
765 1676 831 1729 ad
877 1676 1113 1733 invicem
1158 1680 1573 1738 confunduntur
1603 1699 1702 1739 nec
1734 1695 1942 1739 naturae
1989 1700 2124 1755 qua-

557 1766 677 1817 dum
716 1766 1033 1823 ditl‘erentia
1068 1788 1097 1825 a
1132 1787 1368 1838 persona
1397 1815 1410 1836 .
1460 1791 1582 1844 quae
1629 1791 1695 1831 ex
1744 1779 1875 1847 ipsis
1921 1781 2123 1849 prodit,

557 1855 993 1925 distinguuntur.
1021 1860 1194 1917 Debet
1229 1873 1409 1918 tamen
1442 1876 1497 1918 et
1530 1867 1634 1921 hoc
1686 1882 1812 1921 cum
1842 1869 1966 1924 aliis
1997 1870 2123 1925 fidei

557 1948 845 2018 principiis
876 1953 1214 2007 concordare
1252 1963 1307 2007 et
1338 1957 1625 2011 veritatem
1660 1957 1821 2011 simul
1867 1974 1990 2013 cum
2022 1961 2123 2014 ad-

558 2040 848 2096 miratione
878 2050 935 2095 et
963 2043 1091 2097 huic
1121 2060 1243 2097 cum
1298 2045 1405 2099 illis
1439 2047 1669 2113 adesse;
1721 2063 1901 2118 neque
1937 2066 2115 2120 repre-

558 2134 828 2187 hendendi
859 2144 991 2189 sunt
1021 2135 1224 2198 Latini.
1272 2137 1317 2191 si
1360 2138 1651 2194 doctorum
1688 2142 1852 2196 Verba
1882 2159 2120 2213 sequen-

560 2236 642 2282 tes
682 2229 948 2298 Spiritum
1000 2246 1065 2285 ex
1120 2232 1260 2286 Filio
1296 2248 1419 2288 csse
1448 2236 1502 2287 et
1536 2249 1706 2289 unum
1742 2236 1863 2312 ejus
1914 2236 2124 2306 princi-

556 2322 706 2389 pium
738 2322 956 2378 Patrem
989 2334 1045 2378 et
1096 2323 1294 2380 Filium
1325 2329 1593 2382 exsistere
1626 2330 1883 2392 credunt,
1922 2329 2125 2383 deinde

554 2414 1073 2470 ratiocinationibus
1099 2418 1427 2485 quibusdam
1454 2421 1659 2475 mentis
1682 2421 2119 2477 imbecillitatem

552 2507 959 2575 quodammodo
988 2510 1206 2579 erigunt
1235 2526 1299 2566 ac
1328 2513 1601 2578 solantur,
1633 2523 1894 2584 tauquam
1931 2516 1985 2569 in
2021 2516 2122 2570 de-

557 2600 701 2654 fectu
753 2612 1022 2657 accuratae
1059 2604 1384 2672 solutionis,
1418 2622 1583 2675 quam
1637 2607 1691 2661 in
1724 2608 1837 2661 hac
1890 2609 2122 2664 materia

556 2693 799 2746 nancisci
836 2709 944 2745 non
988 2702 1074 2747 est
1114 2693 1326 2757 datum.
1384 2698 1599 2751 ratione
1631 2702 1935 2765 apparente
1967 2708 2126 2753 uten-

557 2795 641 2837 tes
670 2797 725 2836 et
771 2783 825 2837 in
858 2783 945 2838 his
990 2785 1212 2841 eosdem
1258 2786 1408 2857 ipsos
1445 2789 1613 2844 duces
1655 2796 1710 2843 et
1737 2792 2123 2861 antesignanos

555 2884 927 2941 assutnentes,
957 2894 984 2931 a
1013 2879 1218 2947 quibus
1245 2888 1300 2933 et
1337 2880 1479 2934 hanc
1528 2884 1857 2936 sententiam
1893 2898 2124 2953 accepe-

553 2976 718 3032 runt;
745 2968 851 3023 hoc
886 2970 1034 3024 enim
1066 2972 1208 3039 apud
1245 2987 1433 3042 aequos
1464 2973 1684 3046 iudices
1716 2976 1922 3029 trullam
1969 2990 2123 3046 pror-

2236 580 2327 642 ςον
2351 581 2414 633 ἂν
2444 581 2530 649 εἴη
2559 580 2871 649 θαῦμα,⁹ὄτι
2894 584 2951 635 αί
2978 584 3128 653 τρεῖς
3160 584 3487 648 ὑποστάσεις
3536 588 3630 649 μία
3660 590 3811 641 εἰσὶν

2236 670 2378 739 ἀρχὴ
2404 672 2494 722 καὶ
2523 671 2581 721 οὐ
2610 670 3040 738 ουναλείφονται.
3082 672 3243 726 Ἀλλὰ
3271 674 3426 727 τοῦτο
3457 674 3814 743 θαυμάζουσι

2240 762 2339 829 μὲν
2363 762 2581 822 πάντες.
2608 761 2722 813 ὅσοι
2748 761 2921 829 δήπου
2955 763 3049 815 καὶ
3078 765 3450 828 πιστεύουσιν,
3484 767 3606 819 οὐδὲ
3641 763 3814 838 ἦττον

2237 853 2418 919 μέντοι
2447 850 2787 915 πιστεύουσι,
2822 854 2913 904 καὶ
2976 852 3065 904 διὰ.
3107 854 3266 906 τοῦτο
3314 856 3668 909 πιστεύουσιν
3720 860 3812 910 ὅτι

2234 940 2596 1007 θαυμάζουσι.
2649 942 2742 994 Δεῖ
2790 944 2897 1012 γάρ
2950 943 3017 995 τὰ
3052 943 3169 996 θεῖα
3220 945 3316 997 καὶ
3353 945 3609 1015 ὑπερφυᾶ
3664 943 3813 1001 εἶναι

2233 1032 2326 1085 καὶ
2363 1032 2453 1084 νοῦ
2487 1034 2719 1101 κρείττω
2751 1035 2842 1086 καὶ
2877 1033 3207 1105 ὑψηλότερα.
3240 1034 3398 1088 Οὕτω
3427 1036 3472 1089 δ’
3503 1036 3618 1105 ἔχει
3665 1041 3812 1093 κάπὶ

2230 1123 2325 1175 τοῦ
2362 1125 2749 1192 προκειμένου.
2778 1125 3105 1194 Θαυμαστὸν
3139 1127 3237 1195 μὲν
3268 1126 3377 1195 γὰρ
3402 1128 3493 1180 καὶ
3522 1131 3811 1198 θαύματος

2234 1215 2418 1281 πλέον,
2451 1214 2543 1267 δύο
2586 1215 2915 1279 ὑποστάσεις
2960 1216 3180 1279 τελείως
3210 1216 3638 1287 διακεκριμένοις
3682 1220 3811 1280 ταῖς

2234 1307 2461 1377 ἰδιότησι
2491 1308 2623 1376 μίαν
2666 1308 2841 1377 ἀρχὴν
2877 1303 3017 1359 εἶναι
3072 1309 3170 1376 τῆς
3221 1308 3415 1377 λοιπῆς
3446 1310 3808 1373 ὑπεστάσεως

2228 1398 2323 1447 καὶ
2356 1395 2574 1464 ἀριθμῷ
2605 1396 2755 1463 μίαν,
2788 1398 2881 1449 καὶ
2915 1395 2992 1465 μὴ
3026 1396 3375 1465 συνειλῆφθαι
3411 1396 3551 1465 πρὸς
3579 1397 3808 1458 ἑαυτὰς,

2228 1486 2260 1557 ἦ
2303 1488 2378 1555 μὴ
2422 1484 2634 1555 φύσεώς
2671 1504 2779 1540 τινι
2809 1485 3046 1558 διαφορᾷ
3074 1489 3210 1555 πρὸς
3243 1488 3341 1557 τὴν
3386 1488 3444 1552 ἐξ
3472 1488 3651 1539 αὐτῶν
3676 1505 3801 1557 προ-

2230 1580 2417 1633 ιοῦσαν
2476 1581 2770 1647 ὑπόστασιν
2801 1579 3175 1648 διακρίνεσθαι
3205 1596 3220 1610 ·
3277 1581 3361 1633 δεῖ
3408 1578 3591 1649 μέντοι
3646 1579 3810 1631 τοῦτ(

2227 1680 2346 1738 ταῖς
2373 1676 2559 1739 ἄλλαις
2607 1677 2797 1745 ἀρχαῖς
2825 1676 2923 1743 τῆς
2954 1676 3195 1736 πίστεως
3236 1676 3550 1744 συμφωνεῖν
3582 1674 3677 1726 καὶ
3703 1674 3810 1741 τὴν

2230 1770 2489 1839 ἀλήθειαν
2526 1768 2645 1838 ἅμα
2673 1769 2753 1837 τῷ
2790 1767 3078 1841 παραδόξῳ
3133 1767 3252 1837 μετ’
3280 1768 3505 1821 ἐκείνων
3536 1762 3677 1819 εἶναι
3708 1767 3807 1819 καὶ

2229 1862 2423 1931 ταύτῃ·
2458 1860 2578 1913 οὐδὲ
2616 1860 2696 1912 δεῖ
2720 1860 2913 1927 ψέγειν
2941 1858 3229 1925 Λατίνους,
3278 1859 3328 1912 εί
3377 1861 3489 1920 τοῖς
3518 1859 3624 1910 τῶν
3656 1858 3795 1912 διδα-

2233 1954 2447 2008 σκάλων
2469 1953 2650 2020 λόγοις
2678 1945 2939 2021 ἑπόμενοι
2964 1952 3027 2004 τδ
3054 1949 3279 2020 Πνεῦμα
3304 1952 3369 2005 ἐκ
3389 1952 3481 2004 τοῦ
3508 1949 3640 2003 Υἱοῦ
3662 1948 3811 2003 sita:

2228 2046 2325 2100 καὶ
2353 2043 2480 2112 μίαν
2504 2044 2680 2114 ἀρχὴν
2703 2042 2866 2095 αὑτοῦ
2892 2043 2985 2095 τὸν
3010 2043 3229 2112 Πατέρα
3259 2042 3355 2097 καὶ
3383 2041 3476 2095 τὸν
3507 2043 3632 2095 Υἱξν
3660 2039 3810 2095 εἶναι

2230 2135 2598 2197 πιστεύουσιν,
2637 2129 2757 2187 εἶτα
2801 2132 3082 2202 λογισμοῖς
3131 2150 3242 2186 τισι
3274 2133 3375 2204 τὴν
3414 2134 3650 2203 ἀπορίαν
3699 2150 3811 2185 πα-

2233 2227 2600 2300 ραμυθοῦνται
2635 2226 2728 2280 τοῦ
2758 2227 2872 2291 νοῦ,
2902 2224 3155 2294 καθάπερ
3184 2224 3245 2276 ὲν
3276 2225 3483 2294 ἀπορίᾳ
3511 2224 3609 2288 τῆς
3643 2224 3809 2292 ἀκριο

2228 2323 2404 2389 ϐείας,
2438 2319 2505 2392 ἦς
2538 2321 2636 2375 οὐκ
2675 2320 2884 2387 ἔξεστιν
2931 2315 3159 2371 ἐνταῦθα
3212 2320 3416 2387 τυχεῖν,
3465 2316 3543 2384 τῷ
3575 2317 3807 2383 φανέντι

2228 2417 2372 2485 λόγῳ
2402 2414 2758 2485 χρησάμενοι,
2792 2412 2886 2466 καὶ
2918 2412 3093 2466 ταῦτα
3122 2412 3233 2464 τῶν
3262 2409 3542 2478 λογισμῶν
3587 2410 3804 2478 ἡγεμὸ-

2229 2525 2324 2569 νας
2352 2507 2545 2569 αὐτοὺς
2578 2503 2824 2565 τούτους,
2862 2503 2994 2573 παρ’
3027 2497 3102 2556 ὧν
3132 2502 3230 2555 καὶ
3263 2501 3363 2570 τὴν
3391 2501 3552 2567 δόξαν
3584 2500 3804 2569 ταύτην

2228 2600 2408 2670 ἔσχον,
2432 2597 2825 2667 λαμϐάνοντες·
2849 2596 3008 2649 τοῦτο
3034 2596 3141 2665 γὰρ
3166 2595 3424 2664 οὐδεμίαν
3455 2592 3520 2646 ἂν
3551 2594 3683 2663 παρ’
3705 2596 3805 2646 εύ-

2230 2694 2475 2763 γνώμοσι
2505 2690 2781 2752 δικασταῖς
2816 2690 3025 2758 μέμψιν
3051 2690 3281 2759 δέχοιτο·
3315 2688 3433 2741 ἀλλ’
3478 2689 3526 2740 εί
3551 2688 3805 2755 φιλονει-

2229 2788 2352 2848 κίας
2383 2783 2572 2836 εἵνεκα
2595 2782 2694 2849 τῆς
2715 2782 2853 2851 πρὸς
2882 2782 3051 2851 ἡμᾶς,
3073 2782 3233 2847 δόξαν
3264 2780 3559 2852 κρατύνειν
3583 2778 3805 2831 ἐθέλον-

2229 2896 2318 2942 τες
2347 2878 2507 2945 ξένην
2562 2875 2734 2943 πάντη
2779 2874 2875 2926 καὶ
2917 2873 3049 2943 παρ’
3096 2873 3275 2926 αὐτῶν
3307 2872 3537 2942 πρώτων
3566 2871 3661 2923 καὶ
3697 2869 3800 2936 μό-

2231 2987 2338 3024 νων
2361 2964 2753 3033 ἐξευρημένην,
2775 2964 2854 3026 είς
2877 2961 3099 3025 τούτους
3123 2960 3189 3029 δὴ
3209 2960 3333 3023 τοὺς
3361 2959 3654 3027 λογισμοὺς
3684 2955 3797 3007 ὑπὸ

553 3072 649 3110 sus
690 3057 1181 3127 reprehensionem
1211 3060 1488 3128 incurret;
1532 3064 1626 3117 sed
1666 3064 1710 3118 si
1744 3065 2116 3121 contentionis

2225 3060 2418 3131 σοφίας
2445 3054 2787 3126 ἀνθρωπίνης
2811 3052 3190 3124 προήχθησαν,
3228 3054 3288 3106 τὸ
3314 3051 3509 3121 ψεῦδος
3540 3048 3640 3118 τῆς
3666 3048 3800 3143 δια-

551 3151 726 3218 gratia
762 3160 953 3205 contra
989 3167 1090 3207 nos
1141 3167 1296 3206 suam
1352 3154 1683 3207 sententiam
1733 3154 2117 3208 conﬁrmaturi

552 3244 904 3310 peregrinam
964 3260 1191 3314 prorsus
1237 3256 1404 3318 atque
1461 3246 1529 3300 ab
1590 3247 1725 3316 ipsis
1757 3259 1811 3301 et
1841 3248 2034 3316 primis
2065 3258 2120 3303 et

550 3339 635 3391 Sol
661 3352 685 3389 s
711 3338 1064 3392 adinventam
1101 3337 1155 3391 in
1181 3338 1279 3392 bas
1306 3340 1757 3395 ratiocinationes
1787 3341 1855 3394 ab
1880 3341 2119 3395 humana

552 3428 827 3497 sapientia
880 3431 1093 3499 abrepti
1149 3430 1381 3487 fuissent
1434 3440 1492 3485 et
1548 3433 1894 3487 mendacium
1936 3433 2119 3487 cordis
2194 3482 2205 3493 ,

551 3530 715 3589 atque
745 3523 992 3576 fraudem
1026 3525 1293 3590 speciosis
1341 3525 1650 3580 rationibus
1685 3525 1949 3581 obvelure
1979 3525 2120 3580 nite-

554 3620 769 3677 rentur,
798 3615 903 3668 boc
949 3630 1084 3668 sane
1116 3615 1479 3670 vehementer
1511 3617 1566 3669 in
1617 3617 1699 3671 eis
1748 3614 2116 3671 accusandum

555 3704 719 3770 l‘oret,
756 3721 938 3774 neque
982 3707 1115 3776 ipsis
1172 3708 1299 3761 talia
1332 3708 1725 3763 innovantibus
1783 3708 1942 3762 venia
2008 3710 2120 3762 ullo

550 3791 718 3845 modo
747 3794 1120 3849 concedenda.
1152 3798 1221 3850 At
1256 3797 1491 3850 multum
1539 3797 1712 3864 deest,
1760 3809 1821 3853 ut
1865 3799 1988 3867 quis
2021 3798 2121 3851 [.a-

549 3886 681 3941 tinis
709 3901 835 3941 Vere
873 3886 977 3941 tale
1007 3889 1216 3943 crimen
1248 3890 1492 3957 objiccre
1523 3898 1713 3959 queat.
1746 3889 1939 3959 Neque
1972 3891 2118 3944 cnim

547 3980 642 4031 uni
683 3979 923 4045 doctori,
958 3996 1135 4051 neque
1167 3983 1438 4051 cujusque
1490 3983 1655 4037 dictis
1709 3983 1903 4053 paucis
1952 3993 2119 4051 atque

544 4072 824 4140 obscuris,
864 4090 1053 4129 verum
1100 4073 1361 4128 omnibus
1411 4074 1574 4129 simul
1622 4074 1738 4128 suis
1795 4074 2120 4127 doctoribus

546 4178 605 4223 et
642 4180 960 4224 nostrorum
1018 4170 1324 4233 nonnullis,
1363 4168 1539 4239 iisque
1574 4168 1829 4238 pluribus
1874 4168 1926 4220 in
1980 4166 2120 4220 locis

541 4272 598 4315 et
632 4263 783 4317 velut
811 4278 877 4317 ex
917 4260 1172 4331 professo
1196 4264 1263 4317 de
1293 4262 1395 4315 hac
1429 4278 1485 4315 re
1516 4260 1925 4315 disserentibus
1955 4259 2115 4313 ﬁdem

544 4352 831 4420 habentes,
859 4354 939 4407 sic
960 4355 1025 4409 ad
1049 4355 1473 4418 defendendam,
1499 4355 1682 4424 quoad
1708 4354 1831 4421 ejus
1856 4352 1971 4405 ﬁeri
1994 4366 2118 4420 pos-

2221 3152 2366 3215 νοίας
2402 3150 2494 3203 καὶ
2524 3148 2622 3218 τὴν
2656 3145 2872 3213 ἀπάτην
2914 3145 3096 3211 λόγοις
3158 3143 3457 3212 εὐπρεπέσι
3507 3138 3792 3208 συγκαλύ-

2221 3257 2380 3296 πτειν
2410 3239 2769 3310 πειρώμενοι,
2790 3235 2933 3290 τοῦτ⁹
2957 3235 3022 3289 ἂν
3052 3234 3391 3287 ἕδειτούτων
3422 3233 3624 3301 σφόδρα
3651 3247 3794 3284 κατ-

2222 3332 2444 3403 ηγορεῖν
2471 3328 2605 3399 μηδὲ
2626 3323 2910 3397 βούλεσθαι
2937 3324 3241 3393 συγχωρεῖν
3270 3323 3451 3383 αὐτοῖς
3473 3322 3542 3374 τά
3558 3320 3795 3375 τοιαῦτα

2221 3419 2625 3490 καινοτομοῦσιο
2658 3417 2856 3471 πολλοῦ
2904 3416 2961 3469 δὲ
3004 3416 3084 3467 δεῖ
3133 3431 3217 3474 τις
3273 3413 3490 3482 ἀληθῶς
3539 3411 3796 3471 Λατίνοις

2221 3514 2478 3581 τοιαύτην
2517 3510 2727 3580 μέμψιν
2774 3510 3025 3576 ἐπάγειν.
3057 3506 3192 3560 Gil-6's
3223 3505 3331 3575 γὰρ
3372 3507 3452 3557 ἐνὶ
3482 3503 3798 3571 διδασκάλῳ

2220 3604 2329 3658 οὐδ’
2372 3604 2602 3656 ἑκάστου
2656 3603 2876 3669 ῥήσεσιν
2921 3599 3131 3666 ὀλίγαις
3171 3591 3263 3650 καὶ
3308 3596 3602 3665 ἀσαφέσιν,
3652 3594 3795 3647 ἀλλὰ

2221 3698 2389 3750 πᾶσιν
2424 3693 2558 3762 ὁμοῦ
2585 3694 2697 3755 τοῖς
2737 3692 2884 3754 ίδίοις
2933 3692 3027 3743 καὶ
3060 3690 3171 3743 τῶν
3198 3690 3488 3758 ἡμετέρων
3517 3689 3629 3739 τισὶ
3662 3687 3795 3739 πολ-

2200 3788 2384 3859 λαχοῦ
2415 3789 2509 3839 καὶ
2536 3785 2724 3855 ῶσπερ
2745 3783 2998 3853 ἐπίτηδες
3033 3782 3163 3851 περὶ
3192 3780 3387 3834 τούτου
3417 3778 3678 3844 διεξιοῦσι
3705 3795 3796 3829 πι-

2222 3880 2547 3940 στεύσαντες
2581 3878 2752 3940 οὕτως
2796 3878 2888 3929 ἐπὶ
2921 3875 3021 3945 τὴν
3053 3874 3287 3943 δυνατὴν
3320 3874 3412 3924 το]
3450 3874 3563 3935 τοῖς
3609 3871 3792 3938 ἁγίοις

2219 3973 2503 4035 δοκοῦντος
2531 3967 2694 4042 ἦλθον
2726 3969 3052 4039 συνηγορίαν
3082 3969 3175 4020 καὶ
3209 3965 3412 4036 ταύτην
3441 3967 3540 4017 οὒκ
3573 3964 3793 4017 ἀποδει-

2221 4066 2409 4119 κνύναι
2442 4065 2501 4117 τὸ
2542 4064 2762 4132 ζήτημα
2788 4102 2801 4125 ,
2835 4061 2970 4114 ἀλλὰ
3004 4061 3105 4131 τὴν
3136 4059 3371 4125 ἀπορίαν
3409 4059 3559 4125 σφίσι
3594 4074 3653 4108 τε
3693 4057 3791 4108 αύ-

2221 4158 2335 4215 τοῖς
2368 4157 2461 4207 καὶ
2494 4157 2604 4216 τοῖς
2641 4151 3151 4219 σκανδαλιζομένοις
3186 4151 3295 4201 τῶν
3329 4149 3574 4215 ἀδελφῶν
3613 4164 3793 4217 παρα-

2224 4246 2508 4317 μυθεῖσθαι
2537 4247 2630 4298 καὶ
2659 4244 2807 4296 λύειν
2840 4243 3104 4311 ἀμηγέπη
3142 4242 3500 4310 πειρώμενοι,
3532 4238 3793 4306 καθάπερ

2222 4340 2313 4391 ἐπὶ
2347 4338 2454 4390 τῶν
2484 4336 2661 4392 ἄλλων
2691 4326 3023 4404 ζητημάτων
3050 4333 3149 4401 τῆς
3181 4333 3415 4394 πίστεως
3436 4370 3449 4393 ,
3484 4330 3687 4382 εἴποιεν
3723 4329 3793 4380 ἂν

548 4454 649 4510 set,
692 4455 1008 4500 sanctorum
1065 4449 1386 4517 opinionem
1429 4458 1840 4518 pervenerunt,
1897 4455 1953 4500 et
2005 4460 2112 4498 non

2225 4433 2313 4485 καὶ
2343 4430 2484 4482 πάνυ
2515 4427 2857 4491 σπουδάζειν,
2887 4426 3045 4486 εἴτις
3072 4424 3254 4477 αὐτῶν
3280 4423 3553 4491 ἐγκαίρως
3583 4419 3793 4472 πυνθά-

550 4538 938 4590 demonstrare
979 4532 1318 4607 argumentis
1342 4556 1461 4593 eam
1501 4539 1835 4608 quaerebant.
1875 4535 1971 4590 sed
2004 4528 2114 4589 dif;

555 4624 853 4681 ﬁcultatem
894 4638 1007 4680 tum
1038 4629 1398 4697 sibimetipsis
1430 4639 1541 4683 lttm
1586 4629 1694 4683 illis
1726 4645 1791 4681 ex
1824 4627 2110 4687 fratribus,

551 4719 647 4783 qui
696 4719 1011 4772 scandalum
1058 4721 1432 4789 patiebantur,
1482 4720 1732 4774 emollire
1782 4735 1845 4772 ac
1896 4718 2112 4772 solvere

546 4808 957 4875 quodammodo
988 4811 1408 4876 annitebantur,
1462 4811 1606 4865 sicut
1644 4820 1699 4865 et
1730 4811 1783 4864 in
1830 4809 1952 4864 aliis
1985 4806 2109 4860 ildei

547 4901 947 4966 qnmstionibus
981 4903 1032 4958 id
1067 4919 1419 4972 summopere
1444 4902 1548 4958 sibi
1577 4918 1721 4956 cura:
1743 4916 1865 4954 esse
1889 4914 2117 4966 respon—

549 4997 763 5057 tierent,
810 4995 854 5049 si
897 4997 1023 5065 quis
1051 5013 1114 5050 ex
1150 4996 1232 5052 eis
1271 5005 1581 5064 opportune
1612 5002 1902 5063 quaereret.
1937 4991 2113 5057 Atque

549 5091 663 5143 h.rc
694 5089 912 5156 quidem
950 5090 1191 5145 dixerint
1220 5091 1313 5158 qui
1343 5088 1566 5143 Latinos
1591 5086 1881 5141 defendere
1920 5083 2113 5134 volunt

548 5198 647 5248 pro
677 5181 1019 5243 monarehia,
1069 5182 1178 5235 imo
1212 5195 1310 5249 pro
1359 5196 1419 5235 se
1470 5178 1626 5248 ipsis,
1664 5188 1721 5232 et
1756 5178 2114 5231 vehementer

2216 4538 2379 4576 νοιτο.
2423 4519 2533 4572 Καὶ
2575 4518 2749 4570 ταῦτα
2799 4516 2897 4586 μὲν
2943 4517 3145 4569 εἴποιεν
3183 4516 3249 4567 ἂν
3291 4514 3340 4566 οἱ
3378 4516 3490 4574 τοῖς
3538 4512 3793 4572 Λατίνοις

2216 4613 2540 4681 συνηγορεῖν
2575 4610 2852 4669 ἐθέλοντες
2886 4607 3027 4675 ὑπὲρ
3062 4607 3159 4677 τῆς
3199 4605 3503 4674 μοναρχίας
3524 4645 3538 4668 ,
3580 4601 3790 4670 μᾶλλον

2213 4708 2270 4760 δὲ
2312 4707 2453 4777 ὑπὲρ
2495 4704 2703 4758 ἑαυτῶν
2747 4703 2839 4755 καὶ
2881 4702 3087 4769 σφόδρα
3128 4701 3411 4767 δεήσονται
3454 4698 3548 4750 τοῦ
3593 4697 3793 4765 ἀνδρὸς

2218 4799 2293 4868 μὴ
2318 4799 2546 4851 δεδιέναι
2572 4796 2703 4865 περὶ
2729 4794 2932 4857 αὐτῶν,
2963 4797 3173 4862 μήποτε
3201 4793 3435 4862 πάροδον
3461 4795 3527 4860 τῇ
3556 4790 3795 4859 δυαρχίᾳ

2222 4892 2410 4955 δῶσιν,
2454 4889 2530 4951 ὡς
2568 4887 2728 4948 αὐτὸς
2766 4886 2934 4953 λέγει,
2973 4885 3041 4938 δι’
3070 4880 3143 4937 ῶν
3182 4884 3526 4936 ὑποτίθενται
3566 4882 3661 4936 καὶ
3699 4898 3795 4933 πι-

2223 4981 2503 5035 στεύουσιν
2528 4993 2545 5009 ⁶
2578 4979 2676 5049 τὴν
2705 4980 2763 5033 δὲ
2791 4980 2885 5032 τοῦ
2917 4979 3348 5048 ἐπιχειρήματος
3379 4976 3623 5045 ἀνάγκην
3655 4975 3794 5027 πολ-

2220 5075 2313 5127 λοῦ
2359 5074 2569 5126 δέουσιν
2615 5073 2769 5125 αὐτοὶ
2819 5071 3070 5137 δεδιέναι,
3123 5071 3335 5138 μήποτε
3386 5068 3586 5137 ίσχυρά
3629 5083 3709 5127 τις
3756 5066 3793 5137 ἢ

2219 5168 2411 5226 ἄλυτος
2502 5180 2515 5195 ⁸
2548 5162 2689 5215 οὕτω
2723 5162 2920 5231 ῥᾳδίως
2953 5162 3135 5231 ἔχουσι
3164 5161 3337 5215 λύειν.

542 5293 574 5331 ε
602 5277 721 5330 viro
749 5274 856 5328 hoc
890 5281 1140 5343 poscent,
1169 5282 1228 5327 ut
1266 5274 1517 5327 timorem
1552 5285 1651 5341 pro
1692 5269 1827 5338 ipsis
1899 5265 2141 5334 abjiciat,
2181 5274 2250 5313 ne
2326 5257 2467 5311 furlc
2524 5255 2797 5325 dyarchiaa
2852 5256 3145 5309 transitum
3198 5253 3559 5323 permittant,
3598 5266 3798 5319 quem-

542 5369 835 5423 admodum
869 5367 985 5439 ipse
1018 5367 1116 5431 ait,
1146 5382 1244 5435 per
1273 5380 1336 5419 ea
1365 5381 1486 5435 qua:
1540 5370 1795 5420 statuunt
1864 5369 2031 5427 atque
2092 5352 2347 5409 credunt.
2388 5347 2821 5416 ltipicherematis
2884 5362 3015 5400 vero
3062 5348 3172 5401 vim
3231 5356 3447 5401 tantum
3503 5346 3680 5411 abest,
3727 5355 3797 5401 ut

544 5463 645 5531 ipsi
684 5463 1073 5524 extimescant,
1109 5467 1171 5513 ut
1222 5459 1435 5512 ﬁrmam
1476 5458 1562 5512 vel
1599 5452 1977 5513 insolubilem,
2031 5457 2093 5500 ut
2151 5445 2258 5499 hoc
2300 5450 2457 5510 pacto
2487 5439 2646 5493 facile
2685 5454 2804 5492 eam
2843 5439 3057 5494 solvere
3092 5440 3325 5510 possint.

612 5555 807 5609 Dicent
835 5554 1022 5623 itaque
1070 5552 1122 5605 in
1170 5551 1385 5619 primis,
1430 5552 1602 5605 multa
1631 5562 1779 5611 esse.
1827 5563 1948 5616 quae
1987 5546 2107 5614 ejus

543 5650 898 5718 principalem
925 5647 1357 5719 propositionem
1383 5646 1662 5700 damnent.
1686 5643 1941 5713 Lnglcam
1965 5642 2109 5694 enim

537 5744 650 5793 vim
674 5742 1170 5808 necessitatemque
1198 5740 1365 5793 sumit
1392 5755 1457 5792 ex
1482 5737 1743 5807 loquendi
1769 5738 1951 5798 modo,
1978 5736 2104 5789 dum

541 5849 662 5897 nuc
693 5833 890 5889 divina
934 5843 1145 5888 natura:
1189 5834 1375 5885 insunt
1413 5832 1620 5896 duplici
1676 5831 1837 5887 modo
1881 5831 1986 5886 dici
2019 5846 2105 5883 αις

2299 5533 2515 5602 Ἐροῦσι
2549 5532 2725 5584 τοίνυν
2754 5532 2969 5600 πρῶτον
3004 5532 3105 5601 μὲν
3142 5534 3316 5587 πολλά
3350 5532 3799 5601 καταγινώσκειν

2219 5624 2385 5680 αὑτοῦ
2418 5626 2511 5692 τῆς
2547 5624 2885 5690 προτάσεως.
2928 5625 3211 5694 Λαμὸάνει
3244 5642 3302 5680 τε
3347 5628 3457 5696 γάρ
3488 5627 3586 5697 τὴν
3619 5627 3799 5692 ἀνάγ-

2216 5736 2321 5787 κην
2356 5718 2463 5770 ἀπὸ
2492 5717 2585 5769 τοῦ
2620 5718 2776 5785 λόγου
2825 5719 2917 5771 τοῦ
2963 5720 3239 5782 λεκτικοῦ,
3297 5722 3364 5773 τά
3414 5723 3686 5791 προσόντα
3722 5726 3793 5791 τῇ

2218 5812 2333 5881 θεία
2364 5809 2521 5878 φύσει
2571 5810 2743 5879 λέγων
2794 5810 2953 5881 διττῷ
2988 5812 3172 5883 τρόπῳ
3206 5813 3486 5876 λέγεσθαι·
3520 5813 3707 5867 τοῦτον
3731 5815 3789 5866 δὲ
