4132 6418
387 348 460 414 ιε)
1427 354 1870 415 REFUTATIO
1911 355 2016 414 MA
2034 355 2162 416 BC!
2205 356 2594 420 El‘llESlNl.
3593 354 3664 416 F20

388 469 562 538 δήπου
587 466 674 520 τὸν
701 465 952 519 λεκτικὸν
996 466 1156 532 λόγον
1211 466 1264 518 εῐ
1313 483 1394 527 τις
1440 468 1498 518 ἐν
1534 469 1645 529 τοῖς
1694 466 1823 536 περὶ
1876 466 1976 530 τῆς

2101 469 2236 522 .erit.
2272 469 2448 535 Quem
2482 467 2736 536 loquendi
2771 469 2990 524 modum
3020 468 3064 522 si
3093 466 3218 538 quis
3246 465 3298 520 in
3327 465 3416 528 iis,
3443 481 3564 534 qua:
3595 468 3660 520 ad

393 558 630 622 πίστεως
659 557 906 627 βούλοιτο
933 557 1242 622 διασώζειν,
1273 557 1443 610 πολλὰ
1477 560 1576 626 μὲν
1609 561 1784 612 ἄτοπα
1843 572 1977 623 συγ·

394 655 656 725 χωρήσει⁵
683 653 869 706 ἀνελεῖ
897 653 953 704 δὲ
978 653 1079 705 οῦκ
1113 653 1273 719 ὀλίγα
1316 652 1425 703 τῶν
1477 652 1932 720 ὁμολογουμένων
1962 667 1975 681 ·

392 745 591 798 αὐτίκα
616 744 724 814 γὰρ
744 744 805 796 τὸ
829 741 1054 812 Πνεῦμα
1087 741 1218 794 Υίοῦ
1249 741 1502 808 λέγεσθαι
1536 746 1764 811 σημεῖον
1793 758 1982 794 ποιου-

395 838 576 909 μένων
599 837 756 906 ἡμῶν
781 835 875 889 τοῦ
906 835 1003 888 καὶ
1041 837 1106 887 ἐκ
1146 826 1242 886 τοῦ
1288 833 1418 886 Υῑοῦ
1463 829 1606 888 εἶναι
1650 833 1710 886 τὸ
1750 832 1980 902 Πνεῦμα

389 930 459 982 τὸ
486 929 665 995 ἅγιον,
695 929 858 998 ὑμεῖς
893 927 1234 994 ἀντιλέγετε,
1274 925 1550 995 μηδεμίαν
1601 926 1881 994 ἀναφορὰν
1923 927 1981 977 ὲν

390 1025 474 1091 τῷ
507 1023 649 1090 λόγῳ
679 1023 856 1090 τούτῳ
885 1020 995 1072 δεῖν
1032 1022 1174 1072 νοεῖν
1205 1012 1264 1085 ἐξ
1307 1018 1555 1087 ἀνάγκης
1609 1018 1984 1084 ἀποφαινόμε-

394 1133 502 1180 νοι,
543 1116 595 1167 εἰ
633 1115 706 1184 μὴ
739 1113 837 1180 τὴν
865 1113 968 1178 τῆς
1001 1112 1219 1178 φύσεως
1269 1111 1575 1180 ταυτότητα
1633 1108 1822 1178 μόνηνο
1855 1109 1983 1162 ὅθεν

395 1207 497 1259 καὶ
520 1207 582 1258 τὸ
610 1204 830 1274 Πνεῦμα
855 1201 1066 1270 [ἰατρὸς
1095 1201 1190 1254 καὶ
1211 1200 1432 1268 Πνεῦμα
1454 1203 1518 1254 ὲκ
1537 1199 1744 1268 Πατρδ;
1773 1200 1833 1251 οὗ
1855 1215 1986 1251 ταυ-

393 1300 492 1352 τδν
518 1297 734 1363 ἀξιοῦτε
759 1295 1072 1365 σημαίνεινο
1094 1291 1213 1348 ἀλλ’
1236 1295 1416 1346 ἐκεῖνο
1437 1294 1534 1362 μὲν
1559 1295 1656 1360 τὴν
1683 1294 1781 1360 τῆς
1804 1291 1984 1354 αἰτίας

401 1393 612 1463 σχέσιν,
643 1390 802 1443 τοῦτο
855 1391 912 1442 δὲ
967 1389 1065 1458 τὴν
1119 1387 1222 1456 τῆς
1274 1387 1524 1453 φύσεωςο
1555 1385 1675 1438 οῦδὲ
1709 1383 1988 1456 (ητοίνυν

400 1490 452 1540 εἰ
487 1489 587 1555 μὲν
611 1487 638 1538 ὁ
681 1484 871 1553 Πατὴρ
903 1485 965 1534 ἐκ
996 1476 1093 1534 τοῦ
1123 1479 1446 1550 Πνεύματυς
1475 1479 1542 1531 ού
1573 1479 1813 1545 λέγεται,
1851 1475 1986 1530 θαυ-

403 1583 608 1652 μάζειν
635 1579 697 1632 οῦ
730 1579 830 1632 δεϊο
859 1577 928 1628 τὰ
959 1576 1070 1642 γὰρ
1093 1574 1192 1642 τῆς
1218 1571 1549 1642 ύπερουσίου
1581 1570 1862 1634 θεογονίας
1886 1569 1988 1620 οὐκ

400 1672 756 1742 ἀντιστρέφει
791 1670 930 1738 πρὸς
977 1667 1208 1737 ἄλληλα·
1244 1667 1292 1719 εί
1327 1665 1387 1718 δὲ
1425 1665 1499 1735 μὴ
1543 1660 1763 1730 λέγεται
1796 1661 1988 1729 Πατὴρ

405 1763 753 1833 Πνεύματος,
803 1763 955 1823 εστις
1004 1760 1069 1828 δὴ
1097 1759 1300 1828 τρόπος
1344 1757 1440 1811 τοῦ
1483 1755 1644 1825 λόγου
1695 1756 1793 1825 τὴν
1827 1770 1985 1821 φυτι-

402 1859 511 1926 κὴν
546 1827 804 1926 σημαίνει
832 1855 1157 1923 ταυτότητα,
1187 1849 1505 1920 θαυμαστὸν
1531 1848 1598 1902 ἂν
1639 1846 1748 1916 ιίηο
1779 1847 1840 1898 ού
1872 1845 1982 1914 γὰρ
2015 1827 2064 1887 Β

403 1951 586 2020 nam“
622 1949 721 2020 μὲν
769 1948 996 2016 Πνεῦμα
1037 1944 1238 1998 ταυτὸν
1268 1945 1334 2014 τῇ
1373 1941 1558 2010 φύσει,
1610 1943 1639 1994 ὁ
1691 1941 1748 1993 δὲ.
1790 1938 1983 2007 Πατὴρ

401 2043 579 2103 ἄλλως
601 2040 714 2110 ἔχει
751 2041 890 2110 πρὸς
921 2039 983 2090 τὸ
1032 2037 1275 2106 Πνεῦμα.
1305 2033 1512 2088 Οὐκοῦν
1544 2034 1670 2087 ὅσον
1705 2031 1768 2084 εκ
1795 2047 1858 2098 γε
1887 2030 1985 2098 τῆς

401 2135 670 2205 ἀληθείας
695 2132 790 2186 τοῦ
821 2131 1153 2202 πράγματος
1187 2129 1282 2181 καὶ
1309 2129 1400 2180 τὸν
1430 2126 1651 2198 Πατέρα
1683 2127 1780 2179 τοῦ
1809 2124 1986 2178 Πνεύ-

407 2246 579 2300 ματος
612 2229 780 2297 ὲχρῆν
805 2223 1084 2291 λέγεσθαι·
1125 2222 1241 2276 ἀλλ’
1289 2222 1348 2275 ού
1379 2222 1624 2286 λέγεται,
1665 2219 1755 2272 ἴνα
1790 2220 1862 2290 μή
1903 2235 1988 2279 τις
2043 2222 2049 2238 ¹

407 2321 672 2376 ύπολὰδοι
698 2320 759 2372 τὸ
793 2319 1022 2388 Πνεῦμα
1054 2317 1367 2383 γεννᾶσθαιο
1409 2314 1523 2368 ἀλλ’
1564 2317 1612 2368 εί
1651 2315 1743 2367 καὶ
1781 2313 1856 2382 μὴ
1892 2311 1987 2365 δύ-

410 2431 571 2467 ναται
597 2413 752 2466 τοῦτο
782 2412 1039 2480 λέγεσθαι
1073 2410 1279 2480 ταύτης
1306 2409 1466 2462 ἕνεκα
1497 2409 1595 2477 τῆς
1627 2407 1830 2470 αἰτέας,
1865 2406 1988 2458 ὅσον

412 2509 478 2561 εκ
512 2524 576 2576 γε
606 2507 698 2560 τοῦ
727 2507 1056 2576 πράγματος
1090 2502 1284 2570 ἀληθές
1319 2503 1435 2554 ἐστι
1475 2505 1564 2553 τὴν
1595 2499 1816 2568 Πατέρα
1849 2493 1988 2548 εἶναι

413 2600 593 2667 λέγειν
637 2597 730 2651 τοῦ
768 2595 1124 2667 Πνεύματος,
1163 2594 1217 2647 εῐ
1245 2611 1306 2662 γε
1361 2596 1394 2662 ὴ
1453 2592 1677 2664 τοιαύτη
1733 2591 1993 2652 ἀπέδοσις

411 2693 597 2760 σχέσιν
628 2689 797 2760 μόνην
833 2689 1072 2757 φύσεως,
1099 2686 1360 2755 οὐδεμίαν
1389 2686 1444 2739 δὲ
1479 2684 1762 2755 ἀναφορὰν
1807 2684 1991 2745 αίτίας

413 2781 707 2851 σημαίνειν
733 2780 983 2841 δύναται,
1031 2776 1212 2839 καθὼς
1245 2777 1405 2846 ὑμεῖς
1440 2775 1678 2840 ἀξιοῦτεο
1727 2776 1823 2828 καὶ
1857 2774 1990 2827 πολ-

409 2873 580 2944 λαχοῦ
629 2873 925 2942 διαμάρτοι
971 2889 1057 2934 τις
1090 2871 1157 2924 ἂν
1188 2871 1284 2937 τῆς
1338 2868 1598 2936 ἀληθείας
1634 2870 1864 2938 τάχιστα
1895 2869 1991 2920 καὶ

409 2966 507 3020 τοῦ
541 2965 868 3035 πρέποντος,
918 2962 985 3015 ἂν
1017 2963 1197 3017 πάντα
1225 2962 1304 3032 τῷ
1351 2960 1590 3029 λεκτικῷ
1644 2961 1786 3029 λόγῳ
1817 2960 1993 3023 διδοὺς

411 3058 507 3112 ὲπί
537 3074 595 3110 τε
634 3057 743 3109 τῶν
774 3053 936 3107 θείων
964 3053 1055 3105 ὲπξ
1087 3069 1148 3104 τε
1179 3051 1286 3104 τῶν
1335 3051 1700 3120 ἀνθρωπίνων
1735 3051 1833 3119 τῆς
1859 3049 1994 3114 ἁλη-

414 3149 567 3210 θείας
600 3147 778 3218 θήραν
801 3147 1028 3200 ποιοῖτο.
1061 3144 1299 3198 Ἔπειτα
1327 3143 1421 3197 καὶ
1449 3143 1570 3196 λίαν
1593 3142 1990 3211 ἀποτεχόμεθα,

413 3243 497 3296 ὅτι
528 3242 832 3312 συγχωρεῖς
879 3237 1000 3290 δυσί
1035 3254 1146 3290 τισι
1199 3235 1520 3306 προσώποις
1570 3233 1755 3303 μόνοις
1788 3233 1844 3285 ἐν
1889 3251 1997 3286 τινι

411 3333 523 3386 τῶν
551 3333 808 3386 ἁπάντων
865 3323 1003 3381 εἶναι
1063 3327 1353 3380 κοινωνίαν
1400 3325 1525 3378 τινὰ
1575 3320 1689 3376 οἷον
1731 3323 1846 3392 Υἱῷ
1904 3323 2000 3375 καὶ

414 3425 700 3496 Πνεύματι
731 3423 792 3477 τὸ
828 3421 1074 3475 αίτιατὸν
1107 3420 1287 3473 κοινὸν
1331 3414 1476 3472 εἶναι
1509 3418 1688 3483 λέγεις
1713 3433 1728 3446 ·
1787 3417 1845 3469 ού
1889 3419 1998 3484 γὰρ

413 3516 636 3581 ἐξέσται
667 3532 752 3568 σοι
787 3513 1072 3586 ἀρνεῖσθαι
1124 3511 1356 3564 καθόλου
1410 3513 1505 3562 καὶ
1557 3511 1733 3578 ﬂat-rp!
1763 3511 1858 3562 καὶ
1888 3508 2001 3579 Υῐῷ

417 3607 608 3678 μόνοις
664 3607 722 3659 ὲν
780 3605 928 3676 ἄλλῳ
977 3605 1270 3674 πράγματι
1317 3603 1605 3656 κοινωνίαν
1659 3597 1800 3655 εἶναι
1858 3602 2000 3656 τινα.

429 3698 744 3770 Ἐρωτῶντι
777 3699 832 3752 δέ
863 3715 967 3764 σοι,
993 3697 1102 3750 τίνι
1134 3699 1291 3767 μέρει
1319 3696 1419 3764 τῆς
1443 3696 1540 3766 σῆς
1563 3695 1883 3765 διαιρέσεως
1905 3696 2002 3762 τὴν

420 3788 702 3858 ἡμετέραν
755 3787 916 3853 δόξαν
964 3787 1227 3856 φέροντες
1281 3784 1583 3855 τιθέαμεν,
1639 3785 1884 3856 δηλονότι
1913 3787 2004 3834 τὸν

423 3879 644 3948 Πατέρα.
679 3879 772 3931 καὶ
804 3879 896 3930 τδν
928 3877 1055 3930 Υἱδν
1089 3877 1262 3948 ἀρχὴν
1311 3873 1454 3928 εἶναι
1487 3877 1583 3928 τοῦ
1620 3874 1940 3943 Πνεύματος
1970 3872 2002 3942 ἦ

419 3974 605 4027 αἰτίαν
635 3971 668 4041 ἢ
701 3972 875 4025 αἴτιον
904 3971 936 4039 ἢ
974 3972 1124 4032 ὅπως
1155 3971 1222 4023 ἂν
1266 3970 1474 4032 ἐθέλοις
1512 3969 1720 4030 καλεῖν,
1765 3968 2004 4036 ἀποκρι-

418 4065 654 4136 νόμεθα,
698 4066 784 4118 ὅτι
835 4065 912 4134 τῷ
943 4065 1184 4132 δευτέρῳ
1244 4063 1409 4132 μέρει
1461 4064 1830 4130 συντάττομεν
1879 4061 2006 4113 ὅσον

421 4159 568 4212 κατὰ
598 4160 660 4212 τὸ
695 4159 930 4229 πρᾶγμα
960 4159 1054 4209 καὶ
1082 4158 1247 4209 πάνυ.
1284 4156 1443 4209 Ἐστι
1487 4155 1598 4225 γὰρ
1645 4152 1836 4224 ὥσπερ
1883 4152 2003 4204 δυσὶ

421 4255 743 4325 προσώποις
767 4253 948 4304 κοινὸν
979 4251 1040 4303 τὸ
1070 4253 1134 4302 ὲκ
1163 4250 1265 4320 τῆς
1296 4250 1478 4312 αἰτίας
1513 4243 1678 4312 εἶναι,
1721 4246 1863 4300 οὕτω
1909 4245 2004 4299 καὶ

418 4346 544 4399 δυσὶ
565 4341 888 4411 προσώποις
916 4341 976 4394 τὸ
997 4341 1096 4410 τῆς
1117 4341 1288 4410 ἀρχῆς
1313 4341 1547 4408 πρᾶγμα
1572 4340 1666 4391 καὶ
1692 4338 1887 4406 ὄνομα·
1912 4337 2004 4390 καὶ

420 4437 680 4507 καθάπερ
717 4437 750 4506 ἡ
801 4433 1060 4488 κοινωνία
1091 4433 1186 4486 τοῦ
1229 4432 1474 4486 αἰτιατοῦ
1508 4432 1633 4485 οὕτε
1689 4431 2002 4502 συναλείφει

2086 563 2248 616 [idem
2282 563 2588 632 pertinent,
2617 578 2837 615 servare
2869 562 3022 623 velit,
3059 560 3229 613 multa
3259 557 3501 612 absurda
3533 573 3664 610 con-

2083 656 2276 717 cedet;
2333 654 2485 708 tollet
2512 669 2640 708 vero
2683 653 2828 706 haud
2876 667 3051 720 pauca
3087 667 3154 704 ex
3187 650 3254 704 iis
3289 663 3411 718 quae
3446 648 3499 701 in
3532 663 3664 700 con-

2083 747 2228 801 fesso
2261 755 2412 800 sunt.
2448 745 2644 800 Statim
2678 747 2824 800 enim
2853 745 2895 799 si
2931 759 3031 799 nos
3057 759 3124 798 ex
3145 759 3213 796 co
3243 740 3389 810 quod
3422 739 3666 810 Spiritus

2083 840 2208 895 Filii
2244 839 2453 894 dicitur
2513 838 2782 892 indicium
2835 837 3093 896 facimus,
3134 835 3282 904 quod
3317 842 3372 887 et
3405 850 3470 886 ex
3525 832 3664 886 Filio

2086 931 2159 986 sit
2191 931 2428 1000 Spiritus
2465 939 2713 989 sanctus,
2751 944 2850 982 vos
2889 925 3292 988 contradicitis,
3327 923 3533 977 nullam
3571 938 3663 973 re-

2085 1023 2344 1078 lationem
2381 1023 2434 1076 in
2469 1023 2575 1077 hoc
2598 1021 2748 1076 dicto
2790 1018 3208 1089 intelligendam
3250 1031 3371 1071 esse
3405 1029 3663 1068 necessa-

2085 1115 2170 1168 rio
2214 1123 2619 1177 asseverantes,
2671 1112 2777 1166 nisi
2810 1112 2981 1166 solam
3033 1118 3244 1162 natura:
3290 1106 3660 1160 identilatem.

2086 1206 2242 1262 Unde
2281 1214 2337 1260 et
2366 1205 2631 1274 Spiritum
2665 1203 2844 1258 Patris
2870 1213 2925 1256 ct
2957 1202 3230 1271 Spiritum
3263 1215 3326 1252 ex
3359 1198 3518 1252 Patre
3553 1209 3661 1249 non

2089 1298 2235 1352 idem
2270 1298 2582 1367 significare
2615 1295 2891 1357 censetis;
2925 1310 3116 1348 verum
3153 1293 3389 1346 alterum
3437 1288 3661 1359 quidetu

2087 1406 2265 1446 causa:
2300 1390 2702 1454 habitudinem,
2732 1389 2967 1442 alterum
2993 1401 3124 1440 vero
3158 1382 3538 1437 habitudinem
3571 1396 3668 1433 na-

2091 1493 2249 1540 turas.
2287 1483 2472 1550 Quare
2503 1498 2606 1538 nec
2657 1479 2971 1535 mirandum
3005 1488 3112 1543 est,
3153 1477 3197 1533 si
3232 1479 3394 1531 Pater
3437 1490 3501 1528 ex
3547 1472 3670 1542 Spi-

2090 1577 2201 1630 ritu
2247 1592 2357 1629 non
2391 1576 2612 1639 dicitur,
2652 1590 2777 1629 cum
2804 1589 2926 1643 qua:
2959 1571 3028 1625 ad
3069 1569 3288 1624 divinas
3317 1583 3373 1622 et
3415 1581 3671 1634 superes-

2091 1668 2356 1724 sentiales
2404 1667 2826 1737 progressioues
2859 1667 3160 1734 pertinent.
3201 1677 3313 1715 non
3358 1659 3668 1714 adinvicem

2091 1769 2526 1825 convertantur;
2573 1760 2619 1814 si
2653 1775 2786 1814 vero
2820 1773 2929 1812 non
2961 1756 3166 1812 dicitur
3206 1755 3370 1808 Pater
3404 1751 3671 1822 Spiritus,

2093 1854 2187 1922 qui
2238 1853 2500 1922 loquendi
2547 1853 2746 1908 modus
2780 1851 3084 1906 naturalem
3122 1851 3209 1920 (ex
3247 1847 3430 1915 vobis)
3475 1843 3675 1899 identi-

2095 1953 2264 2000 tatem
2298 1945 2595 2011 significat,
2632 1954 2764 1999 tunc
2816 1943 3129 1998 mirandum
3156 1955 3289 1996 sane
3316 1939 3448 1994 erit.
3481 1937 3674 2004 Neque

2095 2039 2244 2094 enim
2286 2037 2390 2092 diei
2425 2047 2628 2108 potest,
2660 2037 2810 2092 Patri
2846 2036 3069 2108 quidem
3101 2049 3228 2089 eum
3261 2033 3405 2088 idem
3438 2045 3558 2085 esse
3579 2043 3678 2083 na-

2096 2138 2220 2185 tura
2257 2131 2547 2200 Spiritum,
2601 2130 2820 2184 Patrem
2868 2143 3000 2182 vcro
3046 2127 3208 2181 aliter
3257 2139 3315 2180 se
3362 2122 3570 2177 habere
3605 2119 3674 2174 ad

2097 2223 2401 2290 Spiritum;
2429 2238 2560 2292 ergo
2609 2232 2878 2292 quantum
2908 2221 2975 2275 ad
3016 2221 3092 2274 rei
3125 2218 3416 2272 veritatem
3452 2216 3674 2270 Patrem

2097 2331 2322 2388 quoque
2348 2315 2592 2388 Spiritus
2617 2315 2913 2386 oportebat
2942 2313 3072 2368 dici.
3109 2313 3272 2382 Atqui
3309 2324 3419 2364 non
3447 2308 3678 2371 dicitur,

2099 2423 2168 2464 ne
2197 2409 2319 2479 quis
2350 2409 2615 2478 Spiritum
2641 2407 2891 2477 generari
2918 2405 3251 2472 suspicetur.
3286 2401 3676 2455 Verumtamen

2097 2500 2200 2555 etsi
2236 2501 2340 2554 hoc
2392 2499 2502 2553 dici
2557 2498 2748 2568 nequit
2796 2497 3078 2566 prmfatam
3116 2494 3186 2548 ob
3220 2505 3466 2552 causam,
3499 2504 3678 2558 quan-

2100 2601 2217 2646 tum
2250 2589 2317 2644 ad
2358 2604 2471 2642 rem
2499 2588 2671 2658 ipsam
2699 2603 2890 2642 verum
2921 2588 3027 2639 erit
3069 2585 3276 2647 dicere,
3304 2582 3521 2635 Patrem
3556 2592 3681 2632 esse

2104 2684 2368 2755 Spiritus,
2404 2683 2450 2737 si
2487 2669 2715 2751 quidem
2754 2679 2854 2733 ista
2886 2677 3096 2732 locutio
3141 2673 3526 2728 habitudinem
3580 2685 3679 2723 na~

2104 2788 2242 2831 tune
2286 2775 2486 2842 solam,
2533 2773 2743 2827 nullam
2791 2786 2925 2825 vero
2957 2784 3137 2824 causa:
3180 2765 3562 2844 habitudinem
3611 2763 3684 2815 si-

2101 2868 2363 2938 gniﬁcare
2400 2875 2607 2937 potest,
2642 2865 2807 2919 sicuti
2838 2877 2935 2917 vos
2983 2859 3368 2919 arbitramini;
3400 2867 3454 2911 et
3489 2855 3682 2910 multi-

2104 2963 2322 3034 pliciter
2343 2960 2470 3030 qnis
2491 2974 2520 3012 a
2552 2957 2783 3012 veritate
2807 2967 2861 3010 et
2887 2971 2915 3008 a
2949 2953 3339 3008 convenientia
3366 2950 3678 3013 aberraret,

2091 3055 2148 3112 ,εἰ
2197 3065 2394 3109 cuncta
2431 3049 2695 3119 loquendi
2736 3047 2898 3102 modo
2941 3046 3192 3101 tribuens
3222 3055 3335 3097 tum
3382 3043 3436 3096 in
3481 3039 3683 3094 divinis

2106 3155 2221 3199 tum
2249 3145 2303 3198 in
2331 3141 2587 3197 humanis
2605 3141 2893 3196 veritatem
2923 3147 3145 3207 captare
3167 3134 3439 3192 studeret.
3472 3128 3682 3185 Deinde

2103 3237 2346 3294 libenter
2397 3233 2695 3290 admodum
2751 3231 3119 3294 admittimus,
3180 3227 3330 3297 quod
3383 3223 3680 3286 concedis,

2103 3331 2321 3384 duabus
2351 3327 2681 3396 quibusdam
2715 3326 2971 3396 personis
3016 3323 3151 3379 solis
3193 3321 3247 3375 in
3282 3319 3519 3389 quodam
3557 3331 3682 3370 om-

2103 3426 2256 3479 nium
2305 3438 2424 3478 esse
2457 3420 2904 3478 communionem
2933 3416 3230 3487 quamdam
3255 3454 3270 3477 ,
3306 3414 3385 3467 uti
3423 3411 3561 3467 Filio
3611 3425 3676 3466 ac

2105 3517 2331 3586 Spiritui
2383 3529 2680 3568 commune
2763 3527 2886 3566 esse
2932 3509 3073 3564 dicis
3126 3516 3437 3563 causatum.
3494 3503 3686 3573 Neque

2103 3609 2251 3664 enim
2305 3607 2402 3661 tibi
2444 3605 2633 3661 licebit
2685 3618 2884 3672 negare
2935 3602 3266 3667 universim,
3314 3605 3370 3653 et
3427 3595 3572 3651 Patri
3629 3602 3688 3648 et

2105 3702 2247 3756 Filio
2275 3700 2409 3755 solis
2437 3700 2488 3753 in
2519 3700 2624 3754 alia
2651 3714 2708 3751 re
2737 3696 3032 3766 quamdam
3061 3710 3184 3749 esse
3212 3691 3683 3748 communionem.

2105 3792 2188 3847 Ad
2236 3788 2724 3858 interrogationem
2764 3802 2898 3842 vero
2937 3796 3110 3846 tuam,
3157 3784 3382 3838 cuinam
3435 3780 3689 3835 membro

2106 3883 2401 3938 divisionis
2444 3889 2552 3934 tua:
2587 3877 2920 3933 sententiam
2959 3888 3230 3938 nostram,
3278 3890 3399 3928 eam
3430 3869 3688 3925 videlicet

2106 3989 2228 4046 qua:
2277 3977 2495 4032 Patrem
2549 3983 2605 4027 et
2655 3971 2857 4027 Filium
2905 3971 2984 4025 ait
3025 3985 3148 4025 esse
3183 3967 3427 4037 Spiritus
3473 3964 3685 4034 princi-

2106 4071 2260 4141 pium
2296 4069 2410 4124 sive
2458 4082 2680 4122 eansam
2733 4065 2850 4120 sive
2884 4072 3168 4117 auctorem
3199 4060 3317 4115 sive
3351 4069 3688 4128 quocunque

2107 4164 2331 4219 nomine
2377 4162 2656 4232 appellare
2703 4159 2878 4221 velis,
2933 4157 3321 4228 adjungamt‘s,
3385 4151 3690 4222 responde-

2108 4271 2232 4312 mus
2262 4273 2276 4310 :
2317 4254 2564 4310 secundo
2597 4252 2848 4306 membro
2880 4259 3146 4319 quantum
3193 4247 3260 4301 ad
3293 4261 3404 4300 rem
3435 4255 3486 4298 et
3519 4259 3685 4314 quam

2107 4348 2362 4402 maxime.
2392 4347 2483 4401 Est
2511 4345 2660 4400 enim
2691 4344 2837 4398 sicut
2866 4342 3080 4396 duabus
3114 4339 3366 4411 personis
3391 4352 3688 4392 commune

2110 4450 2284 4497 estex
2320 4454 2483 4495 causa
2519 4453 2662 4500 esse,
2699 4437 2773 4491 ita
2797 4447 2852 4492 et
2878 4435 3094 4490 duabus
3127 4433 3380 4503 personis
3403 4442 3694 4486 commune

419 4531 515 4582 τὸν
544 4529 674 4581 Υἱὸν
700 4531 796 4582 καὶ
819 4528 880 4580 τδ
909 4527 1137 4596 Πνεῦμα
1162 4525 1286 4578 οὕτε
1316 4526 1419 4596 τῆς
1472 4526 1606 4596 πρὸς
1639 4525 1729 4578 τὸν
1783 4525 1997 4594 Πατέρα

2110 4545 2196 4592 est
2223 4549 2289 4589 ex
2327 4548 2490 4588 causa
2516 4547 2657 4594 esse,
2689 4531 2764 4585 ita
2795 4539 2849 4584 et
2879 4528 3094 4584 duabus
3151 4526 3404 4596 personis
3443 4539 3692 4579 commu-

420 4619 706 4689 συμφυΐας
733 4619 1010 4684 ἑκδάλλει,
1050 4612 1094 4686 ᾧ
1128 4619 1202 4690 μὴ
1230 4618 1549 4671 κοινωνοῦσι
1579 4617 1678 4686 τῆς
1709 4615 1802 4678 ταῦ
1826 4620 2002 4670 αἰτια-

417 4713 517 4766 τοῦ
550 4712 932 4782 προσηγορίας
959 4728 1019 4763 τε
1067 4713 1164 4764 καὶ
1206 4712 1301 4764 τοῦ
1348 4712 1699 4780 πράγματος,
1736 4709 1879 4763 οὕτω
1908 4710 2003 4763 καὶ

420 4808 456 4876 ἡ
479 4806 583 4874 τῆς
615 4807 791 4875 ἀρχῆς
813 4804 1075 4858 κοινωνία
1125 4803 1248 4858 οὔτε
1281 4805 1372 4858 τὸν
1420 4805 1642 4874 Πατέρα
1689 4802 2004 4871 συναλείφει

422 4903 521 4952 καὶ
549 4900 639 4951 τὸν
670 4898 821 4961 Υίδν,
858 4893 1119 4968 οἷςτοῖθ
1156 4899 1419 4969 ὑπάρχει,
1455 4897 1580 4950 οὔτε
1611 4897 1704 4949 τοῦ
1752 4897 2006 4964 Πνεύμα-

421 5005 516 5050 τος
538 4989 762 5050 τούτους
795 4991 936 5040 κατά
969 4989 1130 5056 φύσιν
1174 4988 1578 5058 ἁποδιίστησιν,
1619 4987 1714 5040 ᾰτε
1766 4987 1840 5058 μὴ
1875 5005 2008 5057 μετ-

426 5081 645 5150 έχοντος
672 5080 766 5135 τοῦ
820 5082 973 5149 σιρίσι
1021 5081 1225 5136 κοινοῦ.
1262 5083 1480 5135 Τούτων
1537 5081 1729 5134 εἵνεκα
1776 5081 1855 5151 τῷ
1888 5081 2009 5133 δευ-

425 5173 573 5242 τέρῳ
603 5174 760 5241 μέρει
791 5173 891 5243 τῆς
919 5173 1239 5242 διαιρέσεως
1283 5175 1386 5244 τὴν
1415 5175 1693 5247 ἡμετέραν
1723 5174 2010 5227 ἀποδιδόα-

430 5279 529 5334 μεν
557 5267 743 5332 δόξαν,
771 5266 897 5318 ὅσον
927 5267 1070 5318 κατὰ
1099 5267 1161 5318 τὸ
1198 5269 1452 5338 πρᾶγμα,
1498 5269 1624 5319 ἐπεὶ
1672 5268 1798 5336 περὶ
1831 5282 2009 5334 πραγ-

426 5356 615 5426 μάτων
643 5359 775 5428 ἡμῖν
801 5358 829 5410 ὁ
862 5357 1021 5425 λόγος
1054 5359 1150 5410 καὶ
1178 5361 1210 5430 ἡ
1245 5359 1472 5430 σπουδή.
1509 5360 1569 5412 Ei
1598 5359 1643 5412 δ’
1677 5360 1797 5411 ἐστί
1825 5376 1880 5411 τι
1910 5359 2005 5411 καὶ

422 5448 688 5519 ἀνόμοιον
715 5452 773 5502 ὲν
801 5449 881 5519 τῷ
915 5449 1174 5515 λέγεσθαι
1203 5451 1411 5504 τούτων
1445 5453 1706 5522 ἑκάτερον
1737 5451 1846 5505 τῶν
1895 5468 2011 5504 κοι-

423 5544 558 5608 νῶν,
588 5544 689 5596 ούκ
715 5543 824 5597 ἀπὸ
851 5547 950 5614 τῆς
969 5545 1064 5597 τοῦ
1093 5549 1418 5616 πράγματος
1442 5547 1639 5608 εἰδότες
1665 5546 1882 5616 φύσεως
1910 5547 2010 5617 τὴν

424 5637 693 5707 διαφορὰν
721 5639 1080 5702 ἀπαντῶσιν,
1123 5639 1242 5692 ἀλλ’
1298 5641 1361 5692 ἐκ
1390 5641 1487 5710 τῆς
1530 5641 1640 5694 τῶν
1700 5640 2008 5710 προσώπων

506 5801 581 5860 ll)
611 5799 750 5856 Men.
780 5801 818 5856 ί.
853 5801 948 5857 192
995 5818 1042 5861 a.
1070 5802 1210 5865 οὔτε.

2113 4633 2202 4682 nis
2232 4624 2491 4697 principii
2517 4633 2571 4678 et
2600 4639 2689 4678 res
2719 4631 2775 4677 et
2806 4620 3206 4677 denominatio.
3238 4618 3306 4672 Et
3337 4617 3692 4688 quemadmo.

2115 4721 2248 4776 dum
2277 4717 2596 4773 communio
2621 4716 2674 4770 in
2699 4709 2917 4770 ratione
2941 4712 3260 4784 principiali
3286 4725 3464 4780 neque
3492 4707 3692 4763 Filium

2111 4823 2170 4870 et
2202 4813 2469 4883 Spiritum
2519 4812 2574 4866 in
2623 4827 2795 4864 unum
2847 4808 3129 4864 contrahit
3171 4819 3423 4875 neque-a
3457 4802 3692 4858 consub-

2113 4904 2476 4960 stantialitate
2505 4917 2628 4955 eum
2673 4901 2832 4956 Patre
2881 4898 3126 4968 expellit,
3153 4911 3278 4951 cum
3310 4910 3420 4965 quo
3447 4909 3694 4949 commu-

2119 4996 2342 5050 nionem
2375 5011 2485 5049 non
2531 4995 2740 5049 habent
2776 4991 2832 5046 in
2877 4990 3331 5046 denominatione
3364 4996 3420 5042 et
3451 5002 3509 5040 re
3548 4986 3689 5056 prin-

2115 5087 2329 5157 cipiali,
2358 5087 2433 5141 ita
2464 5095 2519 5140 et
2548 5085 2868 5140 communio
2901 5085 2954 5137 in
2990 5084 3201 5137 ratione
3229 5078 3488 5152 principii
3517 5091 3695 5145 neque

2114 5181 2332 5237 Patrem
2382 5191 2438 5236 et
2482 5181 2680 5236 Filium
2734 5181 2786 5234 in
2838 5195 3007 5233 unum
3042 5176 3343 5241 contrahit,
3374 5174 3578 5244 quibus
3633 5186 3693 5223 ea

2117 5273 2278 5335 inest,
2339 5289 2520 5344 neque
2577 5288 2674 5329 eos
2723 5273 3030 5328 secundum
3090 5279 3338 5326 naturam
3391 5274 3612 5336 separat
3664 5280 3694 5316 a

2120 5365 2325 5432 Spiritu
2363 5375 2553 5436 utpote
2600 5374 2830 5435 experte
2883 5365 3053 5430 illius,
3084 5362 3232 5432 quod
3265 5359 3376 5415 illis
3405 5371 3489 5414 est
3542 5373 3695 5411 com-

2117 5473 2306 5512 mune.
2339 5456 2545 5510 Horum
2591 5456 2768 5526 gratia
2814 5454 3062 5511 secundo
3107 5451 3401 5508 divisionis
3445 5447 3694 5504 membro

2119 5551 2450 5609 sententiam
2503 5561 2748 5605 nostram
2789 5549 3094 5620 jnngimus,
3145 5555 3414 5616 quantum
3455 5543 3520 5598 ad
3579 5557 3694 5595 rem

2121 5648 2321 5718 ipsam,
2353 5661 2478 5698 cum
2513 5644 2578 5700 dc
2629 5643 2792 5698 rebus
2826 5641 2987 5710 nobis
3017 5653 3202 5694 sermo
3225 5637 3296 5694 sit
3321 5645 3376 5692 et
3418 5638 3567 5694 circa
3607 5648 3697 5688 res
