4132 6430
442 319 511 381 53
671 302 686 310 ”
1465 303 1914 385 ΙὶΕΕΗΤΑἭΟ
1957 327 2039 387 tu

2141 327 2199 387 II
2229 323 2558 386 EPHESIN
2573 325 2617 386 1.
3624 327 3695 390 54

438 443 732 504 ιιιιπιτιιτοι,
770 443 950 488 utrum
1022 451 1192 490 unum
1257 437 1532 507 quoddam
1572 440 1828 510 idemque
1873 454 2103 494 numero
2133 439 2380 494 dicamus
2407 439 2531 501 ista,
2565 453 2635 491 an
2685 453 2792 492 non
2847 437 3130 504 dicamus;
3172 453 3406 508 quorum
3459 439 3691 493 alterum

443 526 596 581 nullo
625 542 852 598 prorsus
911 529 1076 584 modo
1139 530 1396 586 dicimus.
1431 534 1782 604 Quaecunque
1827 549 1956 588 vero
1985 533 2090 588 alia
2129 531 2405 600 superﬂua
2471 533 2728 586 novimus
2795 532 2900 586 hoc
2975 532 3384 601 epicheremate
3436 532 3695 586 (Σιιιιιιεῑιςυ

445 619 620 689 primo
683 621 882 687 capite,
943 622 1090 690 quod
1161 623 1432 680 adversus
1501 641 1602 680 nos
1643 625 1991 696 conscripsit,
2023 625 2256 692 prolata,
2299 623 2521 694 proprie
2565 641 2629 680 ac
2677 625 2931 688 seorsim,
2966 625 3044 679 uti
3078 623 3288 680 dictum
3320 633 3424 687 est,
3459 640 3488 678 a
3535 622 3696 676 nobis

447 713 642 770 librata
710 723 767 767 et
834 713 1068 769 refutata
1115 726 1261 770 recte
1307 725 1434 771 sunt
1476 717 1531 772 in
1561 717 1950 773 Antirrheticis
1989 713 2254 771 adversus
2287 709 2486 786 ipsum.

863 830 1130 885 sessor
1175 833 1336 886 κει».
1391 831 1482 900 ς’.
1533 833 1612 904 (ι)

518 940 722 1012 Θωμᾶς
750 945 779 997 6
806 942 914 996 τῶν
939 942 1187 996 Λατίνων
1209 944 1554 1010 διδάσκαλος,
1582 945 1749 1010 ἀξιῶν
1787 945 1887 1016 μιᾷ
1913 945 2022 998 τῶν

447 1034 778 1087 ἀντιθέσεων
824 1034 1076 1102 ἀνάγκην
1129 1031 1270 1087 εἶναι
1315 1035 1383 1088 τὰ
1437 1035 1703 1105 θεαρχικὰ
1752 1023 2022 1106 πρόσωπα

447 1125 844 1195 διακρίνεσθαι,
871 1125 1280 1196 ὲπειδὴ,φησὶν,
1305 1128 1337 1196 ή
1358 1127 1517 1198 ὑλικὴ
1533 1117 1809 1198 διάκρισις
1834 1131 1892 1182 ἐν
1911 1129 2023 1192 τοῖς

451 1219 620 1280 θείοις
637 1219 820 1288 χώραν
839 1218 939 1272 οὐκ
957 1218 1092 1288 ἔχει,
1109 1219 1206 1288 τὴν
1229 1219 1370 1272 κατὰ
1389 1219 1570 1291 σχέσιν
1594 1220 1874 1272 ἀντίθεσιν
1898 1218 2024 1289 βού-

453 1307 607 1361 λεται
635 1307 806 1376 μόνην
827 1303 971 1360 εἶναι
1012 1308 1111 1377 τὴν
1132 1308 1539 1378 διακρίνουσαν,
1583 1310 1656 1372 ὡς
1683 1312 1882 1379 ἑτέρας
1913 1309 2024 1362 τῶν

455 1401 789 1453 ἀντιθέσεων
804 1400 902 1452 οὐκ
921 1399 1154 1467 ἐχούσης
1169 1399 1376 1470 χώραν.
1397 1402 1648 1454 Δεικτέον
1670 1401 1762 1455 οὖν
1779 1404 1810 1468 ἡ
1821 1404 1931 1470 μῖν,
1950 1401 2028 1463 ὡς

458 1491 660 1559 μᾶλλον
685 1489 845 1559 ἱκανὴ
872 1491 1008 1560 πρὸς
1029 1491 1300 1562 διάκρισιν
1347 1493 1380 1560 ἡ
1401 1491 1508 1543 τῶν
1533 1493 1854 1546 ἀντιθέσεων
1886 1493 2030 1545 ἀντι-

457 1583 688 1651 φατικὴ.
721 1583 814 1635 καὶ
840 1582 1014 1653 ταύτῃ
1044 1583 1180 1651 μόνῃ
1212 1584 1352 1636 κατὰ
1394 1587 1518 1645 τοὺς
1552 1582 1832 1650 θεοὶόγους
1862 1584 2030 1651 ἀλλήτ

451 1673 562 1724 λων
597 1672 778 1724 πάντα
811 1671 882 1724 τὰ
916 1671 1038 1723 θεῖα
1084 1673 1352 1740 πρόσωπα
1381 1671 1772 1741 διακρίνονται.
1807 1672 2029 1739 Πρῶτον

458 1765 558 1834 μὲν
579 1759 674 1816 οὗν
716 1765 898 1838 ἐκεῖνο
918 1763 1076 1831 δῆλον
1095 1763 1316 1815 ἐπὶτῶν
1337 1762 1499 1816 θείων
1523 1762 1620 1832 (2),
1654 1763 1728 1824 ὡς
1749 1765 1776 1816 6
1795 1765 2028 1816 ἑκάστου

453 1863 555 1922 τῆς
585 1857 872 1926 ὐπὰρξεως
906 1857 1106 1928 τρόπος
1145 1857 1593 1928 αὐταρκέστατος
1632 1859 1768 1928 πρὸς
1798 1861 1896 1929 τὴν
1935 1860 2028 1927 ἀφ’

454 1951 644 2018 ἑτέρου
663 1950 958 2017 διάκρισιν
984 1949 1217 2018 τρόπους
1238 1948 1294 2000 δὲ
1321 1949 1608 2018 ὑπάρξεως
1631 1951 1849 2002 ἐπὶτῶν
1871 1951 2031 2003 θείων

457 2039 774 2109 προσώπων
796 2040 843 2091 οί
867 2038 1107 2106 θεολόγοι
1127 2039 1188 2092 τὸ
1231 2038 1532 2108 ἀγέννητον
1553 2040 1648 2092 καὶ
1667 2041 1726 2093 τὸ
1773 2044 2030 2110 γεννητὸν

2047 829 2100 890 Δ

2632 830 2876 886 EPHES.
2911 829 3066 885 CAP.
3100 829 3192 887 Vl.

2195 944 2458 1007 Thomas,
2482 944 2802 999 Latinorum
2837 945 3054 1010 doctor,
3090 943 3419 999 existimans
3467 957 3575 996 una
3627 956 3694 994 er

2125 1037 2566 1106 oppositionibus
2592 1052 2732 1106 opus
2779 1051 2904 1091 esse
2939 1036 3006 1091 ad
3039 1051 3304 1106 personas
3333 1035 3558 1089 divinas
3585 1033 3697 1086 dis—

2127 1128 2472 1194 tinguendas,
2507 1131 2790 1198 quoniam,
2819 1128 3022 1196 inquit,
3053 1126 3354 1180 materialis
3408 1123 3699 1180 distinctio

2127 1218 2406 1274 iudivinis
2431 1221 2611 1274 locum
2634 1235 2741 1272 non
2779 1219 2968 1281 habet.
3005 1218 3384 1287 oppositionem
3412 1214 3700 1270 secundum

2128 1309 2438 1366 relationem
2497 1311 2669 1366 solam
2725 1311 3160 1382 distinguentem
3209 1325 3329 1364 esse
3379 1310 3516 1374 vult,
3575 1321 3699 1361 cum

2128 1404 2236 1457 alia
2267 1402 2544 1473 oppositio
2565 1402 2711 1457 haud
2736 1403 2936 1458 habeat
2959 1401 3142 1456 locum
3164 1399 3266 1469 (α).
3285 1397 3699 1454 Οειρηιιειιάιηιι

2131 1493 2317 1564 itaque
2349 1493 2509 1549 nobis
2541 1493 2714 1562 magis
2747 1493 3003 1549 idoneam
3042 1492 3108 1547 ad
3139 1490 3552 1546 distinctionem
3579 1504 3702 1542 esse

2130 1585 2534 1654 oppositionem
2599 1584 3000 1654 antiphaticam
3063 1579 3594 1648 (contradictoriam)
3651 1587 3706 1631 et

2131 1677 2234 1730 hac
2266 1675 2381 1730 sola
2413 1675 2717 1732 secundum
2767 1675 3057 1744 theologos
3112 1674 3182 1728 ab
3215 1673 3452 1726 invicem
3511 1685 3707 1725 omnes

2132 1767 2348 1822 divinas
2379 1783 2642 1837 personas
2669 1767 2961 1836 disﬁngui,
2990 1769 3066 1822 Ac
3097 1767 3278 1836 primo
3311 1764 3534 1834 quidem
3569 1761 3704 1818 illud

2134 1859 2189 1912 in
2250 1859 2454 1912 divinis
2514 1857 2868 1913 manifestum
2922 1867 3026 1920 est.
3080 1857 3514 1925 uniuscujusque
3560 1854 3707 1907 exsi-

2133 1949 2311 2002 stendi
2344 1949 2569 2003 modum
2617 1948 2848 2004 maxime
2883 1962 2947 2002 ac
2981 1945 3305 2017 plenissime
3340 1943 3703 1999 sufﬁcientem

2133 2057 2279 2103 esse,
2309 2051 2369 2096 ut
2401 2041 2472 2096 ab
2501 2042 2738 2095 invicem
2769 2041 3213 2110 distinguantur;
3244 2037 3548 2093 cxsistendi
3576 2051 3709 2090 vero

453 2131 552 2184 καὶ
575 2131 635 2184 τὸ
661 2130 994 2198 ἑκπορευτὸν
1029 2129 1303 2196 λέγουσιν,
1335 2130 1456 2199 ἦτοι
1482 2130 1914 2200 καθολικώτερον
1934 2132 2034 2198 φάο

2141 2133 2330 2188 modos
2373 2133 2427 2186 in
2464 2133 2670 2187 divinis
2716 2135 2964 2201 personis
3000 2133 3328 2201 ingenitum,
3365 2131 3608 2198 genitum
3653 2139 3710 2182 et

455 2239 566 2287 ναι,
599 2221 658 2273 τὸ
689 2223 934 2274 ἀναίτιον
970 2221 1140 2274 καὶτὸ
1161 2221 1427 2285 αίτιατὸν,
1461 2221 1604 2290 ειπερ
1647 2222 1898 2292 ἀλλήλοις
1947 2224 2039 2294 δῆ-

459 2315 552 2368 λον
587 2315 660 2376 ὡς
691 2313 1058 2383 ἀντιφατικῶς
1092 2312 1450 2366 ἀντίκεινται·
1483 2313 1546 2365 τὸ
1573 2315 1680 2381 γὰρ
1713 2314 1835 2384 ἕχον
1859 2317 2038 2369 αἰτίαν

465 2409 558 2461 καὶ
588 2407 650 2460 τὺ
683 2409 757 2477 μὴ
789 2407 910 2476 ἔχον
937 2406 1120 2458 αἰτίαν
1147 2405 1456 2474 ἀντίφασις.
1503 2405 1564 2456 '0
1599 2405 1698 2474 μὲν
1731 2405 1824 2459 οὖν
1854 2407 2038 2478 Πατὴρ

468 2498 598 2552 Υἱοϋ
617 2501 706 2550 καὶ
723 2497 860 2552 Πνεύ
871 2513 1042 2566 ματος
1057 2494 1266 2555 τούτοις
1289 2496 1662 2564 ἁντιφατικῶς
1679 2496 1922 2567 διακρίνε
1934 2515 2037 2562 ται,

465 2589 498 2644 ὁ
517 2591 572 2645 δὲ
594 2589 719 2653 Υἱὸς
740 2590 832 2642 καὶ
849 2588 909 2642 τὸ
933 2587 1158 2657 Πνεῦμα.
1177 2587 1311 2658 πρὸς
1335 2587 1544 2658 ἄλληλα
1567 2592 1678 2652 τὺῖς
1697 2590 1804 2642 τῶν
1821 2591 2040 2644 οἰκείων

469 2681 624 2746 αὖθις
649 2681 942 2750 ὑπάρξεων
966 2680 1196 2751 τρόποις
1217 2695 1232 2710 θ
1259 2681 1321 2733 τὸ
1347 2681 1456 2750 γὰρ
1484 2682 1762 2752 γεννητῶς
1786 2683 2040 2738 εἶναικαὶ

465 2777 526 2828 τὸ
561 2775 636 2845 μὴ
670 2773 972 2844 γεννητῶς,
1001 2773 1122 2826 ἀλλ’
1153 2774 1503 2842 ὲκπορευτῶς
1533 2780 1727 2846 τρόποι
1771 2793 1829 2829 τε
1863 2777 2041 2848 ὑπάρκ

465 2868 601 2933 ξεων
629 2868 723 2921 ἐπὶ
748 2867 958 2922 τούτων
981 2867 1088 2920 eici.
1119 2867 1214 2920 καὶ
1243 2866 1500 2933 ἀλλήλοις
1525 2865 1917 2935 amemus;
1947 2871 2040 2923 ἀν-

461 2954 752 3007 τίκεινται⁸
783 2957 878 3008 καὶ
909 2953 1074 3008 τοῦτο
1094 2955 1226 3024 περὶ⁵
1257 2954 1350 3007 τοῦ
1383 2953 1701 3024 [Ινεύματος
1727 2959 1756 3008 6
1780 2957 2043 3027 Θεολὸγος

463 3045 768 3117 Γρηγόριος
795 3045 970 3113 λέγει·
1001 3045 1222 3114 Προιῢν
1245 3045 1364 3114 μὲν
1409 3045 1478 3098 ἐκ
1509 3046 1616 3100 τοῦ
1645 3047 1898 3116 Πατρός,
1927 3051 2044 3119 οὐχ

467 3136 669 3202 υίικῶς
693 3136 782 3191 δέ·
815 3136 959 3192 οὐδὲ
991 3137 1099 3206 γὰρ
1132 3136 1208 3207 (5)
1237 3135 1559 3206 γεννητῶς,
1587 3137 1728 3194 ἀλλ’
1758 3139 2044 3208 ἐκπορευο

465 3229 603 3295 τῶς.
635 3228 784 3298 Αὕτη
827 3228 926 3298 μὲν
960 3227 1056 3283 οὖν
1087 3231 1120 3299 ἡ
1141 3229 1420 3299 διάκρισις
1451 3231 1598 3284 κατὰ
1630 3232 1728 3299 τὴν
1757 3233 2043 3300 ἀντίφασιν

467 3321 602 3378 οὖσα
637 3325 732 3376 καὶ
765 3325 830 3392 τῇ
857 3321 1086 3393 ἀληθείᾳ
1137 3323 1429 3393 σύμφωνος
1481 3328 1577 3378 καὶ
1605 3328 1718 3388 τοῖς
1774 3325 2043 3394 θεολόγοις

471 3417 650 3469 ἅπασι
675 3417 773 3468 καὶ
799 3416 981 3469 πάντα
1021 3416 1088 3469 τὰ
1120 3417 1236 3469 θεῖα
1278 3417 1548 3488 πρόσωπα
1574 3418 1798 3471 δύναται
1831 3418 2042 3490 διακρί-

2142 2226 2446 2297 procedens
2479 2224 2672 2279 dicunt
2697 2224 2768 2293 (ὁ)
2820 2223 2958 2286 sive,
3002 2232 3062 2276 ut
3108 2222 3478 2276 uniter-salius
3508 2221 3708 2280 dicam,

2142 2319 2396 2388 principii
2429 2331 2626 2387 expers
2654 2325 2710 2371 et
2739 2317 3152 2385 principiatum,
3180 2329 3302 2382 quae
3335 2313 3438 2366 sibi
3471 2311 3707 2366 invicem

2141 2409 2572 2466 contradictorie
2626 2409 2829 2479 opponi
2893 2409 3102 2477 liquet;
3159 2421 3283 2460 nam
3342 2404 3488 2473 quod
3547 2404 3712 2457 habet

2140 2502 2477 2572 principium
2512 2511 2568 2555 et
2593 2501 2738 2568 quod
2771 2515 2880 2553 non
2907 2499 3076 2554 habet
3099 2488 3533 2552 eontradietoria
3559 2506 3710 2550 sunt.

2141 2595 2304 2650 Pater
2339 2593 2508 2663 igitur
2538 2607 2566 2646 a
2603 2591 2742 2646 Filio
2767 2600 2824 2645 et
2847 2607 2876 2645 a
2913 2590 3123 2659 Spiritu
3164 2599 3356 2643 sancto
3393 2589 3542 2642 hisce
3576 2603 3712 2641 con-

2145 2685 2464 2743 tradictorie
2493 2682 2878 2754 distinguitur,
2911 2681 3086 2736 Filius
3121 2694 3256 2734 vero
3287 2688 3342 2734 et
3377 2677 3619 2748 Spiritus
3643 2677 3710 2730 ad

2142 2777 2378 2832 invicem
2423 2774 2666 2846 propriis
2707 2789 2927 2828 rursum
2980 2771 3279 2827 exsistendi
3329 2769 3527 2823 modis.
3576 2767 3710 2822 Nam

2142 2885 2240 2940 per
2267 2869 2679 2938 generationem
2729 2880 2850 2921 esse
2890 2873 2949 2920 et
2985 2879 3096 2918 non
3130 2877 3228 2933 per
3276 2860 3711 2932 generationem.

2142 2963 2238 3016 sed
2275 2977 2372 3031 per
2401 2959 2809 3030 processionem
2846 2971 2970 3012 esse
3004 2955 3060 3009 in
3095 2955 3179 3009 his
3209 2961 3340 3008 sunt
3373 2950 3712 3006 subsistendi

2093 3069 2096 3072 ·
2142 3052 2294 3108 modi
2349 3061 2410 3107 et
2453 3049 2880 3107 contradictorie
2908 3049 3132 3104 sibimet
3165 3058 3552 3116 opponuntur;
3587 3045 3718 3098 hoc-

2144 3159 2251 3214 que
2282 3127 2456 3199 relate
2483 3143 2550 3196 ad
2584 3143 2850 3212 Spiritum
2881 3140 3184 3210 Gregorius
3211 3138 3525 3208 Theologus
3568 3135 3718 3190 aflir-

2145 3247 2301 3293 mat:
2339 3237 2638 3292 Procedens
2663 3235 2873 3306 quidem
2920 3249 2986 3288 ea:
3035 3231 3216 3298 Patre,
3261 3247 3363 3285 non
3394 3245 3516 3285 vero
3560 3228 3717 3288 modo

2147 3330 2278 3385 Filii
2293 3349 2312 3396 ;
2349 3347 2510 3401 neque
2537 3331 2678 3384 enim
2708 3344 2802 3398 per
2829 3327 3246 3398 generationem,
3269 3325 3360 3380 sed
3387 3339 3480 3394 per
3511 3337 3722 3393 proces-

2145 3425 2366 3478 sionem.
2404 3423 2530 3478 Haec
2552 3422 2740 3492 itaque
2767 3420 3072 3484 distinctio,
3109 3435 3232 3488 qua:
3257 3417 3560 3473 secundum
3587 3429 3721 3470 coo-

469 3523 607 3560 νειν·
635 3507 701 3576 ἢν
723 3506 778 3559 δὲ
811 3508 1024 3574 είσάγει
1052 3507 1256 3575 Θωμᾶς
1286 3507 1360 3570 ὡς
1392 3507 1562 3576 μόνην
1601 3509 1797 3578 ἱκανὴν
1826 3505 1990 3562 οὖσαν
2027 3549 2039 3573 ,

2150 3516 2539 3574 tradictionem
2575 3523 2661 3570 est
2716 3523 2774 3568 et
2807 3511 3030 3567 veritati
3077 3524 3322 3566 consona
3359 3516 3412 3562 et
3450 3506 3720 3576 theologis

468 3602 569 3670 τὴν
593 3599 731 3652 κατᾶ
766 3597 948 3668 σχέσιν
975 3597 1137 3666 λέγω,
1175 3599 1264 3650 τὸν
1293 3599 1393 3668 μὲν
1417 3599 1637 3669 Πατέρα
1661 3600 1769 3660 τῷν
1791 3601 1846 3660 ἐξ
1875 3601 2042 3654 αὑτοῦ

472 3691 868 3762 τροελθόντων,
914 3691 1046 3744 Υἱοῦ
1095 3692 1190 3743 καὶ
1221 3689 1538 3760 Πνεύματος
1570 3691 1860 3760 διακρίνει,
1895 3698 1963 3748 τὰ
1989 3693 2046 3746 δὲ

470 3784 636 3837 λοιπὰ
665 3784 773 3837 τῶν
822 3783 1132 3852 προσώπων
1174 3783 1422 3854 ἀλλήλων
1456 3783 1566 3836 οὐδ’
1595 3785 1870 3837 ὁπωσοῦνο
1927 3786 2048 3838 οὐδὲ

471 3879 578 3945 γὰρ
603 3879 777 3930 αἴτιον
827 3876 1053 3945 θατέρου
1085 3875 1348 3944 θάτερον⁸
1386 3875 1508 3929 οὐδὲ
1561 3878 1812 3945 φαίνεται
1844 3879 2049 3948 ταύτην

471 3970 650 4030 οὐδεὶς
685 3971 792 4022 τῶν
835 3969 1104 4036 θεολόγων
1139 3969 1236 4038 τὴν
1287 3969 1563 4039 διάκρισιν
1605 3970 1866 4039 εὲρτίκὼς,
1913 3970 2048 4025 ἀλλὰ

471 4062 784 4114 τούναντίον
813 4061 980 4114 ἄποιν’
1007 4063 1208 4125 Μόνος
1229 4061 1336 4128 γὰρ
1365 4061 1556 4126 αἴτιος
1581 4065 1612 4114 ό
1635 4063 1857 4129 Πατὴρ,
1886 4065 2049 4132 φησὶν

472 4157 501 4206 6
531 4153 910 4222 Δαμασκηνός·
966 4152 1059 4204 καὶ
1109 4153 1394 4221 ῥΝύσσης
1449 4151 1787 4222 Γρηγὸριο;’
1823 4153 1929 4206 Τοῦ
1981 4154 2050 4218 ἐξ

470 4245 668 4308 αἰτίας
694 4243 866 4309 ὄντος
907 4243 1096 4297 πάλιν
1124 4242 1322 4310 ἄλλην
1351 4241 1646 4311 διαφορὰν
1677 4245 2008 4312 ἐννοοῦμεν
2035 4262 2048 4277 ο

470 4338 640 4408 ἄλλην
668 4338 806 4405 φησι
831 4337 982 4404 παρὰ
1022 4338 1120 4405 τὴν
1170 4337 1500 4406 εἰρημένην·
1555 4339 1588 4406 ἡ
1624 4337 1681 4390 δὲ
1715 4333 1782 4408 ἦν
1818 4337 1959 4390 κατὰ
1989 4339 2048 4390 τὸ

471 4431 648 4482 αἴτιον
682 4431 776 4482 καὶ
806 4429 1051 4482 αἰτιατὺν
1087 4429 1354 4497 δηλονότι·
1389 4429 1620 4482 καθόλου
1654 4429 1710 4482 δὲ
1745 4430 1805 4482 οὗ
1849 4430 2054 4498 τολμη-“

469 4523 592 4572 τέον
623 4521 798 4572 εἰπεῖν
827 4519 1130 4588 ἧέννοῆσαι
1149 4519 1304 4588 παρὰ
1330 4519 1399 4571 τὰ
1421 4518 1658 4582 θειωδῶς
1688 4520 1820 4587 ἡμῖν
1847 4521 1908 4571 ὲκ
1940 4519 2048 4570 τῶν

473 4612 640 4680 ἱερῶν
668 4610 865 4679 λογίων
902 4610 1296 4681 ἐκπεφασμένα
1320 4609 1598 4673 Διονύσιος
1629 4613 1654 4664 6
1683 4611 1894 4674 κλεινὸς
1917 4613 2050 4664 ἀπο-

471 4703 755 4771 φαίνεται.

2143 3608 2382 3671 euuctis,
2405 3617 2569 3678 atque
2597 3619 2791 3660 omnes
2829 3603 3048 3658 divinas
3093 3615 3359 3671 personas
3391 3608 3576 3669 potest
3611 3597 3726 3652 dis-

2149 3704 2423 3772 tinguere.
2445 3699 2619 3765 Quam
2651 3712 2783 3752 vero
2816 3696 3030 3750 inducit
3061 3694 3300 3747 Thomas
3355 3692 3524 3746 veluti
3550 3689 3721 3744 solam

2149 3795 2424 3856 idoneam,
2455 3805 2576 3846 eam
2611 3787 2738 3844 dico
2767 3804 2890 3858 qum
2929 3785 3234 3842 secundum
3270 3783 3593 3838 relationem
3614 3787 3723 3842 est,

2149 3901 2210 3942 ei
2251 3886 2466 3939 Patrem
2514 3881 2736 3952 quidem
2779 3881 2849 3934 ab
2881 3881 2971 3941 iis,
3007 3895 3131 3948 qua:
3179 3893 3244 3931 ex
3277 3877 3396 3945 ipso
3429 3875 3722 3944 prodeunt,

2145 3979 2282 4034 Filio
2313 3977 2528 4032 scilicet
2566 3989 2632 4028 ac
2667 3971 2906 4042 Spiritu,
2939 3970 3227 4034 discernit,
3267 3969 3507 4034 reliquas
3543 3974 3728 4018 autem

2145 4083 2410 4142 personas
2449 4067 2516 4121 ab
2550 4063 2788 4120 invicem
2825 4064 2978 4116 nullo
3025 4075 3256 4132 prorsus
3309 4058 3510 4122 modo;
3547 4067 3730 4124 neque

2160 4161 2307 4214 enim
2344 4159 2610 4214 alteruter
2661 4153 2890 4209 alterius
2925 4151 3300 4222 principium;
3360 4163 3537 4217 neque
3571 4147 3728 4201 theo-

2152 4253 2403 4320 logorum
2441 4249 2590 4304 ullus
2621 4238 3213 4300 hachdistinctionem
3253 4241 3544 4312 protulisse
3575 4236 3730 4292 vide-

2153 4354 2264 4407 tur,
2309 4341 2420 4394 imo
2467 4339 2696 4392 omnino
2741 4337 3104 4408 contrarium.
3152 4335 3307 4390 Solus
3363 4333 3511 4386 enim
3562 4348 3726 4385 causa

2154 4433 2340 4496 Pater,
2387 4431 2467 4486 ait
2521 4430 2914 4490 Damascenus.
2968 4438 3024 4483 ct
3055 4427 3354 4497 Gregorius
3397 4424 3726 4494 Nyssenus:

2159 4523 2314 4593 Ejus,
2356 4520 2498 4590 quod
2531 4534 2597 4572 ea:
2633 4535 2798 4572 causa
2831 4525 2928 4582 est,
2959 4533 3144 4570 rursus
3172 4515 3340 4570 aliam
3373 4514 3728 4584 differentiam

2155 4611 2500 4683 intelligimus
2525 4627 2545 4675 ;
2573 4610 2742 4664 aliam
2776 4609 2914 4664 dicit
2945 4617 3144 4676 praeter
3185 4612 3294 4678 jam
3333 4607 3575 4668 dictam;
3615 4605 3733 4660 haec

2159 4719 2293 4758 vero
2325 4713 2446 4758 erat
2480 4704 2596 4768 illa,
2637 4718 2762 4772 quae
2793 4711 2878 4756 est
2909 4701 3213 4755 secundum
3259 4715 3482 4755 causam
3516 4709 3572 4752 et
3606 4713 3736 4752 cau-

469 4809 677 4855 satum.
714 4799 1033 4855 Generatim
1077 4815 1207 4856 vero
1237 4815 1348 4854 non
1383 4799 1697 4855 audendum
1742 4809 1829 4856 est
1892 4799 2082 4857 dicere
2125 4807 2210 4855 vel
2235 4801 2482 4872 cogitare
2520 4802 2654 4870 quid
2691 4809 2891 4870 prazter
2919 4813 3014 4854 eas
3059 4813 3182 4868 qtue
3213 4796 3374 4853 nobis
3433 4813 3498 4852 ex
3531 4795 3736 4852 divinis

473 4893 715 4946 oraculis
750 4893 940 4947 divino
969 4893 1134 4946 modo
1159 4895 1666 4959 axmuntiata‘sunt,
1702 4901 1762 4946 ut
1796 4893 2040 4965 inclytus
2081 4894 2374 4986 Qionysius
2409 4895 2628 4949 statuit.

1034 5015 1074 5064 0
1110 5013 1519 5067 ΣΧΟΛΔΙῚΟΣ.

515 5103 612 5158 ’οἱ
663 5105 886 5158 Λατῖνοι
924 5102 1142 5176 πολλοῖς
1196 5103 1290 5154 καὶ
1338 5101 1522 5164 ἄλλοις
1571 5101 1849 5172 χρώμενοι
1897 5102 2048 5156 διδχ.

478 5199 718 5264 σκάλοις,
750 5201 808 5250 οὐ
843 5197 924 5266 τῷ
951 5196 1124 5266 Θωμᾷ
1175 5194 1357 5264 μόνον,
1381 5207 1386 5212 ·
1410 5191 1502 5256 οὓς
1545 5195 1604 5246 ἐν
1637 5197 1749 5258 τοῖς
1796 5196 2050 5258 ὑστάτοις

548 5369 624 5434 (Η
657 5367 804 5420 Men.
829 5365 956 5422 9.55.
991 5361 1028 5416 ί.
1057 5361 1168 5415 295
1193 5363 1249 5434 b.
1275 5379 1395 5433 cap.
1430 5363 1518 5434 11⁵5ι

548 5431 623 5506 (‘2)
665 5438 787 5489 Ἐπὶ
809 5438 917 5488 τῶν
951 5435 1110 5487 θείων
1132 5450 1198 5488 ex
1239 5431 1380 5489 Mori.
1411 5433 1515 5488 “256
1547 5431 1878 5488 addidimus.

548 5598 624 5656 to)
661 5594 790 5648 Vide
822 5593 1102 5665 Summam
1143 5596 1338 5656 tln-o'..
1375 5611 1428 5662 p.
1471 5595 1516 5658 Ι,
1546 5613 1601 5665 q.
1635 5595 1723 5654 56,
1760 5611 1788 5644 a
1849 5595 1902 5647 ‘2.

547 5669 620 5724 (In
655 5666 786 5717 Vide.
820 5663 1038 5718 Maxim.
1085 5667 1288 5734 Opuse.
1343 5669 1507 5720 theul.
1556 5663 1610 5720 et
1663 5668 1867 5734 νοις-ιιι.
1907 5677 1942 5718 t.
1980 5667 2044 5726 ll,

475 5757 529 5810 p.
569 5737 666 5792 εδδ
698 5735 784 5792 ed.
822 5733 1153 5802 Combeﬁsﬁ,
1201 5735 1410 5793 Pseudu
1435 5735 1714 5791 'Justinnm
1748 5733 1802 5788 in
1828 5738 2044 5807 exposi-

2727 5009 3180 5069 SCHOLARIUS.

2229 5107 2406 5164 Latini
2443 5119 2498 5163 et
2531 5107 2655 5162 aliis
2689 5110 2876 5162 multis
2908 5105 3266 5170 doctoribus,
3295 5120 3400 5158 non
3449 5103 3548 5158 soli
3587 5102 3733 5157 Tho-

2161 5217 2281 5288 mac,
2331 5203 2652 5261 innitentes.
2683 5201 2889 5271 quibus
2944 5198 3154 5254 ultimis
3189 5197 3342 5252 hisce
3390 5195 3735 5268 temporibus

2177 5391 2182 5396 ’
2235 5368 2312 5437 (3)
2357 5369 2469 5438 Γὰρ
2496 5368 2677 5423 omitt.
2707 5368 2853 5424 Men.
2879 5367 3003 5446 956‘.

2151 5597 2298 5649 tione
2338 5607 2501 5648 recta:
2529 5595 2916 5655 confessionis,
2958 5612 3016 5647 n.
3055 5595 3108 5654 5.
3136 5601 3192 5647 ct
3229 5589 3497 5644 Joauut‘m
3533 5587 3728 5644 Dama-

2152 5683 2404 5728 sceuum,
2438 5666 2507 5719 Ue
2551 5667 2655 5720 tide
2685 5663 2938 5729 orthod.,
2967 5675 3002 5718 t.
3045 5663 3108 5728 ιι,
3152 5682 3204 5732 p.
3251 5662 3330 5715 l5.
