  <div class='ocr_page' id='page_1' title='image "/cluster/home/n/w/nwhite01/storage/ocr_20150623/161/coo.31924054870666/119.png"; bbox 0 0 4132 6432; ppageno 0'>
   <div class='ocr_carea' id='block_1_1' title="bbox 491 388 3755 468">
    <p class='ocr_par' dir='ltr' id='par_1_1' title="bbox 491 388 3755 468">
     <span class='ocr_line' id='line_1_1' title="bbox 491 388 3755 468; baseline 0.003 -24"><span class='ocrx_word' id='word_1_1' title='bbox 491 405 561 468; x_wconf 76' lang='lat' dir='ltr'>5g</span> <span class='ocrx_word' id='word_1_2' title='bbox 1725 390 2054 450; x_wconf 71' lang='lat' dir='ltr'><strong>GEORGII</strong></span> <span class='ocrx_word' id='word_1_3' title='bbox 2102 389 2514 450; x_wconf 68' lang='lat' dir='ltr'><strong>SCHHLARII</strong></span> <span class='ocrx_word' id='word_1_4' title='bbox 3691 388 3755 455; x_wconf 83' lang='lat'><strong>60</strong></span> 
     </span>
    </p>
   </div>
   <div class='ocr_carea' id='block_1_2' title="bbox 488 490 2092 578">
    <p class='ocr_par' dir='ltr' id='par_1_2' title="bbox 488 490 2072 576">
     <span class='ocr_line' id='line_1_2' title="bbox 488 490 2072 576; baseline -0.008 -5"><span class='ocrx_word' id='word_1_5' title='bbox 488 490 774 576; x_wconf 41' lang='lat' dir='ltr'><strong>ostendit:</strong></span> <span class='ocrx_word' id='word_1_6' title='bbox 801 511 874 565; x_wconf 81' lang='lat' dir='ltr'><strong>ita</strong></span> <span class='ocrx_word' id='word_1_7' title='bbox 925 519 986 564; x_wconf 92' lang='lat' dir='ltr'><strong>ut</strong></span> <span class='ocrx_word' id='word_1_8' title='bbox 1035 523 1195 564; x_wconf 84' lang='lat' dir='ltr'><strong>nemo</strong></span> <span class='ocrx_word' id='word_1_9' title='bbox 1224 516 1485 562; x_wconf 68' lang='lat' dir='ltr'><strong>caeterum</strong></span> <span class='ocrx_word' id='word_1_10' title='bbox 1535 505 1848 576; x_wconf 76' lang='lat' dir='ltr'><strong>reperiatur</strong></span> <span class='ocrx_word' id='word_1_11' title='bbox 1895 517 2072 573; x_wconf 71' lang='lat' dir='ltr'><strong>usque</strong></span> 
     </span>
    </p>
   </div>
   <div class='ocr_carea' id='block_1_3' title="bbox 2193 490 3760 578">
    <p class='ocr_par' dir='ltr' id='par_1_3' title="bbox 2193 502 3760 578">
     <span class='ocr_line' id='line_1_3' title="bbox 2193 502 3760 578; baseline 0.006 -23"><span class='ocrx_word' id='word_1_12' title='bbox 2193 503 2302 555; x_wconf 73' lang='grc' dir='ltr'>ἰένα</span> <span class='ocrx_word' id='word_1_13' title='bbox 2334 502 2520 557; x_wconf 70' lang='grc' dir='ltr'>λοιπὸν</span> <span class='ocrx_word' id='word_1_14' title='bbox 2570 505 2864 575; x_wconf 78' lang='grc' dir='ltr'>εὑρεθῆναι</span> <span class='ocrx_word' id='word_1_15' title='bbox 2911 505 3076 576; x_wconf 77' lang='grc' dir='ltr'>μέχρι</span> <span class='ocrx_word' id='word_1_16' title='bbox 3117 503 3218 560; x_wconf 79' lang='grc' dir='ltr'>τοῦ</span> <span class='ocrx_word' id='word_1_17' title='bbox 3260 503 3360 560; x_wconf 85' lang='grc' dir='ltr'>νῦν</span> <span class='ocrx_word' id='word_1_18' title='bbox 3401 505 3502 578; x_wconf 80' lang='grc' dir='ltr'>τὴν</span> <span class='ocrx_word' id='word_1_19' title='bbox 3540 523 3760 577; x_wconf 72' lang='grc' dir='ltr'>συνηγοο</span> 
     </span>
    </p>
   </div>
   <div class='ocr_carea' id='block_1_4' title="bbox 492 595 2069 662">
    <p class='ocr_par' dir='ltr' id='par_1_4' title="bbox 492 595 2069 662">
     <span class='ocr_line' id='line_1_4' title="bbox 492 595 2069 662; baseline -0.008 0"><span class='ocrx_word' id='word_1_20' title='bbox 492 622 642 662; x_wconf 89' lang='lat' dir='ltr'><strong>nunc</strong></span> <span class='ocrx_word' id='word_1_21' title='bbox 674 606 815 658; x_wconf 89' lang='lat' dir='ltr'><strong>hanc</strong></span> <span class='ocrx_word' id='word_1_22' title='bbox 848 602 1227 656; x_wconf 73' lang='lat' dir='ltr'><strong>defensionem</strong></span> <span class='ocrx_word' id='word_1_23' title='bbox 1265 600 1523 654; x_wconf 77' lang='lat' dir='ltr'><strong>refellens</strong></span> <span class='ocrx_word' id='word_1_24' title='bbox 1555 597 1674 652; x_wconf 84' lang='lat' dir='ltr'><strong>zelo</strong></span> <span class='ocrx_word' id='word_1_25' title='bbox 1707 596 1955 656; x_wconf 75' lang='lat' dir='ltr'><strong>veritatis</strong></span> <span class='ocrx_word' id='word_1_26' title='bbox 1985 595 2069 650; x_wconf 89' lang='lat' dir='ltr'><strong>vel</strong></span> 
     </span>
    </p>
   </div>
   <div class='ocr_carea' id='block_1_5' title="bbox 495 689 2069 768">
    <p class='ocr_par' dir='ltr' id='par_1_5' title="bbox 495 689 2069 768">
     <span class='ocr_line' id='line_1_5' title="bbox 495 689 2069 768; baseline -0.008 -16"><span class='ocrx_word' id='word_1_27' title='bbox 495 712 730 768; x_wconf 79' lang='lat' dir='ltr'><strong>parcens</strong></span> <span class='ocrx_word' id='word_1_28' title='bbox 761 694 1028 750; x_wconf 75' lang='lat' dir='ltr'><strong>Cabasilae</strong></span> <span class='ocrx_word' id='word_1_29' title='bbox 1062 692 1241 756; x_wconf 68' lang='lat' dir='ltr'><strong>famae,</strong></span> <span class='ocrx_word' id='word_1_30' title='bbox 1296 707 1417 760; x_wconf 72' lang='lat' dir='ltr'><strong>qua:</strong></span> <span class='ocrx_word' id='word_1_31' title='bbox 1457 689 1729 762; x_wconf 89' lang='lat' dir='ltr'><strong>ejusmodi</strong></span> <span class='ocrx_word' id='word_1_32' title='bbox 1774 703 1932 758; x_wconf 82' lang='lat' dir='ltr'><strong>passa</strong></span> <span class='ocrx_word' id='word_1_33' title='bbox 1983 697 2069 742; x_wconf 84' lang='lat' dir='ltr'><strong>est</strong></span> 
     </span>
    </p>
   </div>
   <div class='ocr_carea' id='block_1_6' title="bbox 394 779 2073 855">
    <p class='ocr_par' dir='ltr' id='par_1_6' title="bbox 394 779 2073 855">
     <span class='ocr_line' id='line_1_6' title="bbox 394 779 2073 855; baseline -0.009 -9"><span class='ocrx_word' id='word_1_34' title='bbox 394 820 402 825; x_wconf 96' lang='lat'><strong>-</strong></span> <span class='ocrx_word' id='word_1_35' title='bbox 495 789 879 846; x_wconf 79' lang='lat' dir='ltr'><strong>infortunium.</strong></span> <span class='ocrx_word' id='word_1_36' title='bbox 943 787 1105 840; x_wconf 83' lang='lat' dir='ltr'><strong>llisce</strong></span> <span class='ocrx_word' id='word_1_37' title='bbox 1164 785 1333 855; x_wconf 72' lang='lat' dir='ltr'><strong>igitur</strong></span> <span class='ocrx_word' id='word_1_38' title='bbox 1390 781 1694 851; x_wconf 85' lang='lat' dir='ltr'><strong>antiquatis</strong></span> <span class='ocrx_word' id='word_1_39' title='bbox 1750 791 1807 835; x_wconf 89' lang='lat' dir='ltr'><strong>et</strong></span> <span class='ocrx_word' id='word_1_40' title='bbox 1860 779 2073 834; x_wconf 83' lang='lat' dir='ltr'><strong>honore</strong></span> 
     </span>
    </p>
   </div>
   <div class='ocr_carea' id='block_1_7' title="bbox 493 870 2073 952">
    <p class='ocr_par' dir='ltr' id='par_1_7' title="bbox 493 870 2073 952">
     <span class='ocr_line' id='line_1_7' title="bbox 493 870 2073 952; baseline -0.008 -16"><span class='ocrx_word' id='word_1_41' title='bbox 493 882 690 952; x_wconf 84' lang='lat' dir='ltr'><strong>quovis</strong></span> <span class='ocrx_word' id='word_1_42' title='bbox 721 880 954 951; x_wconf 79' lang='lat' dir='ltr'><strong>privatis</strong></span> <span class='ocrx_word' id='word_1_43' title='bbox 986 877 1566 950; x_wconf 73' lang='lat' dir='ltr'><strong>argumentationibus</strong></span> <span class='ocrx_word' id='word_1_44' title='bbox 1603 875 1772 930; x_wconf 90' lang='lat' dir='ltr'><strong>veluti</strong></span> <span class='ocrx_word' id='word_1_45' title='bbox 1817 870 2073 943; x_wconf 79' lang='lat' dir='ltr'><strong>genuinis</strong></span> 
     </span>
    </p>
   </div>
   <div class='ocr_carea' id='block_1_8' title="bbox 493 965 2074 1039">
    <p class='ocr_par' dir='ltr' id='par_1_8' title="bbox 493 965 2074 1039">
     <span class='ocr_line' id='line_1_8' title="bbox 493 965 2074 1039; baseline -0.006 -11"><span class='ocrx_word' id='word_1_46' title='bbox 493 974 662 1029; x_wconf 89' lang='lat' dir='ltr'><strong>armis</strong></span> <span class='ocrx_word' id='word_1_47' title='bbox 685 973 866 1027; x_wconf 86' lang='lat' dir='ltr'><strong>fretus</strong></span> <span class='ocrx_word' id='word_1_48' title='bbox 895 971 1039 1025; x_wconf 91' lang='lat' dir='ltr'><strong>ident</strong></span> <span class='ocrx_word' id='word_1_49' title='bbox 1077 985 1204 1024; x_wconf 88' lang='lat' dir='ltr'><strong>cum</strong></span> <span class='ocrx_word' id='word_1_50' title='bbox 1241 969 1438 1039; x_wconf 86' lang='lat' dir='ltr'><strong>primis</strong></span> <span class='ocrx_word' id='word_1_51' title='bbox 1463 984 1654 1022; x_wconf 85' lang='lat' dir='ltr'><strong>eorum</strong></span> <span class='ocrx_word' id='word_1_52' title='bbox 1689 965 2074 1020; x_wconf 84' lang='lat' dir='ltr'><strong>inventoribus</strong></span> 
     </span>
    </p>
   </div>
   <div class='ocr_carea' id='block_1_9' title="bbox 495 1060 2074 1134">
    <p class='ocr_par' dir='ltr' id='par_1_9' title="bbox 495 1060 2074 1134">
     <span class='ocr_line' id='line_1_9' title="bbox 495 1060 2074 1134; baseline -0.007 -13"><span class='ocrx_word' id='word_1_53' title='bbox 495 1067 802 1134; x_wconf 87' lang='lat' dir='ltr'><strong>periculum</strong></span> <span class='ocrx_word' id='word_1_54' title='bbox 843 1065 1021 1120; x_wconf 90' lang='lat' dir='ltr'><strong>subis.</strong></span> <span class='ocrx_word' id='word_1_55' title='bbox 1055 1063 1364 1133; x_wconf 86' lang='lat' dir='ltr'><strong>Oportebat</strong></span> <span class='ocrx_word' id='word_1_56' title='bbox 1405 1077 1541 1116; x_wconf 87' lang='lat' dir='ltr'><strong>vero</strong></span> <span class='ocrx_word' id='word_1_57' title='bbox 1569 1071 1620 1113; x_wconf 91' lang='lat' dir='ltr'><strong>te</strong></span> <span class='ocrx_word' id='word_1_58' title='bbox 1653 1060 1836 1129; x_wconf 86' lang='lat' dir='ltr'><strong>potius</strong></span> <span class='ocrx_word' id='word_1_59' title='bbox 1884 1068 2074 1112; x_wconf 82' lang='lat' dir='ltr'><strong>osten-</strong></span> 
     </span>
    </p>
   </div>
   <div class='ocr_carea' id='block_1_10' title="bbox 492 1150 2074 1227">
    <p class='ocr_par' dir='ltr' id='par_1_10' title="bbox 492 1150 2074 1227">
     <span class='ocr_line' id='line_1_10' title="bbox 492 1150 2074 1227; baseline -0.006 -13"><span class='ocrx_word' id='word_1_60' title='bbox 492 1162 649 1223; x_wconf 85' lang='lat' dir='ltr'><strong>dere,</strong></span> <span class='ocrx_word' id='word_1_61' title='bbox 695 1159 907 1213; x_wconf 88' lang='lat' dir='ltr'><strong>eisdem</strong></span> <span class='ocrx_word' id='word_1_62' title='bbox 954 1156 1367 1227; x_wconf 82' lang='lat' dir='ltr'><strong>objectionibus</strong></span> <span class='ocrx_word' id='word_1_63' title='bbox 1418 1152 1726 1222; x_wconf 87' lang='lat' dir='ltr'><strong>Cydonium</strong></span> <span class='ocrx_word' id='word_1_64' title='bbox 1775 1150 2074 1222; x_wconf 88' lang='lat' dir='ltr'><strong>sophistice</strong></span> 
     </span>
    </p>
   </div>
   <div class='ocr_carea' id='block_1_11' title="bbox 495 1243 2074 1317">
    <p class='ocr_par' dir='ltr' id='par_1_11' title="bbox 495 1243 2074 1317">
     <span class='ocr_line' id='line_1_11' title="bbox 495 1243 2074 1317; baseline -0.008 -10"><span class='ocrx_word' id='word_1_65' title='bbox 495 1252 773 1307; x_wconf 86' lang='lat' dir='ltr'><strong>restitisse</strong></span> <span class='ocrx_word' id='word_1_66' title='bbox 809 1260 864 1305; x_wconf 88' lang='lat' dir='ltr'><strong>et</strong></span> <span class='ocrx_word' id='word_1_67' title='bbox 897 1260 1028 1305; x_wconf 89' lang='lat' dir='ltr'><strong>tttnc</strong></span> <span class='ocrx_word' id='word_1_68' title='bbox 1071 1259 1378 1317; x_wconf 75' lang='lat' dir='ltr'><strong>Opportune</strong></span> <span class='ocrx_word' id='word_1_69' title='bbox 1425 1246 1758 1315; x_wconf 88' lang='lat' dir='ltr'><strong>procederes</strong></span> <span class='ocrx_word' id='word_1_70' title='bbox 1808 1243 1874 1297; x_wconf 87' lang='lat' dir='ltr'><strong>ad</strong></span> <span class='ocrx_word' id='word_1_71' title='bbox 1908 1258 2074 1310; x_wconf 78' lang='lat' dir='ltr'><strong>argu-</strong></span> 
     </span>
    </p>
   </div>
   <div class='ocr_carea' id='block_1_12' title="bbox 492 1338 2076 1410">
    <p class='ocr_par' dir='ltr' id='par_1_12' title="bbox 492 1338 2076 1410">
     <span class='ocr_line' id='line_1_12' title="bbox 492 1338 2076 1410; baseline -0.007 -12"><span class='ocrx_word' id='word_1_72' title='bbox 492 1345 700 1398; x_wconf 90' lang='lat' dir='ltr'><strong>cndunt</strong></span> <span class='ocrx_word' id='word_1_73' title='bbox 732 1343 1000 1396; x_wconf 83' lang='lat' dir='ltr'><strong>Thomam</strong></span> <span class='ocrx_word' id='word_1_74' title='bbox 1035 1352 1090 1395; x_wconf 85' lang='lat' dir='ltr'><strong>et</strong></span> <span class='ocrx_word' id='word_1_75' title='bbox 1134 1341 1382 1410; x_wconf 84' lang='lat' dir='ltr'><strong>ejusdem</strong></span> <span class='ocrx_word' id='word_1_76' title='bbox 1419 1338 1880 1392; x_wconf 79' lang='lat' dir='ltr'><strong>ratiocinationes</strong></span> <span class='ocrx_word' id='word_1_77' title='bbox 1910 1352 2076 1406; x_wconf 81' lang='lat' dir='ltr'><strong>argn—</strong></span> 
     </span>
    </p>
   </div>
   <div class='ocr_carea' id='block_1_13' title="bbox 494 1419 2075 1498">
    <p class='ocr_par' dir='ltr' id='par_1_13' title="bbox 494 1419 2075 1498">
     <span class='ocr_line' id='line_1_13' title="bbox 494 1419 2075 1498; baseline -0.004 -11"><span class='ocrx_word' id='word_1_78' title='bbox 494 1419 688 1496; x_wconf 78' lang='lat' dir='ltr'><strong>endas,</strong></span> <span class='ocrx_word' id='word_1_79' title='bbox 724 1435 797 1487; x_wconf 88' lang='lat' dir='ltr'><strong>ita</strong></span> <span class='ocrx_word' id='word_1_80' title='bbox 833 1443 890 1487; x_wconf 89' lang='lat' dir='ltr'><strong>ut</strong></span> <span class='ocrx_word' id='word_1_81' title='bbox 942 1433 1010 1487; x_wconf 89' lang='lat' dir='ltr'><strong>de</strong></span> <span class='ocrx_word' id='word_1_82' title='bbox 1051 1439 1256 1486; x_wconf 65' lang='lat' dir='ltr'><strong>caetero</strong></span> <span class='ocrx_word' id='word_1_83' title='bbox 1289 1445 1468 1498; x_wconf 88' lang='lat' dir='ltr'><strong>neque</strong></span> <span class='ocrx_word' id='word_1_84' title='bbox 1524 1428 1832 1498; x_wconf 77' lang='lat' dir='ltr'><strong>apologiam</strong></span> <span class='ocrx_word' id='word_1_85' title='bbox 1884 1436 2075 1480; x_wconf 88' lang='lat' dir='ltr'><strong>contra</strong></span> 
     </span>
    </p>
   </div>
   <div class='ocr_carea' id='block_1_14' title="bbox 495 1522 2076 1591">
    <p class='ocr_par' dir='ltr' id='par_1_14' title="bbox 495 1522 2076 1591">
     <span class='ocr_line' id='line_1_14' title="bbox 495 1522 2076 1591; baseline -0.007 -8"><span class='ocrx_word' id='word_1_86' title='bbox 495 1529 601 1583; x_wconf 71' lang='lat' dir='ltr'><strong>ista</strong></span> <span class='ocrx_word' id='word_1_87' title='bbox 664 1527 1032 1584; x_wconf 79' lang='lat' dir='ltr'><strong>necessariam</strong></span> <span class='ocrx_word' id='word_1_88' title='bbox 1069 1541 1190 1580; x_wconf 85' lang='lat' dir='ltr'><strong>esse</strong></span> <span class='ocrx_word' id='word_1_89' title='bbox 1242 1540 1520 1591; x_wconf 75' lang='lat' dir='ltr'><strong>censeres.</strong></span> <span class='ocrx_word' id='word_1_90' title='bbox 1585 1523 1876 1578; x_wconf 79' lang='lat' dir='ltr'><strong>Sufficiunt</strong></span> <span class='ocrx_word' id='word_1_91' title='bbox 1924 1522 2076 1576; x_wconf 89' lang='lat' dir='ltr'><strong>enim</strong></span> 
     </span>
    </p>
   </div>
   <div class='ocr_carea' id='block_1_15' title="bbox 494 1603 2078 1690">
    <p class='ocr_par' dir='ltr' id='par_1_15' title="bbox 494 1603 2078 1690">
     <span class='ocr_line' id='line_1_15' title="bbox 494 1603 2078 1690; baseline -0.005 -14"><span class='ocrx_word' id='word_1_92' title='bbox 494 1621 728 1690; x_wconf 84' lang='lat' dir='ltr'><strong>Cydonii</strong></span> <span class='ocrx_word' id='word_1_93' title='bbox 759 1620 1025 1689; x_wconf 63' lang='lat' dir='ltr'><strong>apologis:</strong></span> <span class='ocrx_word' id='word_1_94' title='bbox 1052 1627 1108 1672; x_wconf 91' lang='lat' dir='ltr'><strong>et</strong></span> <span class='ocrx_word' id='word_1_95' title='bbox 1142 1617 1402 1682; x_wconf 75' lang='lat' dir='ltr'><strong>maxime,</strong></span> <span class='ocrx_word' id='word_1_96' title='bbox 1434 1626 1490 1670; x_wconf 92' lang='lat' dir='ltr'><strong>et</strong></span> <span class='ocrx_word' id='word_1_97' title='bbox 1520 1623 1712 1669; x_wconf 89' lang='lat' dir='ltr'><strong>contra</strong></span> <span class='ocrx_word' id='word_1_98' title='bbox 1742 1631 1835 1669; x_wconf 88' lang='lat' dir='ltr'><strong>eas</strong></span> <span class='ocrx_word' id='word_1_99' title='bbox 1867 1603 1950 1668; x_wconf 15' lang='lat' dir='ltr'><strong>nil.</strong></span> <span class='ocrx_word' id='word_1_100' title='bbox 1979 1629 2078 1683; x_wconf 87' lang='lat' dir='ltr'><strong>po-</strong></span> 
     </span>
    </p>
   </div>
   <div class='ocr_carea' id='block_1_16' title="bbox 499 1710 2079 1784">
    <p class='ocr_par' dir='ltr' id='par_1_16' title="bbox 499 1710 2079 1784">
     <span class='ocr_line' id='line_1_16' title="bbox 499 1710 2079 1784; baseline -0.004 -17"><span class='ocrx_word' id='word_1_101' title='bbox 499 1715 634 1768; x_wconf 89' lang='lat' dir='ltr'><strong>teris</strong></span> <span class='ocrx_word' id='word_1_102' title='bbox 669 1729 952 1784; x_wconf 73' lang='lat' dir='ltr'><strong>oggerere,</strong></span> <span class='ocrx_word' id='word_1_103' title='bbox 998 1711 1445 1782; x_wconf 82' lang='lat' dir='ltr'><strong>quandoquidem</strong></span> <span class='ocrx_word' id='word_1_104' title='bbox 1479 1710 1767 1778; x_wconf 80' lang='lat' dir='ltr'><strong>hucusque</strong></span> <span class='ocrx_word' id='word_1_105' title='bbox 1811 1724 1919 1763; x_wconf 92' lang='lat' dir='ltr'><strong>non</strong></span> <span class='ocrx_word' id='word_1_106' title='bbox 1981 1724 2079 1777; x_wconf 89' lang='lat' dir='ltr'><strong>po-</strong></span> 
     </span>
    </p>
   </div>
   <div class='ocr_carea' id='block_1_17' title="bbox 499 1801 2076 1860">
    <p class='ocr_par' dir='ltr' id='par_1_17' title="bbox 499 1801 2076 1860">
     <span class='ocr_line' id='line_1_17' title="bbox 499 1801 2076 1860; baseline -0.003 -1"><span class='ocrx_word' id='word_1_107' title='bbox 499 1806 675 1860; x_wconf 88' lang='lat' dir='ltr'><strong>tuisti.</strong></span> <span class='ocrx_word' id='word_1_108' title='bbox 707 1805 910 1859; x_wconf 83' lang='lat' dir='ltr'><strong>Verum</strong></span> <span class='ocrx_word' id='word_1_109' title='bbox 950 1812 1009 1858; x_wconf 91' lang='lat' dir='ltr'><strong>ut</strong></span> <span class='ocrx_word' id='word_1_110' title='bbox 1035 1820 1180 1857; x_wconf 90' lang='lat' dir='ltr'><strong>nunc</strong></span> <span class='ocrx_word' id='word_1_111' title='bbox 1213 1803 1396 1857; x_wconf 87' lang='lat' dir='ltr'><strong>discas</strong></span> <span class='ocrx_word' id='word_1_112' title='bbox 1425 1817 1547 1856; x_wconf 86' lang='lat' dir='ltr'><strong>esse</strong></span> <span class='ocrx_word' id='word_1_113' title='bbox 1585 1802 1736 1855; x_wconf 87' lang='lat' dir='ltr'><strong>viros</strong></span> <span class='ocrx_word' id='word_1_114' title='bbox 1760 1817 1868 1855; x_wconf 90' lang='lat' dir='ltr'><strong>non</strong></span> <span class='ocrx_word' id='word_1_115' title='bbox 1899 1801 2076 1855; x_wconf 88' lang='lat' dir='ltr'><strong>solum</strong></span> 
     </span>
    </p>
   </div>
   <div class='ocr_carea' id='block_1_18' title="bbox 502 1893 2078 1966">
    <p class='ocr_par' dir='ltr' id='par_1_18' title="bbox 502 1893 2078 1966">
     <span class='ocr_line' id='line_1_18' title="bbox 502 1893 2078 1966; baseline -0.003 -15"><span class='ocrx_word' id='word_1_116' title='bbox 502 1907 555 1951; x_wconf 92' lang='lat' dir='ltr'><strong>te</strong></span> <span class='ocrx_word' id='word_1_117' title='bbox 584 1896 970 1966; x_wconf 80' lang='lat' dir='ltr'><strong>sapientiores,</strong></span> <span class='ocrx_word' id='word_1_118' title='bbox 1001 1896 1098 1950; x_wconf 87' lang='lat' dir='ltr'><strong>sed</strong></span> <span class='ocrx_word' id='word_1_119' title='bbox 1123 1896 1288 1950; x_wconf 87' lang='lat' dir='ltr'><strong>etiam</strong></span> <span class='ocrx_word' id='word_1_120' title='bbox 1319 1893 1592 1966; x_wconf 82' lang='lat' dir='ltr'><strong>Cydonio,</strong></span> <span class='ocrx_word' id='word_1_121' title='bbox 1618 1895 1710 1961; x_wconf 89' lang='lat' dir='ltr'><strong>qui</strong></span> <span class='ocrx_word' id='word_1_122' title='bbox 1750 1903 1929 1947; x_wconf 87' lang='lat' dir='ltr'><strong>tamen</strong></span> <span class='ocrx_word' id='word_1_123' title='bbox 1966 1909 2078 1962; x_wconf 72' lang='lat' dir='ltr'><strong>prae</strong></span> 
     </span>
    </p>
   </div>
   <div class='ocr_carea' id='block_1_19' title="bbox 503 1985 2078 2059">
    <p class='ocr_par' dir='ltr' id='par_1_19' title="bbox 503 1985 2078 2059">
     <span class='ocr_line' id='line_1_19' title="bbox 503 1985 2078 2059; baseline -0.004 -15"><span class='ocrx_word' id='word_1_124' title='bbox 503 1991 613 2044; x_wconf 90' lang='lat' dir='ltr'><strong>tuis</strong></span> <span class='ocrx_word' id='word_1_125' title='bbox 648 1989 928 2059; x_wconf 82' lang='lat' dir='ltr'><strong>magistris</strong></span> <span class='ocrx_word' id='word_1_126' title='bbox 962 2001 1296 2058; x_wconf 79' lang='lat' dir='ltr'><strong>magnopere</strong></span> <span class='ocrx_word' id='word_1_127' title='bbox 1335 1986 1570 2046; x_wconf 81' lang='lat' dir='ltr'><strong>excellit.</strong></span> <span class='ocrx_word' id='word_1_128' title='bbox 1618 1985 1916 2050; x_wconf 85' lang='lat' dir='ltr'><strong>doctiores,</strong></span> <span class='ocrx_word' id='word_1_129' title='bbox 1945 1999 2078 2038; x_wconf 83' lang='lat' dir='ltr'><strong>con-</strong></span> 
     </span>
    </p>
   </div>
   <div class='ocr_carea' id='block_1_20' title="bbox 498 2077 2078 2147">
    <p class='ocr_par' dir='ltr' id='par_1_20' title="bbox 498 2077 2078 2147">
     <span class='ocr_line' id='line_1_20' title="bbox 498 2077 2078 2147; baseline -0.002 -11"><span class='ocrx_word' id='word_1_130' title='bbox 498 2083 749 2136; x_wconf 87' lang='lat' dir='ltr'><strong>cedimus</strong></span> <span class='ocrx_word' id='word_1_131' title='bbox 784 2080 908 2142; x_wconf 90' lang='lat' dir='ltr'><strong>tibi,</strong></span> <span class='ocrx_word' id='word_1_132' title='bbox 940 2079 1210 2134; x_wconf 88' lang='lat' dir='ltr'><strong>Thomam</strong></span> <span class='ocrx_word' id='word_1_133' title='bbox 1268 2078 1322 2132; x_wconf 89' lang='lat' dir='ltr'><strong>in</strong></span> <span class='ocrx_word' id='word_1_134' title='bbox 1365 2077 1451 2131; x_wconf 88' lang='lat' dir='ltr'><strong>his</strong></span> <span class='ocrx_word' id='word_1_135' title='bbox 1489 2092 1602 2131; x_wconf 90' lang='lat' dir='ltr'><strong>non</strong></span> <span class='ocrx_word' id='word_1_136' title='bbox 1655 2078 1933 2147; x_wconf 77' lang='lat' dir='ltr'><strong>stringens</strong></span> <span class='ocrx_word' id='word_1_137' title='bbox 1976 2077 2078 2133; x_wconf 47' lang='lat' dir='ltr'><strong>dee</strong></span> 
     </span>
    </p>
   </div>
   <div class='ocr_carea' id='block_1_21' title="bbox 499 2169 2078 2244">
    <p class='ocr_par' dir='ltr' id='par_1_21' title="bbox 499 2169 2078 2244">
     <span class='ocr_line' id='line_1_21' title="bbox 499 2169 2078 2244; baseline -0.003 -15"><span class='ocrx_word' id='word_1_138' title='bbox 499 2174 648 2229; x_wconf 89' lang='lat' dir='ltr'><strong>disse</strong></span> <span class='ocrx_word' id='word_1_139' title='bbox 680 2181 1066 2244; x_wconf 78' lang='lat' dir='ltr'><strong>argumentum</strong></span> <span class='ocrx_word' id='word_1_140' title='bbox 1111 2181 1170 2226; x_wconf 89' lang='lat' dir='ltr'><strong>et</strong></span> <span class='ocrx_word' id='word_1_141' title='bbox 1219 2169 1527 2241; x_wconf 82' lang='lat' dir='ltr'><strong>Cydonium</strong></span> <span class='ocrx_word' id='word_1_142' title='bbox 1564 2170 1614 2225; x_wconf 91' lang='lat' dir='ltr'><strong>ei</strong></span> <span class='ocrx_word' id='word_1_143' title='bbox 1646 2169 2078 2240; x_wconf 77' lang='lat' dir='ltr'><strong>patrocinentem</strong></span> 
     </span>
    </p>
   </div>
   <div class='ocr_carea' id='block_1_22' title="bbox 503 2261 2082 2333">
    <p class='ocr_par' dir='ltr' id='par_1_22' title="bbox 503 2261 2082 2333">
     <span class='ocr_line' id='line_1_22' title="bbox 503 2261 2082 2333; baseline -0.003 -13"><span class='ocrx_word' id='word_1_144' title='bbox 503 2267 560 2320; x_wconf 88' lang='lat' dir='ltr'><strong>itt</strong></span> <span class='ocrx_word' id='word_1_145' title='bbox 598 2265 724 2320; x_wconf 88' lang='lat' dir='ltr'><strong>aliis</strong></span> <span class='ocrx_word' id='word_1_146' title='bbox 766 2264 990 2333; x_wconf 88' lang='lat' dir='ltr'><strong>quidem</strong></span> <span class='ocrx_word' id='word_1_147' title='bbox 1035 2271 1084 2317; x_wconf 87' lang='lat' dir='ltr'><strong>et</strong></span> <span class='ocrx_word' id='word_1_148' title='bbox 1134 2263 1373 2332; x_wconf 80' lang='lat' dir='ltr'><strong>ingenue</strong></span> <span class='ocrx_word' id='word_1_149' title='bbox 1400 2272 1451 2317; x_wconf 90' lang='lat' dir='ltr'><strong>ct</strong></span> <span class='ocrx_word' id='word_1_150' title='bbox 1477 2277 1603 2317; x_wconf 90' lang='lat' dir='ltr'><strong>cum</strong></span> <span class='ocrx_word' id='word_1_151' title='bbox 1638 2264 1868 2317; x_wconf 83' lang='lat' dir='ltr'><strong>veritate</strong></span> <span class='ocrx_word' id='word_1_152' title='bbox 1903 2261 1956 2316; x_wconf 92' lang='lat' dir='ltr'><strong>id</strong></span> <span class='ocrx_word' id='word_1_153' title='bbox 2000 2261 2082 2315; x_wconf 85' lang='lat' dir='ltr'><strong>fa-</strong></span> 
     </span>
    </p>
   </div>
   <div class='ocr_carea' id='block_1_23' title="bbox 499 2355 2082 2425">
    <p class='ocr_par' dir='ltr' id='par_1_23' title="bbox 499 2355 2082 2425">
     <span class='ocr_line' id='line_1_23' title="bbox 499 2355 2082 2425; baseline -0.003 -13"><span class='ocrx_word' id='word_1_154' title='bbox 499 2371 648 2420; x_wconf 89' lang='lat' dir='ltr'><strong>cere,</strong></span> <span class='ocrx_word' id='word_1_155' title='bbox 699 2359 802 2410; x_wconf 85' lang='lat' dir='ltr'><strong>hac</strong></span> <span class='ocrx_word' id='word_1_156' title='bbox 837 2371 971 2411; x_wconf 90' lang='lat' dir='ltr'><strong>vero</strong></span> <span class='ocrx_word' id='word_1_157' title='bbox 1007 2355 1061 2409; x_wconf 91' lang='lat' dir='ltr'><strong>in</strong></span> <span class='ocrx_word' id='word_1_158' title='bbox 1096 2364 1250 2425; x_wconf 80' lang='lat' dir='ltr'><strong>parte</strong></span> <span class='ocrx_word' id='word_1_159' title='bbox 1297 2355 1556 2410; x_wconf 77' lang='lat' dir='ltr'><strong>nobiliter</strong></span> <span class='ocrx_word' id='word_1_160' title='bbox 1601 2363 1658 2409; x_wconf 89' lang='lat' dir='ltr'><strong>et</strong></span> <span class='ocrx_word' id='word_1_161' title='bbox 1696 2363 1844 2409; x_wconf 91' lang='lat' dir='ltr'><strong>recte</strong></span> <span class='ocrx_word' id='word_1_162' title='bbox 1892 2364 2082 2410; x_wconf 86' lang='lat' dir='ltr'><strong>contra</strong></span> 
     </span>
    </p>
   </div>
   <div class='ocr_carea' id='block_1_24' title="bbox 501 2445 2083 2519">
    <p class='ocr_par' dir='ltr' id='par_1_24' title="bbox 501 2445 2083 2519">
     <span class='ocr_line' id='line_1_24' title="bbox 501 2445 2083 2519; baseline -0.003 -16"><span class='ocrx_word' id='word_1_163' title='bbox 501 2450 811 2505; x_wconf 82' lang='lat' dir='ltr'><strong>Cabasilam</strong></span> <span class='ocrx_word' id='word_1_164' title='bbox 843 2463 1118 2519; x_wconf 76' lang='lat' dir='ltr'><strong>pugnare,</strong></span> <span class='ocrx_word' id='word_1_165' title='bbox 1147 2449 1240 2518; x_wconf 90' lang='lat' dir='ltr'><strong>qui</strong></span> <span class='ocrx_word' id='word_1_166' title='bbox 1269 2445 1538 2502; x_wconf 86' lang='lat' dir='ltr'><strong>Thomam</strong></span> <span class='ocrx_word' id='word_1_167' title='bbox 1572 2462 1631 2502; x_wconf 90' lang='lat' dir='ltr'><strong>se</strong></span> <span class='ocrx_word' id='word_1_168' title='bbox 1667 2446 1912 2501; x_wconf 77' lang='lat' dir='ltr'><strong>refutare</strong></span> <span class='ocrx_word' id='word_1_169' title='bbox 1958 2447 2083 2517; x_wconf 69' lang='lat' dir='ltr'><strong>opio</strong></span> 
     </span>
    </p>
   </div>
   <div class='ocr_carea' id='block_1_25' title="bbox 502 2539 2081 2610">
    <p class='ocr_par' dir='ltr' id='par_1_25' title="bbox 502 2539 2081 2610">
     <span class='ocr_line' id='line_1_25' title="bbox 502 2539 2081 2610; baseline -0.001 -14"><span class='ocrx_word' id='word_1_170' title='bbox 502 2543 744 2598; x_wconf 88' lang='lat' dir='ltr'><strong>nabatur</strong></span> <span class='ocrx_word' id='word_1_171' title='bbox 799 2543 1115 2596; x_wconf 85' lang='lat' dir='ltr'><strong>nullatenus</strong></span> <span class='ocrx_word' id='word_1_172' title='bbox 1147 2540 1199 2595; x_wconf 88' lang='lat' dir='ltr'><strong>id</strong></span> <span class='ocrx_word' id='word_1_173' title='bbox 1251 2541 1461 2604; x_wconf 85' lang='lat' dir='ltr'><strong>valens,</strong></span> <span class='ocrx_word' id='word_1_174' title='bbox 1495 2541 1641 2610; x_wconf 92' lang='lat' dir='ltr'><strong>quod</strong></span> <span class='ocrx_word' id='word_1_175' title='bbox 1676 2539 1744 2594; x_wconf 90' lang='lat' dir='ltr'><strong>ad</strong></span> <span class='ocrx_word' id='word_1_176' title='bbox 1795 2540 2081 2595; x_wconf 83' lang='lat' dir='ltr'><strong>veritatem</strong></span> 
     </span>
    </p>
   </div>
   <div class='ocr_carea' id='block_1_26' title="bbox 506 2631 2084 2703">
    <p class='ocr_par' dir='ltr' id='par_1_26' title="bbox 506 2631 2084 2703">
     <span class='ocr_line' id='line_1_26' title="bbox 506 2631 2084 2703; baseline -0.001 -17"><span class='ocrx_word' id='word_1_177' title='bbox 506 2645 688 2688; x_wconf 91' lang='lat' dir='ltr'><strong>tamen</strong></span> <span class='ocrx_word' id='word_1_178' title='bbox 739 2641 973 2703; x_wconf 87' lang='lat' dir='ltr'><strong>spectat.</strong></span> <span class='ocrx_word' id='word_1_179' title='bbox 1019 2632 1249 2686; x_wconf 88' lang='lat' dir='ltr'><strong>minime</strong></span> <span class='ocrx_word' id='word_1_180' title='bbox 1295 2641 1421 2700; x_wconf 89' lang='lat' dir='ltr'><strong>apte</strong></span> <span class='ocrx_word' id='word_1_181' title='bbox 1470 2647 1535 2685; x_wconf 83' lang='lat' dir='ltr'><strong>ac</strong></span> <span class='ocrx_word' id='word_1_182' title='bbox 1585 2631 1789 2687; x_wconf 82' lang='lat' dir='ltr'><strong>valide.</strong></span> <span class='ocrx_word' id='word_1_183' title='bbox 1825 2631 1933 2687; x_wconf 89' lang='lat' dir='ltr'><strong>Sed</strong></span> <span class='ocrx_word' id='word_1_184' title='bbox 1971 2646 2084 2686; x_wconf 88' lang='lat' dir='ltr'><strong>non</strong></span> 
     </span>
    </p>
   </div>
   <div class='ocr_carea' id='block_1_27' title="bbox 421 2723 2084 2795">
    <p class='ocr_par' dir='ltr' id='par_1_27' title="bbox 421 2723 2084 2795">
     <span class='ocr_line' id='line_1_27' title="bbox 421 2723 2084 2795; baseline -0.001 -13"><span class='ocrx_word' id='word_1_185' title='bbox 421 2765 424 2768; x_wconf 42' lang='lat'><strong>.</strong></span> <span class='ocrx_word' id='word_1_186' title='bbox 504 2725 712 2782; x_wconf 77' lang='lat' dir='ltr'><strong>eximie</strong></span> <span class='ocrx_word' id='word_1_187' title='bbox 746 2726 869 2794; x_wconf 87' lang='lat' dir='ltr'><strong>ejus</strong></span> <span class='ocrx_word' id='word_1_188' title='bbox 895 2739 1118 2795; x_wconf 91' lang='lat' dir='ltr'><strong>quoque</strong></span> <span class='ocrx_word' id='word_1_189' title='bbox 1156 2723 1570 2779; x_wconf 91' lang='lat' dir='ltr'><strong>conclusionem</strong></span> <span class='ocrx_word' id='word_1_190' title='bbox 1607 2724 1970 2790; x_wconf 88' lang='lat' dir='ltr'><strong>destruimus,</strong></span> <span class='ocrx_word' id='word_1_191' title='bbox 2013 2725 2084 2780; x_wconf 89' lang='lat' dir='ltr'><strong>ob</strong></span> 
     </span>
    </p>
   </div>
   <div class='ocr_carea' id='block_1_28' title="bbox 507 2815 2084 2887">
    <p class='ocr_par' dir='ltr' id='par_1_28' title="bbox 507 2815 2084 2887">
     <span class='ocr_line' id='line_1_28' title="bbox 507 2815 2084 2887; baseline -0.003 -12"><span class='ocrx_word' id='word_1_192' title='bbox 507 2834 701 2875; x_wconf 88' lang='lat' dir='ltr'><strong>causas</strong></span> <span class='ocrx_word' id='word_1_193' title='bbox 751 2831 888 2887; x_wconf 88' lang='lat' dir='ltr'><strong>quas</strong></span> <span class='ocrx_word' id='word_1_194' title='bbox 945 2817 1107 2886; x_wconf 91' lang='lat' dir='ltr'><strong>paulo</strong></span> <span class='ocrx_word' id='word_1_195' title='bbox 1157 2826 1285 2870; x_wconf 89' lang='lat' dir='ltr'><strong>ante</strong></span> <span class='ocrx_word' id='word_1_196' title='bbox 1346 2815 1610 2871; x_wconf 74' lang='lat' dir='ltr'><strong>diximus.</strong></span> <span class='ocrx_word' id='word_1_197' title='bbox 1705 2815 2084 2872; x_wconf 80' lang='lat' dir='ltr'><strong>Sufﬁcientem</strong></span> 
     </span>
    </p>
   </div>
   <div class='ocr_carea' id='block_1_29' title="bbox 508 2905 2086 2975">
    <p class='ocr_par' dir='ltr' id='par_1_29' title="bbox 508 2905 2086 2975">
     <span class='ocr_line' id='line_1_29' title="bbox 508 2905 2086 2975; baseline -0.001 -11"><span class='ocrx_word' id='word_1_198' title='bbox 508 2910 655 2964; x_wconf 89' lang='lat' dir='ltr'><strong>enim</strong></span> <span class='ocrx_word' id='word_1_199' title='bbox 689 2907 814 2961; x_wconf 87' lang='lat' dir='ltr'><strong>Filii</strong></span> <span class='ocrx_word' id='word_1_200' title='bbox 845 2916 902 2961; x_wconf 90' lang='lat' dir='ltr'><strong>et</strong></span> <span class='ocrx_word' id='word_1_201' title='bbox 929 2905 1140 2975; x_wconf 89' lang='lat' dir='ltr'><strong>Spiritu</strong></span> <span class='ocrx_word' id='word_1_202' title='bbox 1190 2905 1605 2961; x_wconf 89' lang='lat' dir='ltr'><strong>distinctionem</strong></span> <span class='ocrx_word' id='word_1_203' title='bbox 1643 2920 1767 2962; x_wconf 88' lang='lat' dir='ltr'><strong>esse</strong></span> <span class='ocrx_word' id='word_1_204' title='bbox 1810 2906 2086 2962; x_wconf 82' lang='lat' dir='ltr'><strong>diversam</strong></span> 
     </span>
    </p>
   </div>
   <div class='ocr_carea' id='block_1_30' title="bbox 511 2995 2088 3068">
    <p class='ocr_par' dir='ltr' id='par_1_30' title="bbox 511 2995 2088 3068">
     <span class='ocr_line' id='line_1_30' title="bbox 511 2995 2088 3068; baseline 0.001 -15"><span class='ocrx_word' id='word_1_205' title='bbox 511 2999 803 3068; x_wconf 86' lang='lat' dir='ltr'><strong>utriusque</strong></span> <span class='ocrx_word' id='word_1_206' title='bbox 833 3013 897 3052; x_wconf 82' lang='lat' dir='ltr'><strong>ex</strong></span> <span class='ocrx_word' id='word_1_207' title='bbox 943 2995 1106 3051; x_wconf 89' lang='lat' dir='ltr'><strong>Patre</strong></span> <span class='ocrx_word' id='word_1_208' title='bbox 1155 2998 1624 3068; x_wconf 80' lang='lat' dir='ltr'><strong>progressionem,</strong></span> <span class='ocrx_word' id='word_1_209' title='bbox 1671 3001 1992 3054; x_wconf 88' lang='lat' dir='ltr'><strong>concedunt</strong></span> <span class='ocrx_word' id='word_1_210' title='bbox 2031 3011 2088 3055; x_wconf 81' lang='lat' dir='ltr'><strong>et</strong></span> 
     </span>
    </p>
   </div>
   <div class='ocr_carea' id='block_1_31' title="bbox 513 3090 2088 3162">
    <p class='ocr_par' dir='ltr' id='par_1_31' title="bbox 513 3090 2088 3162">
     <span class='ocr_line' id='line_1_31' title="bbox 513 3090 2088 3162; baseline 0.001 -16"><span class='ocrx_word' id='word_1_211' title='bbox 513 3091 724 3146; x_wconf 80' lang='lat' dir='ltr'><strong>Tltoma</strong></span> <span class='ocrx_word' id='word_1_212' title='bbox 761 3091 1122 3160; x_wconf 85' lang='lat' dir='ltr'><strong>posteriores;</strong></span> <span class='ocrx_word' id='word_1_213' title='bbox 1157 3090 1263 3144; x_wconf 83' lang='lat' dir='ltr'><strong>hoc</strong></span> <span class='ocrx_word' id='word_1_214' title='bbox 1294 3106 1427 3146; x_wconf 89' lang='lat' dir='ltr'><strong>vero</strong></span> <span class='ocrx_word' id='word_1_215' title='bbox 1452 3091 1631 3161; x_wconf 87' lang='lat' dir='ltr'><strong>ipsum</strong></span> <span class='ocrx_word' id='word_1_216' title='bbox 1653 3108 1816 3162; x_wconf 90' lang='lat' dir='ltr'><strong>quam</strong></span> <span class='ocrx_word' id='word_1_217' title='bbox 1853 3095 2088 3148; x_wconf 81' lang='lat' dir='ltr'><strong>maxime</strong></span> 
     </span>
    </p>
   </div>
   <div class='ocr_carea' id='block_1_32' title="bbox 2179 595 3758 670">
    <p class='ocr_par' dir='ltr' id='par_1_32' title="bbox 2179 595 3758 670">
     <span class='ocr_line' id='line_1_32' title="bbox 2179 595 3758 670; baseline 0.005 -25"><span class='ocrx_word' id='word_1_218' title='bbox 2179 595 2300 664; x_wconf 86' lang='grc' dir='ltr'>ρίαν</span> <span class='ocrx_word' id='word_1_219' title='bbox 2331 596 2547 666; x_wconf 83' lang='grc' dir='ltr'>ἐκείνην</span> <span class='ocrx_word' id='word_1_220' title='bbox 2583 599 2897 667; x_wconf 74' lang='grc' dir='ltr'><strong>ἐλέγχοντα,</strong></span> <span class='ocrx_word' id='word_1_221' title='bbox 2931 597 3081 669; x_wconf 76' lang='grc' dir='ltr'>ζήλῳ</span> <span class='ocrx_word' id='word_1_222' title='bbox 3115 600 3235 664; x_wconf 74' lang='grc' dir='ltr'><strong>’τῆς</strong></span> <span class='ocrx_word' id='word_1_223' title='bbox 3271 599 3540 670; x_wconf 74' lang='grc' dir='ltr'><strong>ἀληθείας</strong></span> <span class='ocrx_word' id='word_1_224' title='bbox 3577 600 3610 670; x_wconf 81' lang='grc' dir='ltr'>ἢ</span> <span class='ocrx_word' id='word_1_225' title='bbox 3648 619 3758 670; x_wconf 71' lang='grc' dir='ltr'>φειο</span> 
     </span>
    </p>
   </div>
   <div class='ocr_carea' id='block_1_33' title="bbox 2171 687 3759 764">
    <p class='ocr_par' dir='ltr' id='par_1_33' title="bbox 2171 687 3759 764">
     <span class='ocr_line' id='line_1_33' title="bbox 2171 687 3759 764; baseline 0.005 -24"><span class='ocrx_word' id='word_1_226' title='bbox 2171 687 2256 741; x_wconf 82' lang='grc' dir='ltr'><strong>δοῖ</strong></span> <span class='ocrx_word' id='word_1_227' title='bbox 2303 689 2404 760; x_wconf 83' lang='grc' dir='ltr'>τῆς</span> <span class='ocrx_word' id='word_1_228' title='bbox 2459 691 2554 744; x_wconf 70' lang='grc' dir='ltr'><strong>τοῦ</strong></span> <span class='ocrx_word' id='word_1_229' title='bbox 2605 693 2898 746; x_wconf 75' lang='grc' dir='ltr'>Καδασίλα</span> <span class='ocrx_word' id='word_1_230' title='bbox 2931 693 3093 763; x_wconf 80' lang='grc' dir='ltr'>δόξης</span> <span class='ocrx_word' id='word_1_231' title='bbox 3143 693 3432 762; x_wconf 72' lang='grc' dir='ltr'><strong>τοσαύτην</strong></span> <span class='ocrx_word' id='word_1_232' title='bbox 3483 697 3759 764; x_wconf 76' lang='grc' dir='ltr'>συμφορὰν</span> 
     </span>
    </p>
   </div>
   <div class='ocr_carea' id='block_1_34' title="bbox 2172 783 3760 856">
    <p class='ocr_par' dir='ltr' id='par_1_34' title="bbox 2172 783 3760 856">
     <span class='ocr_line' id='line_1_34' title="bbox 2172 783 3760 856; baseline 0.001 -21"><span class='ocrx_word' id='word_1_233' title='bbox 2172 783 2524 847; x_wconf 80' lang='grc' dir='ltr'><strong>πεπονθυίας.</strong></span> <span class='ocrx_word' id='word_1_234' title='bbox 2560 785 2805 848; x_wconf 83' lang='grc' dir='ltr'>Ταύταις</span> <span class='ocrx_word' id='word_1_235' title='bbox 2849 786 3031 839; x_wconf 78' lang='grc' dir='ltr'><strong>τοίνυν</strong></span> <span class='ocrx_word' id='word_1_236' title='bbox 3068 787 3192 850; x_wconf 77' lang='grc' dir='ltr'>ταῖς</span> <span class='ocrx_word' id='word_1_237' title='bbox 3219 784 3493 856; x_wconf 74' lang='grc' dir='ltr'><strong>ἀρχαίαις</strong></span> <span class='ocrx_word' id='word_1_238' title='bbox 3531 787 3626 839; x_wconf 76' lang='grc' dir='ltr'>καὶ</span> <span class='ocrx_word' id='word_1_239' title='bbox 3656 787 3760 839; x_wconf 77' lang='grc' dir='ltr'>ἀτι-</span> 
     </span>
    </p>
   </div>
   <div class='ocr_carea' id='block_1_35' title="bbox 2175 874 3761 946">
    <p class='ocr_par' dir='ltr' id='par_1_35' title="bbox 2175 874 3761 946">
     <span class='ocr_line' id='line_1_35' title="bbox 2175 874 3761 946; baseline 0.001 -19"><span class='ocrx_word' id='word_1_240' title='bbox 2175 874 2480 943; x_wconf 81' lang='grc' dir='ltr'>μωθείσαις</span> <span class='ocrx_word' id='word_1_241' title='bbox 2514 877 2850 944; x_wconf 75' lang='grc' dir='ltr'><strong>ἀντιλογίαις</strong></span> <span class='ocrx_word' id='word_1_242' title='bbox 2907 878 3075 932; x_wconf 82' lang='grc' dir='ltr'>πάλιν</span> <span class='ocrx_word' id='word_1_243' title='bbox 3118 878 3200 941; x_wconf 79' lang='grc' dir='ltr'>ὡς</span> <span class='ocrx_word' id='word_1_244' title='bbox 3251 879 3536 946; x_wconf 76' lang='grc' dir='ltr'>γενναίοις</span> <span class='ocrx_word' id='word_1_245' title='bbox 3585 877 3761 938; x_wconf 78' lang='grc' dir='ltr'>ὅπλοις</span> 
     </span>
    </p>
   </div>
   <div class='ocr_carea' id='block_1_36' title="bbox 2174 968 3759 1041">
    <p class='ocr_par' dir='ltr' id='par_1_36' title="bbox 2174 968 3759 1041">
     <span class='ocr_line' id='line_1_36' title="bbox 2174 968 3759 1041; baseline 0.002 -21"><span class='ocrx_word' id='word_1_246' title='bbox 2174 968 2392 1038; x_wconf 70' lang='grc' dir='ltr'>θαρρῶν</span> <span class='ocrx_word' id='word_1_247' title='bbox 2437 974 2549 1034; x_wconf 82' lang='grc' dir='ltr'>τοῖς</span> <span class='ocrx_word' id='word_1_248' title='bbox 2608 971 2844 1040; x_wconf 82' lang='grc' dir='ltr'><strong>πρώτως</strong></span> <span class='ocrx_word' id='word_1_249' title='bbox 2917 970 3209 1041; x_wconf 72' lang='grc' dir='ltr'>ἐξευροῦσι</span> <span class='ocrx_word' id='word_1_250' title='bbox 3295 971 3759 1038; x_wconf 77' lang='grc' dir='ltr'>συγκινδυνεύεις.</span> 
     </span>
    </p>
   </div>
   <div class='ocr_carea' id='block_1_37' title="bbox 2188 1059 3761 1130">
    <p class='ocr_par' dir='ltr' id='par_1_37' title="bbox 2188 1059 3761 1130">
     <span class='ocr_line' id='line_1_37' title="bbox 2188 1059 3761 1130; baseline 0.001 -19"><span class='ocrx_word' id='word_1_251' title='bbox 2188 1059 2391 1129; x_wconf 76' lang='grc' dir='ltr'>Ἐχρῆν</span> <span class='ocrx_word' id='word_1_252' title='bbox 2443 1061 2499 1114; x_wconf 85' lang='grc' dir='ltr'><strong>δέ</strong></span> <span class='ocrx_word' id='word_1_253' title='bbox 2557 1079 2616 1114; x_wconf 89' lang='grc' dir='ltr'><strong>σε</strong></span> <span class='ocrx_word' id='word_1_254' title='bbox 2671 1061 2876 1130; x_wconf 81' lang='grc' dir='ltr'>μᾶλλον</span> <span class='ocrx_word' id='word_1_255' title='bbox 2907 1061 3083 1124; x_wconf 78' lang='grc' dir='ltr'>δεῖξαι</span> <span class='ocrx_word' id='word_1_256' title='bbox 3125 1063 3226 1114; x_wconf 71' lang='grc' dir='ltr'><strong>τὸν</strong></span> <span class='ocrx_word' id='word_1_257' title='bbox 3267 1061 3542 1127; x_wconf 77' lang='grc' dir='ltr'>Κυδὼνην</span> <span class='ocrx_word' id='word_1_258' title='bbox 3599 1079 3761 1112; x_wconf 65' lang='grc' dir='ltr'>κατα-</span> 
     </span>
    </p>
   </div>
   <div class='ocr_carea' id='block_1_38' title="bbox 2175 1152 3765 1225">
    <p class='ocr_par' dir='ltr' id='par_1_38' title="bbox 2175 1152 3765 1225">
     <span class='ocr_line' id='line_1_38' title="bbox 2175 1152 3765 1225; baseline 0 -23"><span class='ocrx_word' id='word_1_259' title='bbox 2175 1152 2536 1222; x_wconf 68' lang='grc' dir='ltr'>σοφιζόμενον</span> <span class='ocrx_word' id='word_1_260' title='bbox 2581 1155 2790 1207; x_wconf 80' lang='grc' dir='ltr'>τούτων</span> <span class='ocrx_word' id='word_1_261' title='bbox 2831 1155 2897 1225; x_wconf 77' lang='grc' dir='ltr'>δὴ</span> <span class='ocrx_word' id='word_1_262' title='bbox 2941 1158 3051 1206; x_wconf 82' lang='grc' dir='ltr'><strong>τῶν</strong></span> <span class='ocrx_word' id='word_1_263' title='bbox 3109 1154 3478 1221; x_wconf 80' lang='grc' dir='ltr'>ἀντιλογιῶν,</span> <span class='ocrx_word' id='word_1_264' title='bbox 3520 1153 3616 1206; x_wconf 73' lang='grc' dir='ltr'>καὶ</span> <span class='ocrx_word' id='word_1_265' title='bbox 3660 1154 3765 1205; x_wconf 78' lang='grc' dir='ltr'>τὸτ’</span> 
     </span>
    </p>
   </div>
   <div class='ocr_carea' id='block_1_39' title="bbox 2178 1243 3765 1316">
    <p class='ocr_par' dir='ltr' id='par_1_39' title="bbox 2178 1243 3765 1316">
     <span class='ocr_line' id='line_1_39' title="bbox 2178 1243 3765 1316; baseline -0.001 -20"><span class='ocrx_word' id='word_1_266' title='bbox 2178 1243 2244 1296; x_wconf 82' lang='grc' dir='ltr'>ἂν</span> <span class='ocrx_word' id='word_1_267' title='bbox 2274 1245 2413 1314; x_wconf 74' lang='grc' dir='ltr'>πρὸς</span> <span class='ocrx_word' id='word_1_268' title='bbox 2443 1246 2538 1316; x_wconf 80' lang='grc' dir='ltr'>τὴν</span> <span class='ocrx_word' id='word_1_269' title='bbox 2574 1247 2787 1315; x_wconf 75' lang='grc' dir='ltr'>μέμψιν</span> <span class='ocrx_word' id='word_1_270' title='bbox 2839 1247 3014 1316; x_wconf 78' lang='grc' dir='ltr'>Θωμᾶ</span> <span class='ocrx_word' id='word_1_271' title='bbox 3045 1247 3140 1299; x_wconf 74' lang='grc' dir='ltr'>καὶ</span> <span class='ocrx_word' id='word_1_272' title='bbox 3192 1247 3311 1299; x_wconf 80' lang='grc' dir='ltr'><strong>τῶν</strong></span> <span class='ocrx_word' id='word_1_273' title='bbox 3344 1247 3562 1298; x_wconf 84' lang='grc' dir='ltr'>ἐκείνου</span> <span class='ocrx_word' id='word_1_274' title='bbox 3601 1244 3765 1311; x_wconf 74' lang='grc' dir='ltr'>λόγων</span> 
     </span>
    </p>
   </div>
   <div class='ocr_carea' id='block_1_40' title="bbox 2177 1335 3767 1405">
    <p class='ocr_par' dir='ltr' id='par_1_40' title="bbox 2177 1335 3767 1405">
     <span class='ocr_line' id='line_1_40' title="bbox 2177 1335 3767 1405; baseline 0.001 -20"><span class='ocrx_word' id='word_1_275' title='bbox 2177 1335 2485 1403; x_wconf 77' lang='grc' dir='ltr'>ὲπανῆλθες</span> <span class='ocrx_word' id='word_1_276' title='bbox 2518 1338 2797 1405; x_wconf 78' lang='grc' dir='ltr'>ἐγκαίρως</span> <span class='ocrx_word' id='word_1_277' title='bbox 2819 1352 2833 1364; x_wconf 88' lang='grc'><strong>·</strong></span> <span class='ocrx_word' id='word_1_278' title='bbox 2864 1335 3006 1388; x_wconf 78' lang='grc' dir='ltr'>ὥστε</span> <span class='ocrx_word' id='word_1_279' title='bbox 3062 1353 3120 1388; x_wconf 87' lang='grc' dir='ltr'><strong>σε</strong></span> <span class='ocrx_word' id='word_1_280' title='bbox 3170 1335 3372 1388; x_wconf 73' lang='grc' dir='ltr'>λοιπὸν</span> <span class='ocrx_word' id='word_1_281' title='bbox 3430 1335 3556 1405; x_wconf 76' lang='grc' dir='ltr'>μηδ’</span> <span class='ocrx_word' id='word_1_282' title='bbox 3579 1335 3767 1387; x_wconf 85' lang='grc' dir='ltr'>ἀπολο-</span> 
     </span>
    </p>
   </div>
   <div class='ocr_carea' id='block_1_41' title="bbox 2178 1425 3768 1501">
    <p class='ocr_par' dir='ltr' id='par_1_41' title="bbox 2178 1425 3768 1501">
     <span class='ocr_line' id='line_1_41' title="bbox 2178 1425 3768 1501; baseline -0.001 -22"><span class='ocrx_word' id='word_1_283' title='bbox 2178 1429 2301 1496; x_wconf 89' lang='grc' dir='ltr'>γίας</span> <span class='ocrx_word' id='word_1_284' title='bbox 2323 1426 2509 1491; x_wconf 81' lang='grc' dir='ltr'>ἀξιοῦν</span> <span class='ocrx_word' id='word_1_285' title='bbox 2542 1425 2681 1481; x_wconf 78' lang='grc' dir='ltr'>εἶναι</span> <span class='ocrx_word' id='word_1_286' title='bbox 2718 1429 2910 1498; x_wconf 81' lang='grc' dir='ltr'>χρείαν</span> <span class='ocrx_word' id='word_1_287' title='bbox 2939 1431 3077 1501; x_wconf 79' lang='grc' dir='ltr'>πρὸς</span> <span class='ocrx_word' id='word_1_288' title='bbox 3118 1428 3328 1482; x_wconf 68' lang='grc' dir='ltr'>ταῦταζ</span> <span class='ocrx_word' id='word_1_289' title='bbox 3377 1427 3639 1497; x_wconf 83' lang='grc' dir='ltr'>Ἀρκοῦσι</span> <span class='ocrx_word' id='word_1_290' title='bbox 3668 1429 3768 1496; x_wconf 75' lang='grc' dir='ltr'><strong>γὰρ</strong></span> 
     </span>
    </p>
   </div>
   <div class='ocr_carea' id='block_1_42' title="bbox 2178 1525 3769 1598">
    <p class='ocr_par' dir='ltr' id='par_1_42' title="bbox 2178 1525 3769 1598">
     <span class='ocr_line' id='line_1_42' title="bbox 2178 1525 3769 1598; baseline 0 -21"><span class='ocrx_word' id='word_1_291' title='bbox 2178 1525 2234 1577; x_wconf 80' lang='lat' dir='ltr'><strong>ai</strong></span> <span class='ocrx_word' id='word_1_292' title='bbox 2268 1525 2362 1577; x_wconf 84' lang='grc' dir='ltr'>τοῦ</span> <span class='ocrx_word' id='word_1_293' title='bbox 2397 1525 2625 1594; x_wconf 80' lang='grc' dir='ltr'>Κυδώνη</span> <span class='ocrx_word' id='word_1_294' title='bbox 2656 1525 2752 1578; x_wconf 78' lang='grc' dir='ltr'>καὶ</span> <span class='ocrx_word' id='word_1_295' title='bbox 2782 1526 2928 1590; x_wconf 87' lang='grc' dir='ltr'>λίαν,</span> <span class='ocrx_word' id='word_1_296' title='bbox 2961 1528 3098 1598; x_wconf 81' lang='grc' dir='ltr'>πρὸς</span> <span class='ocrx_word' id='word_1_297' title='bbox 3132 1527 3200 1590; x_wconf 75' lang='grc' dir='ltr'>ἃς</span> <span class='ocrx_word' id='word_1_298' title='bbox 3230 1528 3339 1580; x_wconf 81' lang='grc' dir='ltr'>οὐκ</span> <span class='ocrx_word' id='word_1_299' title='bbox 3385 1527 3454 1580; x_wconf 84' lang='grc' dir='ltr'>ἂν</span> <span class='ocrx_word' id='word_1_300' title='bbox 3507 1525 3652 1596; x_wconf 78' lang='grc' dir='ltr'>ἔχοις</span> <span class='ocrx_word' id='word_1_301' title='bbox 3680 1529 3769 1579; x_wconf 84' lang='grc' dir='ltr'><strong>ἀν-</strong></span> 
     </span>
    </p>
   </div>
   <div class='ocr_carea' id='block_1_43' title="bbox 2177 1616 3768 1688">
    <p class='ocr_par' dir='ltr' id='par_1_43' title="bbox 2177 1616 3768 1688">
     <span class='ocr_line' id='line_1_43' title="bbox 2177 1616 3768 1688; baseline 0.001 -21"><span class='ocrx_word' id='word_1_302' title='bbox 2177 1617 2477 1680; x_wconf 71' lang='grc' dir='ltr'>τιϐλέπειν,</span> <span class='ocrx_word' id='word_1_303' title='bbox 2515 1619 2674 1686; x_wconf 77' lang='grc' dir='ltr'>εἰπερ</span> <span class='ocrx_word' id='word_1_304' title='bbox 2713 1616 2826 1670; x_wconf 76' lang='grc' dir='ltr'>οὐδ’</span> <span class='ocrx_word' id='word_1_305' title='bbox 2869 1616 3026 1686; x_wconf 71' lang='grc' dir='ltr'>ἔσχες</span> <span class='ocrx_word' id='word_1_306' title='bbox 3063 1619 3192 1688; x_wconf 80' lang='grc' dir='ltr'>ἄχρι</span> <span class='ocrx_word' id='word_1_307' title='bbox 3226 1619 3328 1672; x_wconf 81' lang='grc' dir='ltr'>τοῦ</span> <span class='ocrx_word' id='word_1_308' title='bbox 3359 1618 3484 1672; x_wconf 77' lang='grc' dir='ltr'>νῦν.</span> <span class='ocrx_word' id='word_1_309' title='bbox 3522 1617 3662 1670; x_wconf 80' lang='grc' dir='ltr'>Ἀλλ’</span> <span class='ocrx_word' id='word_1_310' title='bbox 3690 1618 3768 1669; x_wconf 82' lang='grc' dir='ltr'>ἵνα</span> 
     </span>
    </p>
   </div>
   <div class='ocr_carea' id='block_1_44' title="bbox 2181 1704 3767 1779">
    <p class='ocr_par' dir='ltr' id='par_1_44' title="bbox 2181 1704 3767 1779">
     <span class='ocr_line' id='line_1_44' title="bbox 2181 1704 3767 1779; baseline 0.001 -21"><span class='ocrx_word' id='word_1_311' title='bbox 2181 1708 2277 1762; x_wconf 81' lang='grc' dir='ltr'>νῦν</span> <span class='ocrx_word' id='word_1_312' title='bbox 2322 1710 2539 1776; x_wconf 79' lang='grc' dir='ltr'><strong>μάθοις,</strong></span> <span class='ocrx_word' id='word_1_313' title='bbox 2569 1704 2713 1761; x_wconf 72' lang='grc' dir='ltr'>εἶναί</span> <span class='ocrx_word' id='word_1_314' title='bbox 2756 1727 2912 1771; x_wconf 83' lang='grc' dir='ltr'>τινας</span> <span class='ocrx_word' id='word_1_315' title='bbox 2954 1710 3011 1762; x_wconf 86' lang='grc' dir='ltr'><strong>ού</strong></span> <span class='ocrx_word' id='word_1_316' title='bbox 3056 1712 3222 1779; x_wconf 65' lang='grc' dir='ltr'>μένον</span> <span class='ocrx_word' id='word_1_317' title='bbox 3263 1727 3365 1762; x_wconf 88' lang='grc' dir='ltr'><strong>σου</strong></span> <span class='ocrx_word' id='word_1_318' title='bbox 3404 1709 3767 1779; x_wconf 71' lang='grc' dir='ltr'>σοφωτέρους,</span> 
     </span>
    </p>
   </div>
   <div class='ocr_carea' id='block_1_45' title="bbox 2182 1799 3770 1870">
    <p class='ocr_par' dir='ltr' id='par_1_45' title="bbox 2182 1799 3770 1870">
     <span class='ocr_line' id='line_1_45' title="bbox 2182 1799 3770 1870; baseline 0 -20"><span class='ocrx_word' id='word_1_319' title='bbox 2182 1800 2317 1851; x_wconf 77' lang='grc' dir='ltr'>ἀλλὰ</span> <span class='ocrx_word' id='word_1_320' title='bbox 2341 1806 2438 1853; x_wconf 71' lang='grc' dir='ltr'>καὶ</span> <span class='ocrx_word' id='word_1_321' title='bbox 2465 1800 2561 1852; x_wconf 85' lang='grc' dir='ltr'>τοῦ</span> <span class='ocrx_word' id='word_1_322' title='bbox 2610 1799 2839 1870; x_wconf 77' lang='grc' dir='ltr'>Κυδώνη</span> <span class='ocrx_word' id='word_1_323' title='bbox 2875 1801 3038 1853; x_wconf 83' lang='grc' dir='ltr'>πλέον</span> <span class='ocrx_word' id='word_1_324' title='bbox 3067 1801 3310 1867; x_wconf 72' lang='grc' dir='ltr'>εἰδότας,</span> <span class='ocrx_word' id='word_1_325' title='bbox 3351 1802 3536 1855; x_wconf 79' lang='grc' dir='ltr'>καίτοι</span> <span class='ocrx_word' id='word_1_326' title='bbox 3571 1799 3770 1869; x_wconf 78' lang='grc' dir='ltr'>σφόδρα</span> 
     </span>
    </p>
   </div>
   <div class='ocr_carea' id='block_1_46' title="bbox 2181 1892 3769 1963">
    <p class='ocr_par' dir='ltr' id='par_1_46' title="bbox 2181 1892 3769 1963">
     <span class='ocr_line' id='line_1_46' title="bbox 2181 1892 3769 1963; baseline 0.002 -20"><span class='ocrx_word' id='word_1_327' title='bbox 2181 1892 2290 1944; x_wconf 85' lang='grc' dir='ltr'><strong>τῶν</strong></span> <span class='ocrx_word' id='word_1_328' title='bbox 2326 1893 2435 1944; x_wconf 89' lang='grc' dir='ltr'><strong>σῶν</strong></span> <span class='ocrx_word' id='word_1_329' title='bbox 2495 1895 2855 1963; x_wconf 72' lang='grc' dir='ltr'><strong>ὑπερέχοντος</strong></span> <span class='ocrx_word' id='word_1_330' title='bbox 2916 1893 3269 1947; x_wconf 74' lang='grc' dir='ltr'>διδασκάλων</span> <span class='ocrx_word' id='word_1_331' title='bbox 3303 1934 3319 1958; x_wconf 85' lang='grc'><strong>,</strong></span> <span class='ocrx_word' id='word_1_332' title='bbox 3376 1892 3769 1963; x_wconf 83' lang='grc' dir='ltr'>συγχωροῦμέν</span> 
     </span>
    </p>
   </div>
   <div class='ocr_carea' id='block_1_47' title="bbox 2186 1983 3772 2052">
    <p class='ocr_par' dir='ltr' id='par_1_47' title="bbox 2186 1983 3772 2052">
     <span class='ocr_line' id='line_1_47' title="bbox 2186 1983 3772 2052; baseline -0.001 -16"><span class='ocrx_word' id='word_1_333' title='bbox 2186 2000 2268 2036; x_wconf 85' lang='grc' dir='ltr'><strong>σοι</strong></span> <span class='ocrx_word' id='word_1_334' title='bbox 2292 1983 2466 2036; x_wconf 81' lang='grc' dir='ltr'>ταῦτα</span> <span class='ocrx_word' id='word_1_335' title='bbox 2492 1984 2581 2035; x_wconf 79' lang='grc' dir='ltr'>τὸν</span> <span class='ocrx_word' id='word_1_336' title='bbox 2609 1984 2812 2052; x_wconf 72' lang='grc' dir='ltr'>Θωμᾶν</span> <span class='ocrx_word' id='word_1_337' title='bbox 2842 1983 2943 2037; x_wconf 73' lang='grc' dir='ltr'>οὐκ</span> <span class='ocrx_word' id='word_1_338' title='bbox 2987 1984 3315 2051; x_wconf 80' lang='grc' dir='ltr'><strong>ἀναγκαίως</strong></span> <span class='ocrx_word' id='word_1_339' title='bbox 3348 1987 3532 2037; x_wconf 81' lang='grc' dir='ltr'>εἰπεῖν</span> <span class='ocrx_word' id='word_1_340' title='bbox 3565 1985 3660 2036; x_wconf 75' lang='grc' dir='ltr'>καὶ</span> <span class='ocrx_word' id='word_1_341' title='bbox 3687 1983 3772 2036; x_wconf 78' lang='grc' dir='ltr'>τὸν</span> 
     </span>
    </p>
   </div>
   <div class='ocr_carea' id='block_1_48' title="bbox 2185 2073 3772 2146">
    <p class='ocr_par' dir='ltr' id='par_1_48' title="bbox 2185 2073 3772 2146">
     <span class='ocr_line' id='line_1_48' title="bbox 2185 2073 3772 2146; baseline -0.001 -18"><span class='ocrx_word' id='word_1_342' title='bbox 2185 2076 2379 2146; x_wconf 84' lang='grc' dir='ltr'>ἐκείνῳ</span> <span class='ocrx_word' id='word_1_343' title='bbox 2429 2076 2826 2146; x_wconf 70' lang='grc' dir='ltr'><strong>συμμαχοῦντα</strong></span> <span class='ocrx_word' id='word_1_344' title='bbox 2863 2073 3124 2145; x_wconf 80' lang='grc' dir='ltr'>Κυδώνην</span> <span class='ocrx_word' id='word_1_345' title='bbox 3174 2077 3236 2128; x_wconf 84' lang='grc' dir='ltr'><strong>ἐν</strong></span> <span class='ocrx_word' id='word_1_346' title='bbox 3274 2076 3382 2146; x_wconf 69' lang='grc' dir='ltr'>μὲν</span> <span class='ocrx_word' id='word_1_347' title='bbox 3438 2077 3555 2138; x_wconf 82' lang='grc' dir='ltr'>τοῖς</span> <span class='ocrx_word' id='word_1_348' title='bbox 3599 2073 3772 2134; x_wconf 75' lang='grc' dir='ltr'>ἄλλοις</span> 
     </span>
    </p>
   </div>
   <div class='ocr_carea' id='block_1_49' title="bbox 2185 2165 3765 2236">
    <p class='ocr_par' dir='ltr' id='par_1_49' title="bbox 2185 2165 3765 2236">
     <span class='ocr_line' id='line_1_49' title="bbox 2185 2165 3765 2236; baseline -0.003 -15"><span class='ocrx_word' id='word_1_349' title='bbox 2185 2169 2278 2221; x_wconf 73' lang='grc' dir='ltr'>καὶ</span> <span class='ocrx_word' id='word_1_350' title='bbox 2308 2168 2574 2236; x_wconf 81' lang='grc' dir='ltr'>γενναίως</span> <span class='ocrx_word' id='word_1_351' title='bbox 2610 2168 2705 2221; x_wconf 72' lang='grc' dir='ltr'>καὶ</span> <span class='ocrx_word' id='word_1_352' title='bbox 2760 2169 2902 2236; x_wconf 67' lang='grc' dir='ltr'>μετὰ</span> <span class='ocrx_word' id='word_1_353' title='bbox 2939 2166 3040 2235; x_wconf 80' lang='grc' dir='ltr'>τῆς</span> <span class='ocrx_word' id='word_1_354' title='bbox 3070 2166 3344 2236; x_wconf 75' lang='grc' dir='ltr'>ἀληθείας</span> <span class='ocrx_word' id='word_1_355' title='bbox 3375 2165 3540 2220; x_wconf 77' lang='grc' dir='ltr'>τοῦτο</span> <span class='ocrx_word' id='word_1_356' title='bbox 3576 2168 3765 2219; x_wconf 71' lang='grc' dir='ltr'>ποιεῖν·</span> 
     </span>
    </p>
   </div>
   <div class='ocr_carea' id='block_1_50' title="bbox 2187 2251 3770 2331">
    <p class='ocr_par' dir='ltr' id='par_1_50' title="bbox 2187 2251 3770 2331">
     <span class='ocr_line' id='line_1_50' title="bbox 2187 2251 3770 2331; baseline -0.003 -18"><span class='ocrx_word' id='word_1_357' title='bbox 2187 2262 2234 2313; x_wconf 81' lang='grc' dir='ltr'><strong>εί</strong></span> <span class='ocrx_word' id='word_1_358' title='bbox 2267 2261 2322 2315; x_wconf 80' lang='grc' dir='ltr'>δὲ</span> <span class='ocrx_word' id='word_1_359' title='bbox 2357 2263 2538 2331; x_wconf 83' lang='grc' dir='ltr'>τούτῳ</span> <span class='ocrx_word' id='word_1_360' title='bbox 2592 2259 2672 2330; x_wconf 85' lang='grc' dir='ltr'><strong>τῷ</strong></span> <span class='ocrx_word' id='word_1_361' title='bbox 2733 2262 2890 2330; x_wconf 81' lang='grc' dir='ltr'>μέρει</span> <span class='ocrx_word' id='word_1_362' title='bbox 2936 2251 3207 2327; x_wconf 81' lang='grc' dir='ltr'>γενναίως</span> <span class='ocrx_word' id='word_1_363' title='bbox 3263 2261 3370 2330; x_wconf 82' lang='grc' dir='ltr'>μὲν</span> <span class='ocrx_word' id='word_1_364' title='bbox 3407 2266 3526 2314; x_wconf 64' lang='grc' dir='ltr'>οιαὶ</span> <span class='ocrx_word' id='word_1_365' title='bbox 3564 2259 3770 2329; x_wconf 76' lang='grc' dir='ltr'>άληθῶς</span> 
     </span>
    </p>
   </div>
   <div class='ocr_carea' id='block_1_51' title="bbox 2192 2350 3770 2424">
    <p class='ocr_par' dir='ltr' id='par_1_51' title="bbox 2192 2350 3770 2424">
     <span class='ocr_line' id='line_1_51' title="bbox 2192 2350 3770 2424; baseline -0.001 -19"><span class='ocrx_word' id='word_1_366' title='bbox 2192 2353 2330 2422; x_wconf 78' lang='grc' dir='ltr'>πρός</span> <span class='ocrx_word' id='word_1_367' title='bbox 2359 2370 2422 2416; x_wconf 80' lang='grc' dir='ltr'><strong>γε</strong></span> <span class='ocrx_word' id='word_1_368' title='bbox 2453 2353 2542 2405; x_wconf 71' lang='grc' dir='ltr'><strong>τὸν</strong></span> <span class='ocrx_word' id='word_1_369' title='bbox 2578 2353 2899 2406; x_wconf 76' lang='grc' dir='ltr'>Κασασίλαν</span> <span class='ocrx_word' id='word_1_370' title='bbox 2937 2353 3269 2423; x_wconf 71' lang='grc' dir='ltr'>ἠγωνίσθαι,</span> <span class='ocrx_word' id='word_1_371' title='bbox 3312 2354 3372 2418; x_wconf 86' lang='grc' dir='ltr'><strong>δς</strong></span> <span class='ocrx_word' id='word_1_372' title='bbox 3406 2351 3548 2424; x_wconf 81' lang='grc' dir='ltr'>ῷετο</span> <span class='ocrx_word' id='word_1_373' title='bbox 3579 2350 3770 2423; x_wconf 78' lang='grc' dir='ltr'>Θωμᾶν</span> 
     </span>
    </p>
   </div>
   <div class='ocr_carea' id='block_1_52' title="bbox 2187 2443 3769 2516">
    <p class='ocr_par' dir='ltr' id='par_1_52' title="bbox 2187 2443 3769 2516">
     <span class='ocr_line' id='line_1_52' title="bbox 2187 2443 3769 2516; baseline -0.002 -19"><span class='ocrx_word' id='word_1_374' title='bbox 2187 2445 2436 2515; x_wconf 75' lang='grc' dir='ltr'>ἐλέγχειν</span> <span class='ocrx_word' id='word_1_375' title='bbox 2475 2443 2726 2515; x_wconf 79' lang='grc' dir='ltr'>μηδὸλως</span> <span class='ocrx_word' id='word_1_376' title='bbox 2772 2443 2931 2498; x_wconf 76' lang='grc' dir='ltr'>τοῦτο</span> <span class='ocrx_word' id='word_1_377' title='bbox 2989 2444 3322 2515; x_wconf 81' lang='grc' dir='ltr'>δυνάμενος,</span> <span class='ocrx_word' id='word_1_378' title='bbox 3385 2446 3526 2516; x_wconf 80' lang='grc' dir='ltr'>πρὸς</span> <span class='ocrx_word' id='word_1_379' title='bbox 3581 2443 3637 2498; x_wconf 82' lang='grc' dir='ltr'>δὲ</span> <span class='ocrx_word' id='word_1_380' title='bbox 3677 2446 3769 2511; x_wconf 71' lang='grc' dir='ltr'>τὴν</span> 
     </span>
    </p>
   </div>
   <div class='ocr_carea' id='block_1_53' title="bbox 2188 2535 3770 2609">
    <p class='ocr_par' dir='ltr' id='par_1_53' title="bbox 2188 2535 3770 2609">
     <span class='ocr_line' id='line_1_53' title="bbox 2188 2535 3770 2609; baseline -0.004 -17"><span class='ocrx_word' id='word_1_381' title='bbox 2188 2537 2454 2609; x_wconf 75' lang='grc' dir='ltr'>ἀλήθειαν</span> <span class='ocrx_word' id='word_1_382' title='bbox 2486 2537 2690 2607; x_wconf 70' lang='grc' dir='ltr'>ἥκιστα</span> <span class='ocrx_word' id='word_1_383' title='bbox 2755 2535 2980 2599; x_wconf 76' lang='grc' dir='ltr'>ἱκανῶς.</span> <span class='ocrx_word' id='word_1_384' title='bbox 3049 2535 3193 2589; x_wconf 80' lang='grc' dir='ltr'>Ἀλλ’</span> <span class='ocrx_word' id='word_1_385' title='bbox 3229 2537 3336 2589; x_wconf 78' lang='grc' dir='ltr'>οὐκ</span> <span class='ocrx_word' id='word_1_386' title='bbox 3389 2535 3646 2589; x_wconf 82' lang='grc' dir='ltr'>ἐντεῦθεν</span> <span class='ocrx_word' id='word_1_387' title='bbox 3683 2537 3770 2586; x_wconf 75' lang='grc' dir='ltr'>καὶ</span> 
     </span>
    </p>
   </div>
   <div class='ocr_carea' id='block_1_54' title="bbox 2187 2626 3772 2704">
    <p class='ocr_par' dir='ltr' id='par_1_54' title="bbox 2187 2626 3772 2704">
     <span class='ocr_line' id='line_1_54' title="bbox 2187 2626 3772 2704; baseline -0.006 -18"><span class='ocrx_word' id='word_1_388' title='bbox 2187 2632 2249 2686; x_wconf 59' lang='lat' dir='ltr'><strong>to</strong></span> <span class='ocrx_word' id='word_1_389' title='bbox 2293 2631 2671 2702; x_wconf 80' lang='grc' dir='ltr'>συμπέρασμα</span> <span class='ocrx_word' id='word_1_390' title='bbox 2703 2629 3002 2700; x_wconf 77' lang='grc' dir='ltr'>ἀνελοῦμεν</span> <span class='ocrx_word' id='word_1_391' title='bbox 3045 2629 3114 2683; x_wconf 77' lang='grc' dir='ltr'>δι’</span> <span class='ocrx_word' id='word_1_392' title='bbox 3147 2628 3214 2692; x_wconf 84' lang='grc' dir='ltr'>ἃς</span> <span class='ocrx_word' id='word_1_393' title='bbox 3243 2629 3506 2704; x_wconf 72' lang='grc' dir='ltr'>έφθημεν</span> <span class='ocrx_word' id='word_1_394' title='bbox 3536 2626 3772 2688; x_wconf 77' lang='grc' dir='ltr'>είπόντες</span> 
     </span>
    </p>
   </div>
   <div class='ocr_carea' id='block_1_55' title="bbox 2189 2719 3772 2794">
    <p class='ocr_par' dir='ltr' id='par_1_55' title="bbox 2189 2719 3772 2794">
     <span class='ocr_line' id='line_1_55' title="bbox 2189 2719 3772 2794; baseline -0.006 -16"><span class='ocrx_word' id='word_1_395' title='bbox 2189 2725 2393 2787; x_wconf 84' lang='grc' dir='ltr'>αίτίας.</span> <span class='ocrx_word' id='word_1_396' title='bbox 2481 2723 2700 2793; x_wconf 77' lang='grc' dir='ltr'>Ίκανὴν</span> <span class='ocrx_word' id='word_1_397' title='bbox 2758 2723 2867 2793; x_wconf 81' lang='grc' dir='ltr'>γὰρ</span> <span class='ocrx_word' id='word_1_398' title='bbox 2936 2719 3081 2775; x_wconf 79' lang='grc' dir='ltr'>εἷναι</span> <span class='ocrx_word' id='word_1_399' title='bbox 3161 2721 3452 2794; x_wconf 75' lang='grc' dir='ltr'>διάκρισιν</span> <span class='ocrx_word' id='word_1_400' title='bbox 3501 2719 3633 2774; x_wconf 86' lang='grc' dir='ltr'><strong>Υίοῦ</strong></span> <span class='ocrx_word' id='word_1_401' title='bbox 3683 2720 3772 2770; x_wconf 78' lang='grc' dir='ltr'><strong>καὶ</strong></span> 
     </span>
    </p>
   </div>
   <div class='ocr_carea' id='block_1_56' title="bbox 2190 2811 3773 2886">
    <p class='ocr_par' dir='ltr' id='par_1_56' title="bbox 2190 2811 3773 2886">
     <span class='ocr_line' id='line_1_56' title="bbox 2190 2811 3773 2886; baseline -0.006 -14"><span class='ocrx_word' id='word_1_402' title='bbox 2190 2816 2510 2883; x_wconf 71' lang='grc' dir='ltr'>Πνεύματος</span> <span class='ocrx_word' id='word_1_403' title='bbox 2545 2819 2644 2886; x_wconf 76' lang='grc' dir='ltr'>τὴν</span> <span class='ocrx_word' id='word_1_404' title='bbox 2679 2818 2740 2868; x_wconf 86' lang='grc' dir='ltr'><strong>ἐκ</strong></span> <span class='ocrx_word' id='word_1_405' title='bbox 2791 2815 3002 2885; x_wconf 86' lang='grc' dir='ltr'>11ατρδς</span> <span class='ocrx_word' id='word_1_406' title='bbox 3033 2813 3293 2885; x_wconf 60' lang='grc' dir='ltr'>διάφορον</span> <span class='ocrx_word' id='word_1_407' title='bbox 3337 2816 3576 2886; x_wconf 64' lang='grc' dir='ltr'>πρόοδον</span> <span class='ocrx_word' id='word_1_408' title='bbox 3608 2813 3698 2866; x_wconf 81' lang='grc' dir='ltr'>καὶ</span> <span class='ocrx_word' id='word_1_409' title='bbox 3729 2811 3773 2864; x_wconf 84' lang='grc' dir='ltr'><strong>οί</strong></span> 
     </span>
    </p>
   </div>
   <div class='ocr_carea' id='block_1_57' title="bbox 2194 2905 3772 2980">
    <p class='ocr_par' dir='ltr' id='par_1_57' title="bbox 2194 2905 3772 2980">
     <span class='ocr_line' id='line_1_57' title="bbox 2194 2905 3772 2980; baseline -0.005 -18"><span class='ocrx_word' id='word_1_410' title='bbox 2194 2908 2336 2980; x_wconf 82' lang='grc' dir='ltr'>μετά</span> <span class='ocrx_word' id='word_1_411' title='bbox 2360 2907 2564 2977; x_wconf 76' lang='grc' dir='ltr'>Θωμᾶν</span> <span class='ocrx_word' id='word_1_412' title='bbox 2582 2905 2932 2976; x_wconf 79' lang='grc' dir='ltr'>συγχωροῦσι</span> <span class='ocrx_word' id='word_1_413' title='bbox 2959 2922 2973 2935; x_wconf 90' lang='lat'><strong>&#39;</strong></span> <span class='ocrx_word' id='word_1_414' title='bbox 3007 2907 3165 2960; x_wconf 78' lang='grc' dir='ltr'>τοῦτο</span> <span class='ocrx_word' id='word_1_415' title='bbox 3181 2905 3225 2959; x_wconf 78' lang='grc' dir='ltr'>δ’</span> <span class='ocrx_word' id='word_1_416' title='bbox 3250 2907 3389 2961; x_wconf 71' lang='grc' dir='ltr'>αὐτὸ</span> <span class='ocrx_word' id='word_1_417' title='bbox 3423 2907 3518 2960; x_wconf 72' lang='grc' dir='ltr'>καὶ</span> <span class='ocrx_word' id='word_1_418' title='bbox 3547 2905 3772 2976; x_wconf 70' lang='grc' dir='ltr'>μάλιστα</span> 
     </span>
    </p>
   </div>
   <div class='ocr_carea' id='block_1_58' title="bbox 2197 2995 3772 3070">
    <p class='ocr_par' dir='ltr' id='par_1_58' title="bbox 2197 2995 3772 3070">
     <span class='ocr_line' id='line_1_58' title="bbox 2197 2995 3772 3070; baseline -0.006 -16"><span class='ocrx_word' id='word_1_419' title='bbox 2197 3002 2292 3054; x_wconf 82' lang='grc' dir='ltr'>τοῦ</span> <span class='ocrx_word' id='word_1_420' title='bbox 2319 3001 2414 3054; x_wconf 76' lang='grc' dir='ltr'>καὶ</span> <span class='ocrx_word' id='word_1_421' title='bbox 2439 3000 2532 3052; x_wconf 78' lang='grc' dir='ltr'>τὸν</span> <span class='ocrx_word' id='word_1_422' title='bbox 2560 2999 2690 3052; x_wconf 71' lang='grc' dir='ltr'>Υίὸν</span> <span class='ocrx_word' id='word_1_423' title='bbox 2719 2999 2894 3070; x_wconf 80' lang='grc' dir='ltr'>ἀρχὴν</span> <span class='ocrx_word' id='word_1_424' title='bbox 2924 2995 3064 3052; x_wconf 83' lang='grc' dir='ltr'>εἶναι</span> <span class='ocrx_word' id='word_1_425' title='bbox 3097 2998 3203 3051; x_wconf 64' lang='grc' dir='ltr'><strong>τοῦ</strong></span> <span class='ocrx_word' id='word_1_426' title='bbox 3239 2999 3568 3068; x_wconf 70' lang='grc' dir='ltr'>Πνεύματος</span> <span class='ocrx_word' id='word_1_427' title='bbox 3589 2996 3772 3059; x_wconf 71' lang='grc' dir='ltr'>αἴτιον,</span> 
     </span>
    </p>
   </div>
   <div class='ocr_carea' id='block_1_59' title="bbox 2193 3082 3773 3160">
    <p class='ocr_par' dir='ltr' id='par_1_59' title="bbox 2193 3082 3773 3160">
     <span class='ocr_line' id='line_1_59' title="bbox 2193 3082 3773 3160; baseline -0.004 -18"><span class='ocrx_word' id='word_1_428' title='bbox 2193 3091 2544 3144; x_wconf 75' lang='grc' dir='ltr'>πιστεύουσιν</span> <span class='ocrx_word' id='word_1_429' title='bbox 2571 3085 2736 3156; x_wconf 72' lang='grc' dir='ltr'>εἶναι,</span> <span class='ocrx_word' id='word_1_430' title='bbox 2768 3090 2927 3160; x_wconf 72' lang='grc' dir='ltr'>εἴπερ</span> <span class='ocrx_word' id='word_1_431' title='bbox 2954 3092 2986 3159; x_wconf 80' lang='grc' dir='ltr'><strong>ἡ</strong></span> <span class='ocrx_word' id='word_1_432' title='bbox 3020 3089 3119 3159; x_wconf 84' lang='grc' dir='ltr'>μὲν</span> <span class='ocrx_word' id='word_1_433' title='bbox 3169 3082 3409 3160; x_wconf 64' lang='grc' dir='ltr'>διαφορὰ</span> <span class='ocrx_word' id='word_1_434' title='bbox 3427 3090 3528 3158; x_wconf 82' lang='grc' dir='ltr'>τῆς</span> <span class='ocrx_word' id='word_1_435' title='bbox 3559 3086 3773 3158; x_wconf 64' lang='grc' dir='ltr'>προόδου</span> 
     </span>
    </p>
   </div>
   <div class='ocr_carea' id='block_1_60' title="bbox 513 3179 2092 3257">
    <p class='ocr_par' dir='ltr' id='par_1_60' title="bbox 513 3184 2092 3255">
     <span class='ocr_line' id='line_1_60' title="bbox 513 3184 2092 3255; baseline 0.003 -15"><span class='ocrx_word' id='word_1_436' title='bbox 513 3199 735 3240; x_wconf 88' lang='lat' dir='ltr'><strong>causam</strong></span> <span class='ocrx_word' id='word_1_437' title='bbox 763 3199 885 3238; x_wconf 86' lang='lat' dir='ltr'><strong>esse</strong></span> <span class='ocrx_word' id='word_1_438' title='bbox 919 3184 1178 3248; x_wconf 87' lang='lat' dir='ltr'><strong>credunt,</strong></span> <span class='ocrx_word' id='word_1_439' title='bbox 1223 3184 1371 3254; x_wconf 91' lang='lat' dir='ltr'><strong>quod</strong></span> <span class='ocrx_word' id='word_1_440' title='bbox 1410 3194 1464 3240; x_wconf 89' lang='lat' dir='ltr'><strong>et</strong></span> <span class='ocrx_word' id='word_1_441' title='bbox 1515 3184 1688 3240; x_wconf 86' lang='lat' dir='ltr'><strong>Filius</strong></span> <span class='ocrx_word' id='word_1_442' title='bbox 1737 3187 1808 3241; x_wconf 90' lang='lat' dir='ltr'><strong>sit</strong></span> <span class='ocrx_word' id='word_1_443' title='bbox 1851 3185 2092 3255; x_wconf 87' lang='lat' dir='ltr'><strong>Spiritus</strong></span> 
     </span>
    </p>
   </div>
   <div class='ocr_carea' id='block_1_61' title="bbox 2193 3179 3772 3257">
    <p class='ocr_par' dir='ltr' id='par_1_61' title="bbox 2201 3179 3772 3255">
     <span class='ocr_line' id='line_1_61' title="bbox 2201 3179 3772 3255; baseline -0.004 -21"><span class='ocrx_word' id='word_1_444' title='bbox 2201 3181 2300 3252; x_wconf 83' lang='grc' dir='ltr'>τὴν</span> <span class='ocrx_word' id='word_1_445' title='bbox 2331 3183 2596 3252; x_wconf 80' lang='grc' dir='ltr'>τοιαύτην</span> <span class='ocrx_word' id='word_1_446' title='bbox 2650 3182 2709 3234; x_wconf 77' lang='grc' dir='ltr'><strong>ἐν</strong></span> <span class='ocrx_word' id='word_1_447' title='bbox 2762 3182 2949 3244; x_wconf 77' lang='grc' dir='ltr'>αὐτοῖς</span> <span class='ocrx_word' id='word_1_448' title='bbox 2976 3181 3132 3246; x_wconf 81' lang='grc' dir='ltr'>τάξιν</span> <span class='ocrx_word' id='word_1_449' title='bbox 3164 3185 3332 3247; x_wconf 78' lang='grc' dir='ltr'>ποιεῖ,</span> <span class='ocrx_word' id='word_1_450' title='bbox 3370 3187 3438 3255; x_wconf 82' lang='grc' dir='ltr'>τῇ</span> <span class='ocrx_word' id='word_1_451' title='bbox 3474 3183 3532 3236; x_wconf 80' lang='grc' dir='ltr'>δὲ</span> <span class='ocrx_word' id='word_1_452' title='bbox 3562 3179 3772 3248; x_wconf 80' lang='grc' dir='ltr'>τοιαύτῃ</span> 
     </span>
    </p>
   </div>
   <div class='ocr_carea' id='block_1_62' title="bbox 513 3276 2089 3350">
    <p class='ocr_par' dir='ltr' id='par_1_62' title="bbox 513 3276 2089 3350">
     <span class='ocr_line' id='line_1_62' title="bbox 513 3276 2089 3350; baseline 0.004 -22"><span class='ocrx_word' id='word_1_453' title='bbox 513 3277 873 3346; x_wconf 86' lang='lat' dir='ltr'><strong>principium,</strong></span> <span class='ocrx_word' id='word_1_454' title='bbox 923 3277 1183 3346; x_wconf 88' lang='lat' dir='ltr'><strong>quoniam</strong></span> <span class='ocrx_word' id='word_1_455' title='bbox 1219 3276 1534 3332; x_wconf 73' lang='lat' dir='ltr'><strong>dill‘erentia</strong></span> <span class='ocrx_word' id='word_1_456' title='bbox 1566 3280 1975 3350; x_wconf 82' lang='lat' dir='ltr'><strong>progressionis</strong></span> <span class='ocrx_word' id='word_1_457' title='bbox 2009 3288 2089 3334; x_wconf 89' lang='lat' dir='ltr'><strong>ta-</strong></span> 
     </span>
    </p>
   </div>
   <div class='ocr_carea' id='block_1_63' title="bbox 515 3371 2090 3444">
    <p class='ocr_par' dir='ltr' id='par_1_63' title="bbox 515 3371 2090 3444">
     <span class='ocr_line' id='line_1_63' title="bbox 515 3371 2090 3444; baseline -0.001 -16"><span class='ocrx_word' id='word_1_458' title='bbox 515 3377 620 3428; x_wconf 86' lang='lat' dir='ltr'><strong>lem</strong></span> <span class='ocrx_word' id='word_1_459' title='bbox 667 3375 720 3428; x_wconf 90' lang='lat' dir='ltr'><strong>in</strong></span> <span class='ocrx_word' id='word_1_460' title='bbox 756 3374 890 3444; x_wconf 90' lang='lat' dir='ltr'><strong>ipsis</strong></span> <span class='ocrx_word' id='word_1_461' title='bbox 915 3372 1166 3428; x_wconf 88' lang='lat' dir='ltr'><strong>ordinent</strong></span> <span class='ocrx_word' id='word_1_462' title='bbox 1215 3371 1528 3434; x_wconf 86' lang='lat' dir='ltr'><strong>constituit,</strong></span> <span class='ocrx_word' id='word_1_463' title='bbox 1561 3373 1722 3428; x_wconf 83' lang='lat' dir='ltr'><strong>talem</strong></span> <span class='ocrx_word' id='word_1_464' title='bbox 1765 3389 1899 3427; x_wconf 83' lang='lat' dir='ltr'><strong>vero</strong></span> <span class='ocrx_word' id='word_1_465' title='bbox 1937 3373 2090 3426; x_wconf 64' lang='lat' dir='ltr'><strong>ordiv</strong></span> 
     </span>
    </p>
   </div>
   <div class='ocr_carea' id='block_1_64' title="bbox 517 3464 2086 3534">
    <p class='ocr_par' dir='ltr' id='par_1_64' title="bbox 517 3464 2086 3534">
     <span class='ocr_line' id='line_1_64' title="bbox 517 3464 2086 3534; baseline 0.001 -15"><span class='ocrx_word' id='word_1_466' title='bbox 517 3483 642 3520; x_wconf 87' lang='lat' dir='ltr'><strong>nent</strong></span> <span class='ocrx_word' id='word_1_467' title='bbox 687 3475 745 3520; x_wconf 89' lang='lat' dir='ltr'><strong>et</strong></span> <span class='ocrx_word' id='word_1_468' title='bbox 783 3465 1025 3534; x_wconf 87' lang='lat' dir='ltr'><strong>Spiritus</strong></span> <span class='ocrx_word' id='word_1_469' title='bbox 1078 3481 1143 3518; x_wconf 83' lang='lat' dir='ltr'><strong>ex</strong></span> <span class='ocrx_word' id='word_1_470' title='bbox 1198 3464 1337 3519; x_wconf 86' lang='lat' dir='ltr'><strong>Filio</strong></span> <span class='ocrx_word' id='word_1_471' title='bbox 1380 3465 1661 3534; x_wconf 85' lang='lat' dir='ltr'><strong>processio</strong></span> <span class='ocrx_word' id='word_1_472' title='bbox 1706 3465 2086 3534; x_wconf 88' lang='lat' dir='ltr'><strong>consequitur.</strong></span> 
     </span>
    </p>
   </div>
   <div class='ocr_carea' id='block_1_65' title="bbox 519 3555 2090 3626">
    <p class='ocr_par' dir='ltr' id='par_1_65' title="bbox 519 3555 2090 3626">
     <span class='ocr_line' id='line_1_65' title="bbox 519 3555 2090 3626; baseline -0.001 -15"><span class='ocrx_word' id='word_1_473' title='bbox 519 3558 732 3612; x_wconf 80' lang='lat' dir='ltr'><strong>Sufficit</strong></span> <span class='ocrx_word' id='word_1_474' title='bbox 775 3557 942 3626; x_wconf 74' lang='lat' dir='ltr'><strong>igitur</strong></span> <span class='ocrx_word' id='word_1_475' title='bbox 976 3555 1045 3610; x_wconf 88' lang='lat' dir='ltr'><strong>ad</strong></span> <span class='ocrx_word' id='word_1_476' title='bbox 1077 3571 1172 3610; x_wconf 91' lang='lat' dir='ltr'><strong>eos</strong></span> <span class='ocrx_word' id='word_1_477' title='bbox 1207 3555 1654 3624; x_wconf 82' lang='lat' dir='ltr'><strong>distinguendos.</strong></span> <span class='ocrx_word' id='word_1_478' title='bbox 1688 3555 1835 3625; x_wconf 87' lang='lat' dir='ltr'><strong>quod</strong></span> <span class='ocrx_word' id='word_1_479' title='bbox 1868 3557 2090 3612; x_wconf 80' lang='lat' dir='ltr'><strong>diverso</strong></span> 
     </span>
    </p>
   </div>
   <div class='ocr_carea' id='block_1_66' title="bbox 519 3646 2093 3716">
    <p class='ocr_par' dir='ltr' id='par_1_66' title="bbox 519 3646 2093 3716">
     <span class='ocr_line' id='line_1_66' title="bbox 519 3646 2093 3716; baseline 0.001 -15"><span class='ocrx_word' id='word_1_480' title='bbox 519 3648 684 3703; x_wconf 88' lang='lat' dir='ltr'><strong>modo</strong></span> <span class='ocrx_word' id='word_1_481' title='bbox 710 3662 776 3702; x_wconf 83' lang='lat' dir='ltr'><strong>ex</strong></span> <span class='ocrx_word' id='word_1_482' title='bbox 813 3646 975 3701; x_wconf 88' lang='lat' dir='ltr'><strong>Patre</strong></span> <span class='ocrx_word' id='word_1_483' title='bbox 1002 3647 1315 3716; x_wconf 84' lang='lat' dir='ltr'><strong>prodeunt;</strong></span> <span class='ocrx_word' id='word_1_484' title='bbox 1347 3646 1442 3701; x_wconf 90' lang='lat' dir='ltr'><strong>sed</strong></span> <span class='ocrx_word' id='word_1_485' title='bbox 1478 3661 1545 3699; x_wconf 81' lang='lat' dir='ltr'><strong>ex</strong></span> <span class='ocrx_word' id='word_1_486' title='bbox 1577 3661 1664 3711; x_wconf 91' lang='lat' dir='ltr'><strong>eo,</strong></span> <span class='ocrx_word' id='word_1_487' title='bbox 1697 3647 1845 3716; x_wconf 88' lang='lat' dir='ltr'><strong>qttod</strong></span> <span class='ocrx_word' id='word_1_488' title='bbox 1871 3648 2093 3703; x_wconf 85' lang='lat' dir='ltr'><strong>diverso</strong></span> 
     </span>
    </p>
   </div>
   <div class='ocr_carea' id='block_1_67' title="bbox 520 3737 2095 3809">
    <p class='ocr_par' dir='ltr' id='par_1_67' title="bbox 520 3737 2095 3809">
     <span class='ocr_line' id='line_1_67' title="bbox 520 3737 2095 3809; baseline 0.003 -16"><span class='ocrx_word' id='word_1_489' title='bbox 520 3739 685 3793; x_wconf 87' lang='lat' dir='ltr'><strong>modo</strong></span> <span class='ocrx_word' id='word_1_490' title='bbox 714 3739 988 3808; x_wconf 87' lang='lat' dir='ltr'><strong>prodeunt</strong></span> <span class='ocrx_word' id='word_1_491' title='bbox 1013 3755 1078 3794; x_wconf 79' lang='lat' dir='ltr'><strong>ex</strong></span> <span class='ocrx_word' id='word_1_492' title='bbox 1128 3737 1317 3806; x_wconf 83' lang='lat' dir='ltr'><strong>Patre,</strong></span> <span class='ocrx_word' id='word_1_493' title='bbox 1347 3740 1618 3808; x_wconf 85' lang='lat' dir='ltr'><strong>sequitur,</strong></span> <span class='ocrx_word' id='word_1_494' title='bbox 1653 3741 1798 3809; x_wconf 77' lang='lat' dir='ltr'><strong>quod</strong></span> <span class='ocrx_word' id='word_1_495' title='bbox 1826 3741 2095 3796; x_wconf 84' lang='lat' dir='ltr'><strong>alteruter</strong></span> 
     </span>
    </p>
   </div>
   <div class='ocr_carea' id='block_1_68' title="bbox 517 3831 2098 3904">
    <p class='ocr_par' dir='ltr' id='par_1_68' title="bbox 517 3831 2098 3904">
     <span class='ocr_line' id='line_1_68' title="bbox 517 3831 2098 3904; baseline 0 -18"><span class='ocrx_word' id='word_1_496' title='bbox 517 3847 584 3887; x_wconf 80' lang='lat' dir='ltr'><strong>ex</strong></span> <span class='ocrx_word' id='word_1_497' title='bbox 615 3832 792 3886; x_wconf 85' lang='lat' dir='ltr'><strong>altero</strong></span> <span class='ocrx_word' id='word_1_498' title='bbox 819 3831 1068 3901; x_wconf 89' lang='lat' dir='ltr'><strong>prodeat.</strong></span> <span class='ocrx_word' id='word_1_499' title='bbox 1101 3831 1282 3899; x_wconf 88' lang='lat' dir='ltr'><strong>Quare</strong></span> <span class='ocrx_word' id='word_1_500' title='bbox 1325 3833 1379 3887; x_wconf 89' lang='lat' dir='ltr'><strong>in</strong></span> <span class='ocrx_word' id='word_1_501' title='bbox 1419 3842 1630 3888; x_wconf 91' lang='lat' dir='ltr'><strong>tantum</strong></span> <span class='ocrx_word' id='word_1_502' title='bbox 1664 3849 1771 3887; x_wconf 91' lang='lat' dir='ltr'><strong>non</strong></span> <span class='ocrx_word' id='word_1_503' title='bbox 1803 3835 2098 3904; x_wconf 80' lang='lat' dir='ltr'><strong>distingui-</strong></span> 
     </span>
    </p>
   </div>
   <div class='ocr_carea' id='block_1_69' title="bbox 521 3921 2092 3996">
    <p class='ocr_par' dir='ltr' id='par_1_69' title="bbox 521 3921 2092 3996">
     <span class='ocr_line' id='line_1_69' title="bbox 521 3921 2092 3996; baseline 0.003 -20"><span class='ocrx_word' id='word_1_504' title='bbox 521 3921 817 3978; x_wconf 69' lang='lat' dir='ltr'><strong>tur-Filius</strong></span> <span class='ocrx_word' id='word_1_505' title='bbox 847 3939 876 3977; x_wconf 93' lang='lat' dir='ltr'><strong>a</strong></span> <span class='ocrx_word' id='word_1_506' title='bbox 909 3922 1120 3993; x_wconf 90' lang='lat' dir='ltr'><strong>Spiritu</strong></span> <span class='ocrx_word' id='word_1_507' title='bbox 1167 3925 1396 3994; x_wconf 67' lang='lat' dir='ltr'><strong>relativa</strong></span> <span class='ocrx_word' id='word_1_508' title='bbox 1425 3924 1729 3981; x_wconf 88' lang='lat' dir='ltr'><strong>secundum</strong></span> <span class='ocrx_word' id='word_1_509' title='bbox 1760 3927 2092 3996; x_wconf 88' lang='lat' dir='ltr'><strong>principium</strong></span> 
     </span>
    </p>
   </div>
   <div class='ocr_carea' id='block_1_70' title="bbox 518 4014 2098 4087">
    <p class='ocr_par' dir='ltr' id='par_1_70' title="bbox 518 4014 2098 4087">
     <span class='ocr_line' id='line_1_70' title="bbox 518 4014 2098 4087; baseline 0.001 -19"><span class='ocrx_word' id='word_1_510' title='bbox 518 4014 887 4083; x_wconf 76' lang='lat' dir='ltr'><strong>Oppositiun‘e,</strong></span> <span class='ocrx_word' id='word_1_511' title='bbox 927 4024 985 4070; x_wconf 93' lang='lat' dir='ltr'><strong>ut</strong></span> <span class='ocrx_word' id='word_1_512' title='bbox 1033 4014 1275 4070; x_wconf 84' lang='lat' dir='ltr'><strong>Thomas</strong></span> <span class='ocrx_word' id='word_1_513' title='bbox 1301 4017 1403 4083; x_wconf 90' lang='lat' dir='ltr'><strong>ait,</strong></span> <span class='ocrx_word' id='word_1_514' title='bbox 1435 4016 1490 4071; x_wconf 88' lang='lat' dir='ltr'><strong>itt</strong></span> <span class='ocrx_word' id='word_1_515' title='bbox 1520 4027 1787 4087; x_wconf 89' lang='lat' dir='ltr'><strong>quantum</strong></span> <span class='ocrx_word' id='word_1_516' title='bbox 1837 4033 1947 4072; x_wconf 89' lang='lat' dir='ltr'><strong>non</strong></span> <span class='ocrx_word' id='word_1_517' title='bbox 2000 4032 2098 4086; x_wconf 89' lang='lat' dir='ltr'><strong>per</strong></span> 
     </span>
    </p>
   </div>
   <div class='ocr_carea' id='block_1_71' title="bbox 517 4108 2100 4180">
    <p class='ocr_par' dir='ltr' id='par_1_71' title="bbox 517 4108 2100 4180">
     <span class='ocr_line' id='line_1_71' title="bbox 517 4108 2100 4180; baseline 0.004 -21"><span class='ocrx_word' id='word_1_518' title='bbox 517 4122 638 4161; x_wconf 79' lang='lat' dir='ltr'><strong>eam</strong></span> <span class='ocrx_word' id='word_1_519' title='bbox 690 4108 870 4176; x_wconf 93' lang='lat' dir='ltr'><strong>primo</strong></span> <span class='ocrx_word' id='word_1_520' title='bbox 933 4109 1323 4180; x_wconf 80' lang='lat' dir='ltr'><strong>distinguitur,</strong></span> <span class='ocrx_word' id='word_1_521' title='bbox 1370 4109 1465 4165; x_wconf 86' lang='lat' dir='ltr'><strong>sed</strong></span> <span class='ocrx_word' id='word_1_522' title='bbox 1511 4111 1696 4179; x_wconf 85' lang='lat' dir='ltr'><strong>primo</strong></span> <span class='ocrx_word' id='word_1_523' title='bbox 1737 4111 2100 4178; x_wconf 78' lang='lat' dir='ltr'><strong>distinguitur</strong></span> 
     </span>
    </p>
   </div>
   <div class='ocr_carea' id='block_1_72' title="bbox 518 4199 2099 4273">
    <p class='ocr_par' dir='ltr' id='par_1_72' title="bbox 518 4199 2099 4273">
     <span class='ocr_line' id='line_1_72' title="bbox 518 4199 2099 4273; baseline 0.003 -19"><span class='ocrx_word' id='word_1_524' title='bbox 518 4199 739 4255; x_wconf 88' lang='lat' dir='ltr'><strong>diversa</strong></span> <span class='ocrx_word' id='word_1_525' title='bbox 790 4203 1199 4272; x_wconf 82' lang='lat' dir='ltr'><strong>progressione,</strong></span> <span class='ocrx_word' id='word_1_526' title='bbox 1231 4203 1372 4258; x_wconf 89' lang='lat' dir='ltr'><strong>hanc</strong></span> <span class='ocrx_word' id='word_1_527' title='bbox 1415 4217 1547 4258; x_wconf 90' lang='lat' dir='ltr'><strong>vero</strong></span> <span class='ocrx_word' id='word_1_528' title='bbox 1597 4213 1655 4257; x_wconf 87' lang='lat' dir='ltr'><strong>et</strong></span> <span class='ocrx_word' id='word_1_529' title='bbox 1703 4203 1983 4273; x_wconf 82' lang='lat' dir='ltr'><strong>Oppositio</strong></span> <span class='ocrx_word' id='word_1_530' title='bbox 2011 4217 2099 4258; x_wconf 89' lang='lat' dir='ltr'><strong>se-</strong></span> 
     </span>
    </p>
   </div>
   <div class='ocr_carea' id='block_1_73' title="bbox 517 4295 2101 4364">
    <p class='ocr_par' dir='ltr' id='par_1_73' title="bbox 517 4295 2101 4364">
     <span class='ocr_line' id='line_1_73' title="bbox 517 4295 2101 4364; baseline 0.003 -16"><span class='ocrx_word' id='word_1_531' title='bbox 517 4295 759 4348; x_wconf 91' lang='lat' dir='ltr'><strong>cundum</strong></span> <span class='ocrx_word' id='word_1_532' title='bbox 786 4295 1119 4364; x_wconf 78' lang='lat' dir='ltr'><strong>principium</strong></span> <span class='ocrx_word' id='word_1_533' title='bbox 1146 4297 1418 4364; x_wconf 84' lang='lat' dir='ltr'><strong>sequitur.</strong></span> <span class='ocrx_word' id='word_1_534' title='bbox 1448 4295 1604 4361; x_wconf 86' lang='lat' dir='ltr'><strong>Quod</strong></span> <span class='ocrx_word' id='word_1_535' title='bbox 1629 4295 1853 4364; x_wconf 91' lang='lat' dir='ltr'><strong>quidem</strong></span> <span class='ocrx_word' id='word_1_536' title='bbox 1885 4295 2002 4351; x_wconf 67' lang='lat' dir='ltr'><strong>haec</strong></span> <span class='ocrx_word' id='word_1_537' title='bbox 2023 4297 2101 4352; x_wconf 89' lang='lat' dir='ltr'><strong>ita</strong></span> 
     </span>
    </p>
   </div>
   <div class='ocr_carea' id='block_1_74' title="bbox 519 4384 2101 4454">
    <p class='ocr_par' dir='ltr' id='par_1_74' title="bbox 519 4384 2101 4454">
     <span class='ocr_line' id='line_1_74' title="bbox 519 4384 2101 4454; baseline 0.001 -15"><span class='ocrx_word' id='word_1_538' title='bbox 519 4385 662 4439; x_wconf 89' lang='lat' dir='ltr'><strong>bene</strong></span> <span class='ocrx_word' id='word_1_539' title='bbox 691 4399 751 4439; x_wconf 88' lang='lat' dir='ltr'><strong>se</strong></span> <span class='ocrx_word' id='word_1_540' title='bbox 779 4384 983 4439; x_wconf 85' lang='lat' dir='ltr'><strong>habent</strong></span> <span class='ocrx_word' id='word_1_541' title='bbox 1003 4394 1059 4439; x_wconf 90' lang='lat' dir='ltr'><strong>et</strong></span> <span class='ocrx_word' id='word_1_542' title='bbox 1087 4386 1232 4454; x_wconf 90' lang='lat' dir='ltr'><strong>quod</strong></span> <span class='ocrx_word' id='word_1_543' title='bbox 1260 4388 1424 4439; x_wconf 82' lang='lat' dir='ltr'><strong>etiam</strong></span> <span class='ocrx_word' id='word_1_544' title='bbox 1446 4395 1576 4440; x_wconf 89' lang='lat' dir='ltr'><strong>ante</strong></span> <span class='ocrx_word' id='word_1_545' title='bbox 1605 4385 1912 4440; x_wconf 79' lang='lat' dir='ltr'><strong>Cabasilam</strong></span> <span class='ocrx_word' id='word_1_546' title='bbox 1941 4385 2101 4441; x_wconf 89' lang='lat' dir='ltr'><strong>ntttlti</strong></span> 
     </span>
    </p>
   </div>
   <div class='ocr_carea' id='block_1_75' title="bbox 521 4474 2104 4534">
    <p class='ocr_par' dir='ltr' id='par_1_75' title="bbox 521 4474 2104 4534">
     <span class='ocr_line' id='line_1_75' title="bbox 521 4474 2104 4534; baseline 0.001 -5"><span class='ocrx_word' id='word_1_547' title='bbox 521 4475 844 4529; x_wconf 85' lang='lat' dir='ltr'><strong>Latinorum</strong></span> <span class='ocrx_word' id='word_1_548' title='bbox 877 4486 1199 4532; x_wconf 88' lang='lat' dir='ltr'><strong>reverenter</strong></span> <span class='ocrx_word' id='word_1_549' title='bbox 1223 4478 1677 4532; x_wconf 77' lang='lat' dir='ltr'><strong>contradixerunt</strong></span> <span class='ocrx_word' id='word_1_550' title='bbox 1701 4474 1924 4533; x_wconf 79' lang='lat' dir='ltr'><strong>Thema:</strong></span> <span class='ocrx_word' id='word_1_551' title='bbox 1949 4494 2104 4534; x_wconf 90' lang='lat' dir='ltr'><strong>eum-</strong></span> 
     </span>
    </p>
   </div>
   <div class='ocr_carea' id='block_1_76' title="bbox 521 4539 2173 4636">
    <p class='ocr_par' dir='ltr' id='par_1_76' title="bbox 521 4539 2173 4636">
     <span class='ocr_line' id='line_1_76' title="bbox 521 4539 2173 4636; baseline 0.006 -20"><span class='ocrx_word' id='word_1_552' title='bbox 521 4581 630 4634; x_wconf 89' lang='lat' dir='ltr'><strong>que</strong></span> <span class='ocrx_word' id='word_1_553' title='bbox 669 4566 975 4634; x_wconf 88' lang='lat' dir='ltr'><strong>simplicius</strong></span> <span class='ocrx_word' id='word_1_554' title='bbox 1007 4567 1112 4620; x_wconf 88' lang='lat' dir='ltr'><strong>hoc</strong></span> <span class='ocrx_word' id='word_1_555' title='bbox 1145 4578 1474 4636; x_wconf 77' lang='lat' dir='ltr'><strong>argumento</strong></span> <span class='ocrx_word' id='word_1_556' title='bbox 1527 4585 1690 4624; x_wconf 90' lang='lat' dir='ltr'><strong>usum</strong></span> <span class='ocrx_word' id='word_1_557' title='bbox 1738 4570 1910 4628; x_wconf 88' lang='lat' dir='ltr'><strong>fuisse</strong></span> <span class='ocrx_word' id='word_1_558' title='bbox 1950 4571 2100 4625; x_wconf 84' lang='lat' dir='ltr'><strong>afﬁr-</strong></span> <span class='ocrx_word' id='word_1_559' title='bbox 2127 4539 2173 4601; x_wconf 78' lang='lat' dir='ltr'><strong>C</strong></span> 
     </span>
    </p>
   </div>
   <div class='ocr_carea' id='block_1_77' title="bbox 523 4659 2103 4732">
    <p class='ocr_par' dir='ltr' id='par_1_77' title="bbox 523 4659 2103 4732">
     <span class='ocr_line' id='line_1_77' title="bbox 523 4659 2103 4732; baseline 0.003 -20"><span class='ocrx_word' id='word_1_560' title='bbox 523 4667 766 4722; x_wconf 84' lang='lat' dir='ltr'><strong>Inarunl,</strong></span> <span class='ocrx_word' id='word_1_561' title='bbox 816 4659 920 4711; x_wconf 87' lang='lat' dir='ltr'><strong>alia</strong></span> <span class='ocrx_word' id='word_1_562' title='bbox 953 4673 1130 4727; x_wconf 79' lang='lat' dir='ltr'><strong>eaque</strong></span> <span class='ocrx_word' id='word_1_563' title='bbox 1161 4661 1384 4728; x_wconf 85' lang='lat' dir='ltr'><strong>propria</strong></span> <span class='ocrx_word' id='word_1_564' title='bbox 1433 4661 1846 4717; x_wconf 84' lang='lat' dir='ltr'><strong>concertatione</strong></span> <span class='ocrx_word' id='word_1_565' title='bbox 1891 4663 2103 4732; x_wconf 88' lang='lat' dir='ltr'><strong>disqui-</strong></span> 
     </span>
    </p>
   </div>
   <div class='ocr_carea' id='block_1_78' title="bbox 525 4751 2102 4825">
    <p class='ocr_par' dir='ltr' id='par_1_78' title="bbox 525 4751 2102 4825">
     <span class='ocr_line' id='line_1_78' title="bbox 525 4751 2102 4825; baseline 0.004 -21"><span class='ocrx_word' id='word_1_566' title='bbox 525 4751 756 4804; x_wconf 86' lang='lat' dir='ltr'><strong>rendum</strong></span> <span class='ocrx_word' id='word_1_567' title='bbox 784 4760 838 4802; x_wconf 85' lang='lat' dir='ltr'><strong>et</strong></span> <span class='ocrx_word' id='word_1_568' title='bbox 864 4751 1268 4804; x_wconf 88' lang='lat' dir='ltr'><strong>ostendendum</strong></span> <span class='ocrx_word' id='word_1_569' title='bbox 1302 4751 1443 4805; x_wconf 86' lang='lat' dir='ltr'><strong>foret</strong></span> <span class='ocrx_word' id='word_1_570' title='bbox 1464 4770 1478 4816; x_wconf 89' lang='lat'><strong>;</strong></span> <span class='ocrx_word' id='word_1_571' title='bbox 1503 4753 1650 4821; x_wconf 90' lang='lat' dir='ltr'><strong>quod</strong></span> <span class='ocrx_word' id='word_1_572' title='bbox 1683 4769 1811 4809; x_wconf 82' lang='lat' dir='ltr'><strong>vero</strong></span> <span class='ocrx_word' id='word_1_573' title='bbox 1836 4764 1889 4808; x_wconf 93' lang='lat' dir='ltr'><strong>tu</strong></span> <span class='ocrx_word' id='word_1_574' title='bbox 1922 4771 2102 4825; x_wconf 90' lang='lat' dir='ltr'><strong>nequc</strong></span> 
     </span>
    </p>
   </div>
   <div class='ocr_carea' id='block_1_79' title="bbox 523 4841 2105 4907">
    <p class='ocr_par' dir='ltr' id='par_1_79' title="bbox 523 4841 2105 4907">
     <span class='ocr_line' id='line_1_79' title="bbox 523 4841 2105 4907; baseline 0.004 -13"><span class='ocrx_word' id='word_1_575' title='bbox 523 4841 937 4894; x_wconf 88' lang='lat' dir='ltr'><strong>conclusionem</strong></span> <span class='ocrx_word' id='word_1_576' title='bbox 964 4841 1230 4907; x_wconf 87' lang='lat' dir='ltr'><strong>destruis,</strong></span> <span class='ocrx_word' id='word_1_577' title='bbox 1261 4843 1365 4896; x_wconf 78' lang='lat' dir='ltr'><strong>etz-i</strong></span> <span class='ocrx_word' id='word_1_578' title='bbox 1399 4841 1667 4897; x_wconf 82' lang='lat' dir='ltr'><strong>Thomam</strong></span> <span class='ocrx_word' id='word_1_579' title='bbox 1717 4845 2105 4901; x_wconf 85' lang='lat' dir='ltr'><strong>confutaturus</strong></span> 
     </span>
    </p>
   </div>
   <div class='ocr_carea' id='block_1_80' title="bbox 521 4922 2107 5003">
    <p class='ocr_par' dir='ltr' id='par_1_80' title="bbox 521 4922 2107 5003">
     <span class='ocr_line' id='line_1_80' title="bbox 521 4922 2107 5003; baseline 0.004 -17"><span class='ocrx_word' id='word_1_580' title='bbox 521 4922 875 5001; x_wconf 53' lang='lat' dir='ltr'><strong>eras,&#39;neque</strong></span> <span class='ocrx_word' id='word_1_581' title='bbox 904 4933 1082 4988; x_wconf 88' lang='lat' dir='ltr'><strong>valide</strong></span> <span class='ocrx_word' id='word_1_582' title='bbox 1106 4947 1171 4987; x_wconf 86' lang='lat' dir='ltr'><strong>ac</strong></span> <span class='ocrx_word' id='word_1_583' title='bbox 1193 4936 1592 4989; x_wconf 90' lang='lat' dir='ltr'><strong>convenienter</strong></span> <span class='ocrx_word' id='word_1_584' title='bbox 1615 4936 1839 5003; x_wconf 85' lang='lat' dir='ltr'><strong>refellis,</strong></span> <span class='ocrx_word' id='word_1_585' title='bbox 1867 4948 1979 4992; x_wconf 89' lang='lat' dir='ltr'><strong>tum</strong></span> <span class='ocrx_word' id='word_1_586' title='bbox 2001 4938 2107 4992; x_wconf 87' lang='lat' dir='ltr'><strong>La-</strong></span> 
     </span>
    </p>
   </div>
   <div class='ocr_carea' id='block_1_81' title="bbox 526 5024 2100 5099">
    <p class='ocr_par' dir='ltr' id='par_1_81' title="bbox 526 5024 2100 5099">
     <span class='ocr_line' id='line_1_81' title="bbox 526 5024 2100 5099; baseline 0.006 -24"><span class='ocrx_word' id='word_1_587' title='bbox 526 5024 625 5077; x_wconf 90' lang='lat' dir='ltr'><strong>tini</strong></span> <span class='ocrx_word' id='word_1_588' title='bbox 661 5025 1016 5077; x_wconf 77' lang='lat' dir='ltr'><strong>manifestum</strong></span> <span class='ocrx_word' id='word_1_589' title='bbox 1053 5025 1314 5091; x_wconf 88' lang='lat' dir='ltr'><strong>reddunt,</strong></span> <span class='ocrx_word' id='word_1_590' title='bbox 1356 5027 1450 5095; x_wconf 88' lang='lat' dir='ltr'><strong>qui</strong></span> <span class='ocrx_word' id='word_1_591' title='bbox 1491 5042 1668 5097; x_wconf 86' lang='lat' dir='ltr'><strong>neque</strong></span> <span class='ocrx_word' id='word_1_592' title='bbox 1717 5027 1820 5082; x_wconf 85' lang='lat' dir='ltr'><strong>hac</strong></span> <span class='ocrx_word' id='word_1_593' title='bbox 1857 5029 1911 5083; x_wconf 88' lang='lat' dir='ltr'><strong>in</strong></span> <span class='ocrx_word' id='word_1_594' title='bbox 1945 5040 2100 5099; x_wconf 89' lang='lat' dir='ltr'><strong>parte</strong></span> 
     </span>
    </p>
   </div>
   <div class='ocr_carea' id='block_1_82' title="bbox 528 5117 2106 5191">
    <p class='ocr_par' dir='ltr' id='par_1_82' title="bbox 528 5117 2106 5191">
     <span class='ocr_line' id='line_1_82' title="bbox 528 5117 2106 5191; baseline 0.003 -21"><span class='ocrx_word' id='word_1_595' title='bbox 528 5117 758 5170; x_wconf 64' lang='lat' dir='ltr'><strong>Thomae</strong></span> <span class='ocrx_word' id='word_1_596' title='bbox 792 5117 946 5170; x_wconf 84' lang='lat' dir='ltr'><strong>valde</strong></span> <span class='ocrx_word' id='word_1_597' title='bbox 982 5118 1361 5172; x_wconf 87' lang='lat' dir='ltr'><strong>assentiuntur</strong></span> <span class='ocrx_word' id='word_1_598' title='bbox 1398 5133 1580 5188; x_wconf 87' lang='lat' dir='ltr'><strong>neque</strong></span> <span class='ocrx_word' id='word_1_599' title='bbox 1635 5118 1817 5174; x_wconf 86' lang='lat' dir='ltr'><strong>thesin</strong></span> <span class='ocrx_word' id='word_1_600' title='bbox 1857 5121 1979 5191; x_wconf 85' lang='lat' dir='ltr'><strong>ejus</strong></span> <span class='ocrx_word' id='word_1_601' title='bbox 2012 5137 2106 5175; x_wconf 90' lang='lat' dir='ltr'><strong>ne-</strong></span> 
     </span>
    </p>
   </div>
   <div class='ocr_carea' id='block_1_83' title="bbox 524 5196 2128 5280">
    <p class='ocr_par' dir='ltr' id='par_1_83' title="bbox 524 5196 2128 5280">
     <span class='ocr_line' id='line_1_83' title="bbox 524 5196 2128 5280; baseline 0.006 -19"><span class='ocrx_word' id='word_1_602' title='bbox 524 5218 673 5277; x_wconf 76' lang='lat' dir='ltr'><strong>gant.</strong></span> <span class='ocrx_word' id='word_1_603' title='bbox 708 5219 822 5262; x_wconf 86' lang='lat' dir='ltr'><strong>tum</strong></span> <span class='ocrx_word' id='word_1_604' title='bbox 853 5217 906 5263; x_wconf 89' lang='lat' dir='ltr'><strong>tu</strong></span> <span class='ocrx_word' id='word_1_605' title='bbox 940 5208 1056 5278; x_wconf 87' lang='lat' dir='ltr'><strong>ipse</strong></span> <span class='ocrx_word' id='word_1_606' title='bbox 1083 5210 1374 5265; x_wconf 81' lang='lat' dir='ltr'><strong>ostendisti</strong></span> <span class='ocrx_word' id='word_1_607' title='bbox 1395 5212 1506 5280; x_wconf 87' lang='lat' dir='ltr'><strong>jam</strong></span> <span class='ocrx_word' id='word_1_608' title='bbox 1543 5211 1720 5265; x_wconf 88' lang='lat' dir='ltr'><strong>dictas</strong></span> <span class='ocrx_word' id='word_1_609' title='bbox 1749 5196 2128 5276; x_wconf 30' lang='lat' dir='ltr'><strong>exceptiones.</strong></span> 
     </span>
    </p>
   </div>
   <div class='ocr_carea' id='block_1_84' title="bbox 850 5303 2133 5374">
    <p class='ocr_par' dir='ltr' id='par_1_84' title="bbox 850 5303 2133 5374">
     <span class='ocr_line' id='line_1_84' title="bbox 850 5303 2133 5374; baseline 0.005 -17"><span class='ocrx_word' id='word_1_610' title='bbox 850 5305 903 5358; x_wconf 91' lang='lat' dir='ltr'><strong>in</strong></span> <span class='ocrx_word' id='word_1_611' title='bbox 965 5303 1204 5357; x_wconf 88' lang='lat' dir='ltr'><strong>ntedium</strong></span> <span class='ocrx_word' id='word_1_612' title='bbox 1269 5305 1600 5374; x_wconf 88' lang='lat' dir='ltr'><strong>producens,</strong></span> <span class='ocrx_word' id='word_1_613' title='bbox 1662 5319 1819 5374; x_wconf 84' lang='lat' dir='ltr'><strong>quas,</strong></span> <span class='ocrx_word' id='word_1_614' title='bbox 1875 5306 1919 5360; x_wconf 90' lang='lat' dir='ltr'><strong>si</strong></span> <span class='ocrx_word' id='word_1_615' title='bbox 1967 5308 2133 5363; x_wconf 85' lang='lat' dir='ltr'><strong>etiam</strong></span> 
     </span>
    </p>
   </div>
   <div class='ocr_carea' id='block_1_85' title="bbox 529 5319 748 5357">
    <p class='ocr_par' dir='ltr' id='par_1_85' title="bbox 529 5319 748 5357">
     <span class='ocr_line' id='line_1_85' title="bbox 529 5319 748 5357; baseline -0.005 0"><span class='ocrx_word' id='word_1_616' title='bbox 529 5320 590 5357; x_wconf 65' lang='grc' dir='ltr'><strong>ιιι</strong></span> <span class='ocrx_word' id='word_1_617' title='bbox 601 5319 748 5357; x_wconf 76' lang='lat' dir='ltr'><strong>l&#39;SUIlI</strong></span> 
     </span>
    </p>
   </div>
   <div class='ocr_carea' id='block_1_86' title="bbox 528 5398 1871 5455">
    <p class='ocr_par' dir='ltr' id='par_1_86' title="bbox 528 5398 1871 5455">
     <span class='ocr_line' id='line_1_86' title="bbox 528 5398 1871 5455; baseline 0.002 -3"><span class='ocrx_word' id='word_1_618' title='bbox 528 5399 756 5454; x_wconf 84' lang='lat' dir='ltr'><strong>difﬁcile</strong></span> <span class='ocrx_word' id='word_1_619' title='bbox 785 5411 906 5454; x_wconf 89' lang='lat' dir='ltr'><strong>erat</strong></span> <span class='ocrx_word' id='word_1_620' title='bbox 939 5409 996 5454; x_wconf 90' lang='lat' dir='ltr'><strong>et</strong></span> <span class='ocrx_word' id='word_1_621' title='bbox 1022 5401 1161 5454; x_wconf 88' lang='lat' dir='ltr'><strong>alios</strong></span> <span class='ocrx_word' id='word_1_622' title='bbox 1185 5398 1352 5454; x_wconf 87' lang='lat' dir='ltr'><strong>simili</strong></span> <span class='ocrx_word' id='word_1_623' title='bbox 1384 5401 1546 5453; x_wconf 74' lang='lat' dir='ltr'><strong>modo</strong></span> <span class='ocrx_word' id='word_1_624' title='bbox 1590 5399 1642 5453; x_wconf 90' lang='lat' dir='ltr'><strong>id</strong></span> <span class='ocrx_word' id='word_1_625' title='bbox 1673 5400 1871 5455; x_wconf 84' lang='lat' dir='ltr'><strong>facere.</strong></span> 
     </span>
    </p>
   </div>
   <div class='ocr_carea' id='block_1_87' title="bbox 2199 3274 3774 3347">
    <p class='ocr_par' dir='ltr' id='par_1_87' title="bbox 2199 3274 3774 3347">
     <span class='ocr_line' id='line_1_87' title="bbox 2199 3274 3774 3347; baseline -0.025 15"><span class='ocrx_word' id='word_1_626' title='bbox 2199 3275 2352 3340; x_wconf 61' lang='grc' dir='ltr'><strong>τάξει</strong></span> <span class='ocrx_word' id='word_1_627' title='bbox 2376 3276 2473 3328; x_wconf 54' lang='grc' dir='ltr'><strong>καὶ</strong></span> <span class='ocrx_word' id='word_1_628' title='bbox 2497 3277 2528 3344; x_wconf 70' lang='grc' dir='ltr'><strong>ἡ</strong></span> <span class='ocrx_word' id='word_1_629' title='bbox 2558 3276 2652 3328; x_wconf 54' lang='lat' dir='ltr'><strong>&quot;ﬁ</strong></span> <span class='ocrx_word' id='word_1_630' title='bbox 2679 3275 2994 3343; x_wconf 77' lang='grc' dir='ltr'><strong>Πνεύματος</strong></span> <span class='ocrx_word' id='word_1_631' title='bbox 3014 3276 3076 3329; x_wconf 71' lang='grc' dir='ltr'>ὲκ</span> <span class='ocrx_word' id='word_1_632' title='bbox 3106 3276 3199 3329; x_wconf 78' lang='grc' dir='ltr'><strong>τοῦ</strong></span> <span class='ocrx_word' id='word_1_633' title='bbox 3228 3277 3366 3332; x_wconf 85' lang='grc' dir='ltr'>Υἱοῦ</span> <span class='ocrx_word' id='word_1_634' title='bbox 3400 3277 3629 3347; x_wconf 69' lang='grc' dir='ltr'>πρόοδος</span> <span class='ocrx_word' id='word_1_635' title='bbox 3659 3274 3774 3327; x_wconf 80' lang='grc' dir='ltr'>ἒπε-</span> 
     </span>
    </p>
   </div>
   <div class='ocr_carea' id='block_1_88' title="bbox 2201 3368 3774 3440">
    <p class='ocr_par' dir='ltr' id='par_1_88' title="bbox 2201 3368 3774 3440">
     <span class='ocr_line' id='line_1_88' title="bbox 2201 3368 3774 3440; baseline -0.001 -20"><span class='ocrx_word' id='word_1_636' title='bbox 2201 3385 2313 3422; x_wconf 86' lang='grc' dir='ltr'>ται.</span> <span class='ocrx_word' id='word_1_637' title='bbox 2345 3369 2532 3438; x_wconf 83' lang='grc' dir='ltr'>’Λρκεῖ</span> <span class='ocrx_word' id='word_1_638' title='bbox 2575 3368 2672 3437; x_wconf 79' lang='grc' dir='ltr'>μὲν</span> <span class='ocrx_word' id='word_1_639' title='bbox 2696 3368 2788 3421; x_wconf 77' lang='grc' dir='ltr'>οὖν</span> <span class='ocrx_word' id='word_1_640' title='bbox 2818 3369 3120 3440; x_wconf 70' lang='grc' dir='ltr'>διακρίνειν</span> <span class='ocrx_word' id='word_1_641' title='bbox 3159 3371 3298 3424; x_wconf 73' lang='grc' dir='ltr'>αὐτὰ</span> <span class='ocrx_word' id='word_1_642' title='bbox 3321 3372 3384 3424; x_wconf 72' lang='grc' dir='ltr'><strong>τὸ</strong></span> <span class='ocrx_word' id='word_1_643' title='bbox 3413 3370 3688 3439; x_wconf 76' lang='grc' dir='ltr'>διαφόρως</span> <span class='ocrx_word' id='word_1_644' title='bbox 3717 3371 3774 3418; x_wconf 70' lang='grc' dir='ltr'><strong>ἐκ</strong></span> 
     </span>
    </p>
   </div>
   <div class='ocr_carea' id='block_1_89' title="bbox 2205 3459 3775 3535">
    <p class='ocr_par' dir='ltr' id='par_1_89' title="bbox 2205 3459 3775 3535">
     <span class='ocr_line' id='line_1_89' title="bbox 2205 3459 3775 3535; baseline 0.003 -19"><span class='ocrx_word' id='word_1_645' title='bbox 2205 3463 2415 3532; x_wconf 62' lang='lat' dir='ltr'><strong>Harpe;</strong></span> <span class='ocrx_word' id='word_1_646' title='bbox 2467 3463 2716 3533; x_wconf 74' lang='grc' dir='ltr'>προϊέναι</span> <span class='ocrx_word' id='word_1_647' title='bbox 2747 3503 2762 3528; x_wconf 87' lang='grc'><strong>,</strong></span> <span class='ocrx_word' id='word_1_648' title='bbox 2821 3463 2956 3517; x_wconf 76' lang='grc' dir='ltr'>ἀλλὰ</span> <span class='ocrx_word' id='word_1_649' title='bbox 3013 3464 3092 3532; x_wconf 82' lang='grc' dir='ltr'>τῷ</span> <span class='ocrx_word' id='word_1_650' title='bbox 3137 3464 3412 3535; x_wconf 77' lang='grc' dir='ltr'>διαφόρως</span> <span class='ocrx_word' id='word_1_651' title='bbox 3465 3467 3530 3517; x_wconf 80' lang='grc' dir='ltr'><strong>ἐκ</strong></span> <span class='ocrx_word' id='word_1_652' title='bbox 3579 3459 3775 3529; x_wconf 59' lang='grc' dir='ltr'>Πατρὶς</span> 
     </span>
    </p>
   </div>
   <div class='ocr_carea' id='block_1_90' title="bbox 2205 3553 3775 3626">
    <p class='ocr_par' dir='ltr' id='par_1_90' title="bbox 2205 3553 3775 3626">
     <span class='ocr_line' id='line_1_90' title="bbox 2205 3553 3775 3626; baseline -0.004 -19"><span class='ocrx_word' id='word_1_653' title='bbox 2205 3555 2458 3623; x_wconf 74' lang='grc' dir='ltr'>προϊέναι</span> <span class='ocrx_word' id='word_1_654' title='bbox 2496 3556 2557 3607; x_wconf 79' lang='grc' dir='ltr'>τὸ</span> <span class='ocrx_word' id='word_1_655' title='bbox 2592 3557 2655 3608; x_wconf 80' lang='grc' dir='ltr'><strong>ἐκ</strong></span> <span class='ocrx_word' id='word_1_656' title='bbox 2687 3553 2920 3626; x_wconf 80' lang='grc' dir='ltr'>θατέρου</span> <span class='ocrx_word' id='word_1_657' title='bbox 2973 3555 3204 3626; x_wconf 75' lang='grc' dir='ltr'>θάτερον</span> <span class='ocrx_word' id='word_1_658' title='bbox 3250 3558 3507 3626; x_wconf 80' lang='grc' dir='ltr'>προϊέναι</span> <span class='ocrx_word' id='word_1_659' title='bbox 3554 3555 3775 3606; x_wconf 74' lang='grc' dir='ltr'>ἕπεται·</span> 
     </span>
    </p>
   </div>
   <div class='ocr_carea' id='block_1_91' title="bbox 2201 3638 3775 3718">
    <p class='ocr_par' dir='ltr' id='par_1_91' title="bbox 2201 3638 3775 3718">
     <span class='ocr_line' id='line_1_91' title="bbox 2201 3638 3775 3718; baseline 0.001 -20"><span class='ocrx_word' id='word_1_660' title='bbox 2201 3645 2345 3700; x_wconf 74' lang='grc' dir='ltr'>ὥστε</span> <span class='ocrx_word' id='word_1_661' title='bbox 2387 3649 2536 3718; x_wconf 77' lang='grc' dir='ltr'>παρᾶ</span> <span class='ocrx_word' id='word_1_662' title='bbox 2595 3647 2854 3700; x_wconf 77' lang='grc' dir='ltr'>τοσοῦτον</span> <span class='ocrx_word' id='word_1_663' title='bbox 2901 3649 2962 3700; x_wconf 86' lang='grc' dir='ltr'>οὐ</span> <span class='ocrx_word' id='word_1_664' title='bbox 3019 3648 3358 3718; x_wconf 83' lang='grc' dir='ltr'>διακρίνεται</span> <span class='ocrx_word' id='word_1_665' title='bbox 3426 3649 3455 3700; x_wconf 85' lang='grc' dir='ltr'>ὁ</span> <span class='ocrx_word' id='word_1_666' title='bbox 3514 3647 3640 3709; x_wconf 73' lang='grc' dir='ltr'>Υίδς</span> <span class='ocrx_word' id='word_1_667' title='bbox 3686 3638 3775 3694; x_wconf 66' lang='grc' dir='ltr'><strong>τοῦ</strong></span> 
     </span>
    </p>
   </div>
   <div class='ocr_carea' id='block_1_92' title="bbox 2203 3737 3773 3812">
    <p class='ocr_par' dir='ltr' id='par_1_92' title="bbox 2203 3737 3773 3812">
     <span class='ocr_line' id='line_1_92' title="bbox 2203 3737 3773 3812; baseline -0.005 -20"><span class='ocrx_word' id='word_1_668' title='bbox 2203 3738 2518 3808; x_wconf 76' lang='grc' dir='ltr'>Πνεύματος</span> <span class='ocrx_word' id='word_1_669' title='bbox 2571 3741 2637 3808; x_wconf 83' lang='grc' dir='ltr'>τῇ</span> <span class='ocrx_word' id='word_1_670' title='bbox 2689 3739 2810 3790; x_wconf 78' lang='grc' dir='ltr'>κατ’</span> <span class='ocrx_word' id='word_1_671' title='bbox 2855 3741 3036 3793; x_wconf 80' lang='grc' dir='ltr'>αίτίαν</span> <span class='ocrx_word' id='word_1_672' title='bbox 3095 3742 3412 3812; x_wconf 72' lang='grc' dir='ltr'>ἁναφορικῇ</span> <span class='ocrx_word' id='word_1_673' title='bbox 3477 3737 3773 3794; x_wconf 68' lang='grc' dir='ltr'>ἀντιθέςει,</span> 
     </span>
    </p>
   </div>
   <div class='ocr_carea' id='block_1_93' title="bbox 2203 3829 3773 3903">
    <p class='ocr_par' dir='ltr' id='par_1_93' title="bbox 2203 3829 3773 3903">
     <span class='ocr_line' id='line_1_93' title="bbox 2203 3829 3773 3903; baseline -0.005 -20"><span class='ocrx_word' id='word_1_674' title='bbox 2203 3830 2348 3883; x_wconf 84' lang='grc' dir='ltr'>καθά</span> <span class='ocrx_word' id='word_1_675' title='bbox 2373 3847 2538 3900; x_wconf 71' lang='grc' dir='ltr'>φησιν</span> <span class='ocrx_word' id='word_1_676' title='bbox 2563 3830 2591 3881; x_wconf 85' lang='grc' dir='ltr'>ὁ</span> <span class='ocrx_word' id='word_1_677' title='bbox 2619 3829 2844 3897; x_wconf 83' lang='grc' dir='ltr'>Θωμᾶς,</span> <span class='ocrx_word' id='word_1_678' title='bbox 2876 3833 3118 3899; x_wconf 79' lang='grc' dir='ltr'>παρόσον</span> <span class='ocrx_word' id='word_1_679' title='bbox 3147 3832 3208 3884; x_wconf 86' lang='grc' dir='ltr'>οὐ</span> <span class='ocrx_word' id='word_1_680' title='bbox 3239 3833 3416 3903; x_wconf 78' lang='grc' dir='ltr'>ταύτῃ</span> <span class='ocrx_word' id='word_1_681' title='bbox 3445 3829 3773 3899; x_wconf 80' lang='grc' dir='ltr'>διακρίνεται</span> 
     </span>
    </p>
   </div>
   <div class='ocr_carea' id='block_1_94' title="bbox 2206 3919 3776 3996">
    <p class='ocr_par' dir='ltr' id='par_1_94' title="bbox 2206 3919 3776 3996">
     <span class='ocr_line' id='line_1_94' title="bbox 2206 3919 3776 3996; baseline -0.002 -22"><span class='ocrx_word' id='word_1_682' title='bbox 2206 3924 2462 3993; x_wconf 85' lang='grc' dir='ltr'>πρώτως,</span> <span class='ocrx_word' id='word_1_683' title='bbox 2515 3923 2652 3978; x_wconf 85' lang='grc' dir='ltr'>ἀλλὰ</span> <span class='ocrx_word' id='word_1_684' title='bbox 2697 3924 3037 3994; x_wconf 79' lang='grc' dir='ltr'>διακρίνεται</span> <span class='ocrx_word' id='word_1_685' title='bbox 3073 3925 3169 3994; x_wconf 77' lang='grc' dir='ltr'>μὲν</span> <span class='ocrx_word' id='word_1_686' title='bbox 3198 3928 3264 3995; x_wconf 81' lang='grc' dir='ltr'>τῇ</span> <span class='ocrx_word' id='word_1_687' title='bbox 3298 3925 3545 3996; x_wconf 74' lang='grc' dir='ltr'>διαφόρῳ</span> <span class='ocrx_word' id='word_1_688' title='bbox 3577 3919 3776 3989; x_wconf 68' lang='grc' dir='ltr'>προξδῳ</span> 
     </span>
    </p>
   </div>
   <div class='ocr_carea' id='block_1_95' title="bbox 2209 4015 3774 4089">
    <p class='ocr_par' dir='ltr' id='par_1_95' title="bbox 2209 4015 3774 4089">
     <span class='ocr_line' id='line_1_95' title="bbox 2209 4015 3774 4089; baseline -0.003 -21"><span class='ocrx_word' id='word_1_689' title='bbox 2209 4015 2480 4086; x_wconf 81' lang='grc' dir='ltr'>πρώτως’</span> <span class='ocrx_word' id='word_1_690' title='bbox 2541 4018 2716 4089; x_wconf 84' lang='grc' dir='ltr'>ταύτῃ</span> <span class='ocrx_word' id='word_1_691' title='bbox 2787 4017 2844 4070; x_wconf 83' lang='grc' dir='ltr'>δὲ</span> <span class='ocrx_word' id='word_1_692' title='bbox 2889 4019 2984 4070; x_wconf 76' lang='grc' dir='ltr'>καὶ</span> <span class='ocrx_word' id='word_1_693' title='bbox 3031 4020 3062 4087; x_wconf 85' lang='grc' dir='ltr'><strong>ή</strong></span> <span class='ocrx_word' id='word_1_694' title='bbox 3117 4017 3238 4072; x_wconf 76' lang='grc' dir='ltr'>κατ’</span> <span class='ocrx_word' id='word_1_695' title='bbox 3282 4021 3469 4074; x_wconf 89' lang='grc' dir='ltr'>αίτίαν</span> <span class='ocrx_word' id='word_1_696' title='bbox 3515 4015 3774 4073; x_wconf 83' lang='grc' dir='ltr'>ἀντίθεσις</span> 
     </span>
    </p>
   </div>
   <div class='ocr_carea' id='block_1_96' title="bbox 2207 4106 3774 4182">
    <p class='ocr_par' dir='ltr' id='par_1_96' title="bbox 2207 4106 3774 4182">
     <span class='ocr_line' id='line_1_96' title="bbox 2207 4106 3774 4182; baseline -0.001 -21"><span class='ocrx_word' id='word_1_697' title='bbox 2207 4109 2429 4163; x_wconf 72' lang='grc' dir='ltr'>ἕπεται.</span> <span class='ocrx_word' id='word_1_698' title='bbox 2464 4109 2652 4163; x_wconf 84' lang='grc' dir='ltr'>Ταῦτα</span> <span class='ocrx_word' id='word_1_699' title='bbox 2684 4110 2782 4179; x_wconf 76' lang='grc' dir='ltr'>μὲν</span> <span class='ocrx_word' id='word_1_700' title='bbox 2810 4106 2905 4164; x_wconf 77' lang='grc' dir='ltr'>οὖν</span> <span class='ocrx_word' id='word_1_701' title='bbox 2930 4113 3014 4164; x_wconf 78' lang='grc' dir='ltr'>ὅτι</span> <span class='ocrx_word' id='word_1_702' title='bbox 3041 4127 3097 4162; x_wconf 89' lang='grc' dir='ltr'><strong>τε</strong></span> <span class='ocrx_word' id='word_1_703' title='bbox 3129 4110 3302 4174; x_wconf 72' lang='grc' dir='ltr'>οὕτως</span> <span class='ocrx_word' id='word_1_704' title='bbox 3335 4112 3452 4182; x_wconf 76' lang='grc' dir='ltr'>ἔχει</span> <span class='ocrx_word' id='word_1_705' title='bbox 3484 4110 3663 4172; x_wconf 82' lang='grc' dir='ltr'>καλῶς</span> <span class='ocrx_word' id='word_1_706' title='bbox 3692 4108 3774 4161; x_wconf 65' lang='grc' dir='ltr'>καὶ</span> 
     </span>
    </p>
   </div>
   <div class='ocr_carea' id='block_1_97' title="bbox 2206 4202 3774 4270">
    <p class='ocr_par' dir='ltr' id='par_1_97' title="bbox 2206 4202 3774 4270">
     <span class='ocr_line' id='line_1_97' title="bbox 2206 4202 3774 4270; baseline -0.002 -14"><span class='ocrx_word' id='word_1_707' title='bbox 2206 4202 2290 4256; x_wconf 83' lang='grc' dir='ltr'>ὅτι</span> <span class='ocrx_word' id='word_1_708' title='bbox 2317 4203 2412 4256; x_wconf 74' lang='grc' dir='ltr'>καὶ</span> <span class='ocrx_word' id='word_1_709' title='bbox 2432 4203 2538 4270; x_wconf 63' lang='grc' dir='ltr'><strong>πρδ</strong></span> <span class='ocrx_word' id='word_1_710' title='bbox 2557 4202 2649 4256; x_wconf 84' lang='grc' dir='ltr'>τοῦ</span> <span class='ocrx_word' id='word_1_711' title='bbox 2675 4203 2962 4256; x_wconf 73' lang='grc' dir='ltr'>Καὸάσιλα</span> <span class='ocrx_word' id='word_1_712' title='bbox 2989 4203 3176 4257; x_wconf 70' lang='grc' dir='ltr'>πολλοὶ</span> <span class='ocrx_word' id='word_1_713' title='bbox 3197 4204 3307 4257; x_wconf 78' lang='grc' dir='ltr'><strong>τῶν</strong></span> <span class='ocrx_word' id='word_1_714' title='bbox 3333 4205 3609 4270; x_wconf 87' lang='grc' dir='ltr'>Λατίνων,</span> <span class='ocrx_word' id='word_1_715' title='bbox 3630 4202 3774 4254; x_wconf 62' lang='grc' dir='ltr'>εὐλαί</span> 
     </span>
    </p>
   </div>
   <div class='ocr_carea' id='block_1_98' title="bbox 2210 4291 3769 4367">
    <p class='ocr_par' dir='ltr' id='par_1_98' title="bbox 2210 4291 3769 4367">
     <span class='ocr_line' id='line_1_98' title="bbox 2210 4291 3769 4367; baseline -0.003 -20"><span class='ocrx_word' id='word_1_716' title='bbox 2210 4295 2323 4357; x_wconf 75' lang='grc' dir='ltr'>σῶς</span> <span class='ocrx_word' id='word_1_717' title='bbox 2351 4295 2699 4363; x_wconf 79' lang='grc' dir='ltr'>ἀντιλέγουσι</span> <span class='ocrx_word' id='word_1_718' title='bbox 2728 4295 2804 4363; x_wconf 83' lang='grc' dir='ltr'>τῷ</span> <span class='ocrx_word' id='word_1_719' title='bbox 2831 4295 3006 4367; x_wconf 73' lang='grc' dir='ltr'>Θωμᾷ</span> <span class='ocrx_word' id='word_1_720' title='bbox 3040 4296 3136 4349; x_wconf 83' lang='grc' dir='ltr'><strong>καί</strong></span> <span class='ocrx_word' id='word_1_721' title='bbox 3169 4313 3334 4367; x_wconf 84' lang='grc' dir='ltr'>φασιν</span> <span class='ocrx_word' id='word_1_722' title='bbox 3369 4299 3537 4352; x_wconf 77' lang='grc' dir='ltr'>αὑτὸν</span> <span class='ocrx_word' id='word_1_723' title='bbox 3581 4291 3769 4350; x_wconf 84' lang='grc' dir='ltr'>ἁπλού-</span> 
     </span>
    </p>
   </div>
   <div class='ocr_carea' id='block_1_99' title="bbox 2209 4388 3774 4460">
    <p class='ocr_par' dir='ltr' id='par_1_99' title="bbox 2209 4388 3774 4460">
     <span class='ocr_line' id='line_1_99' title="bbox 2209 4388 3774 4460; baseline -0.001 -20"><span class='ocrx_word' id='word_1_724' title='bbox 2209 4403 2403 4458; x_wconf 85' lang='grc' dir='ltr'>στερον</span> <span class='ocrx_word' id='word_1_725' title='bbox 2451 4388 2528 4458; x_wconf 83' lang='grc' dir='ltr'>τῷ</span> <span class='ocrx_word' id='word_1_726' title='bbox 2564 4390 2710 4459; x_wconf 80' lang='grc' dir='ltr'>λόγῳ</span> <span class='ocrx_word' id='word_1_727' title='bbox 2767 4391 3081 4459; x_wconf 68' lang='grc' dir='ltr'>χρήσασθαι</span> <span class='ocrx_word' id='word_1_728' title='bbox 3137 4392 3336 4460; x_wconf 72' lang='grc' dir='ltr'>τούτῳ,</span> <span class='ocrx_word' id='word_1_729' title='bbox 3373 4392 3553 4446; x_wconf 76' lang='grc' dir='ltr'>ἄλλων</span> <span class='ocrx_word' id='word_1_730' title='bbox 3586 4390 3774 4456; x_wconf 79' lang='grc' dir='ltr'>ἁγωνι·</span> 
     </span>
    </p>
   </div>
   <div class='ocr_carea' id='block_1_100' title="bbox 2211 4477 3772 4551">
    <p class='ocr_par' dir='ltr' id='par_1_100' title="bbox 2211 4477 3772 4551">
     <span class='ocr_line' id='line_1_100' title="bbox 2211 4477 3772 4551; baseline 0.001 -20"><span class='ocrx_word' id='word_1_731' title='bbox 2211 4480 2437 4548; x_wconf 84' lang='grc' dir='ltr'>σμάτων</span> <span class='ocrx_word' id='word_1_732' title='bbox 2463 4481 2530 4535; x_wconf 83' lang='grc' dir='ltr'>ἂν</span> <span class='ocrx_word' id='word_1_733' title='bbox 2566 4481 2654 4551; x_wconf 79' lang='grc' dir='ltr'><strong>εἴη</strong></span> <span class='ocrx_word' id='word_1_734' title='bbox 2689 4484 2913 4536; x_wconf 80' lang='grc' dir='ltr'>σκοπεῖν</span> <span class='ocrx_word' id='word_1_735' title='bbox 2948 4485 3043 4536; x_wconf 74' lang='grc' dir='ltr'>καὶ</span> <span class='ocrx_word' id='word_1_736' title='bbox 3085 4483 3365 4537; x_wconf 81' lang='grc' dir='ltr'>δεικνύναι</span> <span class='ocrx_word' id='word_1_737' title='bbox 3391 4499 3409 4516; x_wconf 77' lang='grc' dir='ltr'><strong><em>ο</em></strong></span> <span class='ocrx_word' id='word_1_738' title='bbox 3447 4487 3531 4538; x_wconf 71' lang='grc' dir='ltr'>ὅτι</span> <span class='ocrx_word' id='word_1_739' title='bbox 3569 4483 3623 4535; x_wconf 84' lang='grc' dir='ltr'>δὲ</span> <span class='ocrx_word' id='word_1_740' title='bbox 3659 4477 3772 4532; x_wconf 75' lang='grc' dir='ltr'>οὔτε</span> 
     </span>
    </p>
   </div>
   <div class='ocr_carea' id='block_1_101' title="bbox 2204 4571 3770 4647">
    <p class='ocr_par' dir='ltr' id='par_1_101' title="bbox 2204 4571 3770 4647">
     <span class='ocr_line' id='line_1_101' title="bbox 2204 4571 3770 4647; baseline 0.002 -23"><span class='ocrx_word' id='word_1_741' title='bbox 2204 4571 2266 4624; x_wconf 84' lang='grc' dir='ltr'><strong>τδ</strong></span> <span class='ocrx_word' id='word_1_742' title='bbox 2322 4575 2700 4644; x_wconf 83' lang='grc' dir='ltr'>συμπέρασμα</span> <span class='ocrx_word' id='word_1_743' title='bbox 2737 4575 3008 4644; x_wconf 81' lang='grc' dir='ltr'>ἀναιρεῖς,</span> <span class='ocrx_word' id='word_1_744' title='bbox 3051 4576 3101 4627; x_wconf 85' lang='grc' dir='ltr'><strong>εί</strong></span> <span class='ocrx_word' id='word_1_745' title='bbox 3164 4576 3261 4628; x_wconf 81' lang='grc' dir='ltr'>καὶ</span> <span class='ocrx_word' id='word_1_746' title='bbox 3295 4577 3501 4647; x_wconf 72' lang='grc' dir='ltr'>Θωμᾶν</span> <span class='ocrx_word' id='word_1_747' title='bbox 3531 4574 3770 4642; x_wconf 79' lang='grc' dir='ltr'>ἐλέγχειν</span> 
     </span>
    </p>
   </div>
   <div class='ocr_carea' id='block_1_102' title="bbox 2205 4663 3774 4737">
    <p class='ocr_par' dir='ltr' id='par_1_102' title="bbox 2205 4663 3774 4737">
     <span class='ocr_line' id='line_1_102' title="bbox 2205 4663 3774 4737; baseline 0.004 -22"><span class='ocrx_word' id='word_1_748' title='bbox 2205 4663 2432 4733; x_wconf 71' lang='grc' dir='ltr'>ἔμελλες</span> <span class='ocrx_word' id='word_1_749' title='bbox 2471 4665 2724 4737; x_wconf 77' lang='grc' dir='ltr'>(Ι),ούτε</span> <span class='ocrx_word' id='word_1_750' title='bbox 2779 4666 2977 4731; x_wconf 82' lang='grc' dir='ltr'>ἱκανῶς</span> <span class='ocrx_word' id='word_1_751' title='bbox 3029 4667 3272 4737; x_wconf 73' lang='grc' dir='ltr'>ἐλέγχεις</span> <span class='ocrx_word' id='word_1_752' title='bbox 3323 4671 3420 4722; x_wconf 72' lang='grc' dir='ltr'>καὶ</span> <span class='ocrx_word' id='word_1_753' title='bbox 3477 4663 3774 4737; x_wconf 68' lang='grc' dir='ltr'>ἐπηϐόλωςι</span> 
     </span>
    </p>
   </div>
   <div class='ocr_carea' id='block_1_103' title="bbox 2205 4757 3772 4829">
    <p class='ocr_par' dir='ltr' id='par_1_103' title="bbox 2205 4757 3772 4829">
     <span class='ocr_line' id='line_1_103' title="bbox 2205 4757 3772 4829; baseline -0.003 -20"><span class='ocrx_word' id='word_1_754' title='bbox 2205 4758 2267 4809; x_wconf 73' lang='grc' dir='ltr'><strong>τὸ</strong></span> <span class='ocrx_word' id='word_1_755' title='bbox 2319 4757 2418 4827; x_wconf 80' lang='grc' dir='ltr'>μὲν</span> <span class='ocrx_word' id='word_1_756' title='bbox 2466 4761 2517 4812; x_wconf 82' lang='lat' dir='ltr'><strong>oi</strong></span> <span class='ocrx_word' id='word_1_757' title='bbox 2575 4761 2797 4812; x_wconf 86' lang='grc' dir='ltr'>Λατῖνοι</span> <span class='ocrx_word' id='word_1_758' title='bbox 2827 4759 2988 4829; x_wconf 74' lang='grc' dir='ltr'>δῆλον</span> <span class='ocrx_word' id='word_1_759' title='bbox 3047 4760 3316 4825; x_wconf 83' lang='grc' dir='ltr'>ποιοῦσιν,</span> <span class='ocrx_word' id='word_1_760' title='bbox 3359 4761 3484 4815; x_wconf 81' lang='grc' dir='ltr'>οὕτε</span> <span class='ocrx_word' id='word_1_761' title='bbox 3517 4762 3772 4828; x_wconf 81' lang='grc' dir='ltr'>τιθέμενοι</span> 
     </span>
    </p>
   </div>
   <div class='ocr_carea' id='block_1_104' title="bbox 2211 4849 3773 4924">
    <p class='ocr_par' dir='ltr' id='par_1_104' title="bbox 2211 4849 3773 4924">
     <span class='ocr_line' id='line_1_104' title="bbox 2211 4849 3773 4924; baseline 0.001 -25"><span class='ocrx_word' id='word_1_762' title='bbox 2211 4849 2290 4918; x_wconf 81' lang='grc' dir='ltr'>τῷ</span> <span class='ocrx_word' id='word_1_763' title='bbox 2317 4849 2489 4920; x_wconf 79' lang='grc' dir='ltr'>Θωμᾷ</span> <span class='ocrx_word' id='word_1_764' title='bbox 2522 4851 2645 4902; x_wconf 85' lang='grc' dir='ltr'>λίαν</span> <span class='ocrx_word' id='word_1_765' title='bbox 2694 4855 2752 4904; x_wconf 82' lang='grc' dir='ltr'><strong>ἐν</strong></span> <span class='ocrx_word' id='word_1_766' title='bbox 2801 4852 2978 4922; x_wconf 80' lang='grc' dir='ltr'>τούτῳ</span> <span class='ocrx_word' id='word_1_767' title='bbox 3021 4852 3101 4922; x_wconf 81' lang='grc' dir='ltr'>τῷ</span> <span class='ocrx_word' id='word_1_768' title='bbox 3139 4855 3316 4924; x_wconf 83' lang='grc' dir='ltr'>μέρει,</span> <span class='ocrx_word' id='word_1_769' title='bbox 3350 4855 3473 4907; x_wconf 70' lang='grc' dir='ltr'>οὕτε</span> <span class='ocrx_word' id='word_1_770' title='bbox 3507 4855 3604 4922; x_wconf 75' lang='grc' dir='ltr'>τὴν</span> <span class='ocrx_word' id='word_1_771' title='bbox 3637 4849 3773 4901; x_wconf 76' lang='grc' dir='ltr'>θέσιν</span> 
     </span>
    </p>
   </div>
   <div class='ocr_carea' id='block_1_105' title="bbox 2211 4940 3770 5019">
    <p class='ocr_par' dir='ltr' id='par_1_105' title="bbox 2211 4940 3770 5019">
     <span class='ocr_line' id='line_1_105' title="bbox 2211 4940 3770 5019; baseline -0.006 -25"><span class='ocrx_word' id='word_1_772' title='bbox 2211 4940 2570 5012; x_wconf 82' lang='grc' dir='ltr'>ἀρνούμενοι,</span> <span class='ocrx_word' id='word_1_773' title='bbox 2603 4944 2662 4995; x_wconf 75' lang='grc' dir='ltr'>τὸ</span> <span class='ocrx_word' id='word_1_774' title='bbox 2693 4944 2749 4996; x_wconf 80' lang='grc' dir='ltr'>δὲ</span> <span class='ocrx_word' id='word_1_775' title='bbox 2791 4945 2953 5008; x_wconf 73' lang='grc' dir='ltr'>αὐτὸς</span> <span class='ocrx_word' id='word_1_776' title='bbox 2981 4946 3193 5011; x_wconf 77' lang='grc' dir='ltr'>ἔδειξας</span> <span class='ocrx_word' id='word_1_777' title='bbox 3231 4948 3357 5010; x_wconf 67' lang='grc' dir='ltr'>τοὺς</span> <span class='ocrx_word' id='word_1_778' title='bbox 3387 4943 3770 5019; x_wconf 62' lang='grc' dir='ltr'>ἐληλεγμένους</span> 
     </span>
    </p>
   </div>
   <div class='ocr_carea' id='block_1_106' title="bbox 2213 5026 3772 5107">
    <p class='ocr_par' dir='ltr' id='par_1_106' title="bbox 2213 5026 3772 5107">
     <span class='ocr_line' id='line_1_106' title="bbox 2213 5026 3772 5107; baseline 0.004 -21"><span class='ocrx_word' id='word_1_779' title='bbox 2213 5033 2473 5102; x_wconf 72' lang='grc' dir='ltr'>ἐλέγχους</span> <span class='ocrx_word' id='word_1_780' title='bbox 2505 5033 2664 5099; x_wconf 81' lang='grc' dir='ltr'>αὖθις</span> <span class='ocrx_word' id='word_1_781' title='bbox 2696 5035 2963 5106; x_wconf 78' lang='grc' dir='ltr'>παράγων</span> <span class='ocrx_word' id='word_1_782' title='bbox 3003 5041 3084 5100; x_wconf 83' lang='grc' dir='ltr'><strong>είς</strong></span> <span class='ocrx_word' id='word_1_783' title='bbox 3130 5039 3315 5107; x_wconf 77' lang='grc' dir='ltr'>μέσον,</span> <span class='ocrx_word' id='word_1_784' title='bbox 3359 5038 3449 5102; x_wconf 78' lang='grc' dir='ltr'>οὓς</span> <span class='ocrx_word' id='word_1_785' title='bbox 3483 5039 3528 5092; x_wconf 86' lang='grc' dir='ltr'><strong>εί</strong></span> <span class='ocrx_word' id='word_1_786' title='bbox 3562 5034 3654 5089; x_wconf 67' lang='grc' dir='ltr'>καὶ</span> <span class='ocrx_word' id='word_1_787' title='bbox 3706 5026 3772 5097; x_wconf 77' lang='grc' dir='ltr'>μὴ</span> 
     </span>
    </p>
   </div>
   <div class='ocr_carea' id='block_1_107' title="bbox 2215 5123 3769 5204">
    <p class='ocr_par' dir='ltr' id='par_1_107' title="bbox 2215 5123 3769 5204">
     <span class='ocr_line' id='line_1_107' title="bbox 2215 5123 3769 5204; baseline -0.004 -26"><span class='ocrx_word' id='word_1_788' title='bbox 2215 5125 2726 5198; x_wconf 73' lang='grc' dir='ltr'>Κυδὼνηςφθάσας</span> <span class='ocrx_word' id='word_1_789' title='bbox 2775 5133 3101 5201; x_wconf 74' lang='grc' dir='ltr'>ηὺτέλησεν,</span> <span class='ocrx_word' id='word_1_790' title='bbox 3133 5133 3286 5186; x_wconf 75' lang='grc' dir='ltr'>οὐδὲν</span> <span class='ocrx_word' id='word_1_791' title='bbox 3333 5133 3568 5204; x_wconf 78' lang='grc' dir='ltr'>χαλεπὸν</span> <span class='ocrx_word' id='word_1_792' title='bbox 3599 5125 3660 5197; x_wconf 72' lang='grc' dir='ltr'>ἦν</span> <span class='ocrx_word' id='word_1_793' title='bbox 3686 5123 3769 5175; x_wconf 77' lang='grc' dir='ltr'>καὶ</span> 
     </span>
    </p>
   </div>
   <div class='ocr_carea' id='block_1_108' title="bbox 2217 5204 3312 5294">
    <p class='ocr_par' dir='ltr' id='par_1_108' title="bbox 2217 5219 3312 5294">
     <span class='ocr_line' id='line_1_108' title="bbox 2217 5219 3312 5294; baseline 0.004 -21"><span class='ocrx_word' id='word_1_794' title='bbox 2217 5220 2274 5273; x_wconf 73' lang='grc' dir='ltr'><strong>ἄ)</strong></span> <span class='ocrx_word' id='word_1_795' title='bbox 2289 5219 2414 5282; x_wconf 86' lang='grc' dir='ltr'>λους</span> <span class='ocrx_word' id='word_1_796' title='bbox 2450 5221 2655 5291; x_wconf 79' lang='grc' dir='ltr'>ὁμοίως</span> <span class='ocrx_word' id='word_1_797' title='bbox 2691 5223 2887 5294; x_wconf 80' lang='grc' dir='ltr'>ἐκείνῳ</span> <span class='ocrx_word' id='word_1_798' title='bbox 2923 5223 3087 5277; x_wconf 80' lang='grc' dir='ltr'>τοῦτο</span> <span class='ocrx_word' id='word_1_799' title='bbox 3117 5229 3312 5278; x_wconf 81' lang='grc' dir='ltr'>ποιεῖν.</span> 
     </span>
    </p>
   </div>
   <div class='ocr_carea' id='block_1_109' title="bbox 2217 5307 3767 5380">
    <p class='ocr_par' dir='ltr' id='par_1_109' title="bbox 2217 5307 3767 5380">
     <span class='ocr_line' id='line_1_109' title="bbox 2217 5307 3767 5380; baseline -0.003 -14"><span class='ocrx_word' id='word_1_800' title='bbox 2217 5311 2497 5380; x_wconf 78' lang='lat' dir='ltr'><strong>Cydonius</strong></span> <span class='ocrx_word' id='word_1_801' title='bbox 2565 5331 2674 5370; x_wconf 89' lang='lat' dir='ltr'><strong>non</strong></span> <span class='ocrx_word' id='word_1_802' title='bbox 2746 5326 2906 5371; x_wconf 76' lang='lat' dir='ltr'><strong>antea</strong></span> <span class='ocrx_word' id='word_1_803' title='bbox 2967 5319 3297 5372; x_wconf 51' lang='lat' dir='ltr'><strong>infirmaset</strong></span> <span class='ocrx_word' id='word_1_804' title='bbox 3407 5318 3556 5372; x_wconf 71' lang='lat' dir='ltr'><strong>nullo</strong></span> <span class='ocrx_word' id='word_1_805' title='bbox 3621 5307 3767 5365; x_wconf 79' lang='lat' dir='ltr'><strong>modo</strong></span> 
     </span>
    </p>
   </div>
   <div class='ocr_carea' id='block_1_110' title="bbox 602 5581 2246 5656">
    <p class='ocr_par' dir='ltr' id='par_1_110' title="bbox 602 5581 2246 5656">
     <span class='ocr_line' id='line_1_110' title="bbox 602 5581 2246 5656; baseline 0.001 -17"><span class='ocrx_word' id='word_1_806' title='bbox 602 5586 678 5656; x_wconf 87' lang='grc' dir='ltr'><strong>(Ι)</strong></span> <span class='ocrx_word' id='word_1_807' title='bbox 715 5583 860 5641; x_wconf 80' lang='lat' dir='ltr'><strong>Men.</strong></span> <span class='ocrx_word' id='word_1_808' title='bbox 897 5584 938 5640; x_wconf 83' lang='grc' dir='ltr'>ί.</span> <span class='ocrx_word' id='word_1_809' title='bbox 985 5583 1088 5640; x_wconf 76' lang='grc'><strong>195</strong></span> <span class='ocrx_word' id='word_1_810' title='bbox 1111 5584 1168 5652; x_wconf 86' lang='lat' dir='ltr'><strong>b,</strong></span> <span class='ocrx_word' id='word_1_811' title='bbox 1201 5581 1418 5656; x_wconf 78' lang='grc' dir='ltr'>ἔμελες.</span> <span class='ocrx_word' id='word_1_812' title='bbox 1450 5584 1526 5639; x_wconf 76' lang='lat' dir='ltr'><strong>Ad</strong></span> <span class='ocrx_word' id='word_1_813' title='bbox 1577 5599 1751 5654; x_wconf 81' lang='lat' dir='ltr'><strong>marg.</strong></span> <span class='ocrx_word' id='word_1_814' title='bbox 1789 5585 1970 5652; x_wconf 82' lang='grc' dir='ltr'>Ἴσως</span> <span class='ocrx_word' id='word_1_815' title='bbox 1997 5586 2246 5656; x_wconf 70' lang='grc' dir='ltr'>ἔμελλες.</span> 
     </span>
    </p>
   </div>
  </div>
