  <div class='ocr_page' id='page_1' title='image "/cluster/home/n/w/nwhite01/storage/ocr_20150623/161/coo.31924054870666/122.png"; bbox 0 0 4132 6438; ppageno 0'>
   <div class='ocr_carea' id='block_1_1' title="bbox 410 345 3686 425">
    <p class='ocr_par' dir='ltr' id='par_1_1' title="bbox 410 345 3686 425">
     <span class='ocr_line' id='line_1_1' title="bbox 410 345 3686 425; baseline -0.006 -2"><span class='ocrx_word' id='word_1_1' title='bbox 410 359 483 425; x_wconf 77' lang='grc'><strong>65</strong></span> <span class='ocrx_word' id='word_1_2' title='bbox 1478 358 1925 420; x_wconf 76' lang='lat' dir='ltr'><strong>REFUTATIO</strong></span> <span class='ocrx_word' id='word_1_3' title='bbox 1963 357 2211 419; x_wconf 71' lang='lat' dir='ltr'><strong>MAR’CI</strong></span> <span class='ocrx_word' id='word_1_4' title='bbox 2251 353 2650 416; x_wconf 72' lang='lat' dir='ltr'><strong>EPHESINI.</strong></span> <span class='ocrx_word' id='word_1_5' title='bbox 3616 345 3686 404; x_wconf 74' lang='lat' dir='ltr'><em>f6</em></span> 
     </span>
    </p>
   </div>
   <div class='ocr_carea' id='block_1_2' title="bbox 411 457 2001 544">
    <p class='ocr_par' dir='ltr' id='par_1_2' title="bbox 411 466 2001 544">
     <span class='ocr_line' id='line_1_2' title="bbox 411 466 2001 544; baseline -0.003 -17"><span class='ocrx_word' id='word_1_6' title='bbox 411 488 523 544; x_wconf 82' lang='grc' dir='ltr'><strong>περ</strong></span> <span class='ocrx_word' id='word_1_7' title='bbox 550 467 617 542; x_wconf 80' lang='grc' dir='ltr'><strong>δὴ</strong></span> <span class='ocrx_word' id='word_1_8' title='bbox 647 468 747 524; x_wconf 73' lang='grc' dir='ltr'><strong>καὶ</strong></span> <span class='ocrx_word' id='word_1_9' title='bbox 768 466 868 540; x_wconf 81' lang='grc' dir='ltr'><strong>τὴν</strong></span> <span class='ocrx_word' id='word_1_10' title='bbox 902 473 1014 525; x_wconf 82' lang='grc' dir='ltr'><strong>τῶν</strong></span> <span class='ocrx_word' id='word_1_11' title='bbox 1040 468 1217 524; x_wconf 79' lang='grc' dir='ltr'><strong>ἄλλων</strong></span> <span class='ocrx_word' id='word_1_12' title='bbox 1249 472 1557 539; x_wconf 78' lang='grc' dir='ltr'><strong>κοινωνίαν,</strong></span> <span class='ocrx_word' id='word_1_13' title='bbox 1595 473 1738 543; x_wconf 78' lang='grc' dir='ltr'><strong>άπερ</strong></span> <span class='ocrx_word' id='word_1_14' title='bbox 1762 473 1831 525; x_wconf 68' lang='grc' dir='ltr'><strong>τὰ</strong></span> <span class='ocrx_word' id='word_1_15' title='bbox 1861 472 2001 525; x_wconf 76' lang='grc' dir='ltr'><strong>αὑτὰ</strong></span> 
     </span>
    </p>
   </div>
   <div class='ocr_carea' id='block_1_3' title="bbox 2103 457 3689 544">
    <p class='ocr_par' dir='ltr' id='par_1_3' title="bbox 2112 457 3689 540">
     <span class='ocr_line' id='line_1_3' title="bbox 2112 457 3689 540; baseline -0.006 -16"><span class='ocrx_word' id='word_1_16' title='bbox 2112 470 2248 525; x_wconf 86' lang='lat' dir='ltr'><strong>Nam</strong></span> <span class='ocrx_word' id='word_1_17' title='bbox 2279 471 2408 540; x_wconf 89' lang='lat' dir='ltr'><strong>quia</strong></span> <span class='ocrx_word' id='word_1_18' title='bbox 2456 468 2580 523; x_wconf 66' lang='lat' dir='ltr'><strong>dure</strong></span> <span class='ocrx_word' id='word_1_19' title='bbox 2632 473 2783 537; x_wconf 81' lang='lat' dir='ltr'><strong>sunt</strong></span> <span class='ocrx_word' id='word_1_20' title='bbox 2814 477 3064 534; x_wconf 75' lang='lat' dir='ltr'><strong>personae</strong></span> <span class='ocrx_word' id='word_1_21' title='bbox 3094 457 3472 535; x_wconf 74' lang='lat' dir='ltr'><strong>generationis</strong></span> <span class='ocrx_word' id='word_1_22' title='bbox 3496 461 3689 515; x_wconf 70' lang='lat' dir='ltr'><strong>actius</strong></span> 
     </span>
    </p>
   </div>
   <div class='ocr_carea' id='block_1_4' title="bbox 412 558 2005 635">
    <p class='ocr_par' dir='ltr' id='par_1_4' title="bbox 412 558 2005 635">
     <span class='ocr_line' id='line_1_4' title="bbox 412 558 2005 635; baseline -0.001 -18"><span class='ocrx_word' id='word_1_23' title='bbox 412 561 581 635; x_wconf 80' lang='grc' dir='ltr'><strong>φύσει</strong></span> <span class='ocrx_word' id='word_1_24' title='bbox 596 561 915 634; x_wconf 85' lang='grc' dir='ltr'><strong>πρόσεστιν.</strong></span> <span class='ocrx_word' id='word_1_25' title='bbox 944 561 1162 633; x_wconf 84' lang='grc' dir='ltr'><strong>Ὠσπερ</strong></span> <span class='ocrx_word' id='word_1_26' title='bbox 1188 558 1282 617; x_wconf 82' lang='grc' dir='ltr'><strong>οὖν</strong></span> <span class='ocrx_word' id='word_1_27' title='bbox 1317 565 1379 616; x_wconf 83' lang='grc' dir='ltr'><strong>τδ</strong></span> <span class='ocrx_word' id='word_1_28' title='bbox 1431 561 1574 620; x_wconf 77' lang='grc' dir='ltr'><strong>εἶναι</strong></span> <span class='ocrx_word' id='word_1_29' title='bbox 1601 568 1697 619; x_wconf 79' lang='grc' dir='ltr'><strong>καὶ</strong></span> <span class='ocrx_word' id='word_1_30' title='bbox 1724 566 1759 635; x_wconf 72' lang='grc' dir='ltr'>ἡ</span> <span class='ocrx_word' id='word_1_31' title='bbox 1805 562 2005 632; x_wconf 79' lang='grc' dir='ltr'><strong>ἀγαθό-</strong></span> 
     </span>
    </p>
   </div>
   <div class='ocr_carea' id='block_1_5' title="bbox 412 652 2006 725">
    <p class='ocr_par' dir='ltr' id='par_1_5' title="bbox 412 652 2006 725">
     <span class='ocr_line' id='line_1_5' title="bbox 412 652 2006 725; baseline -0.003 -17"><span class='ocrx_word' id='word_1_32' title='bbox 412 672 514 725; x_wconf 85' lang='grc' dir='ltr'><strong>της</strong></span> <span class='ocrx_word' id='word_1_33' title='bbox 535 654 680 724; x_wconf 69' lang='grc' dir='ltr'><strong>καὶὴ</strong></span> <span class='ocrx_word' id='word_1_34' title='bbox 712 652 908 721; x_wconf 78' lang='grc' dir='ltr'><strong>θεότης</strong></span> <span class='ocrx_word' id='word_1_35' title='bbox 955 654 1052 706; x_wconf 67' lang='grc' dir='ltr'><strong>κλὶ</strong></span> <span class='ocrx_word' id='word_1_36' title='bbox 1102 655 1134 724; x_wconf 76' lang='grc' dir='ltr'>ἡ</span> <span class='ocrx_word' id='word_1_37' title='bbox 1193 655 1360 725; x_wconf 84' lang='grc' dir='ltr'><strong>φύσις</strong></span> <span class='ocrx_word' id='word_1_38' title='bbox 1415 658 1513 710; x_wconf 75' lang='grc' dir='ltr'><strong>καὶ</strong></span> <span class='ocrx_word' id='word_1_39' title='bbox 1548 659 1619 709; x_wconf 75' lang='grc' dir='ltr'><strong>τά</strong></span> <span class='ocrx_word' id='word_1_40' title='bbox 1678 655 1903 710; x_wconf 83' lang='grc' dir='ltr'><strong>τοιαῦτα</strong></span> <span class='ocrx_word' id='word_1_41' title='bbox 1947 654 2006 707; x_wconf 75' lang='grc' dir='ltr'><strong>ἓν</strong></span> 
     </span>
    </p>
   </div>
   <div class='ocr_carea' id='block_1_6' title="bbox 413 742 2005 817">
    <p class='ocr_par' dir='ltr' id='par_1_6' title="bbox 413 742 2005 817">
     <span class='ocr_line' id='line_1_6' title="bbox 413 742 2005 817; baseline 0 -18"><span class='ocrx_word' id='word_1_42' title='bbox 413 747 554 799; x_wconf 71' lang='grc' dir='ltr'><strong>εἰσιν</strong></span> <span class='ocrx_word' id='word_1_43' title='bbox 580 748 641 799; x_wconf 83' lang='grc' dir='ltr'><strong>ὲν</strong></span> <span class='ocrx_word' id='word_1_44' title='bbox 671 744 885 808; x_wconf 83' lang='grc' dir='ltr'><strong>αὐτοῖς,</strong></span> <span class='ocrx_word' id='word_1_45' title='bbox 916 743 1064 798; x_wconf 86' lang='grc' dir='ltr'><strong>οῦτω</strong></span> <span class='ocrx_word' id='word_1_46' title='bbox 1089 745 1186 801; x_wconf 71' lang='grc' dir='ltr'><strong>καὶ</strong></span> <span class='ocrx_word' id='word_1_47' title='bbox 1209 747 1272 800; x_wconf 77' lang='grc' dir='ltr'><strong>τὸ</strong></span> <span class='ocrx_word' id='word_1_48' title='bbox 1291 746 1628 817; x_wconf 75' lang='grc' dir='ltr'><strong>προϐάλλειν</strong></span> <span class='ocrx_word' id='word_1_49' title='bbox 1663 748 1763 801; x_wconf 77' lang='grc' dir='ltr'><strong>καὶ</strong></span> <span class='ocrx_word' id='word_1_50' title='bbox 1790 742 1870 810; x_wconf 74' lang='grc' dir='ltr'><strong>εἷς</strong></span> <span class='ocrx_word' id='word_1_51' title='bbox 1898 749 2005 800; x_wconf 84' lang='grc' dir='ltr'><strong>εἱσι</strong></span> 
     </span>
    </p>
   </div>
   <div class='ocr_carea' id='block_1_7' title="bbox 416 836 2004 910">
    <p class='ocr_par' dir='ltr' id='par_1_7' title="bbox 416 836 2004 910">
     <span class='ocr_line' id='line_1_7' title="bbox 416 836 2004 910; baseline 0.001 -20"><span class='ocrx_word' id='word_1_52' title='bbox 416 837 719 909; x_wconf 81' lang='grc' dir='ltr'><strong>προὸολεὺς</strong></span> <span class='ocrx_word' id='word_1_53' title='bbox 751 837 846 890; x_wconf 84' lang='grc' dir='ltr'><strong>καὶ</strong></span> <span class='ocrx_word' id='word_1_54' title='bbox 872 836 930 890; x_wconf 82' lang='grc' dir='ltr'><strong>ἓν</strong></span> <span class='ocrx_word' id='word_1_55' title='bbox 978 837 1154 892; x_wconf 78' lang='grc' dir='ltr'><strong>αἴτιον</strong></span> <span class='ocrx_word' id='word_1_56' title='bbox 1186 840 1283 891; x_wconf 62' lang='grc' dir='ltr'><strong>καὶ¹</strong></span> <span class='ocrx_word' id='word_1_57' title='bbox 1327 841 1425 909; x_wconf 85' lang='grc' dir='ltr'><strong>μία</strong></span> <span class='ocrx_word' id='word_1_58' title='bbox 1490 840 1634 910; x_wconf 79' lang='grc' dir='ltr'><strong>ἀρχὴ</strong></span> <span class='ocrx_word' id='word_1_59' title='bbox 1692 838 1787 892; x_wconf 87' lang='grc' dir='ltr'><strong>τοῦ</strong></span> <span class='ocrx_word' id='word_1_60' title='bbox 1845 838 2004 907; x_wconf 84' lang='grc' dir='ltr'><strong>ἁγίου</strong></span> 
     </span>
    </p>
   </div>
   <div class='ocr_carea' id='block_1_8' title="bbox 412 930 2007 1001">
    <p class='ocr_par' dir='ltr' id='par_1_8' title="bbox 412 930 2007 1001">
     <span class='ocr_line' id='line_1_8' title="bbox 412 930 2007 1001; baseline 0 -18"><span class='ocrx_word' id='word_1_61' title='bbox 412 931 753 1000; x_wconf 79' lang='grc' dir='ltr'><strong>Πνεύματος.</strong></span> <span class='ocrx_word' id='word_1_62' title='bbox 788 932 862 983; x_wconf 79' lang='grc' dir='ltr'><strong>Οὐ</strong></span> <span class='ocrx_word' id='word_1_63' title='bbox 886 930 1085 984; x_wconf 72' lang='grc' dir='ltr'><strong>ταυτὸν</strong></span> <span class='ocrx_word' id='word_1_64' title='bbox 1114 931 1227 1001; x_wconf 80' lang='grc' dir='ltr'><strong>ἄρα</strong></span> <span class='ocrx_word' id='word_1_65' title='bbox 1272 932 1496 985; x_wconf 83' lang='grc' dir='ltr'><strong>δύναται</strong></span> <span class='ocrx_word' id='word_1_66' title='bbox 1539 934 1599 985; x_wconf 85' lang='grc' dir='ltr'><strong>τό</strong></span> <span class='ocrx_word' id='word_1_67' title='bbox 1630 949 1691 984; x_wconf 81' lang='grc' dir='ltr'><strong>τε</strong></span> <span class='ocrx_word' id='word_1_68' title='bbox 1730 932 2007 1001; x_wconf 79' lang='grc' dir='ltr'><strong>διαφόρως</strong></span> 
     </span>
    </p>
   </div>
   <div class='ocr_carea' id='block_1_9' title="bbox 412 1017 2008 1094">
    <p class='ocr_par' dir='ltr' id='par_1_9' title="bbox 412 1017 2008 1094">
     <span class='ocr_line' id='line_1_9' title="bbox 412 1017 2008 1094; baseline 0 -21"><span class='ocrx_word' id='word_1_69' title='bbox 412 1022 641 1076; x_wconf 74' lang='grc' dir='ltr'><strong>αἰτιατὰ</strong></span> <span class='ocrx_word' id='word_1_70' title='bbox 671 1017 815 1075; x_wconf 79' lang='grc' dir='ltr'><strong>εἶναι</strong></span> <span class='ocrx_word' id='word_1_71' title='bbox 846 1022 938 1074; x_wconf 73' lang='grc' dir='ltr'><strong>τὸν</strong></span> <span class='ocrx_word' id='word_1_72' title='bbox 972 1022 1102 1076; x_wconf 84' lang='grc' dir='ltr'><strong>Υἰὺν</strong></span> <span class='ocrx_word' id='word_1_73' title='bbox 1130 1023 1308 1077; x_wconf 78' lang='grc' dir='ltr'><strong>καὶτὸ</strong></span> <span class='ocrx_word' id='word_1_74' title='bbox 1341 1023 1595 1094; x_wconf 81' lang='grc' dir='ltr'><strong>Πνεῦμα,</strong></span> <span class='ocrx_word' id='word_1_75' title='bbox 1634 1023 1731 1075; x_wconf 67' lang='grc' dir='ltr'><strong>καὶ</strong></span> <span class='ocrx_word' id='word_1_76' title='bbox 1785 1024 1845 1077; x_wconf 73' lang='grc' dir='ltr'><strong>τὸ</strong></span> <span class='ocrx_word' id='word_1_77' title='bbox 1892 1024 2008 1074; x_wconf 84' lang='grc' dir='ltr'><strong>δια·-</strong></span> 
     </span>
    </p>
   </div>
   <div class='ocr_carea' id='block_1_10' title="bbox 409 1114 2005 1185">
    <p class='ocr_par' dir='ltr' id='par_1_10' title="bbox 409 1114 2005 1185">
     <span class='ocr_line' id='line_1_10' title="bbox 409 1114 2005 1185; baseline -0.001 -20"><span class='ocrx_word' id='word_1_78' title='bbox 409 1114 596 1184; x_wconf 81' lang='grc' dir='ltr'><strong>φόρως</strong></span> <span class='ocrx_word' id='word_1_79' title='bbox 629 1114 962 1185; x_wconf 73' lang='grc' dir='ltr'><strong>προϐάλλειν</strong></span> <span class='ocrx_word' id='word_1_80' title='bbox 986 1114 1078 1167; x_wconf 74' lang='grc' dir='ltr'><strong>τὸν</strong></span> <span class='ocrx_word' id='word_1_81' title='bbox 1109 1114 1331 1184; x_wconf 74' lang='grc' dir='ltr'><strong>Πατέρα</strong></span> <span class='ocrx_word' id='word_1_82' title='bbox 1372 1117 1466 1168; x_wconf 77' lang='grc' dir='ltr'><strong>καὶ</strong></span> <span class='ocrx_word' id='word_1_83' title='bbox 1507 1117 1599 1169; x_wconf 82' lang='grc' dir='ltr'><strong>τὸν</strong></span> <span class='ocrx_word' id='word_1_84' title='bbox 1633 1116 1780 1171; x_wconf 74' lang='grc' dir='ltr'><strong>Υίόν.</strong></span> <span class='ocrx_word' id='word_1_85' title='bbox 1826 1114 2005 1169; x_wconf 79' lang='grc' dir='ltr'><strong>Ἐκεηί-</strong></span> 
     </span>
    </p>
   </div>
   <div class='ocr_carea' id='block_1_11' title="bbox 409 1204 2006 1278">
    <p class='ocr_par' dir='ltr' id='par_1_11' title="bbox 409 1204 2006 1278">
     <span class='ocr_line' id='line_1_11' title="bbox 409 1204 2006 1278; baseline 0.003 -24"><span class='ocrx_word' id='word_1_86' title='bbox 409 1222 477 1275; x_wconf 85' lang='grc' dir='ltr'><strong>νη</strong></span> <span class='ocrx_word' id='word_1_87' title='bbox 509 1205 611 1274; x_wconf 79' lang='grc' dir='ltr'><strong>μὲν</strong></span> <span class='ocrx_word' id='word_1_88' title='bbox 639 1205 811 1277; x_wconf 77' lang='grc' dir='ltr'><strong>γὰρὴ</strong></span> <span class='ocrx_word' id='word_1_89' title='bbox 865 1204 1105 1275; x_wconf 73' lang='grc' dir='ltr'><strong>διαφορὰ</strong></span> <span class='ocrx_word' id='word_1_90' title='bbox 1161 1208 1255 1258; x_wconf 79' lang='grc' dir='ltr'><strong>τὸν</strong></span> <span class='ocrx_word' id='word_1_91' title='bbox 1306 1206 1407 1278; x_wconf 80' lang='grc' dir='ltr'><strong>τῆς</strong></span> <span class='ocrx_word' id='word_1_92' title='bbox 1467 1206 1756 1278; x_wconf 77' lang='grc' dir='ltr'><strong>ὑπάρξεως</strong></span> <span class='ocrx_word' id='word_1_93' title='bbox 1804 1207 2006 1277; x_wconf 80' lang='grc' dir='ltr'>τρόπον</span> 
     </span>
    </p>
   </div>
   <div class='ocr_carea' id='block_1_12' title="bbox 406 1294 2003 1369">
    <p class='ocr_par' dir='ltr' id='par_1_12' title="bbox 406 1294 2003 1369">
     <span class='ocr_line' id='line_1_12' title="bbox 406 1294 2003 1369; baseline 0.002 -22"><span class='ocrx_word' id='word_1_94' title='bbox 406 1294 669 1364; x_wconf 82' lang='grc' dir='ltr'><strong>διάφορον</strong></span> <span class='ocrx_word' id='word_1_95' title='bbox 701 1294 936 1349; x_wconf 88' lang='grc' dir='ltr'><strong>ποιοῦσα</strong></span> <span class='ocrx_word' id='word_1_96' title='bbox 968 1294 1065 1369; x_wconf 82' lang='grc' dir='ltr'><strong>καὶ</strong></span> <span class='ocrx_word' id='word_1_97' title='bbox 1095 1295 1306 1366; x_wconf 78' lang='grc' dir='ltr'><strong>πλῆθος</strong></span> <span class='ocrx_word' id='word_1_98' title='bbox 1340 1300 1490 1353; x_wconf 75' lang='grc' dir='ltr'><strong>ποιεῖ</strong></span> <span class='ocrx_word' id='word_1_99' title='bbox 1533 1302 1633 1352; x_wconf 78' lang='grc' dir='ltr'><strong>καὶ</strong></span> <span class='ocrx_word' id='word_1_100' title='bbox 1684 1300 1957 1369; x_wconf 76' lang='grc' dir='ltr'><strong>διάκρισιν</strong></span> <span class='ocrx_word' id='word_1_101' title='bbox 1987 1315 2003 1330; x_wconf 78' lang='grc' dir='ltr'><strong><em>ο</em></strong></span> 
     </span>
    </p>
   </div>
   <div class='ocr_carea' id='block_1_13' title="bbox 410 1383 2006 1460">
    <p class='ocr_par' dir='ltr' id='par_1_13' title="bbox 410 1383 2006 1460">
     <span class='ocr_line' id='line_1_13' title="bbox 410 1383 2006 1460; baseline 0.003 -22"><span class='ocrx_word' id='word_1_102' title='bbox 410 1383 555 1457; x_wconf 73' lang='grc' dir='ltr'><strong>αὕτη</strong></span> <span class='ocrx_word' id='word_1_103' title='bbox 585 1386 643 1440; x_wconf 89' lang='grc' dir='ltr'><strong>δὲ</strong></span> <span class='ocrx_word' id='word_1_104' title='bbox 673 1387 707 1457; x_wconf 71' lang='grc' dir='ltr'><em>ἡ</em></span> <span class='ocrx_word' id='word_1_105' title='bbox 741 1384 978 1455; x_wconf 84' lang='grc' dir='ltr'><strong>διαφορὰ</strong></span> <span class='ocrx_word' id='word_1_106' title='bbox 1006 1386 1086 1456; x_wconf 84' lang='grc' dir='ltr'><strong>τῷ</strong></span> <span class='ocrx_word' id='word_1_107' title='bbox 1125 1386 1392 1459; x_wconf 76' lang='grc' dir='ltr'><strong>διαφόρῳ</strong></span> <span class='ocrx_word' id='word_1_108' title='bbox 1424 1392 1526 1458; x_wconf 74' lang='grc' dir='ltr'><strong>τῆς</strong></span> <span class='ocrx_word' id='word_1_109' title='bbox 1556 1390 1845 1460; x_wconf 80' lang='grc' dir='ltr'><strong>ὑπάρξεως</strong></span> <span class='ocrx_word' id='word_1_110' title='bbox 1879 1394 2006 1444; x_wconf 80' lang='grc' dir='ltr'><strong>ἑπο-</strong></span> 
     </span>
    </p>
   </div>
   <div class='ocr_carea' id='block_1_14' title="bbox 412 1477 2005 1549">
    <p class='ocr_par' dir='ltr' id='par_1_14' title="bbox 412 1477 2005 1549">
     <span class='ocr_line' id='line_1_14' title="bbox 412 1477 2005 1549; baseline 0.004 -20"><span class='ocrx_word' id='word_1_111' title='bbox 412 1477 553 1549; x_wconf 76' lang='grc' dir='ltr'><strong>μένη</strong></span> <span class='ocrx_word' id='word_1_112' title='bbox 577 1480 767 1549; x_wconf 88' lang='grc' dir='ltr'><strong>τρόπῳ</strong></span> <span class='ocrx_word' id='word_1_113' title='bbox 798 1478 954 1534; x_wconf 79' lang='grc' dir='ltr'><strong>οὐδὲν</strong></span> <span class='ocrx_word' id='word_1_114' title='bbox 987 1478 1236 1533; x_wconf 88' lang='grc' dir='ltr'><strong>τοιοῦτον</strong></span> <span class='ocrx_word' id='word_1_115' title='bbox 1264 1484 1443 1537; x_wconf 70' lang='grc' dir='ltr'><strong>ποιεῖ.⁹</strong></span> <span class='ocrx_word' id='word_1_116' title='bbox 1474 1483 1582 1535; x_wconf 73' lang='grc' dir='ltr'><strong>Καὶ</strong></span> <span class='ocrx_word' id='word_1_117' title='bbox 1613 1482 1841 1535; x_wconf 80' lang='grc' dir='ltr'><strong>καθόλου</strong></span> <span class='ocrx_word' id='word_1_118' title='bbox 1890 1483 1945 1535; x_wconf 83' lang='grc' dir='ltr'><strong>δὲ</strong></span> <span class='ocrx_word' id='word_1_119' title='bbox 1976 1485 2005 1536; x_wconf 87' lang='lat'><strong>6</strong></span> 
     </span>
    </p>
   </div>
   <div class='ocr_carea' id='block_1_15' title="bbox 406 1568 2005 1645">
    <p class='ocr_par' dir='ltr' id='par_1_15' title="bbox 406 1568 2005 1645">
     <span class='ocr_line' id='line_1_15' title="bbox 406 1568 2005 1645; baseline 0.003 -24"><span class='ocrx_word' id='word_1_120' title='bbox 406 1568 668 1639; x_wconf 83' lang='grc' dir='ltr'><strong>διάφορος</strong></span> <span class='ocrx_word' id='word_1_121' title='bbox 695 1569 793 1639; x_wconf 85' lang='grc' dir='ltr'><strong>τῆς</strong></span> <span class='ocrx_word' id='word_1_122' title='bbox 829 1571 1057 1641; x_wconf 81' lang='grc' dir='ltr'><strong>προόδου</strong></span> <span class='ocrx_word' id='word_1_123' title='bbox 1088 1572 1291 1643; x_wconf 81' lang='grc' dir='ltr'><strong>τρόπος</strong></span> <span class='ocrx_word' id='word_1_124' title='bbox 1325 1575 1384 1626; x_wconf 83' lang='grc' dir='ltr'><strong>ἐν</strong></span> <span class='ocrx_word' id='word_1_125' title='bbox 1441 1574 1543 1645; x_wconf 82' lang='grc' dir='ltr'><strong>μὲν</strong></span> <span class='ocrx_word' id='word_1_126' title='bbox 1588 1577 1703 1637; x_wconf 79' lang='grc' dir='ltr'><strong>τοῖς</strong></span> <span class='ocrx_word' id='word_1_127' title='bbox 1750 1574 2005 1644; x_wconf 80' lang='grc' dir='ltr'><strong>προϊοῦσι</strong></span> 
     </span>
    </p>
   </div>
   <div class='ocr_carea' id='block_1_16' title="bbox 412 1661 2003 1737">
    <p class='ocr_par' dir='ltr' id='par_1_16' title="bbox 412 1661 2003 1737">
     <span class='ocr_line' id='line_1_16' title="bbox 412 1661 2003 1737; baseline 0.004 -26"><span class='ocrx_word' id='word_1_128' title='bbox 412 1661 621 1728; x_wconf 77' lang='grc' dir='ltr'><strong>πλῆθος</strong></span> <span class='ocrx_word' id='word_1_129' title='bbox 652 1664 798 1715; x_wconf 81' lang='grc' dir='ltr'><strong>ποιεῖ</strong></span> <span class='ocrx_word' id='word_1_130' title='bbox 828 1664 923 1716; x_wconf 78' lang='grc' dir='ltr'><strong>καὶ</strong></span> <span class='ocrx_word' id='word_1_131' title='bbox 949 1664 1248 1736; x_wconf 77' lang='grc' dir='ltr'><strong>διάκρισιν,</strong></span> <span class='ocrx_word' id='word_1_132' title='bbox 1280 1667 1342 1718; x_wconf 82' lang='grc' dir='ltr'><strong>ὲν</strong></span> <span class='ocrx_word' id='word_1_133' title='bbox 1394 1665 1452 1718; x_wconf 83' lang='grc' dir='ltr'><strong>δὲ</strong></span> <span class='ocrx_word' id='word_1_134' title='bbox 1488 1668 1548 1737; x_wconf 78' lang='grc' dir='ltr'><strong>τῇ</strong></span> <span class='ocrx_word' id='word_1_135' title='bbox 1597 1669 1743 1737; x_wconf 79' lang='grc' dir='ltr'><strong>ἀρχῇ</strong></span> <span class='ocrx_word' id='word_1_136' title='bbox 1801 1666 2003 1719; x_wconf 79' lang='grc' dir='ltr'><strong>πολλοῦ</strong></span> 
     </span>
    </p>
   </div>
   <div class='ocr_carea' id='block_1_17' title="bbox 410 1748 2003 1828">
    <p class='ocr_par' dir='ltr' id='par_1_17' title="bbox 410 1748 2003 1828">
     <span class='ocr_line' id='line_1_17' title="bbox 410 1748 2003 1828; baseline 0.003 -23"><span class='ocrx_word' id='word_1_137' title='bbox 410 1770 477 1822; x_wconf 80' lang='grc' dir='ltr'><strong>γε</strong></span> <span class='ocrx_word' id='word_1_138' title='bbox 499 1755 593 1808; x_wconf 77' lang='grc' dir='ltr'><strong>καὶ</strong></span> <span class='ocrx_word' id='word_1_139' title='bbox 629 1754 713 1807; x_wconf 82' lang='grc' dir='ltr'><strong>δεῖ</strong></span> <span class='ocrx_word' id='word_1_140' title='bbox 742 1771 758 1787; x_wconf 77' lang='grc' dir='ltr'><strong>ο</strong></span> <span class='ocrx_word' id='word_1_141' title='bbox 861 1754 971 1825; x_wconf 84' lang='grc' dir='ltr'><strong>γὰρ</strong></span> <span class='ocrx_word' id='word_1_142' title='bbox 999 1754 1067 1809; x_wconf 78' lang='grc' dir='ltr'><strong>ἂν</strong></span> <span class='ocrx_word' id='word_1_143' title='bbox 1097 1756 1195 1808; x_wconf 77' lang='grc' dir='ltr'><strong>καὶ</strong></span> <span class='ocrx_word' id='word_1_144' title='bbox 1220 1758 1248 1808; x_wconf 88' lang='lat'><strong>6</strong></span> <span class='ocrx_word' id='word_1_145' title='bbox 1276 1758 1470 1827; x_wconf 83' lang='grc' dir='ltr'><strong>Πατὴρ</strong></span> <span class='ocrx_word' id='word_1_146' title='bbox 1487 1758 1689 1811; x_wconf 78' lang='grc' dir='ltr'><strong>ἑαυτοῦ</strong></span> <span class='ocrx_word' id='word_1_147' title='bbox 1736 1758 2003 1828; x_wconf 84' lang='grc' dir='ltr'><strong>διεκρίνε-</strong></span> 
     </span>
    </p>
   </div>
   <div class='ocr_carea' id='block_1_18' title="bbox 2109 551 3689 630">
    <p class='ocr_par' dir='ltr' id='par_1_18' title="bbox 2109 551 3689 630">
     <span class='ocr_line' id='line_1_18' title="bbox 2109 551 3689 630; baseline -0.009 -12"><span class='ocrx_word' id='word_1_148' title='bbox 2109 572 2167 618; x_wconf 87' lang='lat' dir='ltr'><strong>et</strong></span> <span class='ocrx_word' id='word_1_149' title='bbox 2200 560 2429 630; x_wconf 73' lang='lat' dir='ltr'><strong>passiva:</strong></span> <span class='ocrx_word' id='word_1_150' title='bbox 2470 556 2787 613; x_wconf 76' lang='lat' dir='ltr'><strong>diﬂ‘erentia</strong></span> <span class='ocrx_word' id='word_1_151' title='bbox 2835 555 2951 610; x_wconf 79' lang='lat' dir='ltr'><strong>sive</strong></span> <span class='ocrx_word' id='word_1_152' title='bbox 3001 553 3339 623; x_wconf 89' lang='lat' dir='ltr'><strong>proprietate</strong></span> <span class='ocrx_word' id='word_1_153' title='bbox 3388 551 3689 614; x_wconf 69' lang='lat' dir='ltr'><strong>distinctae,</strong></span> 
     </span>
    </p>
   </div>
   <div class='ocr_carea' id='block_1_19' title="bbox 2111 643 3689 715">
    <p class='ocr_par' dir='ltr' id='par_1_19' title="bbox 2111 643 3689 715">
     <span class='ocr_line' id='line_1_19' title="bbox 2111 643 3689 715; baseline -0.008 -9"><span class='ocrx_word' id='word_1_154' title='bbox 2111 662 2165 708; x_wconf 87' lang='lat' dir='ltr'><strong>et</strong></span> <span class='ocrx_word' id='word_1_155' title='bbox 2194 651 2499 706; x_wconf 83' lang='lat' dir='ltr'><strong>universim</strong></span> <span class='ocrx_word' id='word_1_156' title='bbox 2527 649 2745 704; x_wconf 90' lang='lat' dir='ltr'><strong>ratione</strong></span> <span class='ocrx_word' id='word_1_157' title='bbox 2779 661 2888 701; x_wconf 92' lang='lat' dir='ltr'><strong>non</strong></span> <span class='ocrx_word' id='word_1_158' title='bbox 2922 644 3239 715; x_wconf 79' lang='lat' dir='ltr'><strong>principiali</strong></span> <span class='ocrx_word' id='word_1_159' title='bbox 3267 654 3323 699; x_wconf 92' lang='lat' dir='ltr'><strong>et</strong></span> <span class='ocrx_word' id='word_1_160' title='bbox 3346 643 3689 714; x_wconf 77' lang='lat' dir='ltr'><strong>principiali,</strong></span> 
     </span>
    </p>
   </div>
   <div class='ocr_carea' id='block_1_20' title="bbox 2112 734 3693 809">
    <p class='ocr_par' dir='ltr' id='par_1_20' title="bbox 2112 734 3693 809">
     <span class='ocr_line' id='line_1_20' title="bbox 2112 734 3693 809; baseline -0.006 -13"><span class='ocrx_word' id='word_1_161' title='bbox 2112 742 2242 797; x_wconf 89' lang='lat' dir='ltr'><strong>inde</strong></span> <span class='ocrx_word' id='word_1_162' title='bbox 2265 742 2473 803; x_wconf 83' lang='lat' dir='ltr'><strong>evenit,</strong></span> <span class='ocrx_word' id='word_1_163' title='bbox 2499 749 2632 795; x_wconf 89' lang='lat' dir='ltr'><strong>utet</strong></span> <span class='ocrx_word' id='word_1_164' title='bbox 2661 741 2714 794; x_wconf 91' lang='lat' dir='ltr'><strong>in</strong></span> <span class='ocrx_word' id='word_1_165' title='bbox 2745 735 3103 809; x_wconf 88' lang='lat' dir='ltr'><strong>producendo</strong></span> <span class='ocrx_word' id='word_1_166' title='bbox 3128 736 3215 790; x_wconf 81' lang='lat' dir='ltr'><strong>vel</strong></span> <span class='ocrx_word' id='word_1_167' title='bbox 3244 734 3522 789; x_wconf 78' lang='lat' dir='ltr'><strong>causando</strong></span> <span class='ocrx_word' id='word_1_168' title='bbox 3543 750 3693 788; x_wconf 89' lang='lat' dir='ltr'><strong>com—</strong></span> 
     </span>
    </p>
   </div>
   <div class='ocr_carea' id='block_1_21' title="bbox 2112 825 3690 901">
    <p class='ocr_par' dir='ltr' id='par_1_21' title="bbox 2112 825 3690 901">
     <span class='ocr_line' id='line_1_21' title="bbox 2112 825 3690 901; baseline -0.007 -15"><span class='ocrx_word' id='word_1_169' title='bbox 2112 832 2304 887; x_wconf 88' lang='lat' dir='ltr'><strong>munio</strong></span> <span class='ocrx_word' id='word_1_170' title='bbox 2331 847 2455 887; x_wconf 89' lang='lat' dir='ltr'><strong>cum</strong></span> <span class='ocrx_word' id='word_1_171' title='bbox 2488 830 2725 901; x_wconf 83' lang='lat' dir='ltr'><strong>quadam</strong></span> <span class='ocrx_word' id='word_1_172' title='bbox 2757 828 3117 883; x_wconf 88' lang='lat' dir='ltr'><strong>distinctione</strong></span> <span class='ocrx_word' id='word_1_173' title='bbox 3154 826 3208 880; x_wconf 90' lang='lat' dir='ltr'><strong>in</strong></span> <span class='ocrx_word' id='word_1_174' title='bbox 3247 825 3381 895; x_wconf 87' lang='lat' dir='ltr'><strong>ipsis</strong></span> <span class='ocrx_word' id='word_1_175' title='bbox 3414 825 3690 893; x_wconf 77' lang='lat' dir='ltr'><strong>intelliga-</strong></span> 
     </span>
    </p>
   </div>
   <div class='ocr_carea' id='block_1_22' title="bbox 2112 918 3691 990">
    <p class='ocr_par' dir='ltr' id='par_1_22' title="bbox 2112 918 3691 990">
     <span class='ocr_line' id='line_1_22' title="bbox 2112 918 3691 990; baseline -0.004 -13"><span class='ocrx_word' id='word_1_176' title='bbox 2112 933 2219 983; x_wconf 88' lang='lat' dir='ltr'><strong>tur,</strong></span> <span class='ocrx_word' id='word_1_177' title='bbox 2249 922 2394 977; x_wconf 82' lang='lat' dir='ltr'><strong>sicut</strong></span> <span class='ocrx_word' id='word_1_178' title='bbox 2421 933 2477 977; x_wconf 90' lang='lat' dir='ltr'><strong>et</strong></span> <span class='ocrx_word' id='word_1_179' title='bbox 2501 921 2817 977; x_wconf 78' lang='lat' dir='ltr'><strong>communio</strong></span> <span class='ocrx_word' id='word_1_180' title='bbox 2846 922 2899 974; x_wconf 88' lang='lat' dir='ltr'><strong>in</strong></span> <span class='ocrx_word' id='word_1_181' title='bbox 2938 920 3067 974; x_wconf 83' lang='lat' dir='ltr'><strong>aliis</strong></span> <span class='ocrx_word' id='word_1_182' title='bbox 3107 936 3229 990; x_wconf 74' lang='lat' dir='ltr'><strong>quae</strong></span> <span class='ocrx_word' id='word_1_183' title='bbox 3264 918 3458 973; x_wconf 87' lang='lat' dir='ltr'><strong>eadem</strong></span> <span class='ocrx_word' id='word_1_184' title='bbox 3492 928 3691 971; x_wconf 81' lang='lat' dir='ltr'><strong>natura</strong></span> 
     </span>
    </p>
   </div>
   <div class='ocr_carea' id='block_1_23' title="bbox 2110 1008 3688 1084">
    <p class='ocr_par' dir='ltr' id='par_1_23' title="bbox 2110 1008 3688 1084">
     <span class='ocr_line' id='line_1_23' title="bbox 2110 1008 3688 1084; baseline -0.004 -17"><span class='ocrx_word' id='word_1_185' title='bbox 2110 1014 2244 1084; x_wconf 81' lang='lat' dir='ltr'><strong>ipsis</strong></span> <span class='ocrx_word' id='word_1_186' title='bbox 2275 1014 2486 1068; x_wconf 83' lang='lat' dir='ltr'><strong>insunt.</strong></span> <span class='ocrx_word' id='word_1_187' title='bbox 2529 1011 3007 1079; x_wconf 78' lang='lat' dir='ltr'><strong>Quemadmodum</strong></span> <span class='ocrx_word' id='word_1_188' title='bbox 3053 1010 3221 1081; x_wconf 71' lang='lat' dir='ltr'><strong>igitur</strong></span> <span class='ocrx_word' id='word_1_189' title='bbox 3266 1023 3411 1072; x_wconf 82' lang='lat' dir='ltr'><strong>esse,</strong></span> <span class='ocrx_word' id='word_1_190' title='bbox 3449 1008 3688 1071; x_wconf 83' lang='lat' dir='ltr'><strong>bonitas,</strong></span> 
     </span>
    </p>
   </div>
   <div class='ocr_carea' id='block_1_24' title="bbox 2110 1102 3690 1174">
    <p class='ocr_par' dir='ltr' id='par_1_24' title="bbox 2110 1102 3690 1174">
     <span class='ocr_line' id='line_1_24' title="bbox 2110 1102 3690 1174; baseline -0.004 -13"><span class='ocrx_word' id='word_1_191' title='bbox 2110 1108 2310 1173; x_wconf 80' lang='lat' dir='ltr'><strong>deitas,</strong></span> <span class='ocrx_word' id='word_1_192' title='bbox 2358 1117 2554 1161; x_wconf 81' lang='lat' dir='ltr'><strong>natura</strong></span> <span class='ocrx_word' id='word_1_193' title='bbox 2597 1116 2655 1161; x_wconf 87' lang='lat' dir='ltr'><strong>et</strong></span> <span class='ocrx_word' id='word_1_194' title='bbox 2710 1105 2914 1161; x_wconf 83' lang='lat' dir='ltr'><strong>similia</strong></span> <span class='ocrx_word' id='word_1_195' title='bbox 2956 1120 3126 1159; x_wconf 82' lang='lat' dir='ltr'><strong>unum</strong></span> <span class='ocrx_word' id='word_1_196' title='bbox 3161 1104 3215 1157; x_wconf 90' lang='lat' dir='ltr'><strong>in</strong></span> <span class='ocrx_word' id='word_1_197' title='bbox 3254 1104 3387 1174; x_wconf 81' lang='lat' dir='ltr'><strong>ipsis</strong></span> <span class='ocrx_word' id='word_1_198' title='bbox 3428 1111 3579 1167; x_wconf 81' lang='lat' dir='ltr'><strong>sunt,</strong></span> <span class='ocrx_word' id='word_1_199' title='bbox 3616 1102 3690 1155; x_wconf 79' lang='lat' dir='ltr'><strong>ita</strong></span> 
     </span>
    </p>
   </div>
   <div class='ocr_carea' id='block_1_25' title="bbox 2111 1196 3688 1270">
    <p class='ocr_par' dir='ltr' id='par_1_25' title="bbox 2111 1196 3688 1270">
     <span class='ocr_line' id='line_1_25' title="bbox 2111 1196 3688 1270; baseline -0.005 -15"><span class='ocrx_word' id='word_1_200' title='bbox 2111 1209 2167 1255; x_wconf 89' lang='lat' dir='ltr'><strong>et</strong></span> <span class='ocrx_word' id='word_1_201' title='bbox 2194 1200 2538 1270; x_wconf 84' lang='lat' dir='ltr'><strong>producere;</strong></span> <span class='ocrx_word' id='word_1_202' title='bbox 2571 1208 2740 1267; x_wconf 85' lang='lat' dir='ltr'><strong>atque</strong></span> <span class='ocrx_word' id='word_1_203' title='bbox 2804 1212 2954 1251; x_wconf 75' lang='lat' dir='ltr'><strong>unus</strong></span> <span class='ocrx_word' id='word_1_204' title='bbox 3005 1206 3138 1251; x_wconf 89' lang='lat' dir='ltr'><strong>sunt</strong></span> <span class='ocrx_word' id='word_1_205' title='bbox 3191 1196 3512 1265; x_wconf 84' lang='lat' dir='ltr'><strong>productor,</strong></span> <span class='ocrx_word' id='word_1_206' title='bbox 3576 1208 3688 1247; x_wconf 81' lang='lat' dir='ltr'><strong>una</strong></span> 
     </span>
    </p>
   </div>
   <div class='ocr_carea' id='block_1_26' title="bbox 2110 1285 3691 1361">
    <p class='ocr_par' dir='ltr' id='par_1_26' title="bbox 2110 1285 3691 1361">
     <span class='ocr_line' id='line_1_26' title="bbox 2110 1285 3691 1361; baseline -0.004 -15"><span class='ocrx_word' id='word_1_207' title='bbox 2110 1307 2301 1358; x_wconf 82' lang='lat' dir='ltr'><strong>causa,</strong></span> <span class='ocrx_word' id='word_1_208' title='bbox 2329 1306 2499 1345; x_wconf 88' lang='lat' dir='ltr'><strong>unum</strong></span> <span class='ocrx_word' id='word_1_209' title='bbox 2534 1289 2868 1361; x_wconf 89' lang='lat' dir='ltr'><strong>principium</strong></span> <span class='ocrx_word' id='word_1_210' title='bbox 2902 1287 3146 1358; x_wconf 79' lang='lat' dir='ltr'><strong>Spiritus</strong></span> <span class='ocrx_word' id='word_1_211' title='bbox 3173 1287 3374 1340; x_wconf 87' lang='lat' dir='ltr'><strong>sancti.</strong></span> <span class='ocrx_word' id='word_1_212' title='bbox 3406 1285 3526 1340; x_wconf 83' lang='lat' dir='ltr'><strong>Non</strong></span> <span class='ocrx_word' id='word_1_213' title='bbox 3561 1300 3691 1353; x_wconf 74' lang='lat' dir='ltr'><strong>per-</strong></span> 
     </span>
    </p>
   </div>
   <div class='ocr_carea' id='block_1_27' title="bbox 2112 1379 3692 1454">
    <p class='ocr_par' dir='ltr' id='par_1_27' title="bbox 2112 1379 3692 1454">
     <span class='ocr_line' id='line_1_27' title="bbox 2112 1379 3692 1454; baseline -0.003 -19"><span class='ocrx_word' id='word_1_214' title='bbox 2112 1382 2239 1437; x_wconf 90' lang='lat' dir='ltr'><strong>inde</strong></span> <span class='ocrx_word' id='word_1_215' title='bbox 2286 1398 2421 1454; x_wconf 74' lang='lat' dir='ltr'><strong>ergo</strong></span> <span class='ocrx_word' id='word_1_216' title='bbox 2469 1383 2615 1437; x_wconf 73' lang='lat' dir='ltr'><strong>ralet</strong></span> <span class='ocrx_word' id='word_1_217' title='bbox 2664 1382 2888 1437; x_wconf 78' lang='lat' dir='ltr'><strong>diverso</strong></span> <span class='ocrx_word' id='word_1_218' title='bbox 2956 1380 3120 1434; x_wconf 87' lang='lat' dir='ltr'><strong>modo</strong></span> <span class='ocrx_word' id='word_1_219' title='bbox 3188 1379 3515 1449; x_wconf 83' lang='lat' dir='ltr'><strong>principiata</strong></span> <span class='ocrx_word' id='word_1_220' title='bbox 3568 1392 3692 1432; x_wconf 68' lang='lat' dir='ltr'><strong>esse</strong></span> 
     </span>
    </p>
   </div>
   <div class='ocr_carea' id='block_1_28' title="bbox 2109 1471 3689 1547">
    <p class='ocr_par' dir='ltr' id='par_1_28' title="bbox 2109 1471 3689 1547">
     <span class='ocr_line' id='line_1_28' title="bbox 2109 1471 3689 1547; baseline -0.003 -22"><span class='ocrx_word' id='word_1_221' title='bbox 2109 1471 2314 1527; x_wconf 78' lang='lat' dir='ltr'><strong>Filium</strong></span> <span class='ocrx_word' id='word_1_222' title='bbox 2342 1486 2398 1529; x_wconf 85' lang='lat' dir='ltr'><strong>et</strong></span> <span class='ocrx_word' id='word_1_223' title='bbox 2428 1474 2696 1545; x_wconf 80' lang='lat' dir='ltr'><strong>Spiritum</strong></span> <span class='ocrx_word' id='word_1_224' title='bbox 2726 1488 2793 1527; x_wconf 88' lang='lat' dir='ltr'><strong>ac</strong></span> <span class='ocrx_word' id='word_1_225' title='bbox 2816 1474 3037 1527; x_wconf 79' lang='lat' dir='ltr'><strong>diverso</strong></span> <span class='ocrx_word' id='word_1_226' title='bbox 3068 1472 3231 1526; x_wconf 88' lang='lat' dir='ltr'><strong>modo</strong></span> <span class='ocrx_word' id='word_1_227' title='bbox 3257 1472 3563 1540; x_wconf 84' lang='lat' dir='ltr'><strong>producere</strong></span> <span class='ocrx_word' id='word_1_228' title='bbox 3591 1485 3689 1547; x_wconf 84' lang='lat' dir='ltr'><strong>seu</strong></span> 
     </span>
    </p>
   </div>
   <div class='ocr_carea' id='block_1_29' title="bbox 2109 1563 3691 1635">
    <p class='ocr_par' dir='ltr' id='par_1_29' title="bbox 2109 1563 3691 1635">
     <span class='ocr_line' id='line_1_29' title="bbox 2109 1563 3691 1635; baseline -0.003 -17"><span class='ocrx_word' id='word_1_229' title='bbox 2109 1564 2324 1635; x_wconf 86' lang='lat' dir='ltr'><strong>spirare</strong></span> <span class='ocrx_word' id='word_1_230' title='bbox 2354 1566 2573 1621; x_wconf 82' lang='lat' dir='ltr'><strong>Patrem</strong></span> <span class='ocrx_word' id='word_1_231' title='bbox 2603 1576 2659 1621; x_wconf 90' lang='lat' dir='ltr'><strong>et</strong></span> <span class='ocrx_word' id='word_1_232' title='bbox 2686 1564 2910 1619; x_wconf 85' lang='lat' dir='ltr'><strong>Filium.</strong></span> <span class='ocrx_word' id='word_1_233' title='bbox 2956 1563 3053 1618; x_wconf 81' lang='lat' dir='ltr'><strong>Illa</strong></span> <span class='ocrx_word' id='word_1_234' title='bbox 3087 1579 3323 1633; x_wconf 86' lang='lat' dir='ltr'><strong>namque</strong></span> <span class='ocrx_word' id='word_1_235' title='bbox 3354 1563 3691 1622; x_wconf 81' lang='lat' dir='ltr'><strong>dilIereutia.</strong></span> 
     </span>
    </p>
   </div>
   <div class='ocr_carea' id='block_1_30' title="bbox 2110 1656 3690 1728">
    <p class='ocr_par' dir='ltr' id='par_1_30' title="bbox 2110 1656 3690 1728">
     <span class='ocr_line' id='line_1_30' title="bbox 2110 1656 3690 1728; baseline -0.001 -17"><span class='ocrx_word' id='word_1_236' title='bbox 2110 1673 2233 1728; x_wconf 67' lang='lat' dir='ltr'><strong>quae</strong></span> <span class='ocrx_word' id='word_1_237' title='bbox 2257 1658 2557 1713; x_wconf 83' lang='lat' dir='ltr'><strong>exsistendi</strong></span> <span class='ocrx_word' id='word_1_238' title='bbox 2581 1659 2806 1711; x_wconf 90' lang='lat' dir='ltr'><strong>modum</strong></span> <span class='ocrx_word' id='word_1_239' title='bbox 2830 1656 3109 1711; x_wconf 83' lang='lat' dir='ltr'><strong>diversum</strong></span> <span class='ocrx_word' id='word_1_240' title='bbox 3140 1656 3293 1720; x_wconf 77' lang='lat' dir='ltr'><strong>facit,</strong></span> <span class='ocrx_word' id='word_1_241' title='bbox 3310 1663 3366 1708; x_wconf 87' lang='lat' dir='ltr'><strong>et</strong></span> <span class='ocrx_word' id='word_1_242' title='bbox 3396 1670 3690 1709; x_wconf 90' lang='lat' dir='ltr'><strong>numerum</strong></span> 
     </span>
    </p>
   </div>
   <div class='ocr_carea' id='block_1_31' title="bbox 2104 1747 3691 1817">
    <p class='ocr_par' dir='ltr' id='par_1_31' title="bbox 2104 1747 3691 1817">
     <span class='ocr_line' id='line_1_31' title="bbox 2104 1747 3691 1817; baseline -0.001 -14"><span class='ocrx_word' id='word_1_243' title='bbox 2104 1760 2168 1803; x_wconf 89' lang='lat' dir='ltr'><strong>et</strong></span> <span class='ocrx_word' id='word_1_244' title='bbox 2198 1749 2611 1805; x_wconf 88' lang='lat' dir='ltr'><strong>distinctionem</strong></span> <span class='ocrx_word' id='word_1_245' title='bbox 2655 1748 2853 1814; x_wconf 83' lang='lat' dir='ltr'><strong>ellicit;</strong></span> <span class='ocrx_word' id='word_1_246' title='bbox 2889 1750 3005 1802; x_wconf 64' lang='lat' dir='ltr'><strong>hac</strong></span> <span class='ocrx_word' id='word_1_247' title='bbox 3040 1764 3195 1813; x_wconf 83' lang='lat' dir='ltr'><strong>vero,</strong></span> <span class='ocrx_word' id='word_1_248' title='bbox 3244 1763 3368 1817; x_wconf 65' lang='lat' dir='ltr'><strong>quae</strong></span> <span class='ocrx_word' id='word_1_249' title='bbox 3405 1747 3691 1802; x_wconf 89' lang='lat' dir='ltr'><strong>diversum</strong></span> 
     </span>
    </p>
   </div>
   <div class='ocr_carea' id='block_1_32' title="bbox 411 1830 2001 1917">
    <p class='ocr_par' dir='ltr' id='par_1_32' title="bbox 411 1846 2001 1917">
     <span class='ocr_line' id='line_1_32' title="bbox 411 1846 2001 1917; baseline 0.003 -21"><span class='ocrx_word' id='word_1_250' title='bbox 411 1862 496 1912; x_wconf 86' lang='grc' dir='ltr'><strong>το,</strong></span> <span class='ocrx_word' id='word_1_251' title='bbox 528 1846 708 1909; x_wconf 78' lang='grc' dir='ltr'><strong>ἄλλως</strong></span> <span class='ocrx_word' id='word_1_252' title='bbox 740 1849 1007 1917; x_wconf 82' lang='grc' dir='ltr'><strong>προάγων</strong></span> <span class='ocrx_word' id='word_1_253' title='bbox 1041 1846 1104 1913; x_wconf 74' lang='grc' dir='ltr'>ἐξ</span> <span class='ocrx_word' id='word_1_254' title='bbox 1135 1847 1336 1902; x_wconf 82' lang='grc' dir='ltr'><strong>ἑαυτοῦ</strong></span> <span class='ocrx_word' id='word_1_255' title='bbox 1360 1849 1452 1902; x_wconf 75' lang='grc' dir='ltr'><strong>τὸν</strong></span> <span class='ocrx_word' id='word_1_256' title='bbox 1477 1848 1604 1902; x_wconf 71' lang='grc' dir='ltr'>Υίὸν</span> <span class='ocrx_word' id='word_1_257' title='bbox 1634 1851 1727 1901; x_wconf 84' lang='grc' dir='ltr'><strong>καί</strong></span> <span class='ocrx_word' id='word_1_258' title='bbox 1746 1849 1922 1912; x_wconf 76' lang='grc' dir='ltr'><strong>ἄλλως</strong></span> <span class='ocrx_word' id='word_1_259' title='bbox 1943 1852 2001 1901; x_wconf 81' lang='grc' dir='ltr'><strong>τὸ</strong></span> 
     </span>
    </p>
   </div>
   <div class='ocr_carea' id='block_1_33' title="bbox 2103 1830 3769 1917">
    <p class='ocr_par' dir='ltr' id='par_1_33' title="bbox 2108 1840 3769 1911">
     <span class='ocr_line' id='line_1_33' title="bbox 2108 1840 3769 1911; baseline -0.003 -12"><span class='ocrx_word' id='word_1_260' title='bbox 2108 1844 2409 1899; x_wconf 79' lang='lat' dir='ltr'><strong>exsistcndi</strong></span> <span class='ocrx_word' id='word_1_261' title='bbox 2437 1845 2666 1898; x_wconf 85' lang='lat' dir='ltr'><strong>modum</strong></span> <span class='ocrx_word' id='word_1_262' title='bbox 2698 1843 2972 1911; x_wconf 84' lang='lat' dir='ltr'><strong>sequitur,</strong></span> <span class='ocrx_word' id='word_1_263' title='bbox 2998 1840 3139 1897; x_wconf 83' lang='lat' dir='ltr'><strong>nihil</strong></span> <span class='ocrx_word' id='word_1_264' title='bbox 3180 1840 3349 1895; x_wconf 88' lang='lat' dir='ltr'><strong>ellicit</strong></span> <span class='ocrx_word' id='word_1_265' title='bbox 3386 1840 3690 1908; x_wconf 74' lang='lat' dir='ltr'><strong>ejusmodi.</strong></span> <span class='ocrx_word' id='word_1_266' title='bbox 3766 1846 3769 1847; x_wconf 67' lang='grc'><strong><em>⁷</em></strong></span> 
     </span>
    </p>
   </div>
   <div class='ocr_carea' id='block_1_34' title="bbox 408 1937 2004 2010">
    <p class='ocr_par' dir='ltr' id='par_1_34' title="bbox 408 1937 2004 2010">
     <span class='ocr_line' id='line_1_34' title="bbox 408 1937 2004 2010; baseline 0.002 -21"><span class='ocrx_word' id='word_1_267' title='bbox 408 1937 641 2007; x_wconf 84' lang='grc' dir='ltr'>Πνεῦμα</span> <span class='ocrx_word' id='word_1_268' title='bbox 671 1938 732 1990; x_wconf 86' lang='grc' dir='ltr'><strong>τὸ</strong></span> <span class='ocrx_word' id='word_1_269' title='bbox 762 1937 953 2006; x_wconf 78' lang='grc' dir='ltr'><strong>ἅγιον.</strong></span> <span class='ocrx_word' id='word_1_270' title='bbox 980 1938 1043 1991; x_wconf 70' lang='lat' dir='ltr'><strong>Et</strong></span> <span class='ocrx_word' id='word_1_271' title='bbox 1092 1938 1150 1991; x_wconf 85' lang='grc' dir='ltr'><strong>δὲ</strong></span> <span class='ocrx_word' id='word_1_272' title='bbox 1182 1940 1211 1993; x_wconf 97' lang='lat'><strong>6</strong></span> <span class='ocrx_word' id='word_1_273' title='bbox 1252 1938 1443 2010; x_wconf 76' lang='grc' dir='ltr'><strong>Πατὴρ</strong></span> <span class='ocrx_word' id='word_1_274' title='bbox 1497 1943 1600 2008; x_wconf 82' lang='grc' dir='ltr'><strong>μία</strong></span> <span class='ocrx_word' id='word_1_275' title='bbox 1663 1940 1807 2010; x_wconf 83' lang='grc' dir='ltr'><strong>ἀρχή</strong></span> <span class='ocrx_word' id='word_1_276' title='bbox 1855 1941 2004 1993; x_wconf 75' lang='grc' dir='ltr'><strong>ἐστιν</strong></span> 
     </span>
    </p>
   </div>
   <div class='ocr_carea' id='block_1_35' title="bbox 408 2029 2003 2103">
    <p class='ocr_par' dir='ltr' id='par_1_35' title="bbox 408 2029 2003 2103">
     <span class='ocr_line' id='line_1_35' title="bbox 408 2029 2003 2103; baseline -0.001 -19"><span class='ocrx_word' id='word_1_277' title='bbox 408 2029 544 2084; x_wconf 81' lang='grc' dir='ltr'><strong>Υἱοῦ</strong></span> <span class='ocrx_word' id='word_1_278' title='bbox 580 2031 678 2083; x_wconf 75' lang='grc' dir='ltr'><strong>καὶ</strong></span> <span class='ocrx_word' id='word_1_279' title='bbox 706 2030 1057 2099; x_wconf 79' lang='grc' dir='ltr'><strong>Πνεῦματος,</strong></span> <span class='ocrx_word' id='word_1_280' title='bbox 1096 2032 1281 2085; x_wconf 85' lang='grc' dir='ltr'><strong>καίτοι</strong></span> <span class='ocrx_word' id='word_1_281' title='bbox 1321 2032 1582 2103; x_wconf 82' lang='grc' dir='ltr'><strong>διάφορος</strong></span> <span class='ocrx_word' id='word_1_282' title='bbox 1620 2029 1762 2087; x_wconf 80' lang='grc' dir='ltr'><strong>οὖσα</strong></span> <span class='ocrx_word' id='word_1_283' title='bbox 1791 2031 2003 2085; x_wconf 86' lang='grc' dir='ltr'><strong>τούτων</strong></span> 
     </span>
    </p>
   </div>
   <div class='ocr_carea' id='block_1_36' title="bbox 408 2122 2006 2196">
    <p class='ocr_par' dir='ltr' id='par_1_36' title="bbox 408 2122 2006 2196">
     <span class='ocr_line' id='line_1_36' title="bbox 408 2122 2006 2196; baseline 0.001 -21"><span class='ocrx_word' id='word_1_284' title='bbox 408 2123 578 2193; x_wconf 78' lang='grc' dir='ltr'><strong>ἀρχὴ,</strong></span> <span class='ocrx_word' id='word_1_285' title='bbox 607 2124 689 2177; x_wconf 84' lang='grc' dir='ltr'><strong>ὅτι</strong></span> <span class='ocrx_word' id='word_1_286' title='bbox 716 2122 810 2177; x_wconf 90' lang='grc' dir='ltr'><strong>τοῦ</strong></span> <span class='ocrx_word' id='word_1_287' title='bbox 839 2124 939 2194; x_wconf 70' lang='grc' dir='ltr'><strong>μὲν</strong></span> <span class='ocrx_word' id='word_1_288' title='bbox 963 2126 1274 2195; x_wconf 77' lang='grc' dir='ltr'><strong>γεννήτωρ,</strong></span> <span class='ocrx_word' id='word_1_289' title='bbox 1298 2123 1394 2179; x_wconf 86' lang='grc' dir='ltr'><strong>τοῦ</strong></span> <span class='ocrx_word' id='word_1_290' title='bbox 1436 2125 1495 2178; x_wconf 76' lang='grc' dir='ltr'><strong>δὲ</strong></span> <span class='ocrx_word' id='word_1_291' title='bbox 1557 2124 1879 2196; x_wconf 79' lang='grc' dir='ltr'><strong>προόολεὺς,</strong></span> <span class='ocrx_word' id='word_1_292' title='bbox 1916 2123 2006 2177; x_wconf 75' lang='grc' dir='ltr'><strong>εῦ-</strong></span> 
     </span>
    </p>
   </div>
   <div class='ocr_carea' id='block_1_37' title="bbox 406 2215 2001 2289">
    <p class='ocr_par' dir='ltr' id='par_1_37' title="bbox 406 2215 2001 2289">
     <span class='ocr_line' id='line_1_37' title="bbox 406 2215 2001 2289; baseline 0.001 -20"><span class='ocrx_word' id='word_1_293' title='bbox 406 2215 574 2283; x_wconf 80' lang='grc' dir='ltr'><strong>δηλον</strong></span> <span class='ocrx_word' id='word_1_294' title='bbox 602 2217 685 2269; x_wconf 81' lang='grc' dir='ltr'><strong>ότι</strong></span> <span class='ocrx_word' id='word_1_295' title='bbox 713 2217 810 2269; x_wconf 74' lang='grc' dir='ltr'><strong>καὶ</strong></span> <span class='ocrx_word' id='word_1_296' title='bbox 838 2217 929 2269; x_wconf 76' lang='grc' dir='ltr'><strong>τὸν</strong></span> <span class='ocrx_word' id='word_1_297' title='bbox 966 2217 1190 2289; x_wconf 75' lang='grc' dir='ltr'><strong>Πατέρα</strong></span> <span class='ocrx_word' id='word_1_298' title='bbox 1245 2220 1343 2271; x_wconf 75' lang='grc' dir='ltr'><strong>καὶ</strong></span> <span class='ocrx_word' id='word_1_299' title='bbox 1383 2218 1477 2272; x_wconf 83' lang='grc' dir='ltr'><strong>τὸν</strong></span> <span class='ocrx_word' id='word_1_300' title='bbox 1539 2218 1669 2271; x_wconf 74' lang='lat' dir='ltr'><strong>mw</strong></span> <span class='ocrx_word' id='word_1_301' title='bbox 1708 2218 1802 2272; x_wconf 82' lang='grc' dir='ltr'><strong>δύο</strong></span> <span class='ocrx_word' id='word_1_302' title='bbox 1860 2216 2001 2271; x_wconf 77' lang='grc' dir='ltr'><strong>εἶναι</strong></span> 
     </span>
    </p>
   </div>
   <div class='ocr_carea' id='block_1_38' title="bbox 412 2305 2003 2385">
    <p class='ocr_par' dir='ltr' id='par_1_38' title="bbox 412 2305 2003 2385">
     <span class='ocr_line' id='line_1_38' title="bbox 412 2305 2003 2385; baseline 0.003 -25"><span class='ocrx_word' id='word_1_303' title='bbox 412 2307 591 2378; x_wconf 73' lang='grc' dir='ltr'><strong>ἀρχὰς</strong></span> <span class='ocrx_word' id='word_1_304' title='bbox 617 2308 706 2362; x_wconf 71' lang='grc' dir='ltr'><strong>διὰ</strong></span> <span class='ocrx_word' id='word_1_305' title='bbox 739 2308 799 2362; x_wconf 82' lang='grc' dir='ltr'><strong>τὸ</strong></span> <span class='ocrx_word' id='word_1_306' title='bbox 832 2308 1107 2385; x_wconf 78' lang='grc' dir='ltr'><strong>διαφόρως</strong></span> <span class='ocrx_word' id='word_1_307' title='bbox 1160 2310 1351 2374; x_wconf 76' lang='grc' dir='ltr'><strong>αὑτοῖς</strong></span> <span class='ocrx_word' id='word_1_308' title='bbox 1399 2305 1542 2365; x_wconf 72' lang='grc' dir='ltr'><strong>εἶναι</strong></span> <span class='ocrx_word' id='word_1_309' title='bbox 1603 2312 1757 2364; x_wconf 74' lang='grc' dir='ltr'><strong>τουτὶ</strong></span> <span class='ocrx_word' id='word_1_310' title='bbox 1799 2310 1861 2364; x_wconf 81' lang='grc' dir='ltr'><strong>τὸ</strong></span> <span class='ocrx_word' id='word_1_311' title='bbox 1903 2312 2003 2380; x_wconf 78' lang='grc' dir='ltr'><strong>τῆς</strong></span> 
     </span>
    </p>
   </div>
   <div class='ocr_carea' id='block_1_39' title="bbox 415 2402 2002 2478">
    <p class='ocr_par' dir='ltr' id='par_1_39' title="bbox 415 2402 2002 2478">
     <span class='ocr_line' id='line_1_39' title="bbox 415 2402 2002 2478; baseline -0.001 -19"><span class='ocrx_word' id='word_1_312' title='bbox 415 2402 591 2471; x_wconf 72' lang='grc' dir='ltr'><strong>ἀρχῆς</strong></span> <span class='ocrx_word' id='word_1_313' title='bbox 623 2404 855 2472; x_wconf 76' lang='grc' dir='ltr'><strong>πρᾶγμα</strong></span> <span class='ocrx_word' id='word_1_314' title='bbox 884 2404 980 2457; x_wconf 69' lang='grc' dir='ltr'><strong>καὶ</strong></span> <span class='ocrx_word' id='word_1_315' title='bbox 998 2402 1177 2473; x_wconf 73' lang='grc' dir='ltr'><strong>ὄνομα</strong></span> <span class='ocrx_word' id='word_1_316' title='bbox 1199 2403 1430 2473; x_wconf 79' lang='grc' dir='ltr'><strong>οὐδεμία</strong></span> <span class='ocrx_word' id='word_1_317' title='bbox 1479 2404 1719 2473; x_wconf 77' lang='grc' dir='ltr'><strong>ἀνάγκη.</strong></span> <span class='ocrx_word' id='word_1_318' title='bbox 1780 2404 1840 2457; x_wconf 84' lang='grc' dir='ltr'><strong>Εἰ</strong></span> <span class='ocrx_word' id='word_1_319' title='bbox 1892 2406 2002 2478; x_wconf 79' lang='grc' dir='ltr'><strong>γάρ</strong></span> 
     </span>
    </p>
   </div>
   <div class='ocr_carea' id='block_1_40' title="bbox 421 2491 1998 2567">
    <p class='ocr_par' dir='ltr' id='par_1_40' title="bbox 421 2491 1998 2567">
     <span class='ocr_line' id='line_1_40' title="bbox 421 2491 1998 2567; baseline 0.004 -24"><span class='ocrx_word' id='word_1_320' title='bbox 421 2495 637 2564; x_wconf 78' lang='grc' dir='ltr'><strong>μηχανῇ</strong></span> <span class='ocrx_word' id='word_1_321' title='bbox 677 2496 830 2550; x_wconf 89' lang='grc' dir='ltr'><strong>τινιό</strong></span> <span class='ocrx_word' id='word_1_322' title='bbox 866 2495 1058 2566; x_wconf 74' lang='grc' dir='ltr'><strong>Πατὴρ</strong></span> <span class='ocrx_word' id='word_1_323' title='bbox 1083 2496 1181 2548; x_wconf 80' lang='grc' dir='ltr'><strong>καὶ</strong></span> <span class='ocrx_word' id='word_1_324' title='bbox 1234 2496 1263 2549; x_wconf 91' lang='lat'><strong>6</strong></span> <span class='ocrx_word' id='word_1_325' title='bbox 1301 2495 1429 2558; x_wconf 73' lang='grc' dir='ltr'><strong>Υἱὸς</strong></span> <span class='ocrx_word' id='word_1_326' title='bbox 1466 2491 1537 2567; x_wconf 76' lang='grc' dir='ltr'><strong>ἦν</strong></span> <span class='ocrx_word' id='word_1_327' title='bbox 1593 2496 1655 2548; x_wconf 86' lang='grc' dir='ltr'><strong>ἓν</strong></span> <span class='ocrx_word' id='word_1_328' title='bbox 1686 2498 1998 2567; x_wconf 80' lang='grc' dir='ltr'><strong>πρόσωπον,</strong></span> 
     </span>
    </p>
   </div>
   <div class='ocr_carea' id='block_1_41' title="bbox 414 2578 2002 2660">
    <p class='ocr_par' dir='ltr' id='par_1_41' title="bbox 414 2578 2002 2660">
     <span class='ocr_line' id='line_1_41' title="bbox 414 2578 2002 2660; baseline 0.003 -24"><span class='ocrx_word' id='word_1_329' title='bbox 414 2583 518 2637; x_wconf 79' lang='grc' dir='ltr'><strong>οὐκ</strong></span> <span class='ocrx_word' id='word_1_330' title='bbox 571 2578 637 2638; x_wconf 82' lang='grc' dir='ltr'><strong>ἂν</strong></span> <span class='ocrx_word' id='word_1_331' title='bbox 693 2584 781 2638; x_wconf 79' lang='grc' dir='ltr'><strong>διὰ</strong></span> <span class='ocrx_word' id='word_1_332' title='bbox 834 2584 985 2639; x_wconf 81' lang='grc' dir='ltr'><strong>τοῦθ’</strong></span> <span class='ocrx_word' id='word_1_333' title='bbox 1044 2586 1244 2639; x_wconf 75' lang='grc' dir='ltr'><strong>ἑαυτοῦ</strong></span> <span class='ocrx_word' id='word_1_334' title='bbox 1309 2587 1612 2657; x_wconf 79' lang='grc' dir='ltr'><strong>διεκρίνετο</strong></span> <span class='ocrx_word' id='word_1_335' title='bbox 1667 2588 1769 2660; x_wconf 81' lang='grc'><strong>(1),</strong></span> <span class='ocrx_word' id='word_1_336' title='bbox 1829 2590 2002 2642; x_wconf 75' lang='grc' dir='ltr'><strong>ὅτιτὸ</strong></span> 
     </span>
    </p>
   </div>
   <div class='ocr_carea' id='block_1_42' title="bbox 412 2676 2000 2752">
    <p class='ocr_par' dir='ltr' id='par_1_42' title="bbox 412 2676 2000 2752">
     <span class='ocr_line' id='line_1_42' title="bbox 412 2676 2000 2752; baseline 0.003 -21"><span class='ocrx_word' id='word_1_337' title='bbox 412 2676 639 2747; x_wconf 78' lang='grc' dir='ltr'><strong>Πνεῦμα</strong></span> <span class='ocrx_word' id='word_1_338' title='bbox 680 2677 741 2732; x_wconf 81' lang='grc' dir='ltr'><strong>τὸ</strong></span> <span class='ocrx_word' id='word_1_339' title='bbox 767 2680 925 2746; x_wconf 74' lang='grc' dir='ltr'><strong>ἅγιον</strong></span> <span class='ocrx_word' id='word_1_340' title='bbox 956 2679 1203 2750; x_wconf 79' lang='grc' dir='ltr'><strong>διαφόρῳ</strong></span> <span class='ocrx_word' id='word_1_341' title='bbox 1252 2680 1444 2751; x_wconf 85' lang='grc' dir='ltr'><strong>τρόπῳ</strong></span> <span class='ocrx_word' id='word_1_342' title='bbox 1491 2681 1725 2752; x_wconf 81' lang='grc' dir='ltr'><strong>προῆγε.</strong></span> <span class='ocrx_word' id='word_1_343' title='bbox 1782 2682 1898 2735; x_wconf 87' lang='grc' dir='ltr'><strong>Νῦν</strong></span> <span class='ocrx_word' id='word_1_344' title='bbox 1943 2683 2000 2736; x_wconf 82' lang='grc' dir='ltr'><strong>δὲ</strong></span> 
     </span>
    </p>
   </div>
   <div class='ocr_carea' id='block_1_43' title="bbox 408 2768 2000 2842">
    <p class='ocr_par' dir='ltr' id='par_1_43' title="bbox 408 2768 2000 2842">
     <span class='ocr_line' id='line_1_43' title="bbox 408 2768 2000 2842; baseline 0.004 -22"><span class='ocrx_word' id='word_1_345' title='bbox 408 2768 506 2820; x_wconf 73' lang='grc' dir='ltr'><strong>δύο</strong></span> <span class='ocrx_word' id='word_1_346' title='bbox 528 2769 628 2837; x_wconf 83' lang='grc' dir='ltr'><strong>μέν</strong></span> <span class='ocrx_word' id='word_1_347' title='bbox 659 2769 769 2821; x_wconf 78' lang='grc' dir='ltr'><strong>εισι</strong></span> <span class='ocrx_word' id='word_1_348' title='bbox 804 2772 898 2822; x_wconf 78' lang='grc' dir='ltr'><strong>καὶ</strong></span> <span class='ocrx_word' id='word_1_349' title='bbox 921 2771 1193 2841; x_wconf 85' lang='grc' dir='ltr'><strong>πρόσωπα</strong></span> <span class='ocrx_word' id='word_1_350' title='bbox 1215 2770 1310 2825; x_wconf 82' lang='grc' dir='ltr'><strong>δύο</strong></span> <span class='ocrx_word' id='word_1_351' title='bbox 1339 2773 1367 2824; x_wconf 92' lang='lat'><strong>6</strong></span> <span class='ocrx_word' id='word_1_352' title='bbox 1413 2773 1607 2842; x_wconf 74' lang='grc' dir='ltr'><strong>Πατὴρ</strong></span> <span class='ocrx_word' id='word_1_353' title='bbox 1656 2774 1751 2828; x_wconf 76' lang='grc' dir='ltr'><strong>καὶ</strong></span> <span class='ocrx_word' id='word_1_354' title='bbox 1798 2777 1827 2828; x_wconf 93' lang='lat'><strong>6</strong></span> <span class='ocrx_word' id='word_1_355' title='bbox 1870 2775 2000 2839; x_wconf 86' lang='grc' dir='ltr'><strong>Υἱὸς</strong></span> 
     </span>
    </p>
   </div>
   <div class='ocr_carea' id='block_1_44' title="bbox 406 2858 2000 2938">
    <p class='ocr_par' dir='ltr' id='par_1_44' title="bbox 406 2858 2000 2938">
     <span class='ocr_line' id='line_1_44' title="bbox 406 2858 2000 2938; baseline 0.004 -25"><span class='ocrx_word' id='word_1_356' title='bbox 406 2858 481 2913; x_wconf 73' lang='grc' dir='ltr'><strong>δι’</strong></span> <span class='ocrx_word' id='word_1_357' title='bbox 515 2859 682 2928; x_wconf 77' lang='grc' dir='ltr'><strong>ἄλλην</strong></span> <span class='ocrx_word' id='word_1_358' title='bbox 719 2862 928 2926; x_wconf 70' lang='grc' dir='ltr'><strong>αἰτίαν,</strong></span> <span class='ocrx_word' id='word_1_359' title='bbox 983 2862 1237 2917; x_wconf 84' lang='grc' dir='ltr'><strong>τουτέστι</strong></span> <span class='ocrx_word' id='word_1_360' title='bbox 1293 2863 1382 2919; x_wconf 80' lang='grc' dir='ltr'><strong>διὰ</strong></span> <span class='ocrx_word' id='word_1_361' title='bbox 1436 2865 1529 2918; x_wconf 74' lang='grc' dir='ltr'><strong>τὸν</strong></span> <span class='ocrx_word' id='word_1_362' title='bbox 1589 2865 1846 2937; x_wconf 81' lang='grc' dir='ltr'><strong>διάφορον</strong></span> <span class='ocrx_word' id='word_1_363' title='bbox 1899 2868 2000 2938; x_wconf 78' lang='grc' dir='ltr'><strong>τῆς</strong></span> 
     </span>
    </p>
   </div>
   <div class='ocr_carea' id='block_1_45' title="bbox 408 2953 1999 3026">
    <p class='ocr_par' dir='ltr' id='par_1_45' title="bbox 408 2953 1999 3026">
     <span class='ocr_line' id='line_1_45' title="bbox 408 2953 1999 3026; baseline 0.003 -19"><span class='ocrx_word' id='word_1_364' title='bbox 408 2953 702 3024; x_wconf 75' lang='grc' dir='ltr'><strong>ὑπάρξεως</strong></span> <span class='ocrx_word' id='word_1_365' title='bbox 755 2954 814 3005; x_wconf 76' lang='grc' dir='ltr'>ἐν</span> <span class='ocrx_word' id='word_1_366' title='bbox 883 2953 1074 3018; x_wconf 79' lang='grc' dir='ltr'><strong>αὐτοῖς</strong></span> <span class='ocrx_word' id='word_1_367' title='bbox 1120 2956 1322 3026; x_wconf 85' lang='grc' dir='ltr'><strong>τρόπον</strong></span> <span class='ocrx_word' id='word_1_368' title='bbox 1360 2971 1375 2989; x_wconf 77' lang='grc' dir='ltr'><strong>ο</strong></span> <span class='ocrx_word' id='word_1_369' title='bbox 1424 2956 1542 3009; x_wconf 81' lang='grc' dir='ltr'><strong>ἀλλ’</strong></span> <span class='ocrx_word' id='word_1_370' title='bbox 1595 2958 1695 3010; x_wconf 81' lang='grc' dir='ltr'><strong>οὐκ</strong></span> <span class='ocrx_word' id='word_1_371' title='bbox 1747 2960 1856 3011; x_wconf 74' lang='grc' dir='ltr'><strong>εἰσὶ</strong></span> <span class='ocrx_word' id='word_1_372' title='bbox 1905 2960 1999 3012; x_wconf 83' lang='grc' dir='ltr'><strong>δύο</strong></span> 
     </span>
    </p>
   </div>
   <div class='ocr_carea' id='block_1_46' title="bbox 407 3042 1999 3121">
    <p class='ocr_par' dir='ltr' id='par_1_46' title="bbox 407 3042 1999 3121">
     <span class='ocr_line' id='line_1_46' title="bbox 407 3042 1999 3121; baseline 0.011 -25"><span class='ocrx_word' id='word_1_373' title='bbox 407 3046 579 3115; x_wconf 76' lang='grc' dir='ltr'><strong>ἁρχαὶ</strong></span> <span class='ocrx_word' id='word_1_374' title='bbox 602 3044 698 3096; x_wconf 88' lang='grc' dir='ltr'><strong>τοῦ</strong></span> <span class='ocrx_word' id='word_1_375' title='bbox 732 3042 1053 3115; x_wconf 82' lang='grc' dir='ltr'><strong>Πνεύματος</strong></span> <span class='ocrx_word' id='word_1_376' title='bbox 1082 3046 1170 3099; x_wconf 83' lang='grc' dir='ltr'><strong>διὰ</strong></span> <span class='ocrx_word' id='word_1_377' title='bbox 1223 3046 1317 3099; x_wconf 87' lang='grc' dir='ltr'><strong>τὸν</strong></span> <span class='ocrx_word' id='word_1_378' title='bbox 1362 3045 1624 3117; x_wconf 82' lang='grc' dir='ltr'><strong>διάφορον</strong></span> <span class='ocrx_word' id='word_1_379' title='bbox 1672 3049 1769 3119; x_wconf 84' lang='grc' dir='ltr'><strong>τῆς</strong></span> <span class='ocrx_word' id='word_1_380' title='bbox 1821 3051 1999 3121; x_wconf 77' lang='grc' dir='ltr'><strong>ἀρχῆς</strong></span> 
     </span>
    </p>
   </div>
   <div class='ocr_carea' id='block_1_47' title="bbox 406 3136 2067 3247">
    <p class='ocr_par' dir='ltr' id='par_1_47' title="bbox 406 3136 2067 3247">
     <span class='ocr_line' id='line_1_47' title="bbox 406 3136 2067 3247; baseline 0.007 -58"><span class='ocrx_word' id='word_1_381' title='bbox 406 3139 567 3205; x_wconf 77' lang='grc' dir='ltr'><strong>λόγον</strong></span> <span class='ocrx_word' id='word_1_382' title='bbox 592 3139 650 3189; x_wconf 73' lang='grc' dir='ltr'><strong>ὲν</strong></span> <span class='ocrx_word' id='word_1_383' title='bbox 680 3136 868 3247; x_wconf 61' lang='grc' dir='ltr'><strong>αὐτοῖς</strong></span> <span class='ocrx_word' id='word_1_384' title='bbox 923 3138 1343 3209; x_wconf 83' lang='grc' dir='ltr'><strong>εὑρισκόμενον,</strong></span> <span class='ocrx_word' id='word_1_385' title='bbox 1389 3139 1529 3195; x_wconf 80' lang='grc' dir='ltr'><strong>ἀλλά</strong></span> <span class='ocrx_word' id='word_1_386' title='bbox 1597 3142 1799 3210; x_wconf 58' lang='grc' dir='ltr'><strong>μᾶλλον</strong></span> <span class='ocrx_word' id='word_1_387' title='bbox 1855 3146 1996 3215; x_wconf 76' lang='grc' dir='ltr'><strong>αρχὴ</strong></span> <span class='ocrx_word' id='word_1_388' title='bbox 2023 3190 2067 3247; x_wconf 72' lang='lat' dir='ltr'>c</span> 
     </span>
    </p>
   </div>
   <div class='ocr_carea' id='block_1_48' title="bbox 412 3221 1995 3306">
    <p class='ocr_par' dir='ltr' id='par_1_48' title="bbox 412 3221 1995 3306">
     <span class='ocr_line' id='line_1_48' title="bbox 412 3221 1995 3306; baseline 0.006 -27"><span class='ocrx_word' id='word_1_389' title='bbox 412 3228 512 3297; x_wconf 74' lang='grc' dir='ltr'><strong>μία</strong></span> <span class='ocrx_word' id='word_1_390' title='bbox 535 3230 631 3282; x_wconf 80' lang='grc' dir='ltr'><strong>καὶ</strong></span> <span class='ocrx_word' id='word_1_391' title='bbox 654 3221 734 3290; x_wconf 71' lang='grc' dir='ltr'><strong>εἴ,</strong></span> <span class='ocrx_word' id='word_1_392' title='bbox 768 3229 1070 3298; x_wconf 78' lang='grc' dir='ltr'><strong>προϐολεὺς</strong></span> <span class='ocrx_word' id='word_1_393' title='bbox 1094 3230 1184 3283; x_wconf 76' lang='grc' dir='ltr'><strong>διὰ</strong></span> <span class='ocrx_word' id='word_1_394' title='bbox 1215 3232 1314 3300; x_wconf 81' lang='grc' dir='ltr'><strong>τὴν</strong></span> <span class='ocrx_word' id='word_1_395' title='bbox 1345 3232 1477 3301; x_wconf 81' lang='grc' dir='ltr'><strong>μίαν</strong></span> <span class='ocrx_word' id='word_1_396' title='bbox 1505 3233 1727 3306; x_wconf 82' lang='grc' dir='ltr'><strong>ἀριθμῷ</strong></span> <span class='ocrx_word' id='word_1_397' title='bbox 1760 3234 1995 3305; x_wconf 77' lang='grc' dir='ltr'><strong>δύναμιν</strong></span> 
     </span>
    </p>
   </div>
   <div class='ocr_carea' id='block_1_49' title="bbox 409 3315 1996 3396">
    <p class='ocr_par' dir='ltr' id='par_1_49' title="bbox 409 3315 1996 3396">
     <span class='ocr_line' id='line_1_49' title="bbox 409 3315 1996 3396; baseline 0.003 -22"><span class='ocrx_word' id='word_1_398' title='bbox 409 3321 504 3374; x_wconf 78' lang='grc' dir='ltr'><strong>καὶ</strong></span> <span class='ocrx_word' id='word_1_399' title='bbox 531 3315 894 3394; x_wconf 54' lang='grc' dir='ltr'><strong>ὲνέργειανμῇ</strong></span> <span class='ocrx_word' id='word_1_400' title='bbox 925 3321 1061 3390; x_wconf 83' lang='grc' dir='ltr'><strong>πρὸς</strong></span> <span class='ocrx_word' id='word_1_401' title='bbox 1084 3322 1145 3374; x_wconf 83' lang='grc' dir='ltr'><strong>τὸ</strong></span> <span class='ocrx_word' id='word_1_402' title='bbox 1171 3321 1399 3392; x_wconf 86' lang='grc' dir='ltr'><strong>Πνεῦμα</strong></span> <span class='ocrx_word' id='word_1_403' title='bbox 1420 3323 1481 3378; x_wconf 87' lang='grc' dir='ltr'><strong>τὸ</strong></span> <span class='ocrx_word' id='word_1_404' title='bbox 1503 3322 1662 3391; x_wconf 77' lang='grc' dir='ltr'><strong>ἅγιον</strong></span> <span class='ocrx_word' id='word_1_405' title='bbox 1690 3327 1996 3396; x_wconf 72' lang='grc' dir='ltr'><strong>ἀναφέρον-</strong></span> 
     </span>
    </p>
   </div>
   <div class='ocr_carea' id='block_1_50' title="bbox 405 3414 1995 3489">
    <p class='ocr_par' dir='ltr' id='par_1_50' title="bbox 405 3414 1995 3489">
     <span class='ocr_line' id='line_1_50' title="bbox 405 3414 1995 3489; baseline 0.003 -22"><span class='ocrx_word' id='word_1_406' title='bbox 405 3433 523 3480; x_wconf 87' lang='grc' dir='ltr'><strong>ται,</strong></span> <span class='ocrx_word' id='word_1_407' title='bbox 577 3416 656 3486; x_wconf 84' lang='grc' dir='ltr'><strong>μὴ</strong></span> <span class='ocrx_word' id='word_1_408' title='bbox 703 3414 1153 3483; x_wconf 70' lang='grc' dir='ltr'><strong>προσισταμένης</strong></span> <span class='ocrx_word' id='word_1_409' title='bbox 1208 3415 1312 3485; x_wconf 80' lang='grc' dir='ltr'><strong>τῆς</strong></span> <span class='ocrx_word' id='word_1_410' title='bbox 1377 3416 1752 3489; x_wconf 81' lang='grc' dir='ltr'><strong>ὑποστατικῆς</strong></span> <span class='ocrx_word' id='word_1_411' title='bbox 1814 3419 1995 3471; x_wconf 79' lang='grc' dir='ltr'><strong>αὑτῶν</strong></span> 
     </span>
    </p>
   </div>
   <div class='ocr_carea' id='block_1_51' title="bbox 405 3506 1995 3582">
    <p class='ocr_par' dir='ltr' id='par_1_51' title="bbox 405 3506 1995 3582">
     <span class='ocr_line' id='line_1_51' title="bbox 405 3506 1995 3582; baseline 0.002 -21"><span class='ocrx_word' id='word_1_412' title='bbox 405 3508 767 3577; x_wconf 77' lang='grc' dir='ltr'><strong>διακρίσεως.</strong></span> <span class='ocrx_word' id='word_1_413' title='bbox 830 3506 1043 3575; x_wconf 83' lang='grc' dir='ltr'><strong>Ὥσπερ</strong></span> <span class='ocrx_word' id='word_1_414' title='bbox 1084 3507 1206 3561; x_wconf 74' lang='grc' dir='ltr'><strong>οὐδὲ</strong></span> <span class='ocrx_word' id='word_1_415' title='bbox 1267 3507 1398 3563; x_wconf 75' lang='grc' dir='ltr'><strong>ἄλλο</strong></span> <span class='ocrx_word' id='word_1_416' title='bbox 1446 3525 1503 3563; x_wconf 88' lang='grc' dir='ltr'><strong>τι</strong></span> <span class='ocrx_word' id='word_1_417' title='bbox 1550 3511 1800 3581; x_wconf 82' lang='grc' dir='ltr'><strong>άνταίρει</strong></span> <span class='ocrx_word' id='word_1_418' title='bbox 1851 3510 1995 3582; x_wconf 81' lang='grc' dir='ltr'><strong>αῦτη</strong></span> 
     </span>
    </p>
   </div>
   <div class='ocr_carea' id='block_1_52' title="bbox 407 3599 1994 3674">
    <p class='ocr_par' dir='ltr' id='par_1_52' title="bbox 407 3599 1994 3674">
     <span class='ocr_line' id='line_1_52' title="bbox 407 3599 1994 3674; baseline 0.001 -21"><span class='ocrx_word' id='word_1_419' title='bbox 407 3599 520 3653; x_wconf 83' lang='grc' dir='ltr'><strong>τῶν</strong></span> <span class='ocrx_word' id='word_1_420' title='bbox 555 3601 750 3663; x_wconf 82' lang='grc' dir='ltr'><strong>κοινῶς</strong></span> <span class='ocrx_word' id='word_1_421' title='bbox 804 3601 899 3653; x_wconf 76' lang='grc' dir='ltr'><strong>καὶ</strong></span> <span class='ocrx_word' id='word_1_422' title='bbox 950 3599 1215 3664; x_wconf 75' lang='grc' dir='ltr'><strong>ὡσαύτως</strong></span> <span class='ocrx_word' id='word_1_423' title='bbox 1266 3602 1360 3653; x_wconf 74' lang='grc' dir='ltr'><strong>καί¹</strong></span> <span class='ocrx_word' id='word_1_424' title='bbox 1394 3600 1591 3666; x_wconf 77' lang='grc' dir='ltr'><strong>ἑνικῶς</strong></span> <span class='ocrx_word' id='word_1_425' title='bbox 1638 3604 1994 3674; x_wconf 59' lang='grc' dir='ltr'><strong>ὑπαρχόντων</strong></span> 
     </span>
    </p>
   </div>
   <div class='ocr_carea' id='block_1_53' title="bbox 407 3684 1996 3767">
    <p class='ocr_par' dir='ltr' id='par_1_53' title="bbox 407 3684 1996 3767">
     <span class='ocr_line' id='line_1_53' title="bbox 407 3684 1996 3767; baseline 0.001 -20"><span class='ocrx_word' id='word_1_426' title='bbox 407 3693 614 3760; x_wconf 82' lang='grc' dir='ltr'><strong>αὐτοῖς,</strong></span> <span class='ocrx_word' id='word_1_427' title='bbox 651 3692 794 3745; x_wconf 78' lang='grc' dir='ltr'><strong>οὓτω</strong></span> <span class='ocrx_word' id='word_1_428' title='bbox 818 3684 986 3745; x_wconf 71' lang='grc' dir='ltr'><strong>ἕωλον</strong></span> <span class='ocrx_word' id='word_1_429' title='bbox 1009 3691 1160 3761; x_wconf 82' lang='grc' dir='ltr'><strong>αὐτῷ</strong></span> <span class='ocrx_word' id='word_1_430' title='bbox 1185 3692 1282 3745; x_wconf 65' lang='grc' dir='ltr'><strong>καὶ⁹</strong></span> <span class='ocrx_word' id='word_1_431' title='bbox 1299 3692 1443 3746; x_wconf 89' lang='grc' dir='ltr'><strong>τοῦτ’</strong></span> <span class='ocrx_word' id='word_1_432' title='bbox 1469 3694 1587 3748; x_wconf 75' lang='grc' dir='ltr'><strong>ἐστὶ</strong></span> <span class='ocrx_word' id='word_1_433' title='bbox 1624 3696 1687 3749; x_wconf 78' lang='grc' dir='ltr'><strong>τὺ</strong></span> <span class='ocrx_word' id='word_1_434' title='bbox 1710 3697 1996 3767; x_wconf 72' lang='grc' dir='ltr'><strong>ἐπιχείρη-</strong></span> 
     </span>
    </p>
   </div>
   <div class='ocr_carea' id='block_1_54' title="bbox 412 3783 1995 3857">
    <p class='ocr_par' dir='ltr' id='par_1_54' title="bbox 412 3783 1995 3857">
     <span class='ocr_line' id='line_1_54' title="bbox 412 3783 1995 3857; baseline 0.003 -20"><span class='ocrx_word' id='word_1_435' title='bbox 412 3802 514 3856; x_wconf 84' lang='grc' dir='ltr'><strong>μα.</strong></span> <span class='ocrx_word' id='word_1_436' title='bbox 550 3783 953 3855; x_wconf 74' lang='grc' dir='ltr'><strong>Ἐλελήθειγὰρ</strong></span> <span class='ocrx_word' id='word_1_437' title='bbox 984 3783 1149 3837; x_wconf 86' lang='grc' dir='ltr'><strong>αὑτὸν</strong></span> <span class='ocrx_word' id='word_1_438' title='bbox 1189 3785 1285 3837; x_wconf 72' lang='grc' dir='ltr'><strong>ἐπὶ</strong></span> <span class='ocrx_word' id='word_1_439' title='bbox 1310 3786 1495 3851; x_wconf 82' lang='grc' dir='ltr'><strong>πᾶσιν,</strong></span> <span class='ocrx_word' id='word_1_440' title='bbox 1519 3786 1601 3839; x_wconf 83' lang='grc' dir='ltr'><strong>ὄτι</strong></span> <span class='ocrx_word' id='word_1_441' title='bbox 1625 3787 1686 3839; x_wconf 73' lang='grc' dir='ltr'><strong>τὸ</strong></span> <span class='ocrx_word' id='word_1_442' title='bbox 1730 3787 1832 3857; x_wconf 80' lang='grc' dir='ltr'><strong>μὲν</strong></span> <span class='ocrx_word' id='word_1_443' title='bbox 1879 3790 1995 3842; x_wconf 74' lang='grc' dir='ltr'><strong>δια-</strong></span> 
     </span>
    </p>
   </div>
   <div class='ocr_carea' id='block_1_55' title="bbox 406 3874 1991 3950">
    <p class='ocr_par' dir='ltr' id='par_1_55' title="bbox 406 3874 1991 3950">
     <span class='ocr_line' id='line_1_55' title="bbox 406 3874 1991 3950; baseline 0.003 -22"><span class='ocrx_word' id='word_1_444' title='bbox 406 3876 591 3946; x_wconf 84' lang='grc' dir='ltr'><strong>φόρως</strong></span> <span class='ocrx_word' id='word_1_445' title='bbox 617 3877 863 3928; x_wconf 73' lang='grc' dir='ltr'><strong>αἱτιατὸν</strong></span> <span class='ocrx_word' id='word_1_446' title='bbox 894 3874 1157 3946; x_wconf 62' lang='grc' dir='ltr'><strong>ὑφίσκτησι</strong></span> <span class='ocrx_word' id='word_1_447' title='bbox 1183 3876 1275 3929; x_wconf 79' lang='grc' dir='ltr'><strong>τὸν</strong></span> <span class='ocrx_word' id='word_1_448' title='bbox 1301 3875 1430 3929; x_wconf 73' lang='grc' dir='ltr'><strong>Υἱὸν</strong></span> <span class='ocrx_word' id='word_1_449' title='bbox 1477 3878 1572 3930; x_wconf 65' lang='grc' dir='ltr'><strong>καὶ</strong></span> <span class='ocrx_word' id='word_1_450' title='bbox 1628 3878 1690 3931; x_wconf 79' lang='grc' dir='ltr'><strong>τὸ</strong></span> <span class='ocrx_word' id='word_1_451' title='bbox 1744 3879 1991 3950; x_wconf 73' lang='grc' dir='ltr'><strong>Πνεῦμα,</strong></span> 
     </span>
    </p>
   </div>
   <div class='ocr_carea' id='block_1_56' title="bbox 403 3968 1996 4042">
    <p class='ocr_par' dir='ltr' id='par_1_56' title="bbox 403 3968 1996 4042">
     <span class='ocr_line' id='line_1_56' title="bbox 403 3968 1996 4042; baseline 0.004 -22"><span class='ocrx_word' id='word_1_452' title='bbox 403 3968 489 4037; x_wconf 68' lang='grc' dir='ltr'><strong>ὡς¹</strong></span> <span class='ocrx_word' id='word_1_453' title='bbox 542 3971 570 4020; x_wconf 91' lang='lat'><strong>6</strong></span> <span class='ocrx_word' id='word_1_454' title='bbox 627 3969 890 4038; x_wconf 84' lang='grc' dir='ltr'><strong>διάφορος</strong></span> <span class='ocrx_word' id='word_1_455' title='bbox 946 3968 1151 4041; x_wconf 84' lang='grc' dir='ltr'><strong>τρόπος</strong></span> <span class='ocrx_word' id='word_1_456' title='bbox 1204 3969 1302 4039; x_wconf 76' lang='grc' dir='ltr'><strong>τῆς</strong></span> <span class='ocrx_word' id='word_1_457' title='bbox 1366 3970 1738 4042; x_wconf 75' lang='grc' dir='ltr'><strong>ὑποστατικῆς</strong></span> <span class='ocrx_word' id='word_1_458' title='bbox 1789 3973 1996 4028; x_wconf 83' lang='grc' dir='ltr'><strong>τούτων</strong></span> 
     </span>
    </p>
   </div>
   <div class='ocr_carea' id='block_1_57' title="bbox 347 4060 1993 4137">
    <p class='ocr_par' dir='ltr' id='par_1_57' title="bbox 347 4060 1993 4137">
     <span class='ocr_line' id='line_1_57' title="bbox 347 4060 1993 4137; baseline 0.002 -20"><span class='ocrx_word' id='word_1_459' title='bbox 347 4116 361 4128; x_wconf 77' lang='grc'><strong>,</strong></span> <span class='ocrx_word' id='word_1_460' title='bbox 406 4060 720 4131; x_wconf 77' lang='grc' dir='ltr'><strong>ὑπάρξεως,</strong></span> <span class='ocrx_word' id='word_1_461' title='bbox 752 4062 812 4113; x_wconf 76' lang='grc' dir='ltr'><strong>τὸ</strong></span> <span class='ocrx_word' id='word_1_462' title='bbox 839 4062 897 4115; x_wconf 81' lang='grc' dir='ltr'><strong>δὲ</strong></span> <span class='ocrx_word' id='word_1_463' title='bbox 941 4062 1218 4134; x_wconf 81' lang='grc' dir='ltr'><strong>διαφόρως</strong></span> <span class='ocrx_word' id='word_1_464' title='bbox 1271 4060 1447 4116; x_wconf 80' lang='grc' dir='ltr'><strong>αῖτιον</strong></span> <span class='ocrx_word' id='word_1_465' title='bbox 1490 4063 1580 4116; x_wconf 82' lang='grc' dir='ltr'><strong>τὸν</strong></span> <span class='ocrx_word' id='word_1_466' title='bbox 1626 4066 1846 4137; x_wconf 81' lang='grc' dir='ltr'><strong>Πατέρα</strong></span> <span class='ocrx_word' id='word_1_467' title='bbox 1901 4084 1993 4121; x_wconf 69' lang='grc' dir='ltr'><strong>και</strong></span> 
     </span>
    </p>
   </div>
   <div class='ocr_carea' id='block_1_58' title="bbox 402 4154 1995 4229">
    <p class='ocr_par' dir='ltr' id='par_1_58' title="bbox 402 4154 1995 4229">
     <span class='ocr_line' id='line_1_58' title="bbox 402 4154 1995 4229; baseline 0.004 -21"><span class='ocrx_word' id='word_1_468' title='bbox 402 4156 499 4208; x_wconf 76' lang='grc' dir='ltr'><strong>τὸν</strong></span> <span class='ocrx_word' id='word_1_469' title='bbox 532 4154 659 4207; x_wconf 68' lang='grc' dir='ltr'><strong>Υἱὸν</strong></span> <span class='ocrx_word' id='word_1_470' title='bbox 692 4158 792 4225; x_wconf 81' lang='grc' dir='ltr'><strong>οὐχ</strong></span> <span class='ocrx_word' id='word_1_471' title='bbox 824 4154 1334 4226; x_wconf 78' lang='grc' dir='ltr'><strong>ὑφίστησιν,,εῐπερ</strong></span> <span class='ocrx_word' id='word_1_472' title='bbox 1388 4158 1578 4210; x_wconf 77' lang='grc' dir='ltr'><strong>ἐκεῖνα</strong></span> <span class='ocrx_word' id='word_1_473' title='bbox 1633 4159 1735 4229; x_wconf 77' lang='grc' dir='ltr'><strong>μὲν</strong></span> <span class='ocrx_word' id='word_1_474' title='bbox 1785 4160 1888 4214; x_wconf 85' lang='grc' dir='ltr'><strong>οὑκ</strong></span> <span class='ocrx_word' id='word_1_475' title='bbox 1927 4161 1995 4215; x_wconf 83' lang='grc' dir='ltr'>ἂν</span> 
     </span>
    </p>
   </div>
   <div class='ocr_carea' id='block_1_59' title="bbox 403 4244 1994 4325">
    <p class='ocr_par' dir='ltr' id='par_1_59' title="bbox 403 4244 1994 4325">
     <span class='ocr_line' id='line_1_59' title="bbox 403 4244 1994 4325; baseline 0.004 -24"><span class='ocrx_word' id='word_1_476' title='bbox 403 4244 523 4307; x_wconf 85' lang='grc' dir='ltr'><strong>εἷεν</strong></span> <span class='ocrx_word' id='word_1_477' title='bbox 558 4247 652 4303; x_wconf 84' lang='grc' dir='ltr'><strong>δύο</strong></span> <span class='ocrx_word' id='word_1_478' title='bbox 677 4248 754 4318; x_wconf 79' lang='grc' dir='ltr'><strong>μὴ</strong></span> <span class='ocrx_word' id='word_1_479' title='bbox 773 4248 1050 4317; x_wconf 81' lang='grc' dir='ltr'><strong>διαφόρως</strong></span> <span class='ocrx_word' id='word_1_480' title='bbox 1081 4247 1216 4301; x_wconf 76' lang='grc' dir='ltr'><strong>ὄντα</strong></span> <span class='ocrx_word' id='word_1_481' title='bbox 1250 4250 1493 4314; x_wconf 68' lang='grc' dir='ltr'><strong>αἰτιατά,</strong></span> <span class='ocrx_word' id='word_1_482' title='bbox 1514 4252 1585 4303; x_wconf 72' lang='grc' dir='ltr'><strong>τὰ</strong></span> <span class='ocrx_word' id='word_1_483' title='bbox 1620 4250 1677 4305; x_wconf 71' lang='grc' dir='ltr'><strong>δὲ</strong></span> <span class='ocrx_word' id='word_1_484' title='bbox 1734 4254 1831 4306; x_wconf 78' lang='grc' dir='ltr'><strong>καὶ</strong></span> <span class='ocrx_word' id='word_1_485' title='bbox 1875 4254 1994 4325; x_wconf 71' lang='grc' dir='ltr'><strong>ἅμα</strong></span> 
     </span>
    </p>
   </div>
   <div class='ocr_carea' id='block_1_60' title="bbox 402 4338 1994 4417">
    <p class='ocr_par' dir='ltr' id='par_1_60' title="bbox 402 4338 1994 4417">
     <span class='ocr_line' id='line_1_60' title="bbox 402 4338 1994 4417; baseline 0.003 -24"><span class='ocrx_word' id='word_1_486' title='bbox 402 4338 503 4403; x_wconf 75' lang='grc' dir='ltr'><strong>τοῦ</strong></span> <span class='ocrx_word' id='word_1_487' title='bbox 526 4340 801 4410; x_wconf 83' lang='grc' dir='ltr'><strong>διαφόρως</strong></span> <span class='ocrx_word' id='word_1_488' title='bbox 826 4339 1161 4410; x_wconf 76' lang='grc' dir='ltr'><strong>προϐάλλειν</strong></span> <span class='ocrx_word' id='word_1_489' title='bbox 1189 4339 1284 4393; x_wconf 79' lang='grc' dir='ltr'><strong>δύο</strong></span> <span class='ocrx_word' id='word_1_490' title='bbox 1325 4340 1655 4409; x_wconf 85' lang='grc' dir='ltr'><strong>ὑποστάσεις</strong></span> <span class='ocrx_word' id='word_1_491' title='bbox 1708 4342 1994 4417; x_wconf 85' lang='grc' dir='ltr'><strong>διακεκρι-</strong></span> 
     </span>
    </p>
   </div>
   <div class='ocr_carea' id='block_1_61' title="bbox 404 4433 975 4505">
    <p class='ocr_par' dir='ltr' id='par_1_61' title="bbox 404 4433 975 4505">
     <span class='ocr_line' id='line_1_61' title="bbox 404 4433 975 4505; baseline -0.005 -17"><span class='ocrx_word' id='word_1_492' title='bbox 404 4435 567 4505; x_wconf 76' lang='grc' dir='ltr'><strong>μέναι</strong></span> <span class='ocrx_word' id='word_1_493' title='bbox 592 4433 975 4504; x_wconf 80' lang='grc' dir='ltr'><strong>τυγχάνουσιν,</strong></span> 
     </span>
    </p>
   </div>
   <div class='ocr_carea' id='block_1_62' title="bbox 2106 1931 3690 2004">
    <p class='ocr_par' dir='ltr' id='par_1_62' title="bbox 2106 1931 3690 2004">
     <span class='ocr_line' id='line_1_62' title="bbox 2106 1931 3690 2004; baseline -0.004 -10"><span class='ocrx_word' id='word_1_494' title='bbox 2106 1936 2419 1994; x_wconf 84' lang='lat' dir='ltr'><strong>Universim</strong></span> <span class='ocrx_word' id='word_1_495' title='bbox 2470 1949 2603 1991; x_wconf 79' lang='lat' dir='ltr'><strong>vero</strong></span> <span class='ocrx_word' id='word_1_496' title='bbox 2632 1935 2889 1990; x_wconf 83' lang='lat' dir='ltr'><strong>diversus</strong></span> <span class='ocrx_word' id='word_1_497' title='bbox 2940 1933 3347 2004; x_wconf 78' lang='lat' dir='ltr'><strong>progressionis</strong></span> <span class='ocrx_word' id='word_1_498' title='bbox 3395 1932 3594 1986; x_wconf 87' lang='lat' dir='ltr'><strong>modus</strong></span> <span class='ocrx_word' id='word_1_499' title='bbox 3633 1931 3690 1987; x_wconf 89' lang='lat' dir='ltr'><strong>in</strong></span> 
     </span>
    </p>
   </div>
   <div class='ocr_carea' id='block_1_63' title="bbox 2105 2027 3695 2102">
    <p class='ocr_par' dir='ltr' id='par_1_63' title="bbox 2105 2027 3695 2102">
     <span class='ocr_line' id='line_1_63' title="bbox 2105 2027 3695 2102; baseline -0.003 -19"><span class='ocrx_word' id='word_1_500' title='bbox 2105 2030 2596 2102; x_wconf 73' lang='lat' dir='ltr'><strong>progredientibus</strong></span> <span class='ocrx_word' id='word_1_501' title='bbox 2625 2028 2848 2099; x_wconf 83' lang='lat' dir='ltr'><strong>quidem</strong></span> <span class='ocrx_word' id='word_1_502' title='bbox 2874 2040 2972 2083; x_wconf 84' lang='lat' dir='ltr'><strong>seu</strong></span> <span class='ocrx_word' id='word_1_503' title='bbox 3005 2027 3354 2097; x_wconf 86' lang='lat' dir='ltr'><strong>principiatis</strong></span> <span class='ocrx_word' id='word_1_504' title='bbox 3390 2041 3695 2080; x_wconf 80' lang='lat' dir='ltr'><strong>numerum</strong></span> 
     </span>
    </p>
   </div>
   <div class='ocr_carea' id='block_1_64' title="bbox 2103 2121 3690 2191">
    <p class='ocr_par' dir='ltr' id='par_1_64' title="bbox 2103 2121 3690 2191">
     <span class='ocr_line' id='line_1_64' title="bbox 2103 2121 3690 2191; baseline -0.004 -11"><span class='ocrx_word' id='word_1_505' title='bbox 2103 2134 2163 2180; x_wconf 88' lang='lat' dir='ltr'><strong>et</strong></span> <span class='ocrx_word' id='word_1_506' title='bbox 2202 2124 2616 2179; x_wconf 86' lang='lat' dir='ltr'><strong>distinctionem</strong></span> <span class='ocrx_word' id='word_1_507' title='bbox 2662 2122 2849 2185; x_wconf 83' lang='lat' dir='ltr'><strong>ellicit,</strong></span> <span class='ocrx_word' id='word_1_508' title='bbox 2905 2122 2961 2176; x_wconf 88' lang='lat' dir='ltr'><strong>in</strong></span> <span class='ocrx_word' id='word_1_509' title='bbox 3018 2122 3480 2191; x_wconf 78' lang='lat' dir='ltr'><strong>principioVero</strong></span> <span class='ocrx_word' id='word_1_510' title='bbox 3535 2121 3690 2174; x_wconf 87' lang='lat' dir='ltr'><strong>nullo</strong></span> 
     </span>
    </p>
   </div>
   <div class='ocr_carea' id='block_1_65' title="bbox 2105 2212 3692 2283">
    <p class='ocr_par' dir='ltr' id='par_1_65' title="bbox 2105 2212 3692 2283">
     <span class='ocr_line' id='line_1_65' title="bbox 2105 2212 3692 2283; baseline -0.003 -12"><span class='ocrx_word' id='word_1_511' title='bbox 2105 2218 2302 2283; x_wconf 73' lang='lat' dir='ltr'><strong>modo;</strong></span> <span class='ocrx_word' id='word_1_512' title='bbox 2337 2231 2498 2271; x_wconf 90' lang='lat' dir='ltr'><strong>secus</strong></span> <span class='ocrx_word' id='word_1_513' title='bbox 2542 2215 2695 2270; x_wconf 86' lang='lat' dir='ltr'><strong>enim</strong></span> <span class='ocrx_word' id='word_1_514' title='bbox 2729 2228 2785 2269; x_wconf 82' lang='lat' dir='ltr'><strong>et</strong></span> <span class='ocrx_word' id='word_1_515' title='bbox 2816 2215 2980 2269; x_wconf 87' lang='lat' dir='ltr'><strong>Pater</strong></span> <span class='ocrx_word' id='word_1_516' title='bbox 3024 2230 3057 2268; x_wconf 76' lang='grc' dir='ltr'><strong>α</strong></span> <span class='ocrx_word' id='word_1_517' title='bbox 3106 2214 3290 2281; x_wconf 81' lang='lat' dir='ltr'><strong>seipse</strong></span> <span class='ocrx_word' id='word_1_518' title='bbox 3322 2212 3692 2282; x_wconf 72' lang='lat' dir='ltr'><strong>distinguere~</strong></span> 
     </span>
    </p>
   </div>
   <div class='ocr_carea' id='block_1_66' title="bbox 2104 2305 3684 2379">
    <p class='ocr_par' dir='ltr' id='par_1_66' title="bbox 2104 2305 3684 2379">
     <span class='ocr_line' id='line_1_66' title="bbox 2104 2305 3684 2379; baseline -0.002 -15"><span class='ocrx_word' id='word_1_519' title='bbox 2104 2318 2216 2375; x_wconf 86' lang='lat' dir='ltr'><strong>tur,</strong></span> <span class='ocrx_word' id='word_1_520' title='bbox 2247 2309 2342 2379; x_wconf 87' lang='lat' dir='ltr'><strong>qui</strong></span> <span class='ocrx_word' id='word_1_521' title='bbox 2370 2308 2479 2362; x_wconf 85' lang='lat' dir='ltr'><strong>alio</strong></span> <span class='ocrx_word' id='word_1_522' title='bbox 2512 2310 2676 2364; x_wconf 88' lang='lat' dir='ltr'><strong>modo</strong></span> <span class='ocrx_word' id='word_1_523' title='bbox 2706 2323 2775 2363; x_wconf 78' lang='lat' dir='ltr'><strong>ex</strong></span> <span class='ocrx_word' id='word_1_524' title='bbox 2801 2307 2986 2375; x_wconf 86' lang='lat' dir='ltr'><strong>seipso</strong></span> <span class='ocrx_word' id='word_1_525' title='bbox 3014 2305 3239 2370; x_wconf 77' lang='lat' dir='ltr'><strong>Filium,</strong></span> <span class='ocrx_word' id='word_1_526' title='bbox 3272 2305 3382 2359; x_wconf 86' lang='lat' dir='ltr'><strong>aiio</strong></span> <span class='ocrx_word' id='word_1_527' title='bbox 3414 2305 3684 2376; x_wconf 86' lang='lat' dir='ltr'><strong>Spiritum</strong></span> 
     </span>
    </p>
   </div>
   <div class='ocr_carea' id='block_1_67' title="bbox 2106 2382 3687 2469">
    <p class='ocr_par' dir='ltr' id='par_1_67' title="bbox 2106 2382 3687 2469">
     <span class='ocr_line' id='line_1_67' title="bbox 2106 2382 3687 2469; baseline -0.001 -15"><span class='ocrx_word' id='word_1_528' title='bbox 2106 2382 2355 2454; x_wconf 75' lang='lat' dir='ltr'><strong>sanctum</strong></span> <span class='ocrx_word' id='word_1_529' title='bbox 2387 2399 2661 2469; x_wconf 86' lang='lat' dir='ltr'><strong>producit.</strong></span> <span class='ocrx_word' id='word_1_530' title='bbox 2692 2400 2749 2454; x_wconf 83' lang='lat' dir='ltr'><strong>Si</strong></span> <span class='ocrx_word' id='word_1_531' title='bbox 2794 2414 2926 2453; x_wconf 82' lang='lat' dir='ltr'><strong>vero</strong></span> <span class='ocrx_word' id='word_1_532' title='bbox 2956 2398 3115 2453; x_wconf 85' lang='lat' dir='ltr'><strong>Pater</strong></span> <span class='ocrx_word' id='word_1_533' title='bbox 3161 2407 3246 2452; x_wconf 86' lang='lat' dir='ltr'><strong>est</strong></span> <span class='ocrx_word' id='word_1_534' title='bbox 3301 2414 3470 2451; x_wconf 91' lang='lat' dir='ltr'><strong>unum</strong></span> <span class='ocrx_word' id='word_1_535' title='bbox 3529 2399 3687 2468; x_wconf 90' lang='lat' dir='ltr'><strong>prin-</strong></span> 
     </span>
    </p>
   </div>
   <div class='ocr_carea' id='block_1_68' title="bbox 2104 2490 3685 2563">
    <p class='ocr_par' dir='ltr' id='par_1_68' title="bbox 2104 2490 3685 2563">
     <span class='ocr_line' id='line_1_68' title="bbox 2104 2490 3685 2563; baseline 0.001 -16"><span class='ocrx_word' id='word_1_536' title='bbox 2104 2494 2305 2563; x_wconf 87' lang='lat' dir='ltr'><strong>cipium</strong></span> <span class='ocrx_word' id='word_1_537' title='bbox 2339 2490 2461 2546; x_wconf 87' lang='lat' dir='ltr'><strong>Filii</strong></span> <span class='ocrx_word' id='word_1_538' title='bbox 2493 2499 2551 2548; x_wconf 86' lang='lat' dir='ltr'><strong>et</strong></span> <span class='ocrx_word' id='word_1_539' title='bbox 2596 2492 2860 2563; x_wconf 87' lang='lat' dir='ltr'><strong>Spiritus,</strong></span> <span class='ocrx_word' id='word_1_540' title='bbox 2893 2493 3025 2547; x_wconf 89' lang='lat' dir='ltr'><strong>licet</strong></span> <span class='ocrx_word' id='word_1_541' title='bbox 3050 2491 3332 2545; x_wconf 85' lang='lat' dir='ltr'><strong>diversum</strong></span> <span class='ocrx_word' id='word_1_542' title='bbox 3382 2506 3576 2546; x_wconf 86' lang='lat' dir='ltr'><strong>eorum</strong></span> <span class='ocrx_word' id='word_1_543' title='bbox 3611 2492 3685 2548; x_wconf 86' lang='lat' dir='ltr'><strong>sit</strong></span> 
     </span>
    </p>
   </div>
   <div class='ocr_carea' id='block_1_69' title="bbox 2101 2583 3685 2657">
    <p class='ocr_par' dir='ltr' id='par_1_69' title="bbox 2101 2583 3685 2657">
     <span class='ocr_line' id='line_1_69' title="bbox 2101 2583 3685 2657; baseline -0.001 -19"><span class='ocrx_word' id='word_1_544' title='bbox 2101 2584 2443 2657; x_wconf 86' lang='lat' dir='ltr'><strong>principium</strong></span> <span class='ocrx_word' id='word_1_545' title='bbox 2466 2623 2481 2648; x_wconf 89' lang='lat'><strong>,</strong></span> <span class='ocrx_word' id='word_1_546' title='bbox 2523 2585 2653 2654; x_wconf 86' lang='lat' dir='ltr'><strong>quia</strong></span> <span class='ocrx_word' id='word_1_547' title='bbox 2711 2586 2945 2639; x_wconf 86' lang='lat' dir='ltr'><strong>alterius</strong></span> <span class='ocrx_word' id='word_1_548' title='bbox 2981 2586 3236 2654; x_wconf 78' lang='lat' dir='ltr'><strong>genitor,</strong></span> <span class='ocrx_word' id='word_1_549' title='bbox 3286 2583 3517 2638; x_wconf 84' lang='lat' dir='ltr'><strong>alterius</strong></span> <span class='ocrx_word' id='word_1_550' title='bbox 3548 2599 3685 2638; x_wconf 84' lang='lat' dir='ltr'><strong>vero</strong></span> 
     </span>
    </p>
   </div>
   <div class='ocr_carea' id='block_1_70' title="bbox 2103 2676 3687 2747">
    <p class='ocr_par' dir='ltr' id='par_1_70' title="bbox 2103 2676 3687 2747">
     <span class='ocr_line' id='line_1_70' title="bbox 2103 2676 3687 2747; baseline 0 -16"><span class='ocrx_word' id='word_1_551' title='bbox 2103 2676 2431 2747; x_wconf 84' lang='lat' dir='ltr'><strong>produclor,</strong></span> <span class='ocrx_word' id='word_1_552' title='bbox 2456 2678 2809 2733; x_wconf 79' lang='lat' dir='ltr'><strong>manifestum</strong></span> <span class='ocrx_word' id='word_1_553' title='bbox 2837 2688 2923 2732; x_wconf 80' lang='lat' dir='ltr'><strong>est</strong></span> <span class='ocrx_word' id='word_1_554' title='bbox 2953 2678 3102 2733; x_wconf 86' lang='lat' dir='ltr'><strong>nulla</strong></span> <span class='ocrx_word' id='word_1_555' title='bbox 3130 2680 3465 2732; x_wconf 84' lang='lat' dir='ltr'><strong>necessitate</strong></span> <span class='ocrx_word' id='word_1_556' title='bbox 3495 2679 3687 2747; x_wconf 86' lang='lat' dir='ltr'><strong>requi-</strong></span> 
     </span>
    </p>
   </div>
   <div class='ocr_carea' id='block_1_71' title="bbox 2104 2768 3687 2840">
    <p class='ocr_par' dir='ltr' id='par_1_71' title="bbox 2104 2768 3687 2840">
     <span class='ocr_line' id='line_1_71' title="bbox 2104 2768 3687 2840; baseline 0 -16"><span class='ocrx_word' id='word_1_557' title='bbox 2104 2770 2172 2836; x_wconf 87' lang='lat' dir='ltr'><strong>ri,</strong></span> <span class='ocrx_word' id='word_1_558' title='bbox 2206 2778 2267 2824; x_wconf 83' lang='lat' dir='ltr'><strong>ut</strong></span> <span class='ocrx_word' id='word_1_559' title='bbox 2294 2778 2352 2825; x_wconf 87' lang='lat' dir='ltr'><strong>et</strong></span> <span class='ocrx_word' id='word_1_560' title='bbox 2380 2771 2547 2825; x_wconf 73' lang='lat' dir='ltr'><strong>Pater</strong></span> <span class='ocrx_word' id='word_1_561' title='bbox 2579 2779 2636 2824; x_wconf 87' lang='lat' dir='ltr'><strong>et</strong></span> <span class='ocrx_word' id='word_1_562' title='bbox 2680 2768 2856 2824; x_wconf 80' lang='lat' dir='ltr'><strong>Filius</strong></span> <span class='ocrx_word' id='word_1_563' title='bbox 2888 2773 2997 2825; x_wconf 88' lang='lat' dir='ltr'><strong>duo</strong></span> <span class='ocrx_word' id='word_1_564' title='bbox 3037 2771 3149 2825; x_wconf 84' lang='lat' dir='ltr'><strong>sint</strong></span> <span class='ocrx_word' id='word_1_565' title='bbox 3198 2770 3494 2840; x_wconf 79' lang='lat' dir='ltr'><strong>principia,</strong></span> <span class='ocrx_word' id='word_1_566' title='bbox 3553 2785 3687 2840; x_wconf 39' lang='lat' dir='ltr'><strong>pros</strong></span> 
     </span>
    </p>
   </div>
   <div class='ocr_carea' id='block_1_72' title="bbox 2103 2863 3683 2936">
    <p class='ocr_par' dir='ltr' id='par_1_72' title="bbox 2103 2863 3683 2936">
     <span class='ocr_line' id='line_1_72' title="bbox 2103 2863 3683 2936; baseline -0.002 -16"><span class='ocrx_word' id='word_1_567' title='bbox 2103 2874 2298 2936; x_wconf 88' lang='lat' dir='ltr'><strong>pterea</strong></span> <span class='ocrx_word' id='word_1_568' title='bbox 2336 2864 2479 2934; x_wconf 89' lang='lat' dir='ltr'><strong>quod</strong></span> <span class='ocrx_word' id='word_1_569' title='bbox 2509 2863 2732 2917; x_wconf 74' lang='lat' dir='ltr'><strong>diverso</strong></span> <span class='ocrx_word' id='word_1_570' title='bbox 2780 2863 2942 2918; x_wconf 88' lang='lat' dir='ltr'><strong>modo</strong></span> <span class='ocrx_word' id='word_1_571' title='bbox 2976 2864 3216 2918; x_wconf 83' lang='lat' dir='ltr'><strong>habeant</strong></span> <span class='ocrx_word' id='word_1_572' title='bbox 3263 2864 3524 2933; x_wconf 87' lang='lat' dir='ltr'><strong>principii</strong></span> <span class='ocrx_word' id='word_1_573' title='bbox 3563 2880 3683 2919; x_wconf 88' lang='lat' dir='ltr'><strong>rem</strong></span> 
     </span>
    </p>
   </div>
   <div class='ocr_carea' id='block_1_73' title="bbox 2101 2956 3747 3027">
    <p class='ocr_par' dir='ltr' id='par_1_73' title="bbox 2101 2956 3747 3027">
     <span class='ocr_line' id='line_1_73' title="bbox 2101 2956 3747 3027; baseline -0.001 -15"><span class='ocrx_word' id='word_1_574' title='bbox 2101 2967 2158 3012; x_wconf 88' lang='lat' dir='ltr'><strong>et</strong></span> <span class='ocrx_word' id='word_1_575' title='bbox 2185 2971 2409 3012; x_wconf 89' lang='lat' dir='ltr'><strong>nomen.</strong></span> <span class='ocrx_word' id='word_1_576' title='bbox 2457 2956 2513 3012; x_wconf 87' lang='lat' dir='ltr'><strong>Si</strong></span> <span class='ocrx_word' id='word_1_577' title='bbox 2548 2972 2643 3027; x_wconf 89' lang='lat' dir='ltr'><strong>per</strong></span> <span class='ocrx_word' id='word_1_578' title='bbox 2674 2956 3016 3026; x_wconf 83' lang='lat' dir='ltr'><strong>impossibile</strong></span> <span class='ocrx_word' id='word_1_579' title='bbox 3069 2958 3230 3011; x_wconf 82' lang='lat' dir='ltr'><strong>Pater</strong></span> <span class='ocrx_word' id='word_1_580' title='bbox 3259 2967 3315 3011; x_wconf 87' lang='lat' dir='ltr'><strong>et</strong></span> <span class='ocrx_word' id='word_1_581' title='bbox 3350 2956 3524 3010; x_wconf 77' lang='lat' dir='ltr'><strong>Fllitls</strong></span> <span class='ocrx_word' id='word_1_582' title='bbox 3573 2973 3685 3011; x_wconf 71' lang='lat' dir='ltr'><strong>una</strong></span> <span class='ocrx_word' id='word_1_583' title='bbox 3746 2982 3747 2985; x_wconf 52' lang='grc' dir='ltr'><strong>η</strong></span> 
     </span>
    </p>
   </div>
   <div class='ocr_carea' id='block_1_74' title="bbox 2104 3047 3690 3119">
    <p class='ocr_par' dir='ltr' id='par_1_74' title="bbox 2104 3047 3690 3119">
     <span class='ocr_line' id='line_1_74' title="bbox 2104 3047 3690 3119; baseline 0.001 -17"><span class='ocrx_word' id='word_1_584' title='bbox 2104 3062 2339 3119; x_wconf 84' lang='lat' dir='ltr'><strong>persona</strong></span> <span class='ocrx_word' id='word_1_585' title='bbox 2370 3057 2578 3114; x_wconf 88' lang='lat' dir='ltr'><strong>essent,</strong></span> <span class='ocrx_word' id='word_1_586' title='bbox 2632 3047 2748 3102; x_wconf 67' lang='lat' dir='ltr'><strong>haec</strong></span> <span class='ocrx_word' id='word_1_587' title='bbox 2787 3063 2896 3102; x_wconf 90' lang='lat' dir='ltr'><strong>non</strong></span> <span class='ocrx_word' id='word_1_588' title='bbox 2930 3047 3136 3103; x_wconf 88' lang='lat' dir='ltr'><strong>idcirco</strong></span> <span class='ocrx_word' id='word_1_589' title='bbox 3182 3064 3213 3105; x_wconf 84' lang='lat' dir='ltr'><strong>a</strong></span> <span class='ocrx_word' id='word_1_590' title='bbox 3265 3047 3444 3117; x_wconf 86' lang='lat' dir='ltr'><strong>seipsa</strong></span> <span class='ocrx_word' id='word_1_591' title='bbox 3494 3048 3690 3103; x_wconf 80' lang='lat' dir='ltr'><strong>distin-</strong></span> 
     </span>
    </p>
   </div>
   <div class='ocr_carea' id='block_1_75' title="bbox 2102 3140 3683 3213">
    <p class='ocr_par' dir='ltr' id='par_1_75' title="bbox 2102 3140 3683 3213">
     <span class='ocr_line' id='line_1_75' title="bbox 2102 3140 3683 3213; baseline -0.001 -18"><span class='ocrx_word' id='word_1_592' title='bbox 2102 3150 2392 3213; x_wconf 84' lang='lat' dir='ltr'><strong>guerclur,</strong></span> <span class='ocrx_word' id='word_1_593' title='bbox 2443 3142 2572 3213; x_wconf 89' lang='lat' dir='ltr'><strong>quia</strong></span> <span class='ocrx_word' id='word_1_594' title='bbox 2616 3142 2842 3197; x_wconf 87' lang='lat' dir='ltr'><strong>diverso</strong></span> <span class='ocrx_word' id='word_1_595' title='bbox 2895 3143 3060 3196; x_wconf 89' lang='lat' dir='ltr'><strong>modo</strong></span> <span class='ocrx_word' id='word_1_596' title='bbox 3110 3140 3374 3212; x_wconf 80' lang='lat' dir='ltr'><strong>produxit</strong></span> <span class='ocrx_word' id='word_1_597' title='bbox 3417 3142 3683 3212; x_wconf 85' lang='lat' dir='ltr'><strong>Spiritum</strong></span> 
     </span>
    </p>
   </div>
   <div class='ocr_carea' id='block_1_76' title="bbox 2101 3234 3685 3305">
    <p class='ocr_par' dir='ltr' id='par_1_76' title="bbox 2101 3234 3685 3305">
     <span class='ocr_line' id='line_1_76' title="bbox 2101 3234 3685 3305; baseline -0.001 -16"><span class='ocrx_word' id='word_1_598' title='bbox 2101 3245 2378 3290; x_wconf 74' lang='lat' dir='ltr'><strong>sanctum.</strong></span> <span class='ocrx_word' id='word_1_599' title='bbox 2419 3235 2579 3290; x_wconf 81' lang='lat' dir='ltr'><strong>Nunc</strong></span> <span class='ocrx_word' id='word_1_600' title='bbox 2608 3246 2793 3290; x_wconf 74' lang='lat' dir='ltr'><strong>autem</strong></span> <span class='ocrx_word' id='word_1_601' title='bbox 2837 3234 2949 3290; x_wconf 91' lang='lat' dir='ltr'><strong>duo</strong></span> <span class='ocrx_word' id='word_1_602' title='bbox 2981 3243 3111 3289; x_wconf 85' lang='lat' dir='ltr'><strong>Sunt</strong></span> <span class='ocrx_word' id='word_1_603' title='bbox 3154 3247 3209 3290; x_wconf 90' lang='lat' dir='ltr'><strong>et</strong></span> <span class='ocrx_word' id='word_1_604' title='bbox 3251 3235 3374 3291; x_wconf 70' lang='lat' dir='ltr'><strong>dua:</strong></span> <span class='ocrx_word' id='word_1_605' title='bbox 3432 3251 3685 3305; x_wconf 83' lang='lat' dir='ltr'><strong>persona:</strong></span> 
     </span>
    </p>
   </div>
   <div class='ocr_carea' id='block_1_77' title="bbox 2100 3327 3677 3394">
    <p class='ocr_par' dir='ltr' id='par_1_77' title="bbox 2100 3327 3677 3394">
     <span class='ocr_line' id='line_1_77' title="bbox 2100 3327 3677 3394; baseline -0.001 -11"><span class='ocrx_word' id='word_1_606' title='bbox 2100 3328 2263 3383; x_wconf 87' lang='lat' dir='ltr'><strong>Pater</strong></span> <span class='ocrx_word' id='word_1_607' title='bbox 2291 3338 2350 3383; x_wconf 87' lang='lat' dir='ltr'><strong>et</strong></span> <span class='ocrx_word' id='word_1_608' title='bbox 2394 3328 2567 3384; x_wconf 77' lang='lat' dir='ltr'><strong>Filius</strong></span> <span class='ocrx_word' id='word_1_609' title='bbox 2595 3330 2759 3383; x_wconf 88' lang='lat' dir='ltr'><strong>aliam</strong></span> <span class='ocrx_word' id='word_1_610' title='bbox 2793 3329 2862 3383; x_wconf 90' lang='lat' dir='ltr'><strong>ob</strong></span> <span class='ocrx_word' id='word_1_611' title='bbox 2908 3343 3156 3394; x_wconf 83' lang='lat' dir='ltr'><strong>causam,</strong></span> <span class='ocrx_word' id='word_1_612' title='bbox 3190 3327 3454 3381; x_wconf 87' lang='lat' dir='ltr'><strong>nimirum</strong></span> <span class='ocrx_word' id='word_1_613' title='bbox 3495 3329 3569 3382; x_wconf 90' lang='lat' dir='ltr'><strong>ob</strong></span> <span class='ocrx_word' id='word_1_614' title='bbox 3598 3329 3677 3382; x_wconf 90' lang='lat' dir='ltr'><strong>di-</strong></span> 
     </span>
    </p>
   </div>
   <div class='ocr_carea' id='block_1_78' title="bbox 2102 3418 3686 3489">
    <p class='ocr_par' dir='ltr' id='par_1_78' title="bbox 2102 3418 3686 3489">
     <span class='ocr_line' id='line_1_78' title="bbox 2102 3418 3686 3489; baseline 0.001 -18"><span class='ocrx_word' id='word_1_615' title='bbox 2102 3434 2327 3473; x_wconf 87' lang='lat' dir='ltr'><strong>versum</strong></span> <span class='ocrx_word' id='word_1_616' title='bbox 2364 3419 2418 3473; x_wconf 90' lang='lat' dir='ltr'><strong>in</strong></span> <span class='ocrx_word' id='word_1_617' title='bbox 2452 3420 2584 3489; x_wconf 80' lang='lat' dir='ltr'><strong>ipsis</strong></span> <span class='ocrx_word' id='word_1_618' title='bbox 2612 3418 2917 3473; x_wconf 85' lang='lat' dir='ltr'><strong>exsistendi</strong></span> <span class='ocrx_word' id='word_1_619' title='bbox 2959 3419 3220 3481; x_wconf 86' lang='lat' dir='ltr'><strong>modum;</strong></span> <span class='ocrx_word' id='word_1_620' title='bbox 3257 3418 3355 3473; x_wconf 86' lang='lat' dir='ltr'><strong>sed</strong></span> <span class='ocrx_word' id='word_1_621' title='bbox 3408 3430 3516 3471; x_wconf 89' lang='lat' dir='ltr'><strong>non</strong></span> <span class='ocrx_word' id='word_1_622' title='bbox 3554 3428 3686 3473; x_wconf 89' lang='lat' dir='ltr'><strong>sunt</strong></span> 
     </span>
    </p>
   </div>
   <div class='ocr_carea' id='block_1_79' title="bbox 2099 3510 3682 3585">
    <p class='ocr_par' dir='ltr' id='par_1_79' title="bbox 2099 3510 3682 3585">
     <span class='ocr_line' id='line_1_79' title="bbox 2099 3510 3682 3585; baseline -0.001 -19"><span class='ocrx_word' id='word_1_623' title='bbox 2099 3513 2210 3567; x_wconf 92' lang='lat' dir='ltr'><strong>duo</strong></span> <span class='ocrx_word' id='word_1_624' title='bbox 2234 3513 2507 3585; x_wconf 86' lang='lat' dir='ltr'><strong>principia</strong></span> <span class='ocrx_word' id='word_1_625' title='bbox 2538 3512 2784 3584; x_wconf 86' lang='lat' dir='ltr'><strong>Spiritus</strong></span> <span class='ocrx_word' id='word_1_626' title='bbox 2808 3514 2988 3567; x_wconf 87' lang='lat' dir='ltr'><strong>sancti</strong></span> <span class='ocrx_word' id='word_1_627' title='bbox 3011 3510 3084 3565; x_wconf 92' lang='lat' dir='ltr'><strong>ob</strong></span> <span class='ocrx_word' id='word_1_628' title='bbox 3107 3511 3388 3567; x_wconf 81' lang='lat' dir='ltr'><strong>diversam</strong></span> <span class='ocrx_word' id='word_1_629' title='bbox 3416 3510 3682 3580; x_wconf 87' lang='lat' dir='ltr'><strong>principit</strong></span> 
     </span>
    </p>
   </div>
   <div class='ocr_carea' id='block_1_80' title="bbox 2099 3604 3681 3678">
    <p class='ocr_par' dir='ltr' id='par_1_80' title="bbox 2099 3604 3681 3678">
     <span class='ocr_line' id='line_1_80' title="bbox 2099 3604 3681 3678; baseline -0.001 -17"><span class='ocrx_word' id='word_1_630' title='bbox 2099 3605 2393 3670; x_wconf 86' lang='lat' dir='ltr'><strong>rationem,</strong></span> <span class='ocrx_word' id='word_1_631' title='bbox 2432 3621 2554 3678; x_wconf 62' lang='lat' dir='ltr'><strong>qua;</strong></span> <span class='ocrx_word' id='word_1_632' title='bbox 2592 3606 2647 3660; x_wconf 91' lang='lat' dir='ltr'><strong>in</strong></span> <span class='ocrx_word' id='word_1_633' title='bbox 2683 3606 2820 3678; x_wconf 88' lang='lat' dir='ltr'><strong>ipsis</strong></span> <span class='ocrx_word' id='word_1_634' title='bbox 2849 3604 3272 3667; x_wconf 85' lang='lat' dir='ltr'><strong>invenitur,sed</strong></span> <span class='ocrx_word' id='word_1_635' title='bbox 3299 3604 3486 3675; x_wconf 80' lang='lat' dir='ltr'><strong>potius</strong></span> <span class='ocrx_word' id='word_1_636' title='bbox 3511 3618 3681 3659; x_wconf 89' lang='lat' dir='ltr'><strong>unum</strong></span> 
     </span>
    </p>
   </div>
   <div class='ocr_carea' id='block_1_81' title="bbox 2100 3692 3686 3771">
    <p class='ocr_par' dir='ltr' id='par_1_81' title="bbox 2100 3692 3686 3771">
     <span class='ocr_line' id='line_1_81' title="bbox 2100 3692 3686 3771; baseline -0.002 -19"><span class='ocrx_word' id='word_1_637' title='bbox 2100 3699 2442 3769; x_wconf 91' lang='lat' dir='ltr'><strong>principium</strong></span> <span class='ocrx_word' id='word_1_638' title='bbox 2470 3707 2528 3754; x_wconf 91' lang='lat' dir='ltr'><strong>et</strong></span> <span class='ocrx_word' id='word_1_639' title='bbox 2562 3713 2704 3753; x_wconf 90' lang='lat' dir='ltr'><strong>unus</strong></span> <span class='ocrx_word' id='word_1_640' title='bbox 2734 3699 2975 3771; x_wconf 85' lang='lat' dir='ltr'><strong>spirator</strong></span> <span class='ocrx_word' id='word_1_641' title='bbox 2996 3692 3068 3752; x_wconf 68' lang='grc' dir='ltr'><strong>οδ</strong></span> <span class='ocrx_word' id='word_1_642' title='bbox 3103 3712 3267 3752; x_wconf 88' lang='lat' dir='ltr'><strong>unam</strong></span> <span class='ocrx_word' id='word_1_643' title='bbox 3298 3712 3534 3751; x_wconf 84' lang='lat' dir='ltr'><strong>numero</strong></span> <span class='ocrx_word' id='word_1_644' title='bbox 3572 3700 3686 3750; x_wconf 82' lang='lat' dir='ltr'><strong>vir-</strong></span> 
     </span>
    </p>
   </div>
   <div class='ocr_carea' id='block_1_82' title="bbox 2101 3790 3681 3863">
    <p class='ocr_par' dir='ltr' id='par_1_82' title="bbox 2101 3790 3681 3863">
     <span class='ocr_line' id='line_1_82' title="bbox 2101 3790 3681 3863; baseline 0 -18"><span class='ocrx_word' id='word_1_645' title='bbox 2101 3800 2274 3846; x_wconf 88' lang='lat' dir='ltr'><strong>tutem</strong></span> <span class='ocrx_word' id='word_1_646' title='bbox 2304 3802 2361 3845; x_wconf 89' lang='lat' dir='ltr'><strong>et</strong></span> <span class='ocrx_word' id='word_1_647' title='bbox 2390 3791 2793 3863; x_wconf 87' lang='lat' dir='ltr'><strong>operationem,</strong></span> <span class='ocrx_word' id='word_1_648' title='bbox 2829 3805 2935 3862; x_wconf 85' lang='lat' dir='ltr'><strong>qua</strong></span> <span class='ocrx_word' id='word_1_649' title='bbox 2968 3790 3036 3846; x_wconf 90' lang='lat' dir='ltr'><strong>ad</strong></span> <span class='ocrx_word' id='word_1_650' title='bbox 3092 3790 3363 3862; x_wconf 89' lang='lat' dir='ltr'><strong>Spiritum</strong></span> <span class='ocrx_word' id='word_1_651' title='bbox 3423 3802 3681 3845; x_wconf 87' lang='lat' dir='ltr'><strong>sanctqu</strong></span> 
     </span>
    </p>
   </div>
   <div class='ocr_carea' id='block_1_83' title="bbox 2101 3884 3687 3956">
    <p class='ocr_par' dir='ltr' id='par_1_83' title="bbox 2101 3884 3687 3956">
     <span class='ocr_line' id='line_1_83' title="bbox 2101 3884 3687 3956; baseline 0 -17"><span class='ocrx_word' id='word_1_652' title='bbox 2101 3884 2443 3951; x_wconf 79' lang='lat' dir='ltr'><strong>referuntur,</strong></span> <span class='ocrx_word' id='word_1_653' title='bbox 2477 3900 2586 3939; x_wconf 88' lang='lat' dir='ltr'><strong>non</strong></span> <span class='ocrx_word' id='word_1_654' title='bbox 2618 3885 2893 3951; x_wconf 5' lang='lat' dir='ltr'><strong>pobstante</strong></span> <span class='ocrx_word' id='word_1_655' title='bbox 2922 3885 3205 3956; x_wconf 83' lang='lat' dir='ltr'><strong>personali</strong></span> <span class='ocrx_word' id='word_1_656' title='bbox 3239 3900 3435 3939; x_wconf 89' lang='lat' dir='ltr'><strong>eorum</strong></span> <span class='ocrx_word' id='word_1_657' title='bbox 3485 3886 3687 3940; x_wconf 69' lang='lat' dir='ltr'><strong>distino</strong></span> 
     </span>
    </p>
   </div>
   <div class='ocr_carea' id='block_1_84' title="bbox 2098 3974 3679 4046">
    <p class='ocr_par' dir='ltr' id='par_1_84' title="bbox 2098 3974 3679 4046">
     <span class='ocr_line' id='line_1_84' title="bbox 2098 3974 3679 4046; baseline -0.001 -16"><span class='ocrx_word' id='word_1_658' title='bbox 2098 3977 2301 4031; x_wconf 84' lang='lat' dir='ltr'><strong>ctione.</strong></span> <span class='ocrx_word' id='word_1_659' title='bbox 2339 3976 2515 4030; x_wconf 85' lang='lat' dir='ltr'><strong>Sicuti</strong></span> <span class='ocrx_word' id='word_1_660' title='bbox 2549 3976 2664 4029; x_wconf 63' lang='lat' dir='ltr'><strong>haec</strong></span> <span class='ocrx_word' id='word_1_661' title='bbox 2695 3974 3005 4046; x_wconf 83' lang='lat' dir='ltr'><strong>personalis</strong></span> <span class='ocrx_word' id='word_1_662' title='bbox 3038 3976 3325 4030; x_wconf 87' lang='lat' dir='ltr'><strong>distinctio</strong></span> <span class='ocrx_word' id='word_1_663' title='bbox 3357 3976 3496 4029; x_wconf 80' lang='lat' dir='ltr'><strong>nihil</strong></span> <span class='ocrx_word' id='word_1_664' title='bbox 3528 3977 3679 4029; x_wconf 81' lang='lat' dir='ltr'><strong>aliud</strong></span> 
     </span>
    </p>
   </div>
   <div class='ocr_carea' id='block_1_85' title="bbox 2101 4066 3684 4136">
    <p class='ocr_par' dir='ltr' id='par_1_85' title="bbox 2101 4066 3684 4136">
     <span class='ocr_line' id='line_1_85' title="bbox 2101 4066 3684 4136; baseline 0.003 -16"><span class='ocrx_word' id='word_1_665' title='bbox 2101 4069 2242 4123; x_wconf 86' lang='lat' dir='ltr'><strong>tollit</strong></span> <span class='ocrx_word' id='word_1_666' title='bbox 2272 4083 2339 4122; x_wconf 79' lang='lat' dir='ltr'><strong>ex</strong></span> <span class='ocrx_word' id='word_1_667' title='bbox 2371 4068 2440 4121; x_wconf 84' lang='lat' dir='ltr'><strong>iis</strong></span> <span class='ocrx_word' id='word_1_668' title='bbox 2483 4082 2607 4136; x_wconf 65' lang='lat' dir='ltr'><strong>qua</strong></span> <span class='ocrx_word' id='word_1_669' title='bbox 2662 4066 3036 4121; x_wconf 87' lang='lat' dir='ltr'><strong>communiter</strong></span> <span class='ocrx_word' id='word_1_670' title='bbox 3066 4076 3122 4122; x_wconf 90' lang='lat' dir='ltr'><strong>et</strong></span> <span class='ocrx_word' id='word_1_671' title='bbox 3171 4068 3368 4121; x_wconf 90' lang='lat' dir='ltr'><strong>eodem</strong></span> <span class='ocrx_word' id='word_1_672' title='bbox 3401 4068 3563 4121; x_wconf 90' lang='lat' dir='ltr'><strong>modo</strong></span> <span class='ocrx_word' id='word_1_673' title='bbox 3625 4077 3684 4125; x_wconf 89' lang='lat' dir='ltr'><strong>et</strong></span> 
     </span>
    </p>
   </div>
   <div class='ocr_carea' id='block_1_86' title="bbox 2097 4158 3683 4233">
    <p class='ocr_par' dir='ltr' id='par_1_86' title="bbox 2097 4158 3683 4233">
     <span class='ocr_line' id='line_1_86' title="bbox 2097 4158 3683 4233; baseline 0.001 -18"><span class='ocrx_word' id='word_1_674' title='bbox 2097 4160 2452 4233; x_wconf 84' lang='lat' dir='ltr'><strong>singulariter</strong></span> <span class='ocrx_word' id='word_1_675' title='bbox 2484 4169 2614 4215; x_wconf 92' lang='lat' dir='ltr'><strong>sunt</strong></span> <span class='ocrx_word' id='word_1_676' title='bbox 2662 4158 2718 4214; x_wconf 91' lang='lat' dir='ltr'><strong>in</strong></span> <span class='ocrx_word' id='word_1_677' title='bbox 2753 4160 2908 4230; x_wconf 86' lang='lat' dir='ltr'><strong>ipsis,</strong></span> <span class='ocrx_word' id='word_1_678' title='bbox 2947 4160 3019 4213; x_wconf 87' lang='lat' dir='ltr'><strong>ita</strong></span> <span class='ocrx_word' id='word_1_679' title='bbox 3054 4168 3111 4214; x_wconf 90' lang='lat' dir='ltr'><strong>et</strong></span> <span class='ocrx_word' id='word_1_680' title='bbox 3160 4160 3318 4215; x_wconf 78' lang='lat' dir='ltr'><strong>futile</strong></span> <span class='ocrx_word' id='word_1_681' title='bbox 3366 4172 3455 4214; x_wconf 87' lang='lat' dir='ltr'><strong>est</strong></span> <span class='ocrx_word' id='word_1_682' title='bbox 3489 4160 3683 4216; x_wconf 83' lang='lat' dir='ltr'><strong>ethoc</strong></span> 
     </span>
    </p>
   </div>
   <div class='ocr_carea' id='block_1_87' title="bbox 2099 4251 3679 4325">
    <p class='ocr_par' dir='ltr' id='par_1_87' title="bbox 2099 4251 3679 4325">
     <span class='ocr_line' id='line_1_87' title="bbox 2099 4251 3679 4325; baseline -0.002 -13"><span class='ocrx_word' id='word_1_683' title='bbox 2099 4254 2314 4325; x_wconf 75' lang='lat' dir='ltr'><strong>(Marci)</strong></span> <span class='ocrx_word' id='word_1_684' title='bbox 2355 4264 2760 4324; x_wconf 77' lang='lat' dir='ltr'><strong>argumentum.</strong></span> <span class='ocrx_word' id='word_1_685' title='bbox 2789 4251 3028 4308; x_wconf 91' lang='lat' dir='ltr'><strong>Omnino</strong></span> <span class='ocrx_word' id='word_1_686' title='bbox 3083 4253 3234 4309; x_wconf 89' lang='lat' dir='ltr'><strong>enim</strong></span> <span class='ocrx_word' id='word_1_687' title='bbox 3296 4268 3425 4309; x_wconf 88' lang='lat' dir='ltr'><strong>eum</strong></span> <span class='ocrx_word' id='word_1_688' title='bbox 3495 4254 3679 4321; x_wconf 87' lang='lat' dir='ltr'><strong>latuit,</strong></span> 
     </span>
    </p>
   </div>
   <div class='ocr_carea' id='block_1_88' title="bbox 2095 4343 3680 4418">
    <p class='ocr_par' dir='ltr' id='par_1_88' title="bbox 2095 4343 3680 4418">
     <span class='ocr_line' id='line_1_88' title="bbox 2095 4343 3680 4418; baseline 0.001 -17"><span class='ocrx_word' id='word_1_689' title='bbox 2095 4347 2491 4418; x_wconf 83' lang='lat' dir='ltr'><strong>principiatum</strong></span> <span class='ocrx_word' id='word_1_690' title='bbox 2512 4346 2733 4400; x_wconf 86' lang='lat' dir='ltr'><strong>diverso</strong></span> <span class='ocrx_word' id='word_1_691' title='bbox 2765 4343 2929 4400; x_wconf 86' lang='lat' dir='ltr'><strong>modo</strong></span> <span class='ocrx_word' id='word_1_692' title='bbox 2956 4360 3078 4401; x_wconf 83' lang='lat' dir='ltr'><strong>esse</strong></span> <span class='ocrx_word' id='word_1_693' title='bbox 3102 4345 3442 4401; x_wconf 89' lang='lat' dir='ltr'><strong>constituere</strong></span> <span class='ocrx_word' id='word_1_694' title='bbox 3479 4347 3680 4404; x_wconf 84' lang='lat' dir='ltr'><strong>Filium</strong></span> 
     </span>
    </p>
   </div>
   <div class='ocr_carea' id='block_1_89' title="bbox 2096 4438 3686 4512">
    <p class='ocr_par' dir='ltr' id='par_1_89' title="bbox 2096 4438 3686 4512">
     <span class='ocr_line' id='line_1_89' title="bbox 2096 4438 3686 4512; baseline 0.001 -17"><span class='ocrx_word' id='word_1_695' title='bbox 2096 4456 2155 4497; x_wconf 86' lang='lat' dir='ltr'><strong>et</strong></span> <span class='ocrx_word' id='word_1_696' title='bbox 2185 4438 2451 4512; x_wconf 87' lang='lat' dir='ltr'><strong>Spiritum</strong></span> <span class='ocrx_word' id='word_1_697' title='bbox 2509 4447 2571 4493; x_wconf 93' lang='lat' dir='ltr'><strong>ut</strong></span> <span class='ocrx_word' id='word_1_698' title='bbox 2607 4438 2889 4493; x_wconf 87' lang='lat' dir='ltr'><strong>diversum</strong></span> <span class='ocrx_word' id='word_1_699' title='bbox 2938 4453 3130 4493; x_wconf 86' lang='lat' dir='ltr'><strong>eorum</strong></span> <span class='ocrx_word' id='word_1_700' title='bbox 3191 4442 3500 4509; x_wconf 87' lang='lat' dir='ltr'><strong>personalis</strong></span> <span class='ocrx_word' id='word_1_701' title='bbox 3534 4443 3686 4497; x_wconf 66' lang='grc' dir='ltr'><strong>εκδὶν</strong></span> 
     </span>
    </p>
   </div>
   <div class='ocr_carea' id='block_1_90' title="bbox 405 4526 3685 4606">
    <p class='ocr_par' dir='ltr' id='par_1_90' title="bbox 405 4526 3685 4606">
     <span class='ocr_line' id='line_1_90' title="bbox 405 4526 3685 4606; baseline 0.001 -21"><span class='ocrx_word' id='word_1_702' title='bbox 405 4530 632 4585; x_wconf 70' lang='lat' dir='ltr'><strong>stentia:</strong></span> <span class='ocrx_word' id='word_1_703' title='bbox 684 4527 933 4591; x_wconf 56' lang='lat' dir='ltr'><strong>modem.</strong></span> <span class='ocrx_word' id='word_1_704' title='bbox 965 4526 1185 4582; x_wconf 83' lang='lat' dir='ltr'><strong>diverso</strong></span> <span class='ocrx_word' id='word_1_705' title='bbox 1216 4527 1382 4582; x_wconf 85' lang='lat' dir='ltr'><strong>modo</strong></span> <span class='ocrx_word' id='word_1_706' title='bbox 1414 4527 1752 4599; x_wconf 79' lang='lat' dir='ltr'><strong>principium</strong></span> <span class='ocrx_word' id='word_1_707' title='bbox 1777 4544 1899 4585; x_wconf 86' lang='lat' dir='ltr'><strong>esse</strong></span> <span class='ocrx_word' id='word_1_708' title='bbox 1967 4532 2187 4588; x_wconf 82' lang='lat' dir='ltr'><strong>Patrem</strong></span> <span class='ocrx_word' id='word_1_709' title='bbox 2252 4541 2310 4588; x_wconf 91' lang='lat' dir='ltr'><strong>et</strong></span> <span class='ocrx_word' id='word_1_710' title='bbox 2371 4530 2573 4586; x_wconf 85' lang='lat' dir='ltr'><strong>Filium</strong></span> <span class='ocrx_word' id='word_1_711' title='bbox 2600 4547 2710 4587; x_wconf 90' lang='lat' dir='ltr'><strong>non</strong></span> <span class='ocrx_word' id='word_1_712' title='bbox 2744 4531 3106 4595; x_wconf 79' lang='lat' dir='ltr'><strong>constituere,</strong></span> <span class='ocrx_word' id='word_1_713' title='bbox 3134 4533 3393 4602; x_wconf 89' lang='lat' dir='ltr'><strong>quoniam</strong></span> <span class='ocrx_word' id='word_1_714' title='bbox 3428 4534 3518 4589; x_wconf 82' lang='lat' dir='ltr'><strong>illa</strong></span> <span class='ocrx_word' id='word_1_715' title='bbox 3558 4539 3685 4606; x_wconf 85' lang='lat' dir='ltr'><strong>qui-</strong></span> 
     </span>
    </p>
   </div>
   <div class='ocr_carea' id='block_1_91' title="bbox 404 4618 3731 4699">
    <p class='ocr_par' dir='ltr' id='par_1_91' title="bbox 404 4618 3731 4699">
     <span class='ocr_line' id='line_1_91' title="bbox 404 4618 3731 4699; baseline 0.002 -22"><span class='ocrx_word' id='word_1_716' title='bbox 404 4627 532 4677; x_wconf 88' lang='lat' dir='ltr'><strong>dem</strong></span> <span class='ocrx_word' id='word_1_717' title='bbox 566 4621 713 4674; x_wconf 86' lang='lat' dir='ltr'><strong>haud</strong></span> <span class='ocrx_word' id='word_1_718' title='bbox 756 4621 866 4675; x_wconf 86' lang='lat' dir='ltr'><strong>duo</strong></span> <span class='ocrx_word' id='word_1_719' title='bbox 898 4618 1105 4686; x_wconf 74' lang='lat' dir='ltr'><strong>forent,</strong></span> <span class='ocrx_word' id='word_1_720' title='bbox 1137 4619 1182 4674; x_wconf 84' lang='lat' dir='ltr'><strong>si</strong></span> <span class='ocrx_word' id='word_1_721' title='bbox 1219 4634 1329 4675; x_wconf 89' lang='lat' dir='ltr'><strong>non</strong></span> <span class='ocrx_word' id='word_1_722' title='bbox 1356 4621 1792 4677; x_wconf 83' lang='lat' dir='ltr'><strong>essentdiverso</strong></span> <span class='ocrx_word' id='word_1_723' title='bbox 1822 4625 1986 4679; x_wconf 88' lang='lat' dir='ltr'><strong>tnodo</strong></span> <span class='ocrx_word' id='word_1_724' title='bbox 2026 4626 2381 4699; x_wconf 86' lang='lat' dir='ltr'><strong>principiata.</strong></span> <span class='ocrx_word' id='word_1_725' title='bbox 2416 4625 2535 4680; x_wconf 65' lang='lat' dir='ltr'><strong>bene</strong></span> <span class='ocrx_word' id='word_1_726' title='bbox 2592 4639 2726 4680; x_wconf 84' lang='lat' dir='ltr'><strong>vero</strong></span> <span class='ocrx_word' id='word_1_727' title='bbox 2804 4624 2990 4693; x_wconf 79' lang='lat' dir='ltr'><strong>(Pater</strong></span> <span class='ocrx_word' id='word_1_728' title='bbox 3019 4637 3076 4679; x_wconf 88' lang='lat' dir='ltr'><strong>et</strong></span> <span class='ocrx_word' id='word_1_729' title='bbox 3108 4623 3302 4695; x_wconf 75' lang='lat' dir='ltr'><strong>Filius)</strong></span> <span class='ocrx_word' id='word_1_730' title='bbox 3351 4625 3520 4682; x_wconf 83' lang='lat' dir='ltr'><strong>simul</strong></span> <span class='ocrx_word' id='word_1_731' title='bbox 3556 4644 3682 4682; x_wconf 70' lang='lat' dir='ltr'><strong>cum</strong></span> <span class='ocrx_word' id='word_1_732' title='bbox 3726 4662 3731 4665; x_wconf 28' lang='grc' dir='ltr'><strong>Α</strong></span> 
     </span>
    </p>
   </div>
   <div class='ocr_carea' id='block_1_92' title="bbox 401 4715 2614 4789">
    <p class='ocr_par' dir='ltr' id='par_1_92' title="bbox 401 4715 2614 4789">
     <span class='ocr_line' id='line_1_92' title="bbox 401 4715 2614 4789; baseline 0.001 -14"><span class='ocrx_word' id='word_1_733' title='bbox 401 4733 475 4775; x_wconf 79' lang='lat' dir='ltr'><strong>eo</strong></span> <span class='ocrx_word' id='word_1_734' title='bbox 514 4718 662 4787; x_wconf 87' lang='lat' dir='ltr'><strong>quod</strong></span> <span class='ocrx_word' id='word_1_735' title='bbox 711 4715 931 4771; x_wconf 83' lang='lat' dir='ltr'><strong>diverso</strong></span> <span class='ocrx_word' id='word_1_736' title='bbox 978 4718 1142 4769; x_wconf 88' lang='lat' dir='ltr'><strong>modo</strong></span> <span class='ocrx_word' id='word_1_737' title='bbox 1188 4716 1504 4787; x_wconf 87' lang='lat' dir='ltr'><strong>producunt</strong></span> <span class='ocrx_word' id='word_1_738' title='bbox 1554 4719 1676 4772; x_wconf 73' lang='lat' dir='ltr'><strong>duae</strong></span> <span class='ocrx_word' id='word_1_739' title='bbox 1734 4734 1980 4789; x_wconf 75' lang='lat' dir='ltr'><strong>persona:</strong></span> <span class='ocrx_word' id='word_1_740' title='bbox 2021 4722 2296 4779; x_wconf 66' lang='lat' dir='ltr'><strong>distinctae</strong></span> <span class='ocrx_word' id='word_1_741' title='bbox 2318 4722 2614 4779; x_wconf 76' lang='lat' dir='ltr'><strong>exsistunt.</strong></span> 
     </span>
    </p>
   </div>
   <div class='ocr_carea' id='block_1_93' title="bbox 872 4807 1571 4880">
    <p class='ocr_par' dir='ltr' id='par_1_93' title="bbox 872 4807 1571 4880">
     <span class='ocr_line' id='line_1_93' title="bbox 872 4807 1571 4880; baseline 0.003 -19"><span class='ocrx_word' id='word_1_742' title='bbox 872 4807 1136 4867; x_wconf 77' lang='grc' dir='ltr'>ΕΦΕΣΟΥ</span> <span class='ocrx_word' id='word_1_743' title='bbox 1169 4809 1324 4863; x_wconf 70' lang='grc' dir='ltr'><strong>κεο.</strong></span> <span class='ocrx_word' id='word_1_744' title='bbox 1369 4810 1428 4863; x_wconf 73' lang='grc' dir='ltr'><strong>ιιι</strong></span> <span class='ocrx_word' id='word_1_745' title='bbox 1468 4809 1571 4880; x_wconf 71' lang='grc' dir='ltr'><strong>(ιι).</strong></span> 
     </span>
    </p>
   </div>
   <div class='ocr_carea' id='block_1_94' title="bbox 482 4900 1993 4975">
    <p class='ocr_par' dir='ltr' id='par_1_94' title="bbox 482 4900 1993 4975">
     <span class='ocr_line' id='line_1_94' title="bbox 482 4900 1993 4975; baseline 0.015 -20"><span class='ocrx_word' id='word_1_746' title='bbox 482 4901 708 4973; x_wconf 78' lang='grc' dir='ltr'><strong>Πνεῦμά</strong></span> <span class='ocrx_word' id='word_1_747' title='bbox 740 4918 906 4970; x_wconf 81' lang='grc' dir='ltr'><strong>φασιν</strong></span> <span class='ocrx_word' id='word_1_748' title='bbox 936 4902 986 4954; x_wconf 83' lang='grc' dir='ltr'><strong>οι</strong></span> <span class='ocrx_word' id='word_1_749' title='bbox 1036 4900 1280 4969; x_wconf 77' lang='grc' dir='ltr'><strong>θεολόγοι</strong></span> <span class='ocrx_word' id='word_1_750' title='bbox 1330 4904 1410 4974; x_wconf 78' lang='grc'><strong>(5)</strong></span> <span class='ocrx_word' id='word_1_751' title='bbox 1466 4903 1529 4955; x_wconf 80' lang='grc' dir='ltr'><strong>τὸ</strong></span> <span class='ocrx_word' id='word_1_752' title='bbox 1572 4905 1671 4973; x_wconf 78' lang='grc' dir='ltr'><strong>τῆς</strong></span> <span class='ocrx_word' id='word_1_753' title='bbox 1718 4905 1993 4975; x_wconf 78' lang='grc' dir='ltr'><strong>πατρικῆς</strong></span> 
     </span>
    </p>
   </div>
   <div class='ocr_carea' id='block_1_95' title="bbox 405 4994 1995 5068">
    <p class='ocr_par' dir='ltr' id='par_1_95' title="bbox 405 4994 1995 5068">
     <span class='ocr_line' id='line_1_95' title="bbox 405 4994 1995 5068; baseline 0 -17"><span class='ocrx_word' id='word_1_754' title='bbox 405 4998 848 5066; x_wconf 64' lang='grc' dir='ltr'><strong>ἑκπορευόμενον</strong></span> <span class='ocrx_word' id='word_1_755' title='bbox 883 4995 1257 5057; x_wconf 79' lang='grc' dir='ltr'><strong>ὑποστάσεως.</strong></span> <span class='ocrx_word' id='word_1_756' title='bbox 1291 4994 1355 5049; x_wconf 82' lang='grc' dir='ltr'><strong>Εἰ</strong></span> <span class='ocrx_word' id='word_1_757' title='bbox 1386 4998 1443 5049; x_wconf 81' lang='grc' dir='ltr'><strong>δὲ</strong></span> <span class='ocrx_word' id='word_1_758' title='bbox 1472 4996 1531 5050; x_wconf 76' lang='grc' dir='ltr'><strong>τὸ</strong></span> <span class='ocrx_word' id='word_1_759' title='bbox 1567 4997 1700 5051; x_wconf 77' lang='grc' dir='ltr'><strong>αὐτὸ</strong></span> <span class='ocrx_word' id='word_1_760' title='bbox 1751 5000 1848 5051; x_wconf 80' lang='grc' dir='ltr'><strong>καὶ</strong></span> <span class='ocrx_word' id='word_1_761' title='bbox 1894 4998 1995 5068; x_wconf 72' lang='grc' dir='ltr'><strong>τῆς</strong></span> 
     </span>
    </p>
   </div>
   <div class='ocr_carea' id='block_1_96' title="bbox 407 5085 1993 5159">
    <p class='ocr_par' dir='ltr' id='par_1_96' title="bbox 407 5085 1993 5159">
     <span class='ocr_line' id='line_1_96' title="bbox 407 5085 1993 5159; baseline 0.001 -20"><span class='ocrx_word' id='word_1_762' title='bbox 407 5086 507 5139; x_wconf 81' lang='grc' dir='ltr'><strong>τοῦ</strong></span> <span class='ocrx_word' id='word_1_763' title='bbox 535 5085 662 5140; x_wconf 75' lang='grc' dir='ltr'><strong>Υὶοῦ</strong></span> <span class='ocrx_word' id='word_1_764' title='bbox 685 5085 1038 5148; x_wconf 84' lang='grc' dir='ltr'><strong>ὑποστάσεως</strong></span> <span class='ocrx_word' id='word_1_765' title='bbox 1065 5085 1451 5153; x_wconf 68' lang='grc' dir='ltr'><strong>ἐκπορεύεται,</strong></span> <span class='ocrx_word' id='word_1_766' title='bbox 1490 5086 1543 5139; x_wconf 84' lang='grc' dir='ltr'><strong>τί</strong></span> <span class='ocrx_word' id='word_1_767' title='bbox 1592 5103 1656 5153; x_wconf 78' lang='grc' dir='ltr'><strong>γε</strong></span> <span class='ocrx_word' id='word_1_768' title='bbox 1699 5087 1829 5141; x_wconf 65' lang='grc' dir='ltr'><strong>ἄλλο</strong></span> <span class='ocrx_word' id='word_1_769' title='bbox 1858 5088 1890 5159; x_wconf 78' lang='grc' dir='ltr'>ἢ</span> <span class='ocrx_word' id='word_1_770' title='bbox 1927 5091 1993 5141; x_wconf 74' lang='grc' dir='ltr'><strong>ἑκ</strong></span> 
     </span>
    </p>
   </div>
   <div class='ocr_carea' id='block_1_97' title="bbox 410 5179 1993 5249">
    <p class='ocr_par' dir='ltr' id='par_1_97' title="bbox 410 5179 1993 5249">
     <span class='ocr_line' id='line_1_97' title="bbox 410 5179 1993 5249; baseline 0.001 -17"><span class='ocrx_word' id='word_1_771' title='bbox 410 5179 509 5232; x_wconf 83' lang='grc' dir='ltr'><strong>δύο</strong></span> <span class='ocrx_word' id='word_1_772' title='bbox 523 5181 891 5249; x_wconf 64' lang='grc' dir='ltr'><strong>ἐκπορεύεται</strong></span> <span class='ocrx_word' id='word_1_773' title='bbox 914 5179 1273 5243; x_wconf 84' lang='grc' dir='ltr'><strong>ὑποστάσεων</strong></span> <span class='ocrx_word' id='word_1_774' title='bbox 1307 5198 1323 5245; x_wconf 72' lang='grc' dir='ltr'><strong>ς</strong></span> <span class='ocrx_word' id='word_1_775' title='bbox 1358 5179 1431 5231; x_wconf 86' lang='grc' dir='ltr'>Τὸ</span> <span class='ocrx_word' id='word_1_776' title='bbox 1455 5179 1513 5232; x_wconf 81' lang='grc' dir='ltr'><strong>δὲ</strong></span> <span class='ocrx_word' id='word_1_777' title='bbox 1538 5186 1600 5231; x_wconf 72' lang='grc' dir='ltr'><strong>ὲκ</strong></span> <span class='ocrx_word' id='word_1_778' title='bbox 1630 5179 1728 5233; x_wconf 83' lang='grc' dir='ltr'><strong>δύο</strong></span> <span class='ocrx_word' id='word_1_779' title='bbox 1750 5182 1993 5235; x_wconf 80' lang='grc' dir='ltr'><strong>ὑποστά-</strong></span> 
     </span>
    </p>
   </div>
   <div class='ocr_carea' id='block_1_98' title="bbox 409 5272 1999 5345">
    <p class='ocr_par' dir='ltr' id='par_1_98' title="bbox 409 5272 1999 5345">
     <span class='ocr_line' id='line_1_98' title="bbox 409 5272 1999 5345; baseline -0.001 -18"><span class='ocrx_word' id='word_1_780' title='bbox 409 5288 550 5327; x_wconf 85' lang='grc' dir='ltr'><strong>σεων</strong></span> <span class='ocrx_word' id='word_1_781' title='bbox 580 5272 1020 5345; x_wconf 68' lang='grc' dir='ltr'><strong>ἐκπορευόμενον</strong></span> <span class='ocrx_word' id='word_1_782' title='bbox 1058 5272 1110 5325; x_wconf 78' lang='grc' dir='ltr'><strong>τί</strong></span> <span class='ocrx_word' id='word_1_783' title='bbox 1132 5287 1196 5340; x_wconf 83' lang='grc' dir='ltr'><strong>γε</strong></span> <span class='ocrx_word' id='word_1_784' title='bbox 1224 5272 1350 5325; x_wconf 78' lang='grc' dir='ltr'><strong>ἄλλο</strong></span> <span class='ocrx_word' id='word_1_785' title='bbox 1376 5272 1409 5342; x_wconf 79' lang='grc' dir='ltr'><strong>ἧ</strong></span> <span class='ocrx_word' id='word_1_786' title='bbox 1433 5272 1529 5327; x_wconf 82' lang='grc' dir='ltr'><strong>δύο</strong></span> <span class='ocrx_word' id='word_1_787' title='bbox 1557 5274 1652 5334; x_wconf 73' lang='grc' dir='ltr'><strong>τὰς</strong></span> <span class='ocrx_word' id='word_1_788' title='bbox 1686 5274 1861 5343; x_wconf 81' lang='grc' dir='ltr'><strong>ἀρχάς</strong></span> <span class='ocrx_word' id='word_1_789' title='bbox 1885 5273 1999 5345; x_wconf 73' lang='grc' dir='ltr'><strong>ἔχει</strong></span> 
     </span>
    </p>
   </div>
   <div class='ocr_carea' id='block_1_99' title="bbox 403 5365 1999 5440">
    <p class='ocr_par' dir='ltr' id='par_1_99' title="bbox 403 5365 1999 5440">
     <span class='ocr_line' id='line_1_99' title="bbox 403 5365 1999 5440; baseline -0.004 -17"><span class='ocrx_word' id='word_1_790' title='bbox 403 5369 513 5437; x_wconf 73' lang='grc' dir='ltr'><strong>τῆς</strong></span> <span class='ocrx_word' id='word_1_791' title='bbox 538 5368 735 5423; x_wconf 74' lang='grc' dir='ltr'><strong>ἑαυτοῦ</strong></span> <span class='ocrx_word' id='word_1_792' title='bbox 769 5365 1095 5435; x_wconf 71' lang='grc' dir='ltr'><strong>ὑπάρξεωςς</strong></span> <span class='ocrx_word' id='word_1_793' title='bbox 1128 5367 1244 5419; x_wconf 84' lang='grc' dir='ltr'><strong>Οὑκ</strong></span> <span class='ocrx_word' id='word_1_794' title='bbox 1266 5367 1375 5438; x_wconf 74' lang='grc' dir='ltr'><strong>ἄρα</strong></span> <span class='ocrx_word' id='word_1_795' title='bbox 1424 5367 1645 5421; x_wconf 83' lang='grc' dir='ltr'><strong>Λατῖνοι</strong></span> <span class='ocrx_word' id='word_1_796' title='bbox 1686 5368 1786 5440; x_wconf 80' lang='grc' dir='ltr'><strong>τὴν</strong></span> <span class='ocrx_word' id='word_1_797' title='bbox 1837 5366 1999 5433; x_wconf 82' lang='grc' dir='ltr'><strong>δυαρ-</strong></span> 
     </span>
    </p>
   </div>
   <div class='ocr_carea' id='block_1_100' title="bbox 406 5457 1999 5536">
    <p class='ocr_par' dir='ltr' id='par_1_100' title="bbox 406 5457 1999 5536">
     <span class='ocr_line' id='line_1_100' title="bbox 406 5457 1999 5536; baseline -0.004 -19"><span class='ocrx_word' id='word_1_798' title='bbox 406 5464 537 5536; x_wconf 85' lang='grc' dir='ltr'><strong>χίαν</strong></span> <span class='ocrx_word' id='word_1_799' title='bbox 560 5460 947 5529; x_wconf 65' lang='grc' dir='ltr'><strong>ἐκφεύξονται,</strong></span> <span class='ocrx_word' id='word_1_800' title='bbox 998 5458 1195 5529; x_wconf 82' lang='grc' dir='ltr'><strong>μέχρις</strong></span> <span class='ocrx_word' id='word_1_801' title='bbox 1242 5458 1310 5511; x_wconf 79' lang='grc' dir='ltr'><strong>ἂν</strong></span> <span class='ocrx_word' id='word_1_802' title='bbox 1374 5461 1469 5512; x_wconf 78' lang='grc' dir='ltr'><strong>καὶ</strong></span> <span class='ocrx_word' id='word_1_803' title='bbox 1522 5461 1586 5511; x_wconf 75' lang='grc' dir='ltr'><strong>ὲκ</strong></span> <span class='ocrx_word' id='word_1_804' title='bbox 1626 5457 1718 5512; x_wconf 73' lang='grc' dir='ltr'><strong>τοῦ</strong></span> <span class='ocrx_word' id='word_1_805' title='bbox 1756 5457 1882 5510; x_wconf 72' lang='grc' dir='ltr'><strong>Υῑοῦ</strong></span> <span class='ocrx_word' id='word_1_806' title='bbox 1938 5458 1999 5511; x_wconf 86' lang='grc' dir='ltr'><strong>τὸ</strong></span> 
     </span>
    </p>
   </div>
   <div class='ocr_carea' id='block_1_101' title="bbox 408 5547 1386 5623">
    <p class='ocr_par' dir='ltr' id='par_1_101' title="bbox 408 5547 1386 5623">
     <span class='ocr_line' id='line_1_101' title="bbox 408 5547 1386 5623; baseline -0.007 -14"><span class='ocrx_word' id='word_1_807' title='bbox 408 5555 643 5623; x_wconf 78' lang='grc' dir='ltr'><strong>Πνεῦμα</strong></span> <span class='ocrx_word' id='word_1_808' title='bbox 669 5554 730 5607; x_wconf 74' lang='grc' dir='ltr'><strong>τὸ</strong></span> <span class='ocrx_word' id='word_1_809' title='bbox 757 5568 914 5620; x_wconf 62' lang='grc' dir='ltr'><strong>ογιον</strong></span> <span class='ocrx_word' id='word_1_810' title='bbox 942 5547 1085 5604; x_wconf 73' lang='grc' dir='ltr'><strong>εἶναι</strong></span> <span class='ocrx_word' id='word_1_811' title='bbox 1129 5548 1386 5616; x_wconf 71' lang='grc' dir='ltr'><strong>λέγωσιν.</strong></span> 
     </span>
    </p>
   </div>
   <div class='ocr_carea' id='block_1_102' title="bbox 485 5665 1536 5739">
    <p class='ocr_par' dir='ltr' id='par_1_102' title="bbox 485 5665 1536 5739">
     <span class='ocr_line' id='line_1_102' title="bbox 485 5665 1536 5739; baseline -0.001 -18"><span class='ocrx_word' id='word_1_812' title='bbox 485 5670 564 5739; x_wconf 72' lang='grc'><strong>(1)</strong></span> <span class='ocrx_word' id='word_1_813' title='bbox 597 5670 810 5724; x_wconf 78' lang='lat' dir='ltr'><strong>Monac.</strong></span> <span class='ocrx_word' id='word_1_814' title='bbox 844 5668 885 5723; x_wconf 68' lang='grc' dir='ltr'><strong>ἶ.</strong></span> <span class='ocrx_word' id='word_1_815' title='bbox 921 5668 1048 5729; x_wconf 73' lang='grc'><strong>150,</strong></span> <span class='ocrx_word' id='word_1_816' title='bbox 1082 5666 1140 5731; x_wconf 72' lang='grc' dir='ltr'><strong>ι),</strong></span> <span class='ocrx_word' id='word_1_817' title='bbox 1173 5665 1536 5739; x_wconf 80' lang='grc' dir='ltr'><strong>διακρίνοιτο.</strong></span> 
     </span>
    </p>
   </div>
   <div class='ocr_carea' id='block_1_103' title="bbox 487 5736 1722 5811">
    <p class='ocr_par' dir='ltr' id='par_1_103' title="bbox 487 5736 1722 5811">
     <span class='ocr_line' id='line_1_103' title="bbox 487 5736 1722 5811; baseline 0 -17"><span class='ocrx_word' id='word_1_818' title='bbox 487 5736 565 5811; x_wconf 69' lang='grc'><strong>(2)</strong></span> <span class='ocrx_word' id='word_1_819' title='bbox 599 5742 656 5797; x_wconf 87' lang='lat' dir='ltr'><strong>In</strong></span> <span class='ocrx_word' id='word_1_820' title='bbox 698 5742 905 5793; x_wconf 84' lang='lat' dir='ltr'><strong>Monac.</strong></span> <span class='ocrx_word' id='word_1_821' title='bbox 937 5742 1064 5800; x_wconf 68' lang='lat'><strong>206,</strong></span> <span class='ocrx_word' id='word_1_822' title='bbox 1107 5736 1282 5811; x_wconf 70' lang='lat' dir='ltr'><strong>l._2l_i_2</strong></span> <span class='ocrx_word' id='word_1_823' title='bbox 1315 5741 1369 5798; x_wconf 74' lang='grc' dir='ltr'><strong>υ,</strong></span> <span class='ocrx_word' id='word_1_824' title='bbox 1394 5748 1479 5793; x_wconf 85' lang='lat' dir='ltr'><strong>est</strong></span> <span class='ocrx_word' id='word_1_825' title='bbox 1515 5755 1637 5809; x_wconf 84' lang='lat' dir='ltr'><strong>cap.</strong></span> <span class='ocrx_word' id='word_1_826' title='bbox 1672 5739 1722 5794; x_wconf 79' lang='grc'><strong>5.</strong></span> 
     </span>
    </p>
   </div>
   <div class='ocr_carea' id='block_1_104' title="bbox 487 5806 1994 5883">
    <p class='ocr_par' dir='ltr' id='par_1_104' title="bbox 487 5806 1994 5883">
     <span class='ocr_line' id='line_1_104' title="bbox 487 5806 1994 5883; baseline -0.006 -21"><span class='ocrx_word' id='word_1_827' title='bbox 487 5806 564 5883; x_wconf 60' lang='grc' dir='ltr'><strong>(ὃ)</strong></span> <span class='ocrx_word' id='word_1_828' title='bbox 599 5812 743 5867; x_wconf 71' lang='lat' dir='ltr'><strong>Non.</strong></span> <span class='ocrx_word' id='word_1_829' title='bbox 772 5814 865 5863; x_wconf 85' lang='lat' dir='ltr'><strong>cit.</strong></span> <span class='ocrx_word' id='word_1_830' title='bbox 925 5824 1094 5877; x_wconf 82' lang='grc' dir='ltr'><strong>φησιν</strong></span> <span class='ocrx_word' id='word_1_831' title='bbox 1147 5809 1175 5858; x_wconf 89' lang='lat'><strong>6</strong></span> <span class='ocrx_word' id='word_1_832' title='bbox 1218 5806 1473 5872; x_wconf 72' lang='grc' dir='ltr'><strong>Νυσσεῦς</strong></span> <span class='ocrx_word' id='word_1_833' title='bbox 1518 5806 1792 5883; x_wconf 55' lang='grc' dir='ltr'><strong>θεοιότος,</strong></span> <span class='ocrx_word' id='word_1_834' title='bbox 1835 5812 1994 5883; x_wconf 53' lang='lat' dir='ltr'><strong>N553.</strong></span> 
     </span>
    </p>
   </div>
   <div class='ocr_carea' id='block_1_105' title="bbox 736 5896 1439 5964">
    <p class='ocr_par' dir='ltr' id='par_1_105' title="bbox 736 5896 1439 5964">
     <span class='ocr_line' id='line_1_105' title="bbox 736 5896 1439 5964; baseline -0.013 0"><span class='ocrx_word' id='word_1_835' title='bbox 736 5906 1011 5964; x_wconf 74' lang='grc' dir='ltr'><strong>ΡΑτιιοι..</strong></span> <span class='ocrx_word' id='word_1_836' title='bbox 1060 5902 1177 5961; x_wconf 74' lang='lat' dir='ltr'><strong>Gn.</strong></span> <span class='ocrx_word' id='word_1_837' title='bbox 1224 5896 1439 5962; x_wconf 69' lang='lat' dir='ltr'><strong>CLXI.</strong></span> 
     </span>
    </p>
   </div>
   <div class='ocr_carea' id='block_1_106' title="bbox 2588 4811 3193 4887">
    <p class='ocr_par' dir='ltr' id='par_1_106' title="bbox 2588 4811 3193 4887">
     <span class='ocr_line' id='line_1_106' title="bbox 2588 4811 3193 4887; baseline -0.008 -16"><span class='ocrx_word' id='word_1_838' title='bbox 2588 4813 2835 4887; x_wconf 79' lang='lat' dir='ltr'><strong>EPHES.</strong></span> <span class='ocrx_word' id='word_1_839' title='bbox 2866 4811 3022 4869; x_wconf 82' lang='lat' dir='ltr'><strong>CAP.</strong></span> <span class='ocrx_word' id='word_1_840' title='bbox 3057 4812 3193 4873; x_wconf 80' lang='lat' dir='ltr'><strong>vut.</strong></span> 
     </span>
    </p>
   </div>
   <div class='ocr_carea' id='block_1_107' title="bbox 2170 4907 3684 4981">
    <p class='ocr_par' dir='ltr' id='par_1_107' title="bbox 2170 4907 3684 4981">
     <span class='ocr_line' id='line_1_107' title="bbox 2170 4907 3684 4981; baseline -0.002 -12"><span class='ocrx_word' id='word_1_841' title='bbox 2170 4907 2433 4981; x_wconf 85' lang='lat' dir='ltr'><strong>Spiritum</strong></span> <span class='ocrx_word' id='word_1_842' title='bbox 2466 4909 2661 4965; x_wconf 89' lang='lat' dir='ltr'><strong>dicunt</strong></span> <span class='ocrx_word' id='word_1_843' title='bbox 2707 4907 2947 4978; x_wconf 66' lang='lat' dir='ltr'><strong>theologi</strong></span> <span class='ocrx_word' id='word_1_844' title='bbox 2982 4922 3049 4961; x_wconf 74' lang='lat' dir='ltr'><strong>es</strong></span> <span class='ocrx_word' id='word_1_845' title='bbox 3096 4916 3322 4979; x_wconf 85' lang='lat' dir='ltr'><strong>paterna</strong></span> <span class='ocrx_word' id='word_1_846' title='bbox 3376 4910 3684 4981; x_wconf 86' lang='lat' dir='ltr'><strong>proceden-</strong></span> 
     </span>
    </p>
   </div>
   <div class='ocr_carea' id='block_1_108' title="bbox 2102 4998 3679 5077">
    <p class='ocr_par' dir='ltr' id='par_1_108' title="bbox 2102 4998 3679 5077">
     <span class='ocr_line' id='line_1_108' title="bbox 2102 4998 3679 5077; baseline 0.002 -22"><span class='ocrx_word' id='word_1_847' title='bbox 2102 5010 2213 5057; x_wconf 89' lang='lat' dir='ltr'><strong>tetn</strong></span> <span class='ocrx_word' id='word_1_848' title='bbox 2248 5002 2546 5077; x_wconf 76' lang='lat' dir='ltr'><strong>liypostasi.</strong></span> <span class='ocrx_word' id='word_1_849' title='bbox 2580 4998 2636 5055; x_wconf 89' lang='lat' dir='ltr'><strong>Si</strong></span> <span class='ocrx_word' id='word_1_850' title='bbox 2662 5014 2797 5056; x_wconf 85' lang='lat' dir='ltr'><strong>vero</strong></span> <span class='ocrx_word' id='word_1_851' title='bbox 2834 4999 2977 5054; x_wconf 87' lang='lat' dir='ltr'><strong>idem</strong></span> <span class='ocrx_word' id='word_1_852' title='bbox 3018 5010 3074 5053; x_wconf 87' lang='lat' dir='ltr'><strong>et</strong></span> <span class='ocrx_word' id='word_1_853' title='bbox 3111 5015 3177 5055; x_wconf 79' lang='lat' dir='ltr'><strong>ex</strong></span> <span class='ocrx_word' id='word_1_854' title='bbox 3218 4998 3342 5055; x_wconf 81' lang='lat' dir='ltr'><strong>Filii</strong></span> <span class='ocrx_word' id='word_1_855' title='bbox 3395 5001 3679 5073; x_wconf 69' lang='lat' dir='ltr'><strong>hypostasi</strong></span> 
     </span>
    </p>
   </div>
   <div class='ocr_carea' id='block_1_109' title="bbox 2102 5092 3689 5166">
    <p class='ocr_par' dir='ltr' id='par_1_109' title="bbox 2102 5092 3689 5166">
     <span class='ocr_line' id='line_1_109' title="bbox 2102 5092 3689 5166; baseline 0.003 -17"><span class='ocrx_word' id='word_1_856' title='bbox 2102 5097 2369 5165; x_wconf 85' lang='lat' dir='ltr'><strong>procedit,</strong></span> <span class='ocrx_word' id='word_1_857' title='bbox 2401 5110 2583 5151; x_wconf 91' lang='lat' dir='ltr'><strong>nonne</strong></span> <span class='ocrx_word' id='word_1_858' title='bbox 2613 5109 2679 5149; x_wconf 78' lang='lat' dir='ltr'><strong>ex</strong></span> <span class='ocrx_word' id='word_1_859' title='bbox 2719 5092 2936 5150; x_wconf 86' lang='lat' dir='ltr'><strong>duabus</strong></span> <span class='ocrx_word' id='word_1_860' title='bbox 2978 5092 3369 5165; x_wconf 82' lang='lat' dir='ltr'><strong>hypostasibns</strong></span> <span class='ocrx_word' id='word_1_861' title='bbox 3394 5096 3689 5166; x_wconf 80' lang='lat' dir='ltr'><strong>procedit?</strong></span> 
     </span>
    </p>
   </div>
   <div class='ocr_carea' id='block_1_110' title="bbox 2074 5185 3685 5261">
    <p class='ocr_par' dir='ltr' id='par_1_110' title="bbox 2074 5185 3685 5261">
     <span class='ocr_line' id='line_1_110' title="bbox 2074 5185 3685 5261; baseline 0 -21"><span class='ocrx_word' id='word_1_862' title='bbox 2074 5186 2079 5191; x_wconf 82' lang='grc'><em>’</em></span> <span class='ocrx_word' id='word_1_863' title='bbox 2103 5186 2258 5253; x_wconf 85' lang='lat' dir='ltr'><strong>Quod</strong></span> <span class='ocrx_word' id='word_1_864' title='bbox 2285 5202 2416 5245; x_wconf 83' lang='lat' dir='ltr'><strong>vero</strong></span> <span class='ocrx_word' id='word_1_865' title='bbox 2449 5188 2703 5261; x_wconf 87' lang='lat' dir='ltr'><strong>procedit</strong></span> <span class='ocrx_word' id='word_1_866' title='bbox 2728 5201 2797 5243; x_wconf 79' lang='lat' dir='ltr'><strong>ex</strong></span> <span class='ocrx_word' id='word_1_867' title='bbox 2823 5187 3039 5243; x_wconf 88' lang='lat' dir='ltr'><strong>duabus</strong></span> <span class='ocrx_word' id='word_1_868' title='bbox 3063 5185 3472 5261; x_wconf 80' lang='lat' dir='ltr'><strong>hypostasibus,</strong></span> <span class='ocrx_word' id='word_1_869' title='bbox 3501 5202 3685 5242; x_wconf 81' lang='lat' dir='ltr'><strong>nonne</strong></span> 
     </span>
    </p>
   </div>
   <div class='ocr_carea' id='block_1_111' title="bbox 2106 5276 3686 5348">
    <p class='ocr_par' dir='ltr' id='par_1_111' title="bbox 2106 5276 3686 5348">
     <span class='ocr_line' id='line_1_111' title="bbox 2106 5276 3686 5348; baseline 0.001 -17"><span class='ocrx_word' id='word_1_870' title='bbox 2106 5279 2158 5332; x_wconf 89' lang='lat' dir='ltr'><strong>id</strong></span> <span class='ocrx_word' id='word_1_871' title='bbox 2191 5278 2301 5335; x_wconf 89' lang='lat' dir='ltr'><strong>duo</strong></span> <span class='ocrx_word' id='word_1_872' title='bbox 2360 5278 2525 5348; x_wconf 73' lang='lat' dir='ltr'><strong>habet</strong></span> <span class='ocrx_word' id='word_1_873' title='bbox 2557 5276 2829 5348; x_wconf 85' lang='lat' dir='ltr'><strong>principia</strong></span> <span class='ocrx_word' id='word_1_874' title='bbox 2889 5291 3003 5334; x_wconf 74' lang='lat' dir='ltr'><strong>suae</strong></span> <span class='ocrx_word' id='word_1_875' title='bbox 3064 5276 3240 5347; x_wconf 82' lang='lat' dir='ltr'><strong>ipsius</strong></span> <span class='ocrx_word' id='word_1_876' title='bbox 3304 5276 3686 5333; x_wconf 65' lang='lat' dir='ltr'><strong>exsistentim?</strong></span> 
     </span>
    </p>
   </div>
   <div class='ocr_carea' id='block_1_112' title="bbox 2103 5366 3686 5440">
    <p class='ocr_par' dir='ltr' id='par_1_112' title="bbox 2103 5366 3686 5440">
     <span class='ocr_line' id='line_1_112' title="bbox 2103 5366 3686 5440; baseline -0.001 -16"><span class='ocrx_word' id='word_1_877' title='bbox 2103 5367 2432 5440; x_wconf 81' lang='lat' dir='ltr'><strong>Neutiquam</strong></span> <span class='ocrx_word' id='word_1_878' title='bbox 2474 5369 2642 5440; x_wconf 70' lang='lat' dir='ltr'><strong>igitur</strong></span> <span class='ocrx_word' id='word_1_879' title='bbox 2677 5368 2859 5424; x_wconf 83' lang='lat' dir='ltr'><strong>Latini</strong></span> <span class='ocrx_word' id='word_1_880' title='bbox 2897 5368 3158 5437; x_wconf 84' lang='lat' dir='ltr'><strong>principii</strong></span> <span class='ocrx_word' id='word_1_881' title='bbox 3192 5366 3511 5424; x_wconf 88' lang='lat' dir='ltr'><strong>dualitatem</strong></span> <span class='ocrx_word' id='word_1_882' title='bbox 3547 5368 3686 5424; x_wconf 72' lang='lat' dir='ltr'><strong>ellu-</strong></span> 
     </span>
    </p>
   </div>
   <div class='ocr_carea' id='block_1_113' title="bbox 2101 5458 3681 5534">
    <p class='ocr_par' dir='ltr' id='par_1_113' title="bbox 2101 5458 3681 5534">
     <span class='ocr_line' id='line_1_113' title="bbox 2101 5458 3681 5534; baseline 0.001 -21"><span class='ocrx_word' id='word_1_883' title='bbox 2101 5462 2271 5533; x_wconf 75' lang='lat' dir='ltr'><strong>gient,</strong></span> <span class='ocrx_word' id='word_1_884' title='bbox 2300 5460 2539 5534; x_wconf 84' lang='lat' dir='ltr'><strong>quandiu</strong></span> <span class='ocrx_word' id='word_1_885' title='bbox 2575 5460 2741 5515; x_wconf 84' lang='lat' dir='ltr'><strong>etiam</strong></span> <span class='ocrx_word' id='word_1_886' title='bbox 2771 5476 2839 5514; x_wconf 80' lang='lat' dir='ltr'><strong>ex</strong></span> <span class='ocrx_word' id='word_1_887' title='bbox 2871 5458 3010 5514; x_wconf 76' lang='lat' dir='ltr'><strong>Filio</strong></span> <span class='ocrx_word' id='word_1_888' title='bbox 3050 5458 3353 5532; x_wconf 82' lang='lat' dir='ltr'><strong>procedere</strong></span> <span class='ocrx_word' id='word_1_889' title='bbox 3409 5459 3681 5528; x_wconf 84' lang='lat' dir='ltr'><strong>Spiritum</strong></span> 
     </span>
    </p>
   </div>
   <div class='ocr_carea' id='block_1_114' title="bbox 2102 5553 2756 5609">
    <p class='ocr_par' dir='ltr' id='par_1_114' title="bbox 2102 5553 2756 5609">
     <span class='ocr_line' id='line_1_114' title="bbox 2102 5553 2756 5609; baseline -0.003 0"><span class='ocrx_word' id='word_1_890' title='bbox 2102 5563 2353 5609; x_wconf 83' lang='lat' dir='ltr'><strong>sanctum</strong></span> <span class='ocrx_word' id='word_1_891' title='bbox 2384 5553 2756 5609; x_wconf 84' lang='lat' dir='ltr'><strong>aﬂirmabunt.</strong></span> 
     </span>
    </p>
   </div>
   <div class='ocr_carea' id='block_1_115' title="bbox 2105 5671 3689 5748">
    <p class='ocr_par' dir='ltr' id='par_1_115' title="bbox 2105 5671 3689 5748">
     <span class='ocr_line' id='line_1_115' title="bbox 2105 5671 3689 5748; baseline -0.001 -20"><span class='ocrx_word' id='word_1_892' title='bbox 2105 5675 2201 5729; x_wconf 89' lang='lat' dir='ltr'><strong>lib.</strong></span> <span class='ocrx_word' id='word_1_893' title='bbox 2235 5675 2303 5729; x_wconf 83' lang='lat' dir='ltr'><strong>de</strong></span> <span class='ocrx_word' id='word_1_894' title='bbox 2336 5674 2680 5748; x_wconf 73' lang='lat' dir='ltr'><strong>Tlieoguosia</strong></span> <span class='ocrx_word' id='word_1_895' title='bbox 2712 5674 2855 5746; x_wconf 88' lang='lat' dir='ltr'><strong>apud</strong></span> <span class='ocrx_word' id='word_1_896' title='bbox 2914 5674 3292 5743; x_wconf 84' lang='lat' dir='ltr'><strong>Camaterum,</strong></span> <span class='ocrx_word' id='word_1_897' title='bbox 3330 5690 3380 5730; x_wconf 93' lang='lat' dir='ltr'><strong>c.</strong></span> <span class='ocrx_word' id='word_1_898' title='bbox 3425 5673 3528 5730; x_wconf 71' lang='lat'><strong>£06</strong></span> <span class='ocrx_word' id='word_1_899' title='bbox 3563 5671 3689 5745; x_wconf 81' lang='lat' dir='ltr'><strong>(Gr.</strong></span> 
     </span>
    </p>
   </div>
   <div class='ocr_carea' id='block_1_116' title="bbox 2102 5744 2680 5818">
    <p class='ocr_par' dir='ltr' id='par_1_116' title="bbox 2102 5744 2680 5818">
     <span class='ocr_line' id='line_1_116' title="bbox 2102 5744 2680 5818; baseline -0.003 -18"><span class='ocrx_word' id='word_1_900' title='bbox 2102 5749 2247 5802; x_wconf 83' lang='lat' dir='ltr'><strong>ortlt.</strong></span> <span class='ocrx_word' id='word_1_901' title='bbox 2286 5755 2324 5799; x_wconf 90' lang='lat' dir='ltr'><strong>t.</strong></span> <span class='ocrx_word' id='word_1_902' title='bbox 2359 5747 2401 5801; x_wconf 88' lang='lat' dir='ltr'><strong>ll</strong></span> <span class='ocrx_word' id='word_1_903' title='bbox 2442 5744 2680 5818; x_wconf 44' lang='lat' dir='ltr'><strong>p.155].</strong></span> 
     </span>
    </p>
   </div>
   <div class='ocr_carea' id='block_1_117' title="bbox 3212 5906 3247 5974">
    <p class='ocr_par' dir='ltr' id='par_1_117' title="bbox 3212 5906 3247 5974">
     <span class='ocr_line' id='line_1_117' title="bbox 3212 5906 3247 5974; baseline 0 0"><span class='ocrx_word' id='word_1_904' title='bbox 3212 5906 3247 5974; x_wconf 81' lang='lat'><strong>3</strong></span> 
     </span>
    </p>
   </div>
  </div>
