4132 6414
267 358 337 423 69
1290 355 1728 417 REFUTATIO
1775 352 2013 415 MAlitjl
2058 348 2449 418 El‘liESiNl.
3448 354 3519 414 7i}

262 474 357 525 ἁτε
389 472 452 524 ἐκ
479 470 648 540 τριῶν
679 470 1035 523 ὑποστάσεων
1056 468 1570 538 δημιουργουμένης
1595 483 1609 497 °
1647 468 1706 521 οὑ
1735 468 1845 536 γὰρ

1961 483 2116 521 .mnm
2149 469 2316 523 Deum
2378 466 2722 522 conditorem
2785 485 2903 524 esse
2958 483 3142 522 rerum
3216 477 3521 521 creatarnm

261 565 435 631 δήπου
466 563 558 615 τὸν
589 563 689 631 μὲν
731 563 829 615 ἕνα
868 561 999 614 Θεὸν
1050 560 1386 630 δημιουργὸν
1419 560 1536 629 ἐρεῖ
1585 560 1685 628 τῆς
1730 563 1849 611 κτί-

268 672 406 717 σεως
428 651 590 718 εἶναι,
626 655 869 723 ἑκάστην
889 655 943 707 δὲ
971 653 1081 704 τῶν
1106 652 1265 704 θείων
1292 650 1645 705 ὑποστάσεων
1690 650 1848 703 τοῦτο

268 745 404 801 εἶναι
429 748 749 817 ἀρνήσεται.
781 747 842 798 ΕΞ
867 746 923 799 δὲ
958 746 1241 815 βοήσεται,
1283 742 1466 806 καθὼς
1520 744 1570 795 οἱ
1635 742 1845 806 πολλοὶ,

266 841 367 908 τὴν
395 840 666 909 διαφορὰν
694 840 791 906 τῆς
823 837 1191 906 δημιουργίας
1217 836 1311 889 καὶ
1354 836 1464 889 τῶν
1489 834 1650 888 θείων
1686 835 1849 901 προό-

262 931 390 995 δων,
421 932 684 998 μετὰτῶν
708 930 925 984 πολλῶν
948 931 1043 982 καὶ
1082 930 1246 993 αὑτδς
1278 928 1564 993 τετάξεται
1600 944 1614 959 ·
1655 929 1687 997 ή
1738 928 1846 997 γάρ

259 1022 494 1091 διαφορά
533 1020 676 1089 αῦτη
731 1021 884 1074 οὐδὲν
931 1020 1083 1088 αὑτῷ
1135 1019 1420 1090 βοηθήσει,
1457 1020 1561 1082 ἕως
1590 1020 1653 1074 ἂν
1670 1019 1845 1088 ἀξιοίη

258 1112 321 1165 τὺ
343 1111 522 1164 ἐκδύο
554 1112 910 1165 ὑποστάσεων
951 1110 1144 1180 προϊὸν
1194 1110 1289 1163 δύο
1332 1110 1509 1178 ἀρχάς
1570 1109 1733 1179 ἔχειν.
1786 1108 1847 1161 Εἰ

263 1205 363 1273 μὲν
392 1204 501 1273 γὰρ
530 1205 622 1256 ἐπὶ
662 1204 765 1273 τῆς
796 1204 1082 1272 παρούσης
1125 1202 1288 1273 μόνον
1339 1200 1655 1263 ὑποθέσεως
1702 1199 1846 1253 τοῦτ’

262 1296 421 1360 ἀξιοῖ,
452 1295 730 1364 λαμϐάνει
762 1294 824 1348 τέ
848 1293 1191 1364 ζητούμενον
1223 1307 1239 1322 °
1272 1296 1321 1345 εί
1348 1292 1392 1346 δ’
1419 1292 1607 1354 ἁπλῶς
1631 1294 1724 1347 καὶ
1751 1309 1852 1345 κα-

264 1390 447 1455 θόλου,
492 1389 761 1459 οὐδεμίαν
817 1387 1114 1457 ἀποφυγὴν
1173 1385 1286 1450 ’ἐξει
1333 1385 1518 1439 λοιπὸν
1556 1384 1651 1438 τοῦ
1702 1386 1849 1450 τρεῖς

263 1479 966 1551 ὑπο).αμ6άνεσθαιτοῦτον
997 1480 1173 1549 ἀρχὰς
1228 1479 1417 1547 λέγειν
1473 1476 1574 1547 τῆς
1618 1476 1850 1537 κτίσεως

260 1572 323 1635 ἐξ
349 1566 423 1623 ῶν
452 1571 616 1635 άξιοῖ.
654 1572 717 1624 Εἰ
766 1570 810 1623 δ’
844 1571 899 1623 αί
926 1573 1080 1642 τρεῖς
1111 1571 1440 1631 ὑποστάσεις
1485 1566 1851 1637 δημιουργοῦ-

262 1665 475 1733 σαιτὴν
510 1664 691 1717 κτίσιν
714 1657 923 1726 εἷςείσι
972 1662 1180 1733 ταύτης
1234 1661 1573 1732 δημιουργὸς
1619 1664 1712 1713 καὶ
1749 1659 1851 1728 μία.

264 1757 464 1826 ταύτης
496 1756 662 1826 ἀρχὴ,
715 1755 796 1827 μὴ
848 1756 1297 1825 προσισταμένης
1338 1755 1436 1821 τῆς
1486 1751 1851 1822 προσωπικῆς

1954 560 2122 624 dicet,
2150 559 2393 629 singulas
2447 575 2580 614 vero
2624 559 2841 615 divinas
2882 576 3144 630 personas
3189 561 3524 615 conditrices

1951 667 2075 706 esse
2109 653 2349 722 negabit.
2387 651 2545 718 Quod
2581 654 2650 716 si,
2696 664 2754 707 ut
2791 656 3005 722 vulgus,
3052 654 3118 707 ad
3155 654 3524 708 differentiam

1953 745 2253 799 creationis
2278 754 2331 799 et
2364 745 2671 800 divinarum
2706 746 3118 816 proccssionom
3182 763 3528 816 provm-ave-

1956 834 2050 896 tit,
2083 834 2277 887 eodem
2306 850 2371 889 ac
2411 835 2609 906 vulgus
2645 835 2762 905 ipse
2795 838 3160 892 collocabitur
3190 838 3310 891 loco
3346 853 3361 901 ;
3400 854 3526 893 nam

1954 925 2070 977 haec
2100 925 2414 978 differentia
2467 925 2605 979 nihil
2663 942 2787 981 eum
2842 928 3074 998 juvabit,
3133 944 3417 998 quousque
3471 929 3525 982 id

1953 1015 2099 1081 quod
2132 1031 2198 1068 ex
2226 1014 2440 1068 duabus
2476 1016 2863 1085 hypostasibus
2900 1019 3082 1087 prodit
3113 1018 3221 1070 duo
3254 1018 3524 1088 principia

1955 1104 2159 1159 habere
2181 1106 2499 1161 crediderit.
2522 1107 2577 1161 Si
2599 1109 2743 1161 enim
2765 1124 2867 1177 pro
2886 1113 3138 1178 praesenti
3160 1110 3448 1180 Itypotthi
3471 1111 3523 1165 id

1957 1197 2169 1260 statuit,
2228 1200 2490 1267 supponit
2520 1200 2665 1268 quod
2709 1210 2792 1254 est
2822 1201 2886 1254 in
2931 1203 3234 1270 qumstione
3267 1220 3280 1266 ;
3320 1204 3363 1256 si
3400 1220 3531 1257 vero

1956 1290 2285 1356 simpliciter
2310 1299 2365 1343 et
2419 1290 2744 1354 uniVersim,
2775 1291 2984 1344 nullum
3026 1294 3261 1361 amplius
3310 1295 3532 1348 habebit

1928 1378 2249 1442 'eﬂueium,
2285 1395 2350 1433 ne
2387 1381 2487 1433 tria
2520 1383 2817 1435 ereationis
2875 1384 3142 1451 principia
3213 1386 3398 1439 dicere
3462 1401 3531 1439 ex

1958 1468 2027 1522 iis
2067 1484 2189 1538 quae
2220 1471 2413 1524 statuit
2441 1472 2813 1527 existimetur.
2853 1472 2907 1527 Si
2959 1490 3091 1529 vero
3125 1487 3233 1530 tres
3273 1478 3533 1547 Iit-posta-

1957 1576 2063 1621 ses,
2093 1578 2214 1630 qua:
2244 1578 2329 1617 res
2357 1572 2571 1619 creatas
2601 1568 2988 1631 condiderunt,
3020 1584 3161 1622 unus
3188 1584 3375 1623 earum
3404 1572 3534 1624 sunt

1958 1653 2212 1707 conditor
2241 1664 2294 1709 et
2327 1671 2494 1708 unum
2520 1672 2710 1710 earum
2748 1659 3112 1728 principium,
3147 1677 3254 1714 non
3279 1662 3532 1717 obstante

1957 1746 2234 1813 personali
2268 1762 2457 1799 earum
2514 1749 2887 1816 distinctione,
2916 1754 3177 1821 quoniam
3238 1770 3345 1807 non
3399 1770 3535 1823 qua-

264 1848 445 1901 αὑτῶν
472 1848 830 1917 διακρίσεως,
854 1847 977 1899 ἐπεί
1000 1848 1081 1898 τοί
1115 1862 1176 1914 γε
1213 1846 1274 1897 οὑ
1307 1842 1430 1897 κατ’
1478 1845 1657 1896 ἐκεῖνο
1713 1843 1849 1895 καθό

1961 1845 2114 1891 tenus
2145 1848 2273 1892 sunt
2298 1840 2420 1902 tria,
2447 1840 2542 1894 sed
2578 1850 2849 1909 quatenus
2880 1855 3013 1899 sunt
3037 1861 3231 1909 unum,
3265 1862 3350 1900 res
3373 1863 3530 1901 crea-

263 1942 371 1991 εἱσι
410 1939 558 2008 τρία,
584 1937 725 1993 ἀλλὰ
760 1939 886 1991 κατ’
911 1940 1112 2001 ἐκεῖνο,
1162 1935 1299 1988 καθό
1328 1936 1471 1987 εἰσιν
1501 1933 1561 1987 ἓν
1598 1934 1697 2002 τὴν
1740 1933 1855 1985 κτί-

264 2028 793 2099 σινδημιουργοῦσι,
859 2029 952 2081 καὶ
995 2029 1053 2079 αί
1106 2025 1201 2079 δύο
1252 2028 1358 2097 ἄρα
1390 2024 1718 2086 ὑποστάσεις
1774 2016 1855 2086 εἷς

260 2127 369 2176 είσι
399 2122 495 2174 τοῦ
532 2121 851 2191 [Ινεύματος
878 2121 1182 2192 προϐολεὺς
1213 2121 1293 2189 τῷ
1355 2118 1506 2188 αὑτῴ
1568 2118 1712 2188 λόγῳ
1762 2119 1856 2169 καὶ

263 2215 364 2282 μία
396 2214 590 2266 τούτου
634 2213 802 2282 ἁρχὴ,
861 2212 1034 2283 μηδὲν
1096 2212 1519 2280 ἐναντιουμένης
1568 2209 1666 2277 τῆς
1718 2208 1855 2261 ὑπο-

265 2307 525 2373 στατικῆς
555 2305 741 2357 αὑτῶν
770 2304 1124 2373 διακρίσεως,
1177 2303 1267 2356 διὰ
1304 2307 1365 2355 τὸ
1391 2304 1453 2354 οὑ
1488 2304 1608 2354 κατ’
1652 2302 1854 2366 ἐκεῖνο,

265 2394 407 2447 καθά
440 2398 543 2448 είσι
572 2394 686 2461 δύο,
754 2396 896 2447 ἀλλὰ
949 2393 1073 2447 κατ’
1122 2396 1323 2457 ἐκεῖνο,
1392 2392 1527 2446 καθό
1582 2394 1721 2445 είσιν
1774 2390 1854 2458 ἒν,

268 2486 537 2555 προάγειν
554 2485 612 2551 ἐξ
629 2486 838 2541 ἑαυτῶν
867 2485 928 2539 τδ
956 2485 1183 2553 Πνεῦμα
1200 2486 1259 2539 τὸ
1276 2486 1456 2552 άγιον.
1483 2484 1559 2537 Οὑ
1591 2485 1700 2553 γάρ
1726 2484 1857 2554 ῥᾷον

269 2577 338 2630 ἂν
370 2578 582 2631 ἐνοῖντο
636 2580 781 2633 κατά
834 2595 887 2631 τι
945 2578 1145 2639 κοινῶς
1198 2577 1389 2638 αὑταῖς
1440 2576 1748 2645 ἐνυπάρχον
1800 2577 1855 2627 αί

265 2670 416 2736 τρεῖς
438 2668 837 2740 ὑποπτάσειςῆ
871 2668 928 2723 αί
973 2668 1068 2722 δύο
1127 2668 1461 2739 (τούναντίον
1503 2666 1613 2737 γὰρ
1658 2666 1724 2719 ἄν
1772 2681 1858 2726 τις

268 2760 475 2829 μᾶλλον
507 2762 919 2832 ὑποπτεύσειε),
954 2761 1074 2814 οὐδὲ
1099 2761 1303 2830 μᾶλλον
1333 2760 1583 2814 ἐνοῦνται
1619 2761 1686 2830 τῇ
1721 2758 1859 2829 πρὸς

261 2856 365 2924 τὴν
390 2855 570 2907 κτίσιν
592 2856 841 2925 ἀναφορᾷ
875 2854 908 2923 ἢ
941 2858 1007 2925 τῇ
1034 2856 1170 2924 πρὸς
1204 2855 1401 2917 ἑαυτὰς
1427 2854 1483 2906 αἱ
1537 2853 1637 2921 τῆς
1669 2852 1860 2919 θεότη-

261 2963 359 3010 τος
384 2948 747 3008 ὑποστάσεις.
784 2947 857 2999 Ἣ
888 2945 1199 3016 δημουργὺς
1232 2944 1336 3015 μὲν
1361 2939 1440 3007 εἷς
1473 2944 1613 2996 είσιν
1630 2945 1684 2996 αἱ
1714 2945 1859 3014 τρεῖς

265 3040 622 3105 ὑποστάσεις,
653 3038 791 3092 διότι
824 3038 932 3102 ἔξω
993 3038 1205 3093 ἑαυτῶν
1250 3034 1595 3104 ἐνεργοῦσιν,
1669 3030 1748 3097 εἷς
1800 3033 1857 3086 δέ

267 3131 570 3201 προῦολεὺς
618 3133 680 3185 οὑ
714 3130 970 3185 δύνανται
1011 3131 1039 3181 ὁ
1089 3128 1279 3199 Πατὴρ
1319 3125 1461 3181 εἷναι
1518 3127 1613 3181 καὶ
1652 3129 1680 3181 ὁ
1730 3126 1857 3189 Υἱὸς

266 3220 363 3273 τοῦ
400 3220 557 3288 ἁγίου
591 3220 934 3289 Πνεύματος,
964 3219 1101 3272 διότι
1133 3218 1229 3289 τὴν
1277 3217 1535 3287 τοιαύτην
1573 3216 1856 3288 ἐνέργειαν

268 3314 328 3365 ὲν
403 3313 622 3374 ἑαυτοῖς
690 3311 1096 3383 ἐκπληροῦσιν,
1158 3311 1447 3382 ὁμοούσιον
1518 3312 1855 3382 προάγοντες

268 3405 612 3475 πρόσω-ξονς
664 3403 851 3475 Χωρὶς
900 3406 1011 3476 γὰρ
1069 3405 1163 3458 τοῦ
1212 3405 1410 3476 ψεῦδος
1464 3400 1606 3459 εἶναι
1649 3406 1712 3459 τὸ
1756 3406 1857 3470 τὴν

264 3499 502 3566 ἑνότητα
529 3499 639 3550 τῶν
671 3499 1028 3567 προαγόντων
1060 3496 1092 3567 ἢ
1121 3498 1183 3549 τὸ
1218 3497 1422 3567 πλῆθος
1480 3499 1545 3549 ἐκ
1601 3495 1702 3566 τῆς
1748 3496 1857 3550 τῶν

266 3591 577 3658 προϊόντων
617 3591 996 3660 λαμϐάνεσθαι
1021 3590 1266 3657 φύσεως,
1294 3588 1412 3642 ἀλλ’
1444 3588 1593 3651 ὅπως
1621 3588 1690 3641 ἂν
1742 3587 1855 3658 ἔχοι

269 3682 341 3733 τά
365 3685 644 3752 προϊόντα,
674 3683 833 3753 εἴπερ
877 3684 1116 3752 ἐγχωρεῖ
1168 3682 1270 3745 τὰς
1332 3684 1484 3752 τρεῖς
1531 3680 1857 3743 ὑποστάσεις

272 3773 370 3825 Eva.
400 3774 731 3845 δημιουργὸν
760 3771 902 3826 εἶναι
930 3773 1019 3826 διὰ
1048 3772 1146 3844 τὴν
1199 3773 1329 3842 μίαν
1359 3772 1453 3825 τοῦ
1506 3772 1859 3843 δημιουργεῖν

272 3865 504 3934 δύναμιν
528 3867 624 3919 καὶ
654 3868 959 3935 ἐνέργειαν,
997 3865 1094 3919 καὶ
1117 3867 1216 3927 τάς
1234 3866 1330 3919 δύο
1356 3865 1681 3928 ὑποστάσεις
1704 3865 1859 3918 οὐδὲν

271 3958 479 4009 κωλύει
498 3958 596 4010 ἕνα
629 3958 905 4028 προϐολέα
938 3955 1195 4011 εἶναιδιὰ
1243 3957 1343 4027 τὴν
1389 3958 1518 4027 μίαν
1570 3957 1668 4009 τοῦ
1724 3973 1858 4026 προ-

267 4050 497 4102 ϐάλλειν
545 4049 833 4120 ὲνὲργειάν
888 4065 948 4101 τε
1005 4050 1101 4103 καὶ
1147 4049 1400 4118 δύναμιν.
1456 4049 1639 4121 Χωρὶς
1681 4048 1859 4102 τοίνυν

265 4159 464 4195 τουτου
503 4143 647 4210 πέρα
672 4141 737 4195 ἂν
765 4142 1089 4212 αἰνίγματος
1125 4142 1302 4208 είη,εἰ
1334 4143 1467 4204 Θεὸς
1501 4143 1601 4211 μὲν
1644 4135 1723 4205 εἷς
1753 4146 1859 4196 εἰσι

264 4234 411 4286 διότι
447 4234 547 4305 μιᾷ
576 4233 812 4304 δυνάμει
835 4236 934 4305 τὴν
965 4235 1163 4289 κτίσιν,
1195 4233 1641 4306 δημιουργοῦσιν,
1675 4228 1753 4297 εἷς
1804 4234 1862 4285 δὲ

272 4327 580 4396 προὸολεὺς
617 4327 723 4379 οὑκ
765 4326 909 4379 εἰσὶν
940 4328 968 4379 ὁ
998 4326 1183 4397 Πατὴρ
1214 4328 1306 4378 καὶ
1340 4328 1368 4378 ὁ
1412 4326 1557 4389 Υἱὸς,
1600 4327 1704 4378 κᾶν
1761 4326 1861 4395 μιᾷ

266 4420 507 4486 δυνάμει
536 4416 602 4470 τὸ
630 4415 856 4487 Ιινεῦμα
885 4420 1194 4487 προάγωσι,
1215 4419 1310 4470 καὶ
1360 4418 1409 4468 εἰ
1456 4419 1521 4487 τῇ
1578 4418 1710 4484 πρὸς
1763 4418 1861 4486 τὴν

1961 1936 2042 1979 tas
2072 1943 2104 1982 c
2138 1929 2312 1983 nihilo
2362 1932 2696 2000 producunt,
2734 1950 2865 2004 ergo
2922 1945 2978 1990 et
3025 1937 3147 1992 dum
3209 1944 3533 2009 Iiypostases

1958 2034 2102 2073 unus
2136 2031 2264 2074 sunt
2319 2021 2558 2091 Spiritus
2610 2027 2914 2095 productor
2960 2031 3154 2109 eadem
3206 2033 3443 2095 ratione,
3478 2044 3534 2087 et

1960 2131 2127 2168 unum
2154 2116 2400 2187 ejusdem
2438 2121 2797 2190 principium,
2848 2124 2986 2178 nihil
3019 2126 3347 2181 adversante
3402 2142 3533 2196 per-

1957 2209 2131 2262 sonali
2164 2224 2354 2263 earum
2387 2211 2766 2281 distinctione,
2798 2216 3062 2284 quoniam
3094 2233 3205 2271 non
3250 2230 3531 2287 quatenus

1958 2308 2089 2354 sunt
2128 2301 2259 2365 duo,
2316 2301 2411 2355 sed
2461 2314 2737 2373 quatenus
2807 2317 2938 2361 sunt
2990 2324 3159 2362 unum
3212 2325 3277 2363 ex
3335 2311 3533 2379 seipsis

1961 2393 2273 2462 producunt
2299 2396 2564 2466 Spiritum
2598 2407 2874 2454 sanctum.
2907 2400 3095 2470 Neque
3120 2402 3267 2455 enim
3313 2402 3533 2457 facilius

1959 2484 2266 2538 secundum
2296 2487 2429 2554 quid
2465 2479 2602 2557 ipsis
2634 2491 3006 2543 communiter
3034 2491 3310 2545 inluerens
3338 2493 3535 2544 uniun-

1962 2584 2052 2630 tur
2089 2585 2198 2632 tres
2230 2577 2580 2649 hypostases,
2618 2597 2781 2651 quam
2823 2582 2944 2637 dua:
2974 2583 3354 2655 (contrarium
3384 2584 3534 2641 enim

1959 2669 2141 2737 potius
2169 2672 2293 2739 quis
2323 2672 2749 2742 suspicaretur),
2810 2690 2990 2744 neque
3042 2678 3215 2745 magis
3268 2677 3538 2733 uniuntur

1961 2757 2229 2813 relatione
2290 2760 2355 2814 ad
2400 2773 2711 2817 creaturam
2770 2764 2996 2817 deitatis
3054 2782 3321 2838 personue,
3370 2782 3535 2837 quam

1961 2848 2227 2905 relatione
2281 2852 2349 2905 ad
2411 2851 2644 2921 scipsas.
2694 2855 2781 2909 An
2844 2867 3066 2911 creator
3118 2860 3340 2927 quidem
3394 2874 3537 2912 unus

1961 2951 2091 2995 sunt
2151 2950 2261 2998 tres
2309 2944 2655 3017 hypostases,
2727 2949 2856 3019 quia
2907 2960 3060 3005 extra
3109 2966 3167 3005 se
3213 2963 3535 3022 operantur,

1967 3049 2110 3088 unus
2139 3050 2272 3091 vero
2301 3039 2541 3107 Spirator
2572 3040 2735 3095 Pater
2759 3052 2815 3096 ct
2859 3041 3032 3096 Filius
3072 3058 3196 3098 esse
3256 3058 3541 3114 nequeunt

1963 3131 2140 3183 sancti
2168 3127 2431 3200 Spiritus,
2465 3134 2594 3202 quia
2626 3134 2787 3189 talem
2844 3136 3231 3204 Operationem
3257 3137 3311 3191 in
3341 3139 3541 3208 seipsis

1962 3219 2205 3288 explent,
2236 3221 2764 3278 consubstantialem
2807 3225 3181 3294 producente:
3212 3230 3535 3298 personam?

1962 3310 2098 3364 Nam
2129 3322 2496 3383 praeterquam
2524 3314 2671 3384 quod
2702 3315 2897 3371 falsum
2954 3329 3059 3385 est,
3122 3320 3391 3374 unitatem
3454 3323 3541 3379 vel

1964 3402 2334 3470 pluralitatem
2370 3407 2797 3474 producentium
2821 3425 2888 3465 ex
2929 3421 3122 3466 natura
3157 3413 3375 3468 desumi
3407 3432 3541 3486 pro-

1961 3495 2257 3548 ductorum
2305 3498 2519 3566 (verum
2570 3501 2849 3569 quomodo
2881 3516 2940 3556 se
2972 3503 3213 3560 habeant
3249 3506 3540 3573 producta,

1961 3589 2007 3643 si
2037 3590 2155 3644 tieri
2180 3601 2384 3659 potest,
2424 3604 2485 3649 ut
2520 3602 2633 3651 tres
2689 3595 3008 3667 hypostases
3049 3615 3192 3655 unus
3233 3602 3343 3656 sint
3390 3617 3542 3658 crea-

1961 3692 2050 3736 tor
2067 3696 2291 3754 propter
2319 3701 2481 3740 unam
2507 3690 2731 3744 creandi
2751 3692 3010 3746 virtutem
3034 3701 3090 3749 et
3117 3694 3538 3765 ουθτιιιίυηοιιί),

1961 3773 2128 3827 etiam
2160 3776 2297 3830 nihil
2354 3779 2631 3847 prohibet,
2698 3783 2995 3852 quominus
3052 3783 3174 3838 duae
3227 3786 3543 3855 hypostuscs

1965 3879 2111 3919 unus
2148 3865 2261 3920 sint
2286 3867 2530 3935 Spirator
2582 3880 2813 3940 propter
2863 3886 3026 3923 unam
3058 3872 3303 3939 spirandi
3346 3887 3543 3939 opera-

1965 3957 2168 4011 tionem
2208 3974 2273 4012 ac
2313 3961 2595 4013 virtutem.
2640 3959 2753 4014 lloc
2805 3961 2970 4031 igitur
3002 3973 3058 4016 ct
3099 3962 3348 4031 IteglCCIO
3398 3966 3541 4019 tcni~

1965 4067 2087 4121 gnta
2124 4053 2264 4106 foret
2311 4052 2637 4117 maximum,
2669 4053 2711 4103 si
2756 4053 2827 4107 Pa
2856 4070 2919 4108 er
2950 4065 3005 4106 et
3037 4052 3208 4107 Filius
3250 4054 3392 4108 Deos
3416 4056 3541 4123 qui-

1963 4148 2087 4200 dem
2154 4160 2298 4201 unus
2353 4154 2562 4209 essent,
2628 4146 2754 4215 quia
2823 4163 2929 4200 una
3000 4152 3205 4201 virtulc
3258 4158 3544 4203 creaturas

1964 4247 2175 4300 creant.
2206 4253 2351 4291 unus
2374 4245 2514 4292 Vero
2573 4238 2815 4308 spirator
2876 4254 3237 4298 noniessent.
3286 4243 3543 4310 quamvis

1967 4346 2073 4383 tina
2105 4332 2307 4385 virtute
2338 4331 2602 4401 Spiritum
2634 4333 2967 4401 produt-unt,
3025 4335 3128 4387 etsi
3180 4333 3443 4398 telatiottj‘.
3472 4336 3542 4391 ad

1964 4428 2245 4479 creaturas
2278 4425 2448 4490 magis
2480 4426 2744 4480 unitatem
2764 4425 3061 4497 haberent,
3084 4442 3246 4496 quam
3277 4427 3543 4486 relatiom

265 4514 455 4564 κτίσιν
484 4511 737 4581 ἀναφορᾷ
773 4511 874 4580 τὴν
912 4513 1148 4579 ἐνότητα
1182 4510 1386 4579 μᾶλλον
1435 4509 1650 4578 ἔχουσιν
1702 4508 1732 4576 ἢ
1793 4512 1855 4577 τῇ

1966 4513 2032 4565 ad
2065 4513 2293 4582 seipsos.
2321 4513 2521 4567 Verum
2570 4517 2815 4569 sinamus
2863 4532 2987 4569 cum
3024 4517 3312 4585 (Marcum)
3364 4518 3533 4574 diale-

267 4604 410 4673 πρὸ,
441 4602 636 4656 ἑαυτά.
686 4601 823 4657 Ἀλλ’
850 4603 1082 4669 ἀφέντες
1118 4604 1280 4655 αὑτὸν
1326 4601 1683 4663 διαλεκτικῶς
1734 4598 1852 4663 ἐξε-

264 4692 462 4760 τάζειν
484 4698 579 4748 ἐπὶ
606 4697 704 4767 τὴν
736 4695 839 4764 τῆς
879 4695 1140 4766 ἀληθείας
1174 4695 1448 4761 ἀπόδειξιν
1481 4694 1726 4764 ἔλθωμεν
1761 4694 1858 4745 καὶ

265 4791 400 4852 τοὺς
434 4791 498 4842 ἐκ
528 4791 732 4860 ταύτης
757 4791 1035 4858 ἐλέγχους.
1064 4789 1284 4860 Πρῶτον
1304 4789 1403 4858 μὲν
1424 4784 1514 4842 οὖν
1531 4790 1578 4841 οἱ
1598 4789 1657 4841 τὸ
1690 4785 1857 4840 Πνεῦο

278 4900 356 4951 μα
391 4883 451 4934 τὸ
480 4881 638 4951 ἅγιον
669 4886 732 4936 ἐκ
765 4883 864 4954 τῆς
894 4885 1167 4953 πατρικῆς
1212 4883 1562 4943 ὑποστάσεως
1601 4876 1739 4933 εἶναι
1766 4880 1857 4945 κλέ-

273 4976 520 5044 γοντεςῆ
547 4973 949 5045 ἐκπορεύεσθαι
985 4974 1100 5025 ἴσον
1133 4972 1354 5041 λέγουσι
1386 4971 1463 5041 τῷ
1506 4973 1568 5024 ἐκ
1602 4971 1696 5025 τοῦ
1742 4972 1856 5025 Πα-

272 5068 404 5137 τρδέ
450 5065 849 5135 ἐκπορεύεσθαι
892 5080 908 5096 ⁶
945 5066 1041 5119 καὶ
1104 5065 1378 5136 πατρικὴν
1426 5064 1724 5117 ὑπόστασιν
1765 5064 1857 5117 τὶν

276 5157 503 5227 Πατέρα
530 5157 739 5212 νοοῦσιν
772 5173 787 5188 ’
818 5158 996 5220 ἄλλως
1020 5158 1129 5227 γὰρ
1153 5155 1420 5209 ἀδύνατον
1453 5157 1599 5225 ἔχειν
1625 5171 1640 5185 ο
1684 5158 1749 5208 ἐκ
1799 5148 1858 5208 δέ

274 5247 372 5301 τοῦ
410 5250 624 5319 Πατρδς
657 5248 1061 5319 ἐκπορεύεσθαι
1082 5248 1142 5300 τὸ
1177 5247 1404 5317 Πνεῦμα
1431 5247 1491 5299 τὸ
1521 5246 1677 5315 ἅγιον
1716 5245 1867 5300 κατᾶ

270 5342 376 5412 τὴν
427 5343 522 5394 τοῦ
588 5342 843 5412 Σωτῆρος
877 5341 1059 5411 φωνὴν
1090 5342 1181 5393 τοῦ
1240 5342 1455 5411 Ματρὸς
1496 5340 1761 5413 ὀνόματος
1796 5343 1855 5393 οὐ

266 5437 415 5488 κατὰ
447 5436 545 5505 τὴν
577 5436 875 5505 σημασίαν,
929 5432 1064 5486 ἀλλά
1121 5450 1184 5499 γε
1242 5436 1383 5487 κατὰ
1449 5432 1546 5502 τὴν
1601 5433 1859 5486 ὑπόθεσιν

265 5529 697 5597 λαμϐανομένου
730 5544 743 5557 ·
782 5527 1077 5597 ὑποτίθησι
1125 5530 1230 5596 γάρ
1261 5529 1357 5595 τὴν
1402 5517 1713 5598 άρχηγικὴν
1766 5528 1860 5579 καὶ

266 5626 505 5693 πρωτην
532 5622 857 5685 ὑπόστασιν,
882 5624 1141 5691 σημαίνει
1164 5621 1221 5673 δὲ
1244 5620 1334 5672 τὸν
1365 5623 1659 5688 γεννῶντα.
1694 5621 1755 5672 Ei
1803 5620 1859 5671 δὲ

266 5720 372 5772 καὶ
411 5718 553 5769 κατὰ
579 5719 679 5787 τὴν
722 5720 1023 5787 σημασίας),
1052 5714 1199 5766 οὑτοι
1251 5730 1315 5783 γε
1374 5716 1474 5784 τὴν
1508 5711 1734 5782 εἰδικὴν,
1784 5712 1859 5775 ὡς

278 5810 409 5865 rio")
438 5809 630 5881 Πατὴρ
646 5811 887 5879 λέγεται,
924 5808 1060 5863 ἀλλὰ
1091 5808 1229 5861 κατὰ
1250 5807 1349 5878 τὴν
1369 5806 1614 5880 γενικὴν,
1638 5805 1707 5871 ὼ,
1748 5806 1858 5860 lla-

1963 4604 2100 4657 etiec
2127 4621 2237 4656 rem
2266 4605 2572 4673 disquirere
2590 4614 2644 4658 et
2674 4607 2739 4658 ad
2763 4606 3050 4660 veritatem
3076 4608 3541 4678 comprobandum

1965 4708 2129 4766 atque
2171 4697 2555 4750 refutationem
2593 4714 2657 4751 ex
2687 4713 2750 4751 ea
2808 4698 3209 4755 conﬁciendam
3274 4701 3543 4771 proceda-

1966 4803 2107 4841 mus.
2143 4788 2198 4841 ln
2250 4789 2443 4857 primis
2494 4788 2659 4859 igitur
2696 4790 2791 4861 qui
2851 4790 3117 4860 Spll‘tllllll
3174 4804 3426 4849 sanctum
3475 4810 3545 4852 ex

1965 4888 2187 4948 paterna
2216 4880 2409 4935 dicunt
2429 4895 2552 4934 esse
2586 4866 2995 4949 hypostasi,vel
3025 4897 3092 4935 ex
3119 4899 3183 4939 ea
3220 4885 3542 4955 procedere.

1967 4973 2110 5025 idem
2155 4971 2344 5026 dicunt
2381 4987 2443 5026 ac
2471 4974 2774 5043 procedere
2814 4989 2882 5028 ex
2918 4973 3101 5041 l'atre,
3154 4984 3210 5031 et
3254 4958 3543 5047 paternam

1967 5061 2284 5131 hypostasin
2314 5061 2629 5132 intelligunt
2680 5063 2897 5119 Patrem
2935 5065 3141 5134 (aliter
3169 5069 3314 5120 enim
3357 5082 3445 5123 res
3484 5084 3545 5122 se

1968 5156 2168 5210 habere
2227 5171 2337 5210 non
2396 5155 2669 5226 potest);
2729 5173 2793 5211 ex
2844 5157 3008 5212 Patre
3054 5174 3188 5212 vero
3244 5161 3547 5230 procedere

1966 5247 2233 5316 Spiritum
2266 5259 2520 5301 sanctum
2550 5250 2856 5302 secundum
2894 5248 3198 5305 Salvatoris
3230 5266 3420 5306 vocem
3455 5252 3544 5305 di-

1966 5353 2120 5405 cunt,
2157 5343 2377 5396 nomine
2411 5341 2591 5396 Patris
2621 5351 2851 5412 accepto
2880 5357 2989 5396 non
3035 5342 3344 5397 secundum
3377 5343 3549 5412 signi-

1969 5435 2304 5498 ﬁcationem,
2328 5436 2422 5487 sed
2450 5432 2750 5487 secundum
2781 5434 3216 5503 suppositionem
3242 5452 3257 5500 ;
3282 5434 3548 5503 supponit

1968 5529 2116 5580 enim
2154 5540 2251 5594 pro
2283 5525 2582 5594 principali
2614 5537 2671 5577 et
2722 5524 2897 5595 prima
2960 5540 3215 5594 persona,
3273 5526 3548 5596 signiﬁcat

1968 5630 2149 5672 autem
2181 5625 2555 5687 generantem.
2579 5616 2735 5681 Quod
2765 5615 2809 5669 si
2834 5616 3009 5671 ,etiam
3050 5600 3350 5669 secundum
3374 5617 3548 5685 signi.

1971 5713 2281 5765 iieationem
2318 5710 2644 5777 accipiatur,
2683 5724 2790 5762 non
2847 5716 3027 5761 tamen
3086 5708 3392 5762 secundum
3423 5726 3549 5779 spe.

1970 5803 2209 5872 citicam,
2245 5811 2304 5858 ut
2334 5800 2456 5860 Filii
2494 5801 2654 5858 Pater
2680 5800 2906 5872 dicitur,
2960 5800 3054 5858 sed
3096 5800 3402 5861 secundum
3457 5817 3550 5879 ge.
