4132 6474
377 385 481 451 115

1599 386 1925 448 GEORGII
1976 388 2397 453 SCHOLARH

3527 393 3550 459 l
3566 392 3632 462 i6

377 518 485 574 qua
515 515 581 555 ex
615 498 888 555 solutione
931 499 1097 554 etiam
1140 498 1462 556 Latinarum
1497 500 1565 556 ad
1600 501 1744 558 hanc
1806 519 1955 572 quat-

2080 509 2349 577 ιρίνονται
2386 511 2632 580 ζήτημα,
2681 507 2961 563 καὶτοῦτο
3008 508 3223 565 λύουσιν
3257 511 3311 565 οἴ
3354 529 3413 566 τε
3451 497 3633 586 παρα-

379 593 614 648 stionem
654 588 793 644 fas-ta
831 600 915 645 est
948 590 1159 655 illatio;
1205 589 1638 661 Chrysostomus
1664 600 1845 646 autem
1882 591 1952 647 ad

380 683 743 755 posteriorem
775 682 1069 751 respondet
1101 680 1352 751 beneque
1378 696 1501 735 eam
1528 683 1715 737 solvit.
1772 682 1955 750 Quare

380 778 525 847 quod
559 777 728 843 gratia
761 775 1010 839 qtttedam
1056 784 1189 831 tunc
1218 776 1344 832 data
1385 788 1471 832 est
1508 786 1564 833 et
1598 777 1801 833 factum
1844 794 1954 833 non

382 883 529 924 mera
575 867 673 922 fuit
701 868 1044 936 przeparatio,
1091 868 1144 922 id
1187 884 1296 923 non
1331 869 1675 924 contrarium
1718 878 1803 923 est
1852 869 1955 930 illi.

381 955 526 1027 quod
570 970 633 1010 ea
666 951 966 1024 qure'tune
1016 955 1222 1011 ﬁebant
1279 958 1506 1027 majoris
1556 958 1840 1029 cujusdam
1877 958 1957 1013 rei

380 1048 625 1102 ostensio
649 1056 800 1110 sunt,
842 1061 941 1101 nec
972 1047 1180 1102 dictum
1232 1047 1363 1103 illud
1399 1048 1522 1103 aliis
1559 1047 1723 1103 dictis
1760 1047 1959 1103 adver-

382 1151 551 1194 satur.
597 1139 749 1206 ΟιιοιΙ
783 1154 916 1193 vero
956 1139 1124 1194 etiam
1156 1139 1239 1194 eis
1299 1148 1595 1204 consonat,
1657 1138 1711 1194 id
1761 1139 1960 1208 cuique

386 1239 573 1284 mente
614 1229 846 1298 praedito
891 1229 1267 1286 manifestum.
1309 1229 1444 1285 Nam
1479 1228 1735 1286 Christus
1787 1228 1962 1284 insul.

387 1319 526 1374 liaus
561 1319 712 1374 dedit
741 1319 1028 1389 Spiritum,
1069 1335 1179 1374 non
1209 1319 1423 1386 ﬂatum,
1458 1322 1553 1375 sed
1588 1321 1638 1375 id
1674 1322 1822 1391 quod
1863 1336 1964 1390 per

385 1412 573 1467 ﬂatum
614 1404 1046 1479 signiﬁcabatur,
1077 1413 1189 1466 non
1253 1412 1322 1466 ab
1359 1413 1704 1468 humanitate
1764 1413 1965 1482 ipsius,

391 1504 486 1558 sed
514 1519 544 1557 a
579 1501 781 1557 deitate
808 1502 1066 1571 prodicns
1124 1503 1482 1569 naturaliter;
1522 1504 1626 1559 hoe
1693 1519 1824 1558 vero
1881 1512 1965 1559 est

388 1589 628 1661 Spiritus
687 1602 951 1659 sanctus;
1019 1608 1085 1647 ex
1137 1592 1358 1649 Christo
1405 1594 1669 1663 prodiens
1731 1595 1962 1664 gratiam

384 1684 681 1752 quamdam
732 1684 997 1755 apostolis
1019 1685 1257 1740 contulit
1293 1695 1444 1753 tunc,
1495 1686 1723 1755 gratiam
1773 1685 1963 1742 dimit-

389 1772 536 1827 tendi
573 1783 826 1842 peccata;
857 1773 951 1827 sed
990 1788 1166 1842 neque
1224 1775 1570 1828 solummodo
1596 1789 1693 1829 eos
1753 1789 1966 1851 prmpaf

2057 601 2278 674 χθέντες
2300 604 2380 667 είς
2410 604 2575 673 μέσον
2601 601 2827 669 ἔναγχος
2847 599 2992 669 ἅγιοι
3020 603 3116 653 καὶ
3141 604 3327 656 πολλοὶ
3353 605 3472 674 μετ’
3492 609 3636 660 ἑκεί-

2061 710 2193 752 νων.
2217 694 2278 758 ἐξ
2307 689 2374 765 ἧς
2404 694 2468 764 δὴ
2518 692 2729 753 λύσεως
2763 694 2859 747 καὶ
2888 694 2921 761 ἡ
2971 693 3080 744 τῶν
3107 694 3352 748 Λατίνων
3402 698 3539 764 πρὸς
3573 701 3634 751 τ’]

2062 786 2287 859 ζήτημα
2313 785 2475 840 τοῦτο
2502 787 2729 855 γέγονεν
2756 785 3099 857 ἐπιχείρησις
3122 802 3137 818 ·
3173 790 3201 840 ό
3242 787 3295 840 δὲ
3331 788 3640 859 Χρυσόστο-

2067 894 2166 948 μος
2196 878 2332 949 πρδς
2365 876 2427 930 τὸ
2462 876 2717 947 δεύτερον
2773 877 3130 946 ἀποκρίνεται
3155 881 3249 932 καὶ
3309 878 3429 933 λύει
3477 880 3641 934 τοῦτ)

2062 970 2267 1031 καλῶς.
2300 969 2463 1023 ’Ὥστε
2494 970 2555 1023 τὺ
2594 969 2757 1040 χάριν
2777 970 2899 1022 τινὰ
2920 969 3043 1022 τότε
3080 969 3355 1035 δεδόσθαι,
3414 973 3511 1024 καὶ
3564 972 3640 1041 pi]

2067 1060 2535 1132 προπαρασκευὴν
2572 1056 2713 1114 εἶναι
2743 1059 2907 1131 ψιλὴν
2938 1059 2999 1113 τὺ
3028 1060 3336 1131 γινόμενον,
3369 1064 3469 1116 οὐκ
3489 1064 3640 1117 ἔστιν

2065 1151 2310 1205 ἐναντίον
2335 1150 2413 1222 τῷ
2444 1153 2511 1206 τὰ
2561 1151 2897 1220 σωματικῶς
2929 1151 3054 1206 τότε
3091 1153 3357 1221 γινόμενα
3392 1151 3640 1223 μείζονός

2063 1261 2211 1307 τινος
2235 1244 2566 1314 πράγματος
2597 1244 2825 1312 ἔνδειξιν
2854 1239 3019 1308 εῖναι,
3060 1242 3185 1297 οὕτε
3232 1246 3291 1297 τὸ
3332 1247 3494 1315 ῥητὸν
3523 1249 3640 1310 τοῖς

2070 1337 2255 1404 ῥητοῖς
2313 1335 2638 1390 ὑπεναντίον
2686 1335 2853 1390 ἐστίν.
2910 1335 3033 1390 Ὀτι
3081 1336 3138 1390 δὲ
3190 1337 3286 1390 καὶ
3348 1337 3641 1407 σύμφωνόν

2065 1428 2203 1493 ἐστι,
2236 1428 2391 1496 δῆλον
2421 1430 2587 1482 παντὶ
2619 1428 2754 1482 νοῦν⁵
2774 1427 2974 1498 ἔχοντι.
3021 1428 3081 1481 ’0
3129 1427 3239 1499 γὰρ
3282 1431 3517 1501 Χριστὸς
3547 1434 3644 1498 ἐμ-

2067 1520 2256 1589 φυσῶν
2284 1520 2457 1573 ἐδίδου
2490 1520 2552 1573 τὸ
2576 1519 2825 1589 Πνεῦμα,
2887 1520 2950 1573 οὐ
3005 1519 3067 1574 τὺ
3113 1520 3442 1592 ἐμφύσημα,
3503 1523 3642 1576 ἀλλὰ

2066 1611 2128 1663 τὸ
2158 1610 2247 1663 διὰ
2291 1610 2383 1663 τοῦ
2431 1612 2833 1680 ἑμφυσήματος
2897 1613 3338 1682 σημαινόμενον·
3382 1615 3485 1668 οὐκ
3535 1617 3644 1668 ἀπὸ

2068 1701 2168 1770 τῆς
2200 1701 2627 1772 ἀνθρωπὸτητος
2661 1702 2850 1764 αὑτοῦ.
2916 1702 3033 1757 ἀλλ’
3073 1704 3179 1759 ἀπὸ
3229 1706 3330 1775 τῆς
3391 1707 3645 1777 θεότητος

2068 1792 2259 1859 προϊὸν
2291 1792 2536 1862 φυσικῶς
2560 1809 2575 1824 ο
2609 1792 2770 1847 τοῦτο
2802 1794 2859 1848 δὲ
2887 1795 3109 1864 Πνεῦμα
3132 1796 3191 1850 τδ
3226 1796 3383 1866 ἅγιον
3405 1841 3420 1861 ,
3455 1799 3517 1851 ἐκ
3548 1799 3645 1852 τοῦ

390 1864 553 1927 ravit,
585 1881 763 1935 neque
787 1880 978 1921 omnes
1000 1866 1081 1921 eis
1108 1865 1308 1921 indidit
1349 1868 1554 1937 gratias
1617 1867 1745 1936 (hoc
1809 1868 1958 1923 enim

2080 1857 2313 1954 ξριστοθ
2335 1884 2545 1954 προϊὸν,
2571 1885 2733 1955 χάριν
2761 1887 2968 1959 uvis-tv
2988 1857 3097 1952 τοῖς
3116 1857 3434 1951 ἀποστόλοις
3465 1888 3646 1954 ἔκτιζε

390 1960 621 2027 posthac
694 1957 942 2012 futurum
969 1966 1106 2024 erat,
1140 1959 1363 2028 quando
1410 1960 1800 2022 essentialiter.
1859 1960 1967 2015 hoc

390 2054 479 2100 est
514 2047 897 2114 corporaliter,
934 2058 993 2103 ut
1024 2048 1096 2104 ita
1133 2048 1335 2113 dicam,
1370 2059 1426 2103 et
1486 2050 1804 2120 plenissime
1839 2052 1967 2123 Spi-

395 2141 540 2194 ritus
582 2149 808 2194 sanctus
829 2139 910 2195 eis
949 2142 1293 2197 adventurus
1317 2151 1372 2197 et
1394 2144 1510 2198 suis
1534 2159 1631 2199 eos
1665 2141 1968 2200 charisma-

397 2230 544 2288 libus
594 2234 908 2304 repleturus
938 2234 1079 2304 erat)
1141 2235 1244 2305 (a).
1310 2235 1374 2289 Et
1444 2237 1701 2311 prodibat
1741 2239 1968 2308 quidem

395 2328 641 2396 Spiritus
671 2329 844 2384 S‘lliCli
878 2331 1116 2384 essentia
1149 2339 1204 2384 et
1236 2330 1547 2402 hypostasis
1596 2347 1665 2386 ex
1728 2332 1866 2387 Filio
1915 2342 1971 2388 et

396 2428 529 2474 tunc
557 2429 611 2474 et
646 2427 873 2491 postea;
904 2421 998 2476 sed
1035 2423 1528 2501 nomacc‘piebant
1555 2423 1694 2478 hanc
1714 2424 1970 2494 discipuli

392 2511 621 2573 Christi,
669 2527 857 2565 \Cl'lllll
917 2513 1035 2582 ejus
1096 2511 1356 2566 eﬂectum
1423 2523 1479 2567 et
1542 2514 1793 2583 gratiam,
1858 2524 1971 2591 tum

395 2605 617 2674 quidem
660 2608 842 2659 statim
875 2621 1036 2659 unam
1091 2606 1411 2674 quamdam,
1447 2622 1612 2676 quam
1640 2621 1804 2676 supra
1833 2607 1975 2661 dixi-

399 2711 541 2760 mus,
570 2707 756 2764 postea
785 2713 916 2752 vero
950 2700 1115 2752 etiam
1171 2698 1506 2753 universam.
1556 2699 1747 2768 Neque
1792 2700 1972 2765 enim,

397 2794 540 2845 sicut
562 2807 627 2845 ex
677 2790 900 2845 Christo
934 2791 1208 2860 processit
1241 2791 1504 2859 Spiritus,
1538 2792 1613 2845 ita
1643 2792 1812 2846 etiam
1840 2808 1973 2861 apo-

400 2882 523 2937 stoli
563 2883 758 2937 eodem
799 2883 958 2950 plane
987 2883 1148 2936 modo
1177 2892 1229 2937 et
1265 2885 1472 2953 alisque
1499 2883 1811 2940 diﬂ’erentia
1848 2901 1974 2940 eum

401 2985 774 3043 acceperunt,
803 2990 991 3029 verum
1026 2990 1093 3029 ex
1134 2974 1230 3028 illo
1275 2974 1497 3045 quidem
1532 2977 1783 3046 prodibat
1834 2978 1979 3034 sicut

398 3075 458 3121 et
504 3074 625 3120 erat
653 3065 706 3119 iu
738 3066 878 3136 ipso,
910 3066 1283 3121 essentialiter
1315 3067 1568 3122 videlicet
1613 3078 1670 3123 et
1716 3070 1981 3124 naturali-

374 3172 507 3231 \ter,
536 3158 629 3229 isti
665 3174 802 3212 v--ro
834 3157 1214 3227 suscipiebant
1254 3158 1308 3211 in
1342 3172 1400 3212 se
1448 3158 1692 3229 Spiritus
1746 3164 1976 3234 gratiam

401 3261 643 3308 creatam
678 3252 730 3305 in
777 3251 912 3321 ipsis
955 3266 984 3306 a
1014 3249 1245 3318 Spiritu.
1281 3253 1403 3305 Non
1450 3253 1598 3307 enim
1650 3268 1733 3309 est
1774 3266 1975 3311 natura

402 3353 587 3399 creata
627 3343 827 3398 divinae
868 3344 1126 3400 essentia;
1163 3359 1358 3416 capax,
1416 3345 1511 3399 sed
1558 3347 1792 3415 suscipit
1858 3362 1978 3401 eam

403 3437 709 3493 secundum
737 3438 960 3492 modum
1008 3439 1114 3495 sibi
1162 3440 1607 3507 convenientem,
1656 3441 1758 3494 hoc
1791 3450 1874 3494 cst
1923 3441 1981 3496 in

405 3530 605 3584 divina:
627 3530 881 3586 essentia}
920 3530 1152 3596 ell‘ectu,
1194 3533 1640 3604 quanquuidem
1677 3543 1733 3588 et
1757 3533 1981 3587 univcr-

406 3624 509 3674 sim
556 3621 846 3691 quodlibet
873 3631 956 3677 est
986 3623 1042 3677 in
1071 3624 1319 3693 quolibet
1374 3640 1486 3679 non
1548 3624 1850 3678 secundum
1896 3624 1980 3678 sui

407 3714 580 3783 ipsius
636 3715 884 3780 modum,
943 3715 1040 3772 sed
1092 3716 1399 3772 secundum
1463 3716 1688 3771 modum
1751 3716 1868 3786 ejus
1927 3716 1984 3771 in

407 3821 517 3876 quo
544 3815 662 3874 est;
702 3819 786 3863 est
829 3823 963 3863 vero
1008 3808 1440 3879 unumquodque
1501 3807 1558 3862 in
1608 3823 1668 3863 se
1730 3807 1873 3876 ipso,
1926 3815 1986 3860 ut

407 3911 529 3953 esse
559 3907 744 3954 natum
773 3913 858 3955 est
888 3900 1192 3955 secundum
1223 3913 1283 3953 se
1308 3915 1323 3962 ;
1376 3899 1520 3953 sicut
1549 3897 1764 3968 species
1793 3896 1990 3966 lapidis

410 3994 772 4048 materialiter
804 3992 1029 4062 quidem
1093 4002 1179 4048 est
1235 3993 1290 4047 in
1358 3991 1562 4062 lapide,
1624 3990 1989 4061 spiritualiter

410 4084 544 4138 vero
579 4084 637 4137 in
676 4084 861 4149 oculo,
899 4084 953 4138 in
987 4083 1171 4138 anima
1204 4092 1384 4137 autem
1423 4082 1868 4152 intelligihiliter.
1899 4083 1990 4136 Sic

410 4188 465 4231 et
487 4176 724 4247 Spiritus
751 4186 972 4232 sanctus
1006 4176 1121 4245 ipse
1150 4184 1232 4230 est
1266 4176 1484 4244 quidem
1526 4177 1579 4229 in
1621 4192 1679 4230 Su
1713 4176 1850 4245 ipso,
1893 4176 1995 4245 hy-

411 4268 647 4336 postasis
673 4283 702 4321 a
738 4268 896 4322 Patre
924 4276 979 4322 et
1020 4265 1158 4320 Filio
1184 4267 1442 4321 distincta
1491 4266 1542 4319 in
1581 4282 1685 4318 ttna
1724 4282 1849 4319 cum
1887 4267 1991 4321 illis

413 4371 608 4414 natura
632 4375 694 4415 ac
719 4360 939 4423 deitate,
974 4360 1027 4414 in
1069 4358 1226 4414 l‘atre
1262 4376 1389 4414 vero
1438 4368 1493 4412 et
1532 4343 1668 4413 Filio
1701 4369 1759 4412 ut
1792 4360 1843 4411 in
1885 4375 1992 4412 uno

414 4452 687 4522 principio
713 4461 771 4506 et
796 4451 947 4507 l‘onte
973 4463 1200 4520 propter
1231 4452 1486 4505 essentia:
1526 4452 1582 4504 iu
1651 4449 1788 4519 ipsis
1834 4450 1991 4505 iden-

2067 1978 2188 2030 τότε
2221 1977 2320 2047 τὴν
2344 1975 2438 2029 τοῦ
2493 1975 2716 2045 ἀφιέναι
2775 1977 3192 2047 ἁμαρτήματα·
3236 1978 3353 2031 ἀλλ’
3390 1979 3514 2033 οὔτε
3567 1982 3646 2052 (l)

2070 2068 2561 2139 προπαρεσκεύαζε
2624 2068 2807 2139 μόνον,
2866 2069 2994 2122 οὔτε
3037 2070 3218 2131 πάσας
3270 2071 3496 2125 ἐνετίθει
3544 2090 3650 2136 τας

2069 2163 2301 2231 χάριτας
2355 2160 2536 2231 (τοῦτο
2593 2163 2698 2229 γὰρ
2753 2158 2986 2232 ὕστερον
3039 2160 3234 2230 ἔμελλε
3279 2163 3354 2233 (Ξ)
3396 2163 3649 2232 γίνεσθαι

2070 2256 2157 2306 ὅτε
2190 2252 2490 2315 οὐσιωδῶς,
2524 2252 2777 2305 τουτέστι
2825 2252 3180 2320 σωματικῶς,
3214 2253 3291 2316 ὡς
3346 2253 3521 2317 οὕτως
3568 2257 3648 2307 εί-

2074 2346 2217 2407 πεῖν,
2268 2344 2363 2396 καὶ
2416 2343 2773 2412 πληρέστατα
2804 2343 2862 2395 τὸ
2894 2342 3118 2411 Πνεῦμα
3146 2343 3205 2395 τὸ
3239 2344 3391 2407 ἅγιον
3422 2342 3653 2413 ἔμελλεν

2073 2436 2259 2498 αὐτοῖς
2290 2433 2643 2503 ἀφικνεῖσθαι
2677 2435 2773 2488 καὶ
2800 2435 2908 2487 τῶν
2932 2434 3096 2487 αὐτοῦ
3128 2435 3482 2504 χαρισμάτων
3511 2436 3650 2490 πάν-

2072 2544 2180 2580 των
2207 2526 2495 2596 πληροῦν).
2535 2526 2647 2579 Καὶ
2703 2524 2901 2597 προῄει
2960 2526 3060 2595 μὲν
3108 2528 3140 2597 ἡ
3185 2525 3279 2579 τοῦ
3333 2526 3653 2596 Πνεύματος

2074 2619 2227 2672 οὐσία
2259 2637 2317 2672 τε
2358 2622 2451 2673 καὶ
2482 2619 2783 2682 ὑπόστασις
2821 2621 2882 2672 ὲκ
2916 2618 3011 2671 τοῦ
3044 2618 3180 2672 Υίοῦ
3241 2622 3337 2672 καὶ
3382 2622 3504 2674 τότε
3557 2624 3653 2673 καὶ

2078 2708 2307 2778 ὕστερον
2335 2723 2349 2738 ⁶
2414 2711 2660 2780 ἐδέχοντο
2707 2709 2763 2762 δὲ
2797 2710 2857 2762 οὗ
2910 2710 3117 2779 ταύτην
3156 2711 3205 2763 οί
3264 2710 3508 2783 μαθηταὶ
3555 2710 3652 2764 τοῦ

2075 2801 2339 2870 Χριστοῦ,
2368 2802 2505 2853 ἀλλὰ
2531 2803 2590 2855 το
2621 2799 2828 2869 ταύτ⁰ης
2854 2801 3214 2870 ἀποτέλεσμα·
3234 2803 3328 2854 καὶ
3355 2803 3454 2871 τὴν
3470 2804 3652 2872 χάριν,

2076 2893 2202 2944 τότε
2241 2893 2338 2961 μὲν
2371 2892 2530 2954 εὐθὺς
2567 2892 2698 2962 μίαν
2728 2892 2850 2945 τινὰ
2889 2892 2990 2963 τὴν
3046 2891 3367 2961 εἰρημένην,
3423 2892 3563 2961 μετά
3598 2891 3657 2944 δὲ

2079 2983 2256 3036 ταῦτα
2289 2984 2385 3035 καὶ
2419 2983 2721 3053 σύμπασαν
2744 2997 2759 3013 ·
2796 2982 2857 3034 οὐ
2892 2982 3002 3052 γὰρ
3027 2979 3212 3044 καθὼς
3269 2980 3333 3032 ἐκ
3378 2978 3472 3033 τοῦ
3517 2979 3658 3048 Χρι-

2081 3075 2208 3129 στοῦ
2260 3075 2500 3145 προῆλθε
2558 3074 2619 3126 τὸ
2666 3073 2903 3143 Πνεῦμα
2953 3074 3050 3126 καὶ
3082 3073 3132 3125 οἱ
3175 3071 3424 3143 μαθηταὶ
3466 3071 3665 3124 τοῦτον

2080 3170 2170 3221 τὴν
2223 3170 2424 3238 τρόπον
2479 3166 2921 3237 ἀπαραλλάκτως
2971 3166 3236 3235 ἐδέχοντο,
3290 3164 3407 3217 ἀλλ’
3448 3165 3660 3217 ἐκείνου

2087 3262 2187 3334 μὲν
2221 3260 2415 3331 προῄει
2451 3261 2552 3330 (5),
2581 3261 2766 3321 καθὼς
2799 3260 2898 3312 καὶ
2927 3254 2996 3328 ἦν
3049 3260 3107 3310 ὲν
3161 3256 3331 3325 αὐτῷ,
3386 3256 3661 3319 οὖσιωδῶς

2083 3354 2241 3424 δῆλον
2270 3355 2365 3407 καὶ
2398 3340 2643 3423 φυσικῶς
2671 3368 2689 3384 ι
2741 3353 2790 3405 οἱ
2813 3352 2871 3405 δὲ
2902 3350 3000 3420 τὴν
3026 3350 3119 3404 τοῦ
3145 3350 3464 3421 Πνεύματος
3497 3349 3663 3417 ἐλάμ-

2083 3448 2246 3501 6ανον
2278 3447 2441 3516 χάριν
2478 3446 2538 3497 ὲν
2566 3446 2751 3508 αὐτοῖς
2777 3443 2884 3497 ὑπὸ
2936 3443 3030 3497 τοῦ
3067 3443 3384 3513 Πνεύματος
3403 3442 3662 3510 κτιζομέ-

2087 3555 2209 3607 νην.
2234 3541 2307 3590 05
2334 3538 2442 3607 γάρ
2481 3538 2630 3588 ἐστιν
2660 3536 2694 3605 ἡ
2735 3533 2929 3604 κτιστὴ
2969 3534 3133 3601 φύσις
3156 3534 3255 3602 τῆς
3291 3533 3440 3595 θείας
3474 3533 3663 3595 οὐσίας

2085 3629 2396 3700 χωρητικὴ,
2449 3627 2584 3681 ἀλλὰ
2632 3627 2849 3696 δέχεται
2898 3626 3106 3696 ταύτην
3165 3626 3303 3678 κατὰ
3355 3625 3450 3678 τὸν
3493 3626 3660 3695 ἑαυτῇ

2089 3722 2437 3791 προσήκοντα
2480 3718 2703 3786 τρόπον,
2736 3716 3015 3769 τουτέστιν
3050 3717 3108 3768 ὲν
3136 3716 3212 3785 τῷ
3252 3717 3357 3786 τῆς
3399 3717 3549 3781 θείας
3575 3719 3666 3770 οὔ·

2090 3815 2211 3875 σίας
2256 3810 2680 3878 ἀποτελέσματι,
2707 3808 2830 3862 ἐπεὶ
2855 3810 2949 3860 καὶ
2982 3807 3168 3871 ἁπλῶς
3224 3806 3459 3860 ἕκαστόν
3514 3810 3662 3860 ἐστιν

2088 3906 2145 3957 ἐν
2178 3905 2394 3973 ἑκάστῳ
2434 3904 2496 3956 οὐ
2531 3902 2671 3956 κατὰ
2701 3901 2790 3954 τὸν
2835 3901 3028 3955 ἑαυτοῦ
3073 3899 3295 3969 τρόπον,
3342 3900 3479 3953 ἀλλὰ
3519 3903 3662 3954 κατὰ

2088 3995 2181 4049 τὸν
2208 3995 2299 4048 τοῦ
2331 3995 2389 4047 ὲν
2419 3989 2462 4062 ᾧ
2484 3996 2633 4046 ἐστιν
2653 4011 2667 4024 ’
2704 3992 2821 4047 ἐστι
2847 3993 2904 4045 δὲ
2956 3991 3048 4044 καὶ
3086 3991 3319 4044 ἕκαστον
3370 3994 3428 4045 ὲν
3459 3993 3661 4062 ἐαυτῷ,

2090 4086 2164 4150 ὡς
2222 4084 2362 4140 εἶναι
2418 4084 2632 4153 πέφυκε
2680 4083 2805 4138 καθ’
2831 4082 3001 4136 αὐτό·
3055 4081 3246 4152 ῶσπερ
3276 4086 3337 4137 τὸ
3385 4081 3523 4146 εἶδος
3568 4083 3665 4137 τοῦ

2091 4178 2240 4230 λίθου
2263 4179 2379 4229 ἐστὶ
2415 4176 2513 4246 μὲν
2546 4176 2745 4236 ὑλικῶς
2766 4176 2822 4226 ὲν
2853 4172 2931 4245 τῷ
2960 4174 3114 4244 λίθῳ,
3179 4174 3577 4244 πνευματικῶς
3606 4174 3666 4228 δὲ

2093 4271 2150 4323 ὲν
2178 4266 2465 4335 όφθαλμῗι,
2500 4268 2557 4319 ὲν
2586 4264 2645 4318 δὲ
2671 4269 2737 4333 τῇ
2767 4264 2913 4334 ψυχῇ
2946 4265 3174 4334 νοητῶς.
3204 4264 3362 4318 υῦτω
3399 4265 3456 4318 δὲ
3484 4269 3580 4318 καὶ
3602 4266 3667 4319 τὸ

2096 4360 2321 4426 Πνεῦμα
2349 4359 2409 4410 τὸ
2439 4356 2594 4424 ἅγιον
2619 4356 2750 4408 αὐτὸ
2777 4356 2875 4426 μὲν
2913 4354 3061 4407 ἔστιν
3121 4358 3179 4409 ὲν
3209 4357 3388 4427 ἐαυτῷ
3434 4357 3673 4410 ὑπόστα-

2098 4464 2181 4510 σις
2211 4447 2423 4509 Πατρθις
2469 4447 2564 4498 καὶ
2627 4444 2774 4501 Υίοῦ,
2822 4444 3219 4515 διακεκριμένη
3283 4447 3340 4498 ὲν
3407 4446 3505 4515 μιᾷ
3549 4445 3667 4512 μετ’

417 4547 648 4606 ιὶτιιιειιι,
676 4559 799 4598 cum
833 4543 1071 4614 quodam
1107 4555 1289 4597 tamen
1321 4543 1643 4597 discrimine
1674 4559 1738 4597 ex
1803 4557 1977 4617 perso-

2098 4539 2323 4591 ἐκείνων
2360 4537 2523 4608 φύσει
2551 4553 2612 4589 τε
2640 4542 2733 4589 καὶ
2760 4535 3000 4604 θεότητι,
3040 4538 3096 4589 ἐν
3135 4536 3192 4588 δὲ
3232 4534 3397 4605 πατρῖ
3426 4537 3522 4588 καὶ
3553 4535 3666 4603 Υίῷ

416 4635 525 4687 nali
584 4634 906 4689 eorumdem
961 4634 1170 4688 ratione
1218 4633 1531 4702 desumpto,
1588 4632 1994 4702 qniavideliect

418 4724 580 4778 Pater
608 4724 831 4793 quidem
862 4733 947 4779 est
979 4723 1305 4794 principium
1343 4724 1598 4793 principii
1634 4739 1849 4793 expers,
1905 4723 1990 4778 Fi-

420 4817 529 4870 lius
559 4830 690 4870 vero
720 4815 1053 4885 principium
1108 4830 1177 4869 ex
1208 4814 1509 4884 principio,
1569 4824 1625 4870 et
1674 4815 1824 4870 Patri
1873 4816 1994 4885 qni-

422 4911 546 4962 dem
584 4921 612 4959 a
646 4907 798 4961 nullo
831 4906 1072 4976 Spiritus
1103 4907 1350 4971 advenit,
1384 4906 1524 4960 Filio
1555 4922 1687 4962 vero
1726 4922 1755 4961 a
1811 4908 1994 4963 Patre.

426 4997 489 5051 lit
520 4996 685 5051 estin
716 4996 879 5051 Patre
909 5006 965 5050 et
997 4996 1134 5051 Filio
1166 5006 1314 5052 totus
1344 4996 1398 5051 in
1434 4998 1585 5061 totis,
1627 4998 1810 5066 potius
1863 5013 1996 5052 vero

423 5101 479 5146 ct
512 5089 567 5142 iu
609 5088 831 5158 ipsisin
880 5100 997 5143 toto
1045 5099 1102 5145 et
1147 5091 1294 5144 sicut
1344 5102 1429 5144 est
1489 5089 1546 5144 in
1595 5091 1733 5159 ipso,
1803 5102 1998 5159 praeter

426 5184 629 5239 realem
657 5184 723 5238 ad
749 5183 872 5238 illos
911 5184 1257 5244 relationem,
1300 5199 1464 5253 quam
1499 5184 1650 5236 nullo
1685 5182 1846 5237 modo
1904 5184 1999 5236 ha-

427 5280 521 5334 bet
567 5277 632 5331 ad
661 5293 718 5332 se
749 5277 952 5346 ipsum.
989 5278 1084 5331 llic
1116 5286 1301 5332 autem
1329 5276 1570 5347 Spiritus
1594 5276 1994 5330 sanetusetiatu

427 5373 479 5425 iu
512 5369 716 5425 Christi
770 5370 1055 5438 discipulis
1075 5380 1197 5423 erat
1227 5369 1377 5425 etin
1420 5368 1638 5423 cunctis
1665 5368 1848 5438 dignis
1882 5379 1993 5431 est,

424 5463 523 5518 sed
555 5478 734 5533 neque
766 5471 934 5533 prout
963 5472 1045 5516 est
1079 5462 1133 5516 in
1193 5475 1252 5516 se
1295 5462 1412 5531 ipso
1436 5502 1448 5526 ,
1486 5475 1664 5531 neque
1701 5470 1865 5529 prout
1913 5468 2002 5515 est

498 5595 577 5663 it)
613 5599 761 5653 Mon.
796 5598 836 5653 r.
866 5598 973 5651 213
999 5616 1026 5653 ιι
1057 5618 1071 5655 ε
1108 5598 1255 5653 οὐδὲ.

501 5667 577 5735 (2)
614 5669 757 5722 Non.
806 5670 988 5737 ἔμελε.

2095 4630 2171 4693 ὡς
2199 4632 2255 4682 ὲν
2277 4632 2419 4699 ἀρχῇ
2452 4629 2547 4681 καὶ
2571 4632 2724 4699 πηγῇ
2791 4630 2911 4707 μιᾷΥ
2944 4627 3032 4680 διὰ
3076 4627 3173 4699 τὴν
3228 4629 3285 4681 ὲν
3335 4627 3519 4691 αὐτοῖς
3572 4631 3669 4697 τῆς

2094 4722 2282 4784 οὐσίας
2305 4723 2639 4790 ταυτότητα,
2684 4719 2824 4791 μετά
2856 4736 3000 4783 τινος
3054 4720 3239 4788 μέντοι
3288 4719 3573 4790 διαστολῆς
3606 4722 3671 4772 ἐκ

2095 4812 2189 4866 τοῦ
2220 4812 2579 4881 προσωπικοῦ
2611 4812 2820 4865 τούτων
2861 4811 3026 4878 λόγου
3086 4809 3528 4879 λαμὸανομένης,
3586 4812 3669 4865 ὅτι

2096 4905 2124 4957 ό
2157 4905 2257 4972 μὲν
2285 4903 2475 4975 Πατὴρ
2498 4904 2640 4975 ἀρχή
2670 4905 2822 4957 ἐστιν
2863 4904 3123 4974 ἄναρχος,
3155 4902 3256 4954 όδὲ
3289 4903 3418 4967 Υἱὸς
3444 4903 3588 4973 ἀρχὴ
3613 4903 3672 4968 ἐξ

2098 4998 2293 5065 ἀρλῆς,
2341 4995 2435 5047 καὶ
2484 4994 2563 5065 τῷ
2604 4994 2702 5064 μὲν
2756 4994 2932 5062 Πατρὶ
2988 4991 3122 5062 παρ’
3182 4992 3400 5056 οὐδενὸς
3437 4993 3562 5064 ἣκει
3612 4996 3673 5046 τὸ
3730 5036 3735 5040 .

2098 5086 2343 5157 ιίιεῠμα,
2371 5087 2447 5156 τῷ
2474 5088 2530 5140 δὲ
2562 5087 2674 5156 Υἱῷ
2736 5086 2886 5156 παρὰ
2933 5083 3030 5138 τοῦ
3095 5083 3323 5152 Πατρός.
3372 5085 3477 5137 Καὶ
3525 5084 3684 5138 ἔστιν

2099 5182 2155 5233 ἐν
2193 5182 2366 5250 llatth
2396 5182 2493 5233 καὶ
2531 5179 2646 5249 Υἱῷ
2675 5179 2797 5232 ὅλον
2828 5181 2886 5230 ἐν
2912 5178 3077 5241 ὅλοις,
3117 5178 3317 5244 μᾶλλον
3384 5177 3439 5230 δὲ
3489 5179 3582 5241 καὶ
3616 5179 3674 5228 ὲν

2099 5274 2285 5334 αᾷτοίς
2311 5273 2369 5326 ὲν
2404 5272 2535 5342 ὅλῳ,
2571 5273 2661 5324 καὶ
2695 5269 2882 5333 καθώς
2937 5271 3086 5322 ἐστιν
3117 5271 3174 5322 ὲν
3206 5269 3375 5335 αὐτῷ,
3406 5268 3547 5336 πλὴν
3574 5269 3671 5339 τῆς

2101 5363 2238 5433 πρ³ις
2265 5361 2511 5425 ἐκείνους
2544 5360 2941 5431 πραγματικῆς
2971 5362 3276 5429 ἀναφορᾶς,
3306 5360 3374 5429 ἢν
3407 5359 3517 5413 οὐδ’
3537 5361 3674 5423 ὅλως

2100 5454 2216 5523 ἕλει
2259 5453 2398 5524 πρὸς
2426 5454 2614 5506 ἑαυτό.
2656 5452 2830 5506 Τοῦτο
2859 5452 2915 5505 δὲ
2950 5455 3009 5504 τὶ
3043 5450 3360 5521 Πνεῦματὸ
3392 5450 3547 5520 ἅγιον
3575 5450 3679 5505 καὶ

2174 5590 2250 5660 (5)
2301 5589 2443 5645 Men.
2477 5588 2679 5658 προίει.

506 5821 583 5891 (α)
614 5824 746 5881 Vide
785 5826 840 5881 S.
883 5826 1116 5886 Leonem
1157 5827 1249 5895 il,
1309 5844 1469 5884 scrm.
1509 5826 1561 5891 2,
1602 5825 1667 5883 de
1699 5829 1916 5883 Peutcc.
1951 5841 1996 5881 c.
2038 5826 2091 5893 5,
2141 5825 2184 5877 i.
2222 5821 2455 5894 (Patrol.
2491 5822 2609 5881 Lat.
2647 5833 2685 5877 t.
2724 5818 2854 5890 LIV,
2887 5836 2938 5890 p.
2978 5819 3081 5874 1.03
3115 5816 3258 5887 seq.)
