4132 6412
372 335 482 402 ῙῙἾ

1402 352 1856 416 REFUTATIO
1895 355 2001 416 MA
2013 357 2142 424 RC1
2185 361 2526 424 EPHESIN
2541 365 2580 426 I.

3551 361 3656 428 118

369 454 431 504 ἐν
480 452 594 514 τοῖς
633 451 904 523 μαθηταῖς
965 451 1030 526 ἦν
1062 459 1158 512 τοῦ
1217 460 1477 530 Χριστοῦ,
1515 469 1608 520 καὶ
1641 469 1697 520 ἐν
1758 467 1964 523 ἅπασίν

2094 487 2126 524 ιι
2162 471 2320 530 Patre
2361 485 2416 531 et
2449 477 2606 538 Filio,
2649 477 2865 536 hoc'cst
2889 491 3000 531 non
3028 475 3334 532 secundum
3357 475 3652 531 essentiam

373 544 490 596 ἐστι
519 545 633 607 τοῖς
665 545 864 609 ἀξίοις·
898 548 1018 602 ἀλλ’
1049 549 1170 604 οὔτε
1208 553 1282 616 ὡς
1317 553 1468 609 ἔστιν
1511 559 1568 610 ἐν
1605 561 1807 630 ἐαυτῷ,
1843 559 1968 614 οὔτε

372 633 449 694 ὡς
473 636 532 688 ἐν
559 637 736 706 Harp!
767 641 859 692 καὶ
891 641 1028 712 Υἱῷ,
1079 647 1363 701 τουτέστιν
1396 650 1458 702 ού
1483 653 1628 705 κατὰ
1654 653 1753 721 τὴν
1785 653 1974 706 οὐσίαν

375 727 545 780 αὑτοῦ
573 731 670 782 καὶ
709 730 1002 802 τὴνφύσιν
1044 737 1076 806 ἦ
1132 739 1231 809 τὴν
1276 740 1603 808 ὑπόστασιν,
1651 744 1770 798 ἀλλ’
1816 744 1892 800 ὡς
1938 745 1972 814 ἡ

385 819 550 888 φύσις
577 823 808 878 ἀπαιτεῖ
834 825 945 880 τῶν
1007 828 1430 902 εἰσδεχομένων,
1463 836 1712 890 τουτέστι
1755 837 1896 890 κατά
1921 853 1978 890 τι

379 915 733 986 ἀποτέλεσμα
769 919 966 984 αὑτοῦ,
999 923 1197 990 σοςρίαν
1237 924 1398 993 δῆλον
1454 926 1487 998 ἢ
1528 927 1696 996 λόγου
1725 927 1892 998 χάριν
1937 929 1970 1000 ἢ

381 1001 580 1075 βουλὴν
608 1007 641 1078 ἧ
673 1025 725 1060 τι
759 1009 1031 1078 τοιοῦτον,
1059 1012 1094 1066 ἃ
1132 1014 1196 1084 δὴ
1229 1017 1549 1087 χαρίσματα
1572 1018 1665 1072 τοῦ
1721 1019 1972 1089 Πνεῦμα-

379 1109 466 1157 τος
498 1096 726 1152 εἰώθασι
757 1099 1040 1168 λέγεσθαι.
1078 1105 1338 1174 ’Ἱ-ἰχοντες
1370 1107 1463 1162 οῦν
1499 1109 1568 1163 τὰ
1599 1110 1827 1165 τοιαῦτα
1877 1099 1975 1182 χα-

383 1189 656 1259 ρίσματα,
695 1195 830 1247 αὐτὸ
861 1195 1118 1265 λέγονται
1150 1200 1296 1270 ἔχειν
1325 1202 1386 1255 τὸ
1411 1201 1639 1274 Πνεῦμα
1695 1205 1756 1258 τὸ
1790 1207 1970 1274 ἅγιον,

380 1280 520 1334 διότι
558 1285 883 1354 ἀχωρίστως
914 1289 1026 1343 εἰσὶ
1051 1291 1148 1344 τοῦ
1170 1293 1346 1347 ταῦτα
1392 1295 1448 1347 ἐν
1480 1296 1668 1360 αὐτοῖς
1696 1297 1974 1362 κτίζοντος

385 1375 734 1447 Πνεύματος,
767 1379 1000 1452 ἀπείρου
1041 1383 1139 1455 τὴν
1193 1385 1356 1458 φύσιν
1397 1389 1491 1442 καὶ
1555 1389 1971 1458 παντοδυνάμου

383 1470 754 1540 τυγχάνοντος
779 1490 794 1505 ⁸
825 1476 919 1530 καὶ
953 1478 980 1530 ό
1010 1477 1112 1548 τὴν
1163 1479 1328 1549 χάριν
1359 1479 1500 1550 ἔχων
1525 1479 1620 1533 τοῦ
1653 1479 1972 1551 Πνεύματος

384 1560 518 1614 αὐτὸ
577 1561 640 1616 τὸ
663 1564 871 1636 ταύτην
897 1567 1240 1642 δωρούμενον
1299 1569 1436 1642 ἔχει.
1478 1572 1622 1627 Ἀλλ’
1667 1573 1790 1626 οὔτε
1815 1573 1849 1642 ἡ
1871 1577 1967 1642 χά-

389 1671 475 1724 ρις
507 1655 661 1708 ἐστὶν
695 1658 826 1710 αὐτὸ
849 1659 909 1712 τὸ
935 1661 1162 1731 Πνεῦμα
1193 1663 1252 1716 τὸ
1281 1663 1461 1733 ἅγιον,
1510 1665 1633 1720 οῦτε
1679 1667 1728 1720 εξ
1763 1667 1974 1734 ταύτην

384 1749 498 1811 τοῖς
527 1749 846 1820 ἀνθρώποις
903 1753 932 1804 ὁ
959 1756 1202 1826 Χριστος
1241 1759 1500 1824 ἐνοικίζει
1553 1761 1642 1813 διὰ
1673 1762 1769 1814 τοῦ
1803 1761 1961 1814 Πνεύ-

387 1858 586 1909 ματος,
619 1844 713 1897 καὶ
747 1845 848 1917 τὴν
887 1848 1050 1918 χάριν
1085 1850 1258 1920 μόνην
1287 1849 1494 1922 ταύτην
1556 1853 1922 1924 προϐάλλεται
1959 1871 1972 1884 ·

385 1935 541 1989 οὐδὲν
571 1938 682 2008 γὰρ
732 1937 798 1992 ἂν
824 1940 1084 2011 διήνεγκε
1122 1937 1231 1996 τῶν
1293 1945 1602 2015 ἀνθρώπων
1666 1947 1842 2017 τούτῳ
1896 1947 1972 2016 τῷ

385 2029 596 2099 τρόπῳ.
649 2031 792 2084 Ἀλλ’
819 2031 1084 2106 ὥσπερὴ
1132 2035 1229 2089 τοῦ
1279 2037 1600 2107 Πνεύματος
1655 2039 1815 2110 χάρις
1857 2039 1974 2104 ἔστι

391 2119 494 2186 μὲν
527 2123 584 2174 ἐν
611 2123 690 2193 τῷ
749 2123 1028 2195 Πνεῦματι
1087 2129 1292 2194 ἁῖδῖως,
1325 2131 1423 2202 οὐχ
1467 2130 1544 2194 ὡς
1600 2132 1972 2201 ἀποτέλεσμα,

389 2214 508 2266 ἀλλ’
532 2215 608 2279 ὡς
640 2217 908 2290 οὐσιώδης
944 2221 1198 2294 ἕνεργεια
1219 2265 1234 2288 ,
1267 2225 1384 2278 ἔστι
1425 2225 1482 2278 δὲ
1511 2227 1570 2278 ἐν
1601 2227 1715 2288 τοῖς
1745 2225 1973 2296 δεχομέ-

393 2325 507 2371 νοις
541 2311 615 2370 ὼ;
644 2311 744 2379 τῆς
775 2313 1063 2383 ἐνεργείας
1117 2316 1336 2386 ἐκείνης
1385 2317 1739 2387 ἀποτέλεσμα
1793 2335 1976 2386 χρονι-

391 2398 504 2462 κῶς
526 2415 539 2428 ·
577 2399 721 2455 οὕτω
753 2404 848 2458 καὶ
877 2404 940 2456 τὸ
968 2403 1196 2475 Πνεῦμα
1219 2407 1282 2460 τὸ
1311 2407 1471 2474 ἆγιον
1500 2408 1616 2461 ἔστι
1681 2411 1780 2478 μὲν
1812 2411 1868 2461 ἐν
1899 2407 1976 2478 τῷ

391 2495 532 2564 Titii,
562 2497 660 2549 καὶ
684 2497 742 2563 ἐξ
783 2497 952 2552 αὐτοῦ
974 2499 1224 2569 πρόεισιν
1259 2501 1464 2565 ἁῖδίως,
1518 2501 1634 2555 ἔστι
1673 2503 1732 2555 δὲ
1765 2501 1860 2554 καὶ
1921 2504 1976 2555 ἐν

395 2589 506 2649 τοῖς
531 2588 844 2658 ἀνθρώποις
880 2591 938 2653 ἐξ
981 2593 1148 2646 αὐτοῦ
1187 2594 1404 2664 προϊὸν,
1449 2595 1510 2647 οὐ
1553 2595 1736 2658 καθὼς
1768 2595 1978 2648 ἐκεῖθεν

393 2683 668 2752 πρόεισιν,
721 2683 840 2736 ἀλλ’
869 2683 944 2748 ὡς
993 2686 1230 2754 ἐγχωρεί
1288 2685 1599 2756 λαμϐάνειν
1641 2688 1772 2741 αὐτὸ
1850 2688 1978 2754 τοὺς

391 2775 806 2846 λαμϐάνοντας,
837 2779 1122 2832 τουτέστιν
1169 2781 1228 2831 ἐν
1259 2779 1336 2846 τῷ
1392 2780 1508 2849 ἰδίῳ
1543 2781 1974 2851 ἁποτελέσματι.

405 2867 504 2922 Ἐκ
533 2870 743 2923 τούτων
766 2871 948 2924 τοίνυν
975 2871 1236 2925 ἁπάντων
1261 2871 1425 2940 δῆλόν
1457 2873 1628 2937 ἐστιν,
1661 2873 1735 2937 ὡς
1763 2877 1790 2926 ὁ
1837 2875 1980 2940 Θεῖος

393 2962 792 3032 Χρυσόστομος
823 2963 987 3034 χάριν
1016 2965 1138 3017 τινὰ
1162 2965 1254 3017 τοῦ
1284 2965 1616 3031 Πνεύματος
1650 2967 1772 3020 τότε
1806 2968 1980 3034 λέγων

393 3056 508 3118 τοῖς
545 3057 881 3119 ἀποστόλοις
913 3055 1156 3124 δοθῆναι,
1180 3057 1277 3110 οὐκ
1313 3057 1379 3110 ἂν
1420 3059 1724 3127 ἀρνήσαιτο
1755 3061 1846 3112 καὶ
1882 3060 1980 3130 τὴν

2010 1811 2046 1865 Β

396 3148 560 3220 χάριν
595 3149 948 3219 ἀποτέλεσμα
973 3147 1112 3203 εἶναι
1134 3151 1227 3203 τοῦ
1259 3150 1600 3220 Πνεύματος,
1630 3153 1976 3214 καθὼςέστιν
2011 3187 2054 3245 c

395 3243 455 3296 ἐν
505 3245 618 3306 τοῖς
671 3242 1009 3312 ἀνθρώποις,
1057 3243 1153 3295 καὶ
1204 3243 1278 3306 ὡς
1325 3245 1384 3295 ἐν
1433 3242 1510 3312 τῷ
1573 3245 1980 3309 ἀποτελέσματι

398 3333 576 3406 τούτῳ
606 3324 978 3399 ἐνοικίζεσθαι
1013 3339 1129 3399 τοῖς
1160 3336 1477 3406 ἀνθρώποις
1533 3337 1596 3388 τὸ
1647 3338 1872 3408 Πνεῦμα
1921 3340 1985 3391 τὸ

396 3428 574 3497 am»,
605 3429 720 3482 ἀλλ’
743 3430 842 3500 οὐχ
883 3429 958 3491 ὠς
987 3431 1042 3482 ἐν
1070 3429 1250 3498 ἑαυτῷ
1283 3431 1373 3482 καὶ
1399 3431 1465 3500 τῇ
1501 3429 1604 3499 ἰδίᾳ
1633 3430 1797 3496 φύσει
1817 3449 1831 3462 ·
1884 3433 1982 3484 καὶ

395 3527 488 3576 τον
520 3523 648 3575 rem
679 3523 777 3577 ,τοῦ
804 3521 941 3575 Θεοῦ
992 3517 1134 3574 εἶναι
1193 3523 1290 3574 τὸν
1319 3521 1417 3592 τὴν
1449 3523 1609 3592 χάριν
1642 3523 1982 3588 ἐνοικίζοντα

397 3618 628 3686 ταύτην,
659 3616 722 3669 τὸ
761 3616 986 3685 Πνεῦμα
1013 3615 1072 3666 τὸ
1111 3614 1272 3683 ἅγιον
1314 3615 1776 3686 προϐαλλόμενον,
1829 3615 1888 3670 οὗ
1949 3619 1983 3688 ὴ

399 3711 560 3779 χάρις
589 3709 742 3762 ἐστί·
775 3711 870 3762 καὶ
904 3709 994 3760 τὸν
1036 3709 1132 3778 μὲν
1158 3709 1218 3762 τὸ
1252 3711 1478 3777 Πλεῦμα
1517 3711 1579 3762 τὸ
1611 3711 1770 3778 ἆγιον
1801 3711 1986 3776 ἀϊδίως

401 3802 836 3874 προϐάλλεσθαι,
874 3801 980 3854 κᾶν
1039 3803 1096 3854 ἐν
1161 3802 1341 3872 χρόνῳ
1383 3802 1647 3872 φαίνηται
1689 3803 1990 3872 προϐαλλό-

399 3916 588 3969 μενος,
613 3893 696 3962 οἷς
729 3897 786 3950 δὲ
809 3897 1143 3967 γνωρίζεται
1181 3897 1652 3966 προϐαλλόμενος,
1705 3899 1860 3950 τοῦτο
1891 3901 1987 3951 καὶ

399 3989 484 4055 οἷς
518 3991 682 4044 τοῦτο
715 3989 1110 4061 προϐάλλεται,
1134 3991 1362 4052 τούτους
1395 3992 1493 4059 τὴν
1534 3991 1628 4043 τοῦ
1669 3991 1988 4060 Πνεύματος

401 4085 748 4154 εἰσδέχεσθαι
804 4085 998 4155 χάρινο
1057 4083 1156 4136 καὶ
1210 4083 1272 4135 τὺ
1330 4083 1432 4151 τῆς
1489 4083 1664 4136 ἀϊδίου
1705 4067 2006 4154 ἐνεργείας·-

400 4181 624 4248 ικείνης
663 4177 917 4248 χρονικον
943 4174 1319 4245 ἀποτέλεσμα,
1355 4177 1454 4250 οὑις
1489 4175 1663 4246 αὐτὴν
1693 4177 1793 4243 τὴν
1824 4176 1992 4243 φύσιν

400 4276 434 4346 ἢ
469 4273 568 4346 τὴν
601 4271 936 4334 ὑπόστασιν,
967 4269 1044 4333 ὡς
1075 4267 1294 4323 ἐκεῖθεν
1354 4267 1746 4338 προϐάλλεται.
1803 4268 1990 4322 Ταῦτα

401 4369 512 4438 γὰρ
543 4368 636 4418 καὶ
667 4363 846 4436 ἁληθῆ
879 4363 988 4416 εἱσι
1023 4363 1190 4429 πάνυ,
1239 4363 1332 4415 καὶ
1363 4361 1516 4414 οὐδὲν
1547 4361 1768 4431 ἔχουσιν
1819 4363 1989 4414 ὑπεν-

294 4473 334 4518 Ἶ
405 4459 627 4512 αντίονο
667 4457 760 4509 καὶ
805 4453 922 4507 οὔτ’
960 4453 1027 4507 ἂν
1080 4453 1191 4506 τῶν
1243 4451 1584 4504 διδασκάλων
1625 4451 1824 4514 οὐδεὶς,
1881 4453 1989 4505 οὐδ’

2073 563 2248 634 ipsius
2305 577 2470 638 atque
2502 580 2755 625 naturam
2801 571 2884 624 vel
2939 570 3289 642 hypostasin,
3332 570 3430 625 sed
3491 581 3658 639 prout

2072 667 2270 712 natura
2301 661 2690 730 recipientium
2730 662 2988 732 requirit,
3057 661 3165 714 hoc
3212 667 3302 715 est
3345 659 3654 714 secundum

2073 749 2365 817 quemdam
2405 751 2577 822 ipsius
2605 752 2881 817 ell‘ectum,
2914 752 3176 806 nimirum
3215 751 3543 819 sapientiam
3569 747 3656 802 vel

2071 843 2226 898 verbi
2259 845 2491 913 gratiam
2521 845 2605 900 vel
2635 845 2928 900 consilium
2959 845 3044 900 vel
3073 844 3282 914 aliquid
3312 838 3654 912 huiusmodi,

2074 949 2196 1004 qua:
2231 935 2568 990 charismata
2605 935 2850 1005 Spiritus
2883 936 3062 990 sancti
3125 935 3308 990 solent
3375 931 3508 986 dici.
3552 928 3658 982 lia-

2074 1023 2272 1080 bentes
2315 1025 2484 1096 igitur
2517 1026 2644 1080 talia
2703 1026 3037 1080 charismata
3091 1024 3270 1094 ipsum
3313 1021 3521 1076 habere
3573 1017 3659 1073 di~

2072 1124 2276 1171 cuntur
2377 1115 2646 1186 Spiritum
2763 1127 3040 1180 sanctum,
3157 1118 3286 1185 quia
3381 1114 3657 1181 insepara—

2073 1209 2262 1264 hiliter
2293 1217 2424 1264 sunt
2451 1209 2696 1280 Spiritus
2739 1211 2911 1265 sancti
2947 1211 3063 1264 haec
3113 1210 3166 1264 in
3222 1208 3356 1277 ipsis
3391 1205 3653 1265 creantis.

2073 1301 2164 1372 qui
2201 1302 2450 1358 inﬁnitus
2489 1313 2574 1358 est
2623 1313 2821 1358 natura
2851 1312 3018 1373 atque
3052 1301 3442 1371 omnipotens;
3477 1307 3534 1354 ct
3562 1300 3654 1368 qui

2073 1398 2307 1468 gratiam
2339 1397 2509 1452 habet
2545 1397 2809 1468 Spiritus,
2849 1397 3029 1468 ipsum
3061 1412 3180 1452 eam
3211 1394 3510 1448 donantem
3559 1392 3660 1445 ha-

2076 1491 2190 1545 bet.
2224 1491 2328 1546 Sed
2371 1507 2552 1561 neque
2592 1491 2766 1561 gratia
2799 1501 2882 1546 cst
2945 1490 3062 1560 ipse
3117 1489 3358 1560 Spiritus
3409 1497 3659 1548 sanctus,

2078 1597 2259 1651 neque
2311 1583 2358 1638 si
2414 1584 2556 1637 hanc
2585 1582 2911 1638 hominibus
2949 1581 3268 1637 inhabitare
3311 1579 3443 1634 facit
3499 1577 3662 1633 Chri—

2076 1685 2194 1728 stus
2217 1689 2312 1743 per
2341 1671 2626 1743 Spiritum,
2673 1673 2816 1728 hanc
2871 1673 3102 1744 gratiam
3139 1676 3311 1728 solam
3373 1670 3503 1726 facit
3535 1685 3665 1740 pro-

2077 1769 2428 1838 germinare;
2467 1769 2557 1822 tali
2595 1769 2745 1822 enim
2805 1781 2965 1837 pacto
3035 1765 3174 1820 nihil
3226 1765 3294 1819 ah
3349 1763 3668 1818 hominibus

2081 1857 2357 1914 dill'erret.
2402 1858 2604 1912 Verum
2662 1858 3003 1929 sicutgratia
3053 1855 3296 1926 Spiritus
3356 1855 3530 1910 sancti
3583 1865 3670 1908 est

2081 1951 2304 2021 quidem
2342 1953 2394 2005 in
2441 1953 2651 2024 Spiritu
2715 1953 3086 2016 :etcrnaliter,
3124 1965 3234 2003 non
3300 1957 3357 2002 ut
3412 1947 3667 2012 effectus,

2080 2041 2176 2097 sed
2208 2054 2268 2098 ut
2316 2043 2632 2098 essentialis
2659 2044 2931 2114 Operatio,
2969 2051 3055 2097 est
3085 2056 3218 2096 vero
3262 2041 3314 2094 in
3353 2040 3668 2110 recipienti-

2079 2136 2186 2191 bus
2212 2145 2270 2190 ιιι
2300 2135 2446 2190 illius
2481 2138 2823 2206 operationis
2847 2135 3079 2190 ell‘ectus
3115 2133 3496 2202 temporaliter
3541 2150 3556 2186 :
3594 2133 3668 2185 ita

2081 2236 2137 2283 et
2168 2226 2413 2294 Spiritus
2443 2236 2673 2280 sanctus
2701 2234 2786 2280 est
2815 2224 3040 2294 quidem
3077 2223 3132 2276 in
3162 2222 3302 2277 Filio
3329 2231 3386 2276 et
3421 2237 3486 2276 ex
3549 2221 3670 2289 ipso

2081 2321 2346 2393 prodiens
2400 2319 2763 2382 mternaliler,
2798 2318 2892 2371 sed
2932 2318 2986 2370 in
3043 2315 3363 2370 hominibus
3423 2329 3490 2367 ex
3551 2313 3670 2382 ipso

2067 2411 2344 2490 prodiens
2377 2417 2484 2470 est,
2518 2425 2626 2463 non
2659 2419 2717 2462 ut
2767 2424 2797 2462 a
2841 2407 2982 2462 Filio
3012 2406 3214 2476 prodit,
3273 2404 3371 2458 scd
3416 2413 3476 2458 ut
3532 2405 3670 2457 reci-

2085 2503 2301 2572 pientes
2323 2516 2448 2555 cum
2481 2515 2580 2570 pro
2609 2515 2706 2554 sua
2755 2497 3058 2568 capacitate
3121 2505 3352 2566 possunt
3401 2494 3671 2564 recipere,

2085 2593 2188 2647 hoc
2212 2602 2298 2646 est
2333 2591 2386 2646 in
2419 2591 2644 2662 proprio
2673 2588 2896 2643 (-ﬂ‘ectu.
2953 2587 3030 2641 Ex
3069 2585 3154 2639 his
3181 2583 3436 2638 omnibus
3493 2581 3669 2635 mani-

2085 2685 2284 2739 festum
2316 2693 2420 2746 est,
2451 2683 2638 2737 divum
2667 2681 3124 2752 Chrysostomum
3161 2685 3514 2730 asserentcm
3550 2691 3674 2742 gra«

2089 2780 2217 2832 tiam
2249 2776 2544 2846 quamdam
2588 2775 2830 2842 Spiritus
2860 2773 3036 2828 sancti
3075 2781 3206 2824 tunc
3250 2769 3436 2822 datam
3505 2764 3675 2820 fuisse

2085 2870 2374 2937 apostolis,
2403 2867 2548 2921 haud
2589 2876 2919 2936 negaturum
2980 2862 3177 2927 fuisse,
3218 2862 3385 2914 etiam
3440 2858 3672 2929 gratiam

2085 2961 2342 3017 clicctum
2377 2977 2498 3016 esse
2526 2960 2768 3030 Spiritus
2799 2959 2999 3022 sant-ti,
3032 2959 3176 3010 sicut
3221 2964 3304 3010 est
3338 2955 3392 3007 in
3433 2949 3678 3006 homini-

2088 3057 2220 3120 hus,
2265 3065 2317 3110 et
2353 3063 2412 3107 ut
2443 3055 2497 3107 in
2529 3054 2728 3107 eliectu
2763 3053 2868 3106 hoc
2897 3051 3164 3121 Spiritum
3198 3058 3446 3104 sanctum
3517 3045 3678 3098 inha-

2087 3149 2264 3204 bitare
2303 3147 2644 3208 hominibus,
2675 3160 2868 3211 verum
2905 3159 3016 3198 non
3051 3155 3110 3197 ut
3141 3143 3194 3196 in
3239 3157 3298 3196 se
3349 3141 3470 3212 ipso
3499 3148 3586 3192 est
3620 3147 3679 3192 et

2089 3244 2307 3312 propria
2341 3254 2576 3303 natura;
2607 3239 2916 3309 Filiumque
2951 3239 3041 3293 Dei
3077 3253 3198 3293 esse
3221 3251 3372 3302 eum,
3395 3235 3486 3304 qui
3519 3233 3682 3288 inha-

2087 3336 2270 3391 bitare
2297 3335 2423 3390 facit
2455 3335 2594 3388 hanc
2615 3335 2868 3404 gratiam,
2889 3330 3160 3400 Spiritum
3181 3337 3430 3384 sanctum
3457 3325 3680 3396 prodire

2091 3429 2381 3483 iacientem
2407 3435 2494 3493 ;et
2522 3425 2672 3479 hunc
2692 3423 2915 3493 quidem
2944 3431 3194 3476 sanctum
3225 3418 3490 3487 Spiritum
3518 3429 3681 3470 ποιοί·-

2091 3521 2291 3574 naliter
2325 3520 2658 3589 producere,
2695 3517 2826 3572 licet
2869 3518 2922 3570 in
2953 3525 3197 3583 tempore
3229 3515 3547 3584 prqducens
3577 3526 3675 3580 ap-

2092 3625 2320 3682 pareat;
2357 3613 2440 3666 eis
2470 3626 2621 3674 vero,
2656 3610 2858 3680 quibus
2881 3608 3205 3678 .producens
3235 3606 3596 3676 cognoscitur
3623 3613 3680 3656 ct

2094 3706 2301 3775 quibus
2359 3703 2539 3772 ipsum
2599 3702 2878 3770 producit,
2917 3701 3161 3771 Spiritus
3211 3697 3388 3754 sancti
3445 3696 3680 3766 gratiam

2093 3799 2346 3866 recipere
2393 3805 2449 3850 et
2492 3796 2847 3863 sempiternae
2891 3794 3040 3847 illius
3091 3791 3431 3861 operationis
3464 3797 3680 3856 tempo-

2096 3891 2264 3946 ralem
2297 3888 2579 3944 eﬁ‘ectum.
2613 3903 2718 3940 non
2757 3887 2929 3955 ipsam
2961 3897 3214 3939 naturam
3277 3883 3362 3936 vel
3417 3881 3684 3950 hyposm-

2094 3985 2202 4044 sin,
2238 3991 2299 4037 ut
2328 3981 2396 4034 ab
2426 3995 2491 4034 eo
2523 3979 2870 4049 producitur.
2911 3977 3056 4042 llaec,
3105 3977 3352 4044 inquam,
3391 3972 3538 4026 haud
3576 3985 3677 4025 ne-

2096 4061 2322 4152 gaturus
2354 4074 2458 4128 fuit
2488 4073 2956 4144 Chrysostomus;
2996 4084 3122 4123 nam
3150 4083 3275 4122 vera
3304 4065 3532 4119 omnino
3553 4071 3684 4116 sunt

2095 4183 2152 4228 et
2181 4170 2314 4226 nihil
2345 4167 2548 4222 habent
2573 4165 2903 4230 adversum;
2943 4163 3060 4217 hzec
3101 4173 3278 4229 neque
3307 4158 3452 4211 ullus
3485 4157 3682 4210 docto-

2097 4280 2222 4320 rum
2265 4277 2444 4334 neque
2507 4262 2627 4333 ipse
2673 4259 2836 4313 divus
2885 4256 3314 4326 Chrysostomus
3368 4251 3671 4322 negaverit,

2097 4372 2280 4425 neque
2307 4372 2407 4410 nos
2440 4353 2850 4424 negaverimus,
2905 4353 2948 4404 si
2985 4359 3100 4403 tum
3153 4349 3386 4402 aliorum
3425 4355 3538 4398 tum
3584 4345 3690 4397 hu-

2090 4445 2183 4518 jus
2224 4460 2495 4500 memores
2535 4459 2659 4498 esse
2692 4441 2945 4497 velimus.
2981 4440 3116 4494 Nam
3157 4437 3260 4492 etsi
3295 4436 3682 4506 ambigendum

403 4549 570 4612 αιτδς
609 4549 637 4601 ὁ
681 4547 824 4610 θεῖος
877 4543 1142 4616 ἀρνηθείη
1192 4543 1607 4612 Χρυσόπτομοςν
1655 4543 1766 4596 οὐδ’
1802 4545 1984 4614 ἡμεῖς’

2098 4541 2190 4603 sit,
2229 4537 2510 4609 quomodo
2541 4535 2794 4591 homines
2825 4533 3110 4603 accipiunt
3135 4531 3406 4601 Spiritum
3433 4538 3685 4582 sanctum

402 4645 453 4698 εἰ
499 4641 791 4713 μέλλοιμεν
831 4639 940 4691 τῶν
978 4653 1038 4690 τε
1069 4635 1248 4691 ἄλλων
1281 4636 1377 4690 καὶ
1437 4634 1602 4689 αὑτοῦ
1632 4635 1894 4690 συνιέναι.
1935 4637 1996 4689 Ei

404 4739 513 4808 γὰρ
547 4737 662 4800 καὶ,
700 4734 818 4796 πῶς
849 4731 916 4786 ἂν
947 4729 1282 4800 λαμϐάνοιεν
1314 4729 1368 4782 οἱ
1388 4729 1674 4798 ἂνθρωποι
1706 4729 1766 4783 τὸ
1804 4730 1869 4781 ἐκ
1901 4729 1996 4782 τοῦ

404 4831 542 4884 Υἱοῦ
580 4825 1028 4899 προϐαλλόμενον
1090 4823 1340 4891 Πνεῦμα,
1386 4821 1678 4892 διαπορεῖν
1714 4822 1843 4892 χρὴ,
1901 4822 2000 4894 ζη-

407 4924 671 4992 τουμένου
703 4919 800 4974 τοῦ
827 4921 876 4972 εἰ
905 4919 968 4972 ἐκ
995 4915 1090 4970 τοῦ
1113 4915 1246 4970 Υίοῦ
1289 4914 1679 4984 ἐκπορεύεται,
1699 4915 1856 4979 ἀλλὰ,
1883 4916 1999 4977 πῶς

407 5019 474 5073 ἂν
502 5018 743 5088 δέχοιντο
763 5015 824 5068 τὸ
850 5016 912 5067 ἐκ
927 5011 1021 5067 τοῦ
1052 5011 1266 5081 Πατρδς
1285 5009 1727 5081 ἐκπορευόμενον
1746 5008 1997 5076 Πνεῦμα,

407 5110 516 5164 οἰδ¹
543 5110 678 5171 ὅλως
703 5107 767 5160 ἂν
787 5107 897 5160 δέοι
920 5105 1199 5174 διαπορεῖν
1222 5119 1232 5132 ·
1261 5103 1396 5156 αὐτό
1418 5120 1476 5156 τε
1499 5103 1608 5173 γὰρ
1631 5100 1913 5172 προδήλως
1937 5103 2000 5152 ἐκ

411 5206 508 5259 τοῦ
533 5204 746 5274 Πατρὶς
776 5198 1162 5270 ἐκπορεύεται,
1191 5197 1286 5252 καὶ
1313 5198 1372 5250 τὸ
1396 5198 1458 5249 ἐκ
1479 5195 1572 5248 τοῦ
1601 5195 1814 5262 Πατρὸς
1839 5196 1902 5245 ἐκ
1915 5210 2003 5245 :0-

414 5301 708 5372 ρευόμεγον
739 5295 966 5365 Πνεῦμα
1000 5293 1049 5346 οἱ
1100 5289 1380 5362 ἄνθρωποι
1417 5289 1720 5359 λαμϐάνειν
1747 5287 2000 5357 λέγονται

413 5395 505 5448 καὶ
540 5390 938 5462 λαμϐάνουσιν.
971 5387 1160 5440 Ὅταν
1188 5385 1300 5454 γὰρ
1329 5383 1502 5450 ἔλθῃ,
1535 5383 1722 5452 φησιν,
1751 5380 1782 5433 ὁ
1811 5380 2004 5450 Παρά-

411 5490 658 5556 κλητος,
690 5483 764 5538 ὃν
785 5481 901 5552 ἐγὼ
924 5479 1140 5550 πέμψω
1167 5479 1309 5548 ὑμῖν
1330 5477 1490 5546 παρὰ
1519 5477 1626 5531 τοῦ
1651 5476 1904 5544 Πατρός,
1935 5476 2003 5529 τὸ

411 5577 658 5647 Πνεῦμα
683 5576 788 5644 τῆς
819 5575 1130 5643 ἀληθείας,
1183 5571 1213 5625 ὃ
1260 5571 1420 5640 ,παρὰ
1450 5569 1555 5624 τοῦ
1585 5568 2006 5636 Πατρὺςέκπο-

403 5675 645 5744 petierat
675 5669 776 5737 (l)°
811 5667 929 5720 ἀλλ’
961 5667 1060 5736 οὐχ
1090 5666 1232 5720 οὕτω
1265 5661 1754 5735 λαμϐά·ιουσιν,ιῖ›ς
1797 5659 2002 5712 ἐκεῖθεν

491 5857 564 5926 (Ι)
602 5853 758 5912 Joan.
795 5867 882 5927 xv,
919 5849 1007 5903 :26.

2099 4650 2132 4689 e
2181 4631 2632 4698 Filiocmissum,
2693 4626 3236 4700 quando'quatn'itur,
3307 4641 3373 4678 an
3426 4639 3492 4676 ex
3550 4623 3689 4677 Filio

2102 4729 2406 4798 procedat:
2442 4735 2624 4782 tamen
2667 4725 2822 4778 nullo
2871 4721 3036 4776 modo
3073 4719 3466 4789 ambigendum
3525 4719 3693 4778 iuret,

2101 4821 2380 4891 quomodo
2426 4821 2704 4889 accipiant
2757 4815 3025 4888 Spiritum
3058 4830 3124 4869 ex
3165 4815 3327 4868 l’atre
3383 4811 3691 4882 proceden-

2104 4923 2211 4968 tem
2241 4930 2255 4979 ;
2283 4928 2406 4966 nam
2437 4921 2493 4967 et
2541 4911 2658 4981 ipse
2691 4908 2984 4964 manifeste
3017 4923 3084 4962 ex
3143 4906 3302 4960 Patre
3335 4905 3588 4975 procedit
3633 4917 3692 4958 et

2103 5004 2376 5074 Spiritum
2407 5019 2474 5059 ex
2505 5004 2668 5058 Patre
2695 5001 3092 5074 procedentem
3135 4999 3390 5054 homines
3437 4997 3689 5065 aeniperc

2103 5097 2368 5151 dit-untur
2391 5107 2442 5152 et
2473 5099 2780 5167 accipiunt.
2811 5094 3040 5161 Quando
3069 5093 3242 5157 enim,
3280 5093 3486 5160 inquit,
3529 5105 3690 5144 vene-

2105 5190 2173 5244 rit
2208 5188 2544 5250 Paracletus,
2575 5202 2730 5258 quem
2766 5201 2858 5256 ego
2893 5185 3104 5238 mittant
3129 5181 3271 5237 vobis
3301 5199 3332 5235 a
3358 5179 3546 5246 Patre,
3572 5179 3696 5250 Spi-

2105 5285 2238 5336 ritus
2279 5279 2544 5344 veritatis,
2583 5277 2672 5347 qui.
2708 5293 2740 5330 a
2783 5274 2949 5330 Putre
2977 5273 3256 5344 procedit;
3317 5269 3416 5324 sed
3454 5283 3564 5322 non
3625 5281 3692 5319 eo

2107 5373 2271 5428 modo
2297 5372 2600 5442 accipiunt,
2635 5383 2746 5439 quo
2770 5369 2898 5422 inde
2933 5365 3137 5437 prodit,
3171 5353 3304 5418 licet
3337 5363 3518 5431 ipsum
3545 5359 3695 5413 acci-

2107 5481 2238 5538 pere
2262 5465 2544 5528 dicantur,
2576 5477 2769 5518 verum
2799 5461 2867 5515 iis
2894 5473 3126 5530 prorsus
3175 5455 3456 5525 [medicus
3490 5453 3690 5515 modis,

2104 5559 2200 5617 qui
2231 5567 2288 5614 et
2327 5573 2520 5612 verum
2577 5564 2633 5611 et
2665 5555 2931 5610 decorum
2979 5557 3202 5606 servant
3253 5555 3309 5601 et
3361 5561 3468 5599 non
3532 5545 3696 5617 longe

2107 5655 2307 5710 absunt
2343 5668 2370 5706 a
2403 5653 2696 5707 docmrttm
2739 5647 3036 5704 sententia.
3077 5642 3284 5699 Eadem
3321 5641 3487 5712 igitur
3522 5649 3576 5697 ct
3627 5641 3698 5697 de
