4132 6464
445 434 549 498 12}
1651 421 1977 485 GEORGII
2022 415 2427 481 SCHOLARII
3574 414 3675 478 ιει

440 567 580 614 sam,
635 543 1073 617 quandoquidem
1106 545 1283 615 imago
1318 543 1520 600 dicitur
1548 550 1767 615 propter
1816 552 2006 611 quam-

2120 536 2246 590 ἰδίαν
2278 535 2478 599 αἰτίαν,
2536 533 2692 601 εἴπερ
2723 530 2887 585 εἰκὼν
2939 530 3154 599 λέγεται
3199 530 3288 585 διά
3328 546 3451 585 τινα
3498 534 3679 601 opimi-

442 642 567 695 dam
601 640 1036 701 similitudinem,
1064 653 1185 706 quae
1231 637 1287 690 in
1325 636 1440 706 ipsa
1480 633 1643 688 modo
1663 632 1849 702 aliquo
1886 628 1945 683 lit
1974 641 2006 682 a

2120 646 2247 697 ιητα
2282 630 2342 682 ιν
2388 627 2526 697 αὑτῇ
2554 625 2851 695 γινομένην
2873 625 3062 694 τρόπῳ
3090 624 3200 677 τινὶ
3239 624 3392 693 παρὰ
3411 624 3505 679 τοῦ
3527 642 3680 695 πρω-

444 738 734 800 prototypo
769 728 882 782 sive
913 726 1211 793 exemplari
1250 726 1335 780 vel
1371 723 1695 779 naturaliter
1723 721 1806 777 vel
1838 716 2010 775 artiﬁ-

2120 721 2362 787 ιοτὺπου,
2395 718 2575 775 εῐτονν
2623 717 2719 771 τοῦ
2772 717 3220 787 παραδείγματος
3278 716 3312 785 ἦ
3355 717 3604 786 φυσικῶς
3642 718 3676 788 ἢ

443 819 703 882 cialiter;
742 816 884 870 unde
931 815 1182 885 sequitur
1211 828 1429 867 omnem
1454 811 1744 882 imaginem
1786 816 2010 879 propter

2120 813 2400 883 τεχνικῶς,
2438 812 2515 875 ὡς
2548 810 2801 865 ἐντεῦθεν
2841 811 3024 863 πᾶσαν
3050 810 3236 862 εἰκόνα
3262 809 3350 863 διὰ
3371 812 3430 863 τδ
3459 809 3678 880 πρωτό-

442 920 794 980 prototypum
852 921 1007 971 esse;
1059 905 1304 960 secundo
1360 910 1549 973 pecrat
1608 902 1664 956 in
1713 914 1805 965 eo,
1859 896 2008 969 quod

442 1002 640 1056 Filium
699 998 835 1053 dicit
886 997 1182 1067 imaginem
1218 995 1401 1050 Patris
1428 1008 1549 1048 esse
1595 992 1783 1062 potius
1832 1001 1893 1045 ut
1955 989 2011 1045 in

442 1109 501 1147 se
526 1094 645 1161 ipso
696 1089 912 1144 Patrem
939 1087 1321 1142 ostendentem
1364 1092 1419 1140 et
1455 1084 1801 1154 ﬁgurantem,
1844 1097 2011 1153 quam

446 1193 504 1236 ut
538 1183 601 1235 ad
645 1183 823 1248 ipsum
863 1181 1163 1235 secundum
1203 1190 1425 1231 causam
1478 1175 1732 1228 relatum.
1786 1172 2014 1229 Videtur

442 1275 589 1327 enim
614 1271 820 1341 aliquid
852 1272 1055 1334 dicere,
1083 1269 1211 1324 dum
1239 1267 1373 1322 nihil
1399 1265 1547 1321 dicit.
1576 1265 1787 1320 Etenim
1814 1266 2012 1322 Filium

442 1369 499 1421 in
533 1382 591 1421 se
624 1368 742 1435 ipso
773 1365 985 1418 Patrem
1010 1362 1298 1418 ostendere
1321 1368 1376 1414 et
1400 1362 1631 1428 ligurare
1664 1360 1803 1413 idem
1833 1359 2012 1428 ipsum

443 1470 526 1512 est
564 1476 625 1512 ac
661 1457 836 1510 Patris
863 1455 1153 1524 imaginem
1202 1468 1328 1508 eum
1358 1467 1483 1507 esse
1509 1469 1525 1518 ;
1556 1467 1727 1520 quare
1757 1450 1890 1505 dicit
1921 1450 2017 1503 Fi-

448 1552 580 1603 lium
614 1564 732 1603 esse
765 1547 944 1602 Patris
987 1545 1312 1615 imaginem,
1343 1544 1470 1614 quia
1498 1544 1676 1614 imago
1704 1550 1828 1608 est;
1861 1557 1925 1595 ac
1969 1541 2015 1595 si

446 1643 573 1709 quis
601 1641 805 1695 dit-cret
837 1639 1109 1693 hominem
1151 1652 1272 1692 esse
1318 1636 1662 1699 rationalem,
1695 1628 1823 1706 quia
1856 1634 2019 1688 ratio-

448 1738 590 1789 nalis
620 1744 730 1797 est;
779 1743 837 1786 et
862 1732 1005 1801 quod
1042 1723 1221 1785 adhuc
1249 1731 1422 1800 pejus,
1453 1729 1657 1784 idcirco
1690 1729 1862 1799 magis
1891 1743 2015 1783 eum

452 1829 524 1880 ita
565 1825 819 1895 appellari
845 1825 1063 1889 statuit,
1094 1839 1255 1892 quant
1313 1821 1457 1886 ideo,
1511 1820 1657 1890 quod
1690 1821 1756 1875 ad
1797 1822 2015 1876 Patrem

452 1929 515 1972 ut
560 1920 626 1971 ad
669 1933 892 1973 causam
944 1918 1214 1981 refertur;
1264 1914 1483 1984 quando
1523 1913 1627 1968 etsi
1672 1913 1782 1967 duo
1828 1929 2018 1969 revera

450 2021 657 2071 essent,
693 2025 812 2079 qtne
842 2024 944 2079 pro
965 2008 1181 2062 duobus
1208 2006 1396 2068 sumit,
1429 2006 1607 2075 imago
1633 2004 1851 2075 quidem
1874 2015 2020 2060 esset

456 2101 645 2158 Elius.
667 2102 793 2169 quia
827 2101 879 2153 in
907 2115 964 2153 se
996 2099 1112 2168 ipso
1138 2098 1350 2152 Patrem
1380 2097 1614 2166 imagine
1645 2105 2020 2165 repraesentat,

455 2202 869 2261 repnesentaret
909 2205 1060 2254 vero,
1101 2193 1226 2259 quia
1278 2188 1343 2242 ad
1385 2188 1563 2258 ipsum
1602 2197 1663 2242 ut
1699 2188 1768 2242 ad
1797 2203 2019 2243 causam

454 2285 691 2336 refertur
747 2293 802 2337 et
848 2294 1040 2336 natura
1083 2283 1334 2348 Patrem;
1404 2281 1551 2336 unde
1610 2281 1792 2350 potius
1845 2282 2021 2349 imago

456 2377 619 2436 foret,
652 2375 775 2444 quia
807 2390 873 2429 ex
910 2374 1067 2429 Patre
1100 2383 1185 2429 est
1210 2416 1224 2439 ,
1266 2389 1430 2444 quant
1467 2374 1612 2438 ideo,
1646 2372 1773 2442 quia
1802 2370 2020 2427 Patrem

457 2466 789 2522 manifestat.
835 2467 978 2522 Bene
1015 2479 1196 2521 autem
1238 2465 1347 2536 agit
1388 2477 1573 2535 postea
1622 2480 1848 2535 prorsus
1899 2479 2021 2519 eas-

455 2563 579 2616 dem
617 2574 809 2614 causas
853 2558 1172 2622 ostcndeus,
1221 2569 1276 2613 et
1332 2558 1477 2626 quod
1530 2555 1772 2627 Spiritus
1821 2555 1942 2621 Filii
1966 2565 2023 2611 et

454 2653 599 2723 quod
646 2652 813 2706 Filius
862 2652 1039 2706 Patris
1093 2652 1268 2720 imago
1297 2650 1545 2713 dicatur;
1595 2652 1751 2719 quia,
1804 2649 2021 2717 inquit,

455 2746 658 2813 accipit
686 2760 714 2799 a
762 2744 898 2799 Filio
925 2755 980 2799 et
1013 2745 1138 2813 quia
1170 2743 1434 2797 clarilleat
1483 2741 1681 2796 Filium
1711 2751 1768 2795 et
1804 2740 2025 2810 perlicit

458 2838 580 2892 Filii
608 2852 767 2906 opus,
802 2835 1261 2905 quemadmodum
1307 2836 1472 2890 etiam
1527 2833 1595 2888 de
1641 2833 1780 2887 Filio
1828 2832 2019 2887 cadent

459 2916 710 2997 respectu
761 2928 827 2981 ad
882 2928 1097 2982 Patrem
1147 2926 1423 2980 dicuntur.
1466 2925 1736 2994 Explanat
1781 2926 1929 2980 cuitu
1960 2939 2025 2981 ac

457 3020 600 3074 bene
631 3018 850 3088 quidem
882 3033 1081 3072 nomen
1115 3017 1388 3086 imaginis,
1418 3016 1697 3086 quomodo
1728 3016 1796 3070 de
1819 3014 2025 3070 divinis

458 3113 709 3183 personis
734 3092 1038 3180 accipitur;
1067 3111 1163 3166 sed
1213 3110 1538 3164 relationem
1571 3123 1750 3164 causa:
1785 3123 1883 3177 per
1908 3108 2024 3163 haec

2108 922 2278 958 τυπον
2312 898 2487 958 εἶναι’
2513 902 2766 972 δεύτερον
2789 901 2846 954 δὲ
2885 901 3205 970 ἁμαρτάνει
3238 903 3296 953 ὲν
3324 895 3407 964 οἷς
3436 900 3526 954 τὸν
3552 903 3679 956 Υἰῖν

2109 998 2299 1069 εἰκόνα
2330 996 2481 1064 λέγει
2513 997 2611 1048 τοῦ
2646 995 2860 1063 Πατρὸς
2890 989 3033 1046 εἰναι
3066 993 3263 1062 μᾶλλον
3294 992 3368 1056 ὡς
3400 994 3457 1044 ὲν
3500 993 3680 1064 ἑαυτῷ

2109 1090 2202 1142 τὸν
2238 1090 2455 1158 Πατέρα
2501 1085 2787 1141 δεικνύντα
2821 1087 2916 1139 καὶ
2971 1085 3307 1149 εἰκονίζοντα
3349 1083 3385 1155 ἢ
3417 1084 3493 1146 ὡς
3541 1084 3681 1154 πρὸς

2111 1182 2276 1237 αὑτὸν
2305 1179 2427 1235 κατ’
2444 1179 2629 1232 αἰτίαν
2660 1177 3087 1248 ἀναφερόμενον.
3135 1178 3299 1230 Δοκεῖ
3347 1177 3455 1246 γάρ
3507 1193 3561 1229 τι
3598 1177 3686 1230 M-

2112 1289 2232 1341 γειν
2256 1271 2431 1340 λέγων
2452 1269 2629 1323 οὐδέν.
2671 1267 2894 1337 Τὸγὰρ
2950 1267 3041 1320 τὸν
3098 1266 3226 1320 Υἰὸν
3262 1269 3319 1320 ὲν
3379 1266 3557 1335 ἐαυτῷ
3587 1266 3680 1319 τὸν

2114 1365 2340 1434 Πατέρα
2379 1363 2653 1418 δεικνύναι
2685 1362 2780 1415 καὶ
2827 1359 3138 1424 εἰκονίζειν,
3171 1358 3317 1412 τοῦτ’
3363 1357 3514 1411 ἐστὶν
3550 1359 3684 1410 αὐτὸ

2114 1458 2175 1508 τὸ
2206 1455 2391 1510 εἰκόνα
2418 1454 2512 1510 τοῦ
2554 1455 2761 1524 Πατρδς
2805 1454 2964 1507 αὑτὸν
3010 1449 3187 1507 εἶναι·
3225 1451 3364 1506 ὥστε
3409 1451 3559 1519 λέγει
3588 1451 3682 1504 τὸν

2115 1547 2243 1600 Υἱδν
2265 1547 2447 1599 εἰκόνα
2487 1545 2583 1600 τοῦ
2623 1546 2835 1615 Πατρδς
2896 1540 3035 1599 εἰναι
3075 1544 3165 1598 διὰ
3208 1545 3267 1597 τδ
3332 1540 3472 1597 εἶναι
3516 1543 3683 1596 αὑτὸν

2117 1637 2327 1703 εἰκόνα,
2361 1639 2439 1701 ὼς
2481 1638 2534 1693 εἰ
2561 1656 2645 1700 τις
2679 1637 2851 1705 λέγοι,
2880 1636 2972 1690 τὸν
3023 1635 3317 1707 ἄνθρωπον
3351 1634 3567 1702 λογικὸν
3606 1629 3685 1685 εἷ-

2118 1748 2207 1784 ναι
2238 1731 2326 1784 διὰ
2373 1731 2435 1782 τὸ
2465 1729 2687 1797 λογικὸν
2723 1726 2864 1783 εἶναι
2899 1727 3064 1780 αὐτόν
3085 1746 3098 1760 ο
3123 1728 3218 1781 καὶ
3250 1726 3312 1779 τὸ
3363 1729 3567 1796 χεῖρον,
3599 1725 3683 1777 ὅτι

2119 1824 2217 1879 καὶ
2241 1823 2327 1876 διὰ
2352 1822 2511 1875 τοῦτο
2559 1821 2759 1891 μᾶλλον
2806 1820 2970 1874 αὑτὸν
3015 1819 3156 1873 οὕτω
3209 1818 3461 1887 λέγεσθαι
3521 1818 3682 1884 ἀξιοῖ,

2051 1886 2092 1939 Β
2120 1916 2153 1985 ἢ
2191 1915 2278 1968 διὰ
2307 1914 2368 1967 τὸ
2401 1915 2536 1986 πρὶς
2559 1886 2667 1968 *τὸν
2704 1914 2921 1982 Πατέρα
2951 1911 3027 1976 ὡς
3071 1910 3245 1964 αἴτιον
3283 1886 3678 1980 ἆναφέῥεσθαιο

2117 2007 2278 2060 ὁπότε
2325 2008 2421 2060 καί
2450 2006 2595 2058 δυοῖν
2650 2005 2819 2059 ὄντων
2870 2005 2947 2067 ὡς
2994 2002 3233 2071 ἀληθῶς,
3289 2002 3432 2070 ἆπερ
3468 2002 3544 2064 ὡς
3591 2002 3685 2054 δζο

2117 2098 2408 2167 λαμϐάνει,
2440 2097 2602 2150 εἰκὼν
2640 2098 2739 2166 μὲν
2770 2096 2835 2150 ἂν
2869 2092 2935 2167 ἧν
2966 2096 2994 2149 ό
3025 2095 3150 2158 Υἰὸς
3190 2095 3277 2148 διὰ
3309 2094 3369 2147 τὸ
3399 2090 3686 2156 εἰκονίζειν

2119 2194 2177 2245 ὲν
2207 2190 2385 2261 ἐαυτῷ
2411 2191 2502 2243 τὸν
2532 2191 2770 2260 Πατέρα,
2804 2188 3037 2254 εἰκόνιςε
3087 2189 3128 2241 δ’
3161 2188 3249 2255 ἂν,
3299 2189 3387 2242 διὰ
3443 2189 3502 2239 τὸ
3548 2188 3685 2257 πρὸς

2120 2282 2285 2335 αὑτὸν
2340 2281 2417 2344 ὼς
2463 2283 2636 2335 αττιον
2668 2281 3038 2351 ἀναφέρεσθαι
3087 2284 3179 2335 καί
3232 2282 3389 2350 φύσει
3428 2282 3682 2350 Πατέρα·

2121 2373 2262 2427 ὥστε
2300 2374 2500 2444 μᾶλλον
2531 2371 2596 2427 ἂν
2645 2370 2711 2445 ἢν
2769 2372 2934 2427 εἰκὼν
2984 2373 3073 2426 διὰ
3126 2373 3187 2426 τὸ
3234 2363 3298 2427 ἐκ
3347 2372 3441 2424 τοῦ
3471 2372 3686 2444 nam;

2121 2465 2444 2539 εἷναιῆδιὰ
2506 2468 2567 2523 τὸ
2623 2469 2895 2538 φανεροῦν
2957 2469 3049 2522 τὸν
3109 2469 3343 2540 Πατέρα.
3404 2470 3598 2531 Καλῶς
3629 2469 3688 2521 δὲ

2121 2565 2268 2616 ποιεῖ
2297 2566 2437 2630 μετὰ
2487 2563 2663 2616 ταῦτα
2717 2563 2805 2617 διὰ
2871 2563 3091 2617 πάντων
3146 2563 3245 2626 τὰς
3299 2563 3464 2624 αὑτὰς
3506 2562 3688 2624 αἰτίας

2122 2656 2337 2718 δεικνὺς
2365 2656 2461 2710 τοῦ
2510 2657 2572 2711 τὸ
2602 2656 2827 2726 Πνεῦμα
2871 2658 3055 2710 εἰκόνα
3091 2657 3185 2711 τοῦ
3245 2658 3376 2711 Υἰοῦ
3429 2658 3687 2724 λέγεσθαι

2125 2749 2218 2803 καὶ
2269 2749 2362 2804 τὸν
2419 2750 2546 2803 Υἰὸν
2571 2751 2666 2805 τοῦ
2728 2751 2938 2822 Πατρός
2967 2768 2982 2783 ο
3016 2752 3174 2817 διότι,
3218 2752 3376 2821 φησι,
3412 2751 3687 2820 λαμϐάνει

2125 2843 2277 2911 παρὰ
2302 2842 2396 2894 τοῦ
2429 2841 2586 2904 Υἱοῦ,
2614 2844 2706 2895 καὶ
2734 2842 2868 2895 διότι
2897 2840 3113 2907 δοξάσει
3144 2842 3237 2894 τὸν
3284 2842 3411 2894 Υἰὺν
3455 2844 3552 2894 καὶ
3603 2859 3689 2892 τε-

2124 2930 2259 2984 λειοῖ
2284 2932 2342 2984 τὸ
2363 2931 2457 2985 τοῦ
2489 2932 2617 2985 Υἰοῦ
2648 2932 2831 3000 ἔργον,
2891 2929 3083 3000 ὥσπερ
3135 2932 3201 3001 δὴ
3252 2931 3349 2985 καὶ
3405 2931 3536 3000 περὶ
3593 2928 3689 2982 τοῦ

2123 3022 2254 3076 Υἰοῦ
2286 3023 2458 3077 ταῦτα
2477 3026 2543 3093 τῇ
2574 3024 2709 3094 πρὸς
2741 3023 2832 3076 τὸν
2860 3018 3080 3092 Πατέρα
3109 3020 3409 3090 ἀποϐλέψει
3447 3021 3687 3088 λέγετλι.

2140 3113 2448 3185 Ἐξηγείται
2481 3115 2591 3187 γὰρ
2617 3118 2676 3169 τὸ
2698 3116 2802 3186 τῆς
2850 3117 3060 3176 εἰκόνος
3113 3114 3285 3183 ὖνομα
3342 3114 3437 3167 καὶ
3487 3111 3689 3175 καλῶς,

452 3220 567 3258 non
616 3203 897 3267 eliminat;
954 3202 1166 3256 inducit
1216 3202 1382 3271 igitur
1407 3216 1527 3255 eam
1572 3201 1748 3270 primo
1802 3200 2021 3270 quidem

2128 3209 2246 3271 πῶς
2274 3209 2366 3261 ἐπὶ
2394 3210 2503 3261 τῶν
2544 3208 2706 3262 θείων
2738 3208 3042 3279 προσώπων
3077 3208 3439 3277 λαμϐάνεται,
3470 3204 3583 3260 ἀλλ’
3627 3206 3688 3259 οὑ

455 3296 585 3367 quia
618 3296 663 3351 si
706 3294 912 3349 eisdem
952 3295 1128 3348 modis
1158 3292 1226 3347 de
1257 3293 1394 3347 Filio
1417 3302 1473 3347 et
1493 3291 1561 3346 de
1588 3292 1794 3362 Spiritu
1832 3301 2057 3347 sanct0~

456 3386 710 3455 imaginis
762 3397 962 3441 nomen
1005 3385 1225 3447 dicitur,
1255 3381 1413 3437 ‘Filio
1454 3397 1583 3437 vero
1637 3382 1793 3437 adest
1850 3391 1909 3435 ut
1957 3395 2026 3436 ex

456 3480 617 3535 Patre
654 3478 967 3550 prodeunti,
997 3478 1160 3532 etiam
1210 3474 1439 3546 Spiritui
1492 3474 1673 3530 aderit
1700 3484 1760 3528 ut
1787 3464 1852 3529 ex
1886 3472 2025 3528 Filio

458 3570 787 3642 prodeunti;
818 3568 1013 3623 deinde
1034 3565 1165 3638 quia
1197 3568 1358 3635 hujus
1387 3567 1488 3630 rei,
1524 3581 1633 3634 quo
1662 3565 1833 3620 Filius
1848 3564 2026 3620 Patris

460 3667 636 3733 imago
662 3673 767 3729 est,
800 3676 905 3716 non
941 3661 1059 3715 vice
1101 3674 1256 3713 versa
1288 3659 1448 3713 Pater
1482 3657 1663 3728 imago
1696 3648 2027 3721 Filii,'siuti-

458 3755 585 3807 liter
619 3766 749 3806 vero
779 3749 1016 3820 Spiritus
1042 3749 1220 3819 imago
1256 3746 1402 3811 Filii,
1432 3762 1543 3802 non
1583 3746 1756 3802 Ftlius
1790 3746 2028 3816 Spiritus

459 3843 660 3911 imago,
693 3842 798 3896 alia
830 3856 996 3896 causa
1029 3854 1152 3896 esse
1190 3854 1300 3894 non
1334 3840 1560 3909 poterit,
1591 3838 1697 3893 nisi
1727 3837 1873 3907 quod
1903 3850 2026 3907 quae

456 3937 525 3989 ad
557 3933 1070 4004 superessentialem
1110 3932 1518 4001 processionem
1558 3930 1869 3985 divinarum
1902 3945 2025 4007 per-

456 4043 712 4083 sonarum
745 4025 1024 4096 pertinent
1060 4024 1363 4079 secundum
1415 4034 1668 4078 sanctum
1702 4022 2021 4093 Dionysium

458 4135 570 4175 :ton
614 4122 1012 4173 convertuntur
1062 4113 1130 4168 ad
1183 4113 1440 4168 invicem.
1493 4116 1682 4182 Neque
1706 4117 1851 4166 enim
1911 4124 2024 4168 tum

460 4226 585 4279 qua:
622 4208 689 4263 de
711 4206 913 4262 divinis
942 4214 1000 4261 et
1019 4220 1050 4259 a
1091 4202 1297 4259 divinis
1325 4208 1580 4274 personis
1610 4205 1874 4275 disposita
1899 4212 2027 4259 sunt

463 4315 578 4355 tum
607 4315 728 4370 qua:
761 4299 829 4354 de
853 4298 921 4354 iis
947 4296 1229 4362 dicuntur,
1269 4295 1476 4351 frustra
1504 4295 1589 4350 vel
1620 4295 1760 4350 facta
1789 4305 1919 4349 sunt
1941 4295 2026 4350 vel

458 4398 743 4450 dicuntur.

963 4610 1200 4665 urnas.
1229 4572 1395 4664 CAP;
1420 4608 1534 4663 xv.

530 4770 797 4842 Spiritum
826 4768 961 4825 dicit
989 4765 1269 4838 Nyssenus
1306 4765 1589 4836 theologus
1620 4781 1685 4822 ex
1716 4766 1873 4824 Patre
1905 4783 2025 4838 pro-

459 4868 764 4924 oedeutem.
817 4863 1048 4918 Cuiuam
1094 4860 1441 4923 manifestum
1487 4861 1691 4916 exinde
1745 4877 1853 4915 non
1914 4870 2023 4927 est,

462 4957 727 5027 Spiritum
759 4952 1063 5023 producere
1092 4950 1488 5020 hypostaticam
1523 4950 1637 5004 sive
1678 4951 2022 5019 personalem

457 5063 580 5105 esse
610 5045 785 5100 Patris
815 5041 1220 5115 propietatem?
1249 5040 1403 5095 Sicut
1429 5040 1575 5095 enim
1598 5040 1727 5096 dum
1748 5040 2026 5110 Unigeniti

461 5138 777 5211 hyposmsin
819 5138 1154 5189 iuearnatam
1196 5146 1321 5186 esse
1367 5131 1630 5195 dicimus,
1658 5133 2028 5187 incouununi-

457 5233 636 5290 cubile
688 5231 791 5285 hoc
842 5227 987 5282 Patri
1024 5235 1081 5281 ct
1125 5222 1354 5294 Spiritui
1404 5225 1789 5279 ostendimus:
1844 5226 1915 5279 ita
1968 5233 2025 5280 et

459 5327 589 5380 dum
615 5323 848 5377 dicimus
870 5317 1046 5374 Patris
1076 5315 1392 5387 Itypostasin
1424 5316 1729 5384 producere
1760 5314 2023 5386 Spiritum

458 5428 730 5475 Sanctum,
777 5426 909 5468 sane
963 5410 1012 5465 id
1049 5408 1275 5463 minime
1308 5407 1473 5462 etiam
1506 5407 1643 5464 Filio
1695 5409 2023 5465 tribuemus.

432 5515 567 5575 ,Ant
594 5522 725 5577 ergo
783 5504 957 5559 Latini
992 5500 1288 5558 ostendant
1320 5502 1612 5569 quemdam
1640 5500 2021 5569 theologorum

459 5602 623 5656 etiam
654 5614 718 5653 ex
751 5596 870 5651 Filii
904 5593 1179 5666 hypostasi
1212 5591 1477 5661 Spiritum
1504 5605 1627 5646 esse
1662 5602 2025 5659 asserenteut,

530 5780 608 5848 (I)
648 5777 789 5848 Men.
821 5776 889 5829 9.7
921 5775 962 5840 l',
992 5776 1096 5829 2l7
1126 5775 1181 5837 ι),
1221 5774 1269 5826 εἰ
1303 5773 1532 5848 εἰσάγει.

650 5846 706 5901 lu
742 5847 883 5901 Men.
916 5848 953 5914 l',
985 5848 1090 5900 29:!
1121 5848 1153 5899 ἰ)
1181 5856 1265 5901 est
1295 5860 1416 5915 cap.
1447 5843 1501 5898 ὅ.
1537 5843 1752 5900 Initium
1788 5842 2024 5900 tdctu'ut

2056 4555 2102 4609 1)

2126 3294 2223 3367 τὴν
2249 3295 2346 3365 τῆς
2378 3297 2556 3361 αἰτίας
2581 3298 2862 3367 ἀναφορὰν
2895 3298 2984 3351 διὰ
3015 3299 3220 3351 τούτων
3255 3296 3504 3352 ἐκϐάλλει
3526 3313 3540 3326 ·
3576 3298 3693 3348 εἰσ-

2126 3384 2247 3452 άγει
2276 3384 2355 3455 (l)
2414 3386 2514 3455 μὲν
2563 3384 2657 3438 οὖν
2697 3387 2915 3456 πρῶτον
2961 3386 3084 3457 μὲν,
3119 3387 3200 3439 ὅτι
3256 3387 3304 3439 εἰ
3357 3388 3468 3447 τοῖς
3501 3385 3693 3448 αὐτοῖς

2125 3477 2349 3544 τρόποις
2405 3477 2499 3528 ἐπὶ
2534 3476 2666 3530 Υἰοῦ
2711 3476 2806 3530 καὶ
2855 3477 3174 3547 Πνεῦματος
3224 3476 3285 3528 τὸ
3340 3475 3441 3545 τῆς
3484 3477 3691 3538 εἰκόνος

2127 3566 2296 3637 ὄιομα
2323 3567 2565 3636 λέγεται,
2598 3569 2864 3640 πρόσεστι
2891 3568 2949 3621 δὲ
2973 3568 3050 3637 τῷ
3082 3568 3197 3638 Υἰῷ
3230 3569 3306 3630 ὡς
3336 3570 3398 3620 ἐκ
3432 3567 3527 3620 τοῦ
3582 3567 3693 3618 Πα-

2124 3661 2252 3730 τρδς
2288 3660 2552 3729 προῖόντι,
2590 3664 2684 3715 καὶ
2741 3659 2819 3730 τῷ
2853 3661 3130 3732 Πνεύματι
3159 3662 3234 3724 ὡς
3292 3662 3358 3712 ὲκ
3403 3659 3499 3713 τοῦ
3548 3658 3691 3713 Tim?

2126 3752 2372 3821 προῖόντι
2402 3755 2735 3821 προσέσται·
2794 3752 2968 3806 ἔπειθ’
3021 3754 3103 3806 ὅτι
3148 3752 3244 3805 τοῦ
3287 3754 3379 3806 τὸν
3428 3753 3528 3823 μὲν
3562 3752 3691 3806 Tim

2127 3846 2311 3899 εἰκόνα
2338 3846 2432 3899 τοῦ
2466 3847 2678 3918 Πατρδς
2709 3843 2850 3902 εἶναι
2887 3849 2982 3902 καὶ
3023 3850 3124 3903 οὑκ
3148 3851 3553 3920 ἁντιστρέφειν,
3584 3848 3692 3902 ὡσ-

2127 3936 2309 3998 αύτως
2340 3936 2397 3990 δὲ
2429 3941 2526 3991 καὶ
2550 3940 2612 3991 τὸ
2637 3938 2869 4009 Πνεῦμα
2900 3940 2993 3992 τοῦ
3031 3939 3162 3992 Υἰοῦ
3186 3944 3477 4010 τυγχάνειν
3509 3941 3694 3995 εἰκόνα

2127 4030 2220 4082 καὶ
2253 4029 2329 4099 μὴ
2355 4028 2760 4100 ἀντιστρέφειν,
2788 4032 2841 4084 τί
2872 4031 2924 4099 γ’
2959 4033 3026 4086 ἂν
3062 4033 3234 4086 αἴτιον
3294 4034 3402 4104 εἴη,
3438 4036 3486 4086 εἰ
3524 4033 3693 4105 μὴτὸ

2125 4123 2196 4173 τὰ
2222 4121 2322 4190 τῆς
2347 4122 2676 4193 ὑπερουσίου
2700 4122 2989 4190 θεογονίας
3016 4125 3158 4178 κατὰ
3204 4126 3295 4178 τὸν
3334 4126 3479 4196 ἰερδν
3510 4126 3697 4179 Διονὺο

2110 4235 2243 4271 εσιον
2266 4220 2366 4273 οὑκ
2390 4198 2769 4288 ἀντιστρέλφειν
2804 4218 2940 4288 πρὸς
2980 4218 3215 4288 aliqu;
3260 4219 3332 4270 Οὑ
3362 4221 3471 4289 γὰρ
3520 4220 3590 4273 τά
3631 4237 3693 4281 τε

2123 4309 2552 4378 οἰκονομηθέντα
2585 4308 2846 4381 περὶτῶν
2873 4309 3035 4363 θείων
3072 4315 3166 4362 καὶ
3191 4312 3344 4382 παρὰ
3377 4313 3485 4364 τῶν
3531 4311 3694 4365 θείων

2125 4404 2461 4470 προσώπων,
2489 4404 2557 4455 τά
2588 4418 2649 4454 τε
2685 4402 2816 4469 περί
2850 4402 3031 4455 αὑτῶν
3062 4402 3334 4471 λεγόμενα
3389 4405 3568 4472 μάτην
3597 4405 3695 4472 γέ-

2126 4493 2251 4560 γονέ
2279 4509 2340 4544 τε
2362 4495 2456 4544 καὶ
2484 4493 2722 4561 λέγεται.

2550 4627 2812 4681 ΕΦΕΣΟΥ
2852 4629 3010 4684 uiae.
3053 4630 3129 4683 ιιευ
3172 4630 3271 4702 (ε).

2197 4763 2422 4833 Πνεῦμά
2458 4780 2621 4833 φησιν
2646 4765 2673 4816 ό
2701 4765 2946 4828 Νυσσεὺς
2981 4765 3230 4834 θεολόγος
3259 4767 3318 4819 τὸ
3354 4770 3452 4839 τῆς
3489 4770 3692 4842 Πατρι-

2127 4857 2231 4925 κῆς
2275 4858 2710 4928 ἐκπορευόμενον
2764 4859 3136 4924 ὑποστάσεως.
3200 4863 3317 4915 Τίνι
3373 4865 3536 4933 δῆλον
3595 4869 3696 4920 οὑκ

2127 4944 2275 4999 ἐστιν
2321 4947 2589 5014 ἐντεῦθεν,
2620 4949 2702 5001 ὅτι
2753 4950 2817 5001 τὸ
2847 4950 3173 5020 προϐάλλειν
3214 4956 3273 5006 τὸ
3327 4955 3551 5026 Πνεῦμα
3598 4958 3696 5010 τοῦ

2128 5036 2340 5106 Πατρός
2371 5040 2518 5091 ἐστιν
2548 5040 2930 5106 ὑποστατικὸν,
2958 5042 3132 5095 εἴτουν
3164 5048 3518 5116 προσωπικὸν
3552 5049 3667 5103 ἰδίω

2131 5146 2237 5199 μας
2287 5130 2538 5203 καθάπερ
2576 5134 2686 5203 γὰρ
2737 5133 2838 5202 τὴν
2889 5135 2983 5187 τοῦ
3017 5137 3360 5203 Μονογενοῦς
3397 5139 3699 5193 ὑπόστασιν

2131 5220 2482 5291 σαρκωθῆναι
2513 5222 2761 5290 λέγοντες
2794 5225 3161 5294 ἀκοινώνητον
3211 5229 3369 5281 τοῦτο
3398 5228 3478 5298 τῷ
3523 5231 3696 5301 Πατρὶ

2129 5316 2224 5366 καὶ
2253 5312 2331 5383 τῷ
2364 5313 2644 5384 Πνεύματι
2670 5310 2980 5386 δείκνυμεν,
3009 5317 3152 5370 οὕτω
3193 5320 3285 5371 καὶ
3306 5320 3406 5391 τὴν
3443 5319 3537 5374 τοῦ
3575 5323 3657 5374 ﬂat
3678 5353 3697 5362 ο

2126 5404 2251 5472 τρὸς
2285 5405 2586 5459 ὑπόστασιν
2617 5408 2676 5459 τὸ
2710 5406 2936 5477 Πνεῦμα
2958 5409 3288 5478 προϐάλλειν
3318 5412 3604 5481 εἰρηκότες
3637 5415 3698 5465 τὸ

2129 5503 2285 5563 ἅγιον
2313 5497 2492 5551 οὐκέτ’
2527 5498 2593 5552 ἂν
2625 5501 2851 5562 εἰκότως
2877 5501 2972 5553 καὶ
3000 5502 3078 5568 τῷ
3113 5502 3221 5571 Υἰῷ
3251 5503 3410 5557 τοῦτο
3449 5506 3696 5574 δοίημεν.

2137 5589 2207 5643 Ἦ
2238 5592 2426 5644 τοίνυν
2454 5593 2678 5645 Λατῖνοι
2719 5592 3055 5657 δειξάτωσαν
3103 5613 3225 5648 τινα
3275 5595 3384 5649 τῶν
3430 5596 3699 5666 θεολόγων

2129 5777 2180 5901 ilo
2206 5790 2325 5845 cap.
2350 5774 2385 5828 2
2409 5776 2572 5846 hujus
2593 5774 2795 5833 CUdlCiS
2819 5776 3003 5846 (supra
3032 5794 3079 5833 e.
3105 5778 3180 5849 8),
3199 5781 3293 5835 sed
3318 5787 3696 5851 argumentum

2170 5862 2421 5901 Wct‘stml.

2170 5862 2421 5901 Wct‘stml.
