4132 6422
498 362 599 428 ιϊι

1726 347 2063 411 GEORGII
2099 346 2515 410 SCllOLARll

3663 344 3767 407 l28

496 472 952 548 quandoquidem
993 466 1195 527 sumcit
1268 465 1406 538 ipsis
1453 461 1832 520 testimonium
1878 468 1960 514 tot
2027 470 2346 515 sanctorum
2411 456 2717 513 dicentium
2792 473 2856 511 er
2920 454 3362 528 FiiinSpEritnm
3447 460 3772 527 procedere,

494 570 729 628 dubium
765 580 898 622 vero
926 564 1008 620 eis
1036 578 1147 617 non
1176 568 1282 626 est,
1318 559 1453 630 quin
1489 573 1555 612 ex
1582 555 1704 612 Filii
1734 554 2019 626 bypostasi
2055 552 2358 624 procedere
2395 551 2501 606 hoc
2535 553 2714 621 ipsum
2751 551 2839 612 sit,
2875 552 3022 619 quod
3063 554 3363 620 procedere
3394 568 3465 608 ex
3496 552 3659 609 Filio.

967 678 1216 735 EPHES.
1250 674 1405 732 CAP.
1440 673 1579 731 XVI.

572 799 816 871 Spiritus
836 802 1063 852 sanctus
1100 808 1166 848 ex
1200 792 1362 848 Patre
1393 799 1451 845 et
1482 788 1623 844 Filio
1658 786 1967 860 procedens
1987 791 2083 839 aut

494 905 773 968 quatenus
816 899 947 947 sunt
994 888 1242 944 distincti
1286 886 1354 939 ab
1395 883 1485 940 bis
1513 882 1786 953 procedit,
1816 890 1911 935 aut
1941 896 2082 950 qna-

501 1001 664 1045 tenus
714 993 846 1040 sunt
897 981 1063 1037 uniti.
1113 980 1169 1036 Si
1220 978 1446 1050 quidem
1483 987 1759 1047 quatenus
1789 984 1919 1031 sunt
1964 974 2082 1029 dis-

498 1080 660 1136 tincti
707 1091 760 1134 et
815 1078 963 1141 duo,
1013 1075 1083 1129 ab
1134 1073 1221 1129 eis
1270 1070 1546 1142 procedit,
1597 1068 1844 1125 distincti
1896 1075 2081 1121 autem

496 1183 628 1230 sunt
654 1173 959 1227 secundum
985 1168 1312 1238 liyposmses
1344 1171 1394 1218 et
1429 1162 1539 1217 duo
1570 1178 1584 1228 ;
1613 1176 1683 1216 ex
1708 1159 1926 1215 duabus
1950 1173 2083 1236 ergo

495 1262 891 1336 hyposmsibus
915 1258 1159 1329 Spiritus
1185 1265 1412 1311 sanctus
1436 1253 1643 1326 prodit,
1675 1265 1729 1307 et
1756 1252 1955 1307 exinde
1984 1266 2083 1306 ne-

495 1355 742 1411 cessario
797 1368 865 1407 ex
920 1351 1142 1405 duobus
1195 1360 1417 1417 quoque
1471 1342 1784 1416 principiis.
1841 1342 1898 1397 Si
1949 1356 2082 1397 vero

496 1457 775 1518 quatenus
805 1451 936 1499 sunt
992 1441 1170 1505 uniti,
1202 1439 1384 1511 primo
1418 1437 1644 1509 quidem
1686 1452 1797 1491 non
1844 1436 2083 1505 amplius

498 1541 618 1610 ipse
652 1537 895 1608 Spiritus
923 1552 952 1589 ιι
1004 1532 1167 1589 Patre
1198 1540 1255 1587 et
1280 1531 1421 1585 Filio
1447 1529 1629 1600 prodit
1656 1537 1930 1599 quatenus
1953 1536 2084 1582 sunt

496 1632 769 1693 distincti,
802 1644 935 1699 ergo
970 1644 1080 1683 non
1116 1643 1183 1681 ex
1223 1624 1613 1698 bypostasibus
1639 1638 1831 1678 eorum
1859 1621 2080 1692 prodit;

498 1740 682 1794 neque
717 1722 886 1792 igitur
912 1735 978 1775 ex
1012 1730 1238 1788 paterna
1266 1714 1548 1788 liypostasi
1571 1754 1585 1779 ,
1611 1729 1790 1784 neque
1817 1729 1884 1768 ex
1911 1713 2083 1782 hypo-

501 1815 637 1871 stasi
691 1814 855 1878 Filii;
915 1810 1068 1880 atqui
1107 1807 1241 1863 illud
1273 1822 1502 1872 verum,
1559 1805 1662 1861 hoc
1694 1820 1827 1859 vero
1887 1803 2082 1858 falsum

501 1908 804 1977 Gregorius
828 1903 1110 1977 Nyssenns
1149 1899 1474 1963 convincit;
1506 1899 1584 1953 ait
1631 1898 1781 1952 enim
1837 1896 1912 1951 ita
1951 1910 2085 1952 con-

2107 674 2156 734 Α

2625 668 2892 721 sessor
2925 668 3083 722 κει».
3125 669 3223 738 1c,"
3260 670 3363 742 (ι).

2259 783 2334 838 Τὸ
2365 782 2595 855 Πνεῦμα
2619 783 2680 837 τὸ
2714 781 2873 852 ἇγιον
2906 785 2969 837 ὲκ
3004 785 3217 855 Πατρδς
3250 786 3345 839 καὶ
3390 782 3521 839 Υίοῦ
3567 804 3777 859 προερ-

2183 876 2415 947 χόμενον
2461 877 2493 947 ἢ
2536 876 2671 929 καθά
2712 876 2819 929 εἱσι
2858 877 3274 948 διακεκριμένοι
3325 877 3536 932 τούτων
3574 882 3773 950 πρόει-

2185 985 2292 1035 σιν,
2324 969 2356 1040 ἦ
2387 969 2524 1025 καοό
2567 969 2711 1023 εἰσιν
2753 970 3049 1040 ήνωμένοι.
3097 969 3162 1023 Εἰ
3207 972 3309 1042 μὲν
3351 970 3447 1028 οῦν
3480 973 3614 1028 καθό
3660 975 3773 1028 εισι

2183 1062 2596 1133 διακεκριμένοι
2658 1063 2752 1116 καὶ
2806 1062 2922 1130 δύο,
2975 1061 3186 1117 τούτων
3238 1067 3597 1136 προέρχεται,
3646 1067 3774 1121 δια-

2183 1155 2503 1225 κεκριμένοι
2522 1154 2579 1209 δέ
2613 1155 2720 1208 εἰσι
2752 1159 2895 1210 κατὰ
2923 1156 3024 1219 τὰς
3060 1157 3396 1222 ὑποστάσεις
3424 1161 3521 1213 καὶ
3545 1160 3663 1227 δύο,
3705 1163 3774 1215 ὲκ

2182 1246 2277 1303 δύο
2315 1248 2424 1321 ἄρα
2465 1249 2823 1304 ὑποστάσεων
2873 1252 2935 1304 τὸ
2970 1250 3202 1322 Πνεῦμα
3235 1252 3296 1307 τὸ
3341 1255 3498 1322 ἅγιον
3527 1257 3773 1325 πρόεισι,

2184 1338 2486 1395 κάντεῦθεν
2542 1343 2611 1397 ὲκ
2651 1340 2746 1396 δύο
2774 1342 2961 1414 ἀρχῶν
2988 1344 3046 1411 ἐξ
3099 1345 3371 1417 ἀνάγκης.
3411 1348 3475 1400 Εἰ
3524 1347 3581 1401 δὲ
3631 1348 3774 1402 καθό

2186 1431 2329 1487 εἰσιν
2364 1433 2656 1504 ήνωμένοι,
2713 1435 2935 1506 πρῶτον
2997 1436 3097 1503 μὲν
3142 1437 3330 1491 οὐκέτι
3385 1438 3449 1491 τὸ
3478 1438 3649 1503 αὐτὸ..
3670 1442 3775 1495 καὶ

2186 1524 2325 1579 καθά
2354 1527 2463 1579 εἰσι
2486 1525 2902 1597 διακεκριμένοι
2947 1528 3159 1584 τούτων
3189 1530 3442 1601 πρόεισιν
3466 1546 3482 1562 ·
3513 1531 3614 1585 οὐκ
3655 1532 3771 1602 ἄρα
3823 1572 3827 1576 ι

2188 1619 2253 1672 ὲκ
2286 1618 2397 1671 τῶν
2446 1620 2806 1677 ύποστάσεων
2855 1621 3042 1678 αὐτῶν
3065 1623 3352 1694 πρόεισιν·
3388 1623 3502 1679 οὔτ’
3550 1626 3657 1696 ἄρα
3705 1629 3773 1679 ἐκ
3820 1659 3831 1665 -

2185 1712 2286 1779 τῆς
2332 1714 2609 1782 πατρικῆς
2642 1712 2997 1778 ὑποστάσεως
3052 1712 3172 1768 οὔτ’
3222 1718 3288 1769 ὲκ
3342 1716 3440 1787 τῆς
3496 1716 3591 1771 τοῦ
3636 1717 3774 1773 Υἱοῦ

2188 1800 2581 1867 ὑποστάσεως·
2611 1803 2752 1858 ἀλλὰ
2791 1807 2852 1858 τι
2899 1806 3002 1877 μὲν
3055 1807 3279 1877 ἀληθὲς,
3311 1810 3374 1862 τὸ
3417 1808 3476 1861 δὲ
3504 1810 3706 1880 ψεῦδος
3746 1812 3775 1861 ὁ

2186 1894 2286 1964 τῆς
2313 1893 2534 1965 Νύσσης
2567 1896 2872 1969 Γρηγόριος
2909 1901 2984 1969 πῆ
3023 1900 3123 1969 μὲν
3155 1900 3231 1973 (2)
3279 1901 3585 1976 διελέγχει·
3620 1905 3775 1972 λέγει

498 2009 677 2069 ceptis
704 1997 921 2053 verbis:
959 1993 1217 2067 Spiritum
1246 2010 1309 2048 ex
1331 2002 1555 2064 paterna
1600 1992 1870 2064 [typoslasi
1896 2006 2083 2063 proce-

2187 1986 2297 2057 γὰρ
2326 1987 2526 2041 οὑτωσὶ
2563 1989 2777 2060 ῥητῶς·
2811 1992 3057 2062 Πνεῦμα
3088 1993 3155 2049 τὸ
3203 1992 3313 2063 τῆς
3344 1995 3637 2064 πατρικῆς
3675 1998 3779 2052 ἐκ·

500 2091 736 2144 dentem.
794 2086 1006 2142 Deinde
1058 2083 1319 2155 quidnam
1364 2082 1532 2138 fuerit
1568 2083 1726 2147 illud,
1775 2081 2083 2137 secundum

500 2184 650 2253 quod
695 2181 835 2236 uniti
871 2178 1043 2236 sunt?
1072 2178 1339 2233 Naturam
1377 2176 1604 2232 forsitan
1639 2175 1829 2232 dicent
1855 2174 1938 2230 vel
1968 2174 2084 2243 spi-

500 2276 735 2330 rativam
764 2272 1055 2329 virtutem.
1085 2270 1194 2326 Sed
1234 2271 1280 2329 si
1310 2269 1535 2340 quidem
1560 2284 1626 2326 ex
1652 2278 1846 2324 natura
1873 2266 2082 2340 prodit,

499 2368 664 2426 etiam
690 2383 757 2421 ex
785 2381 845 2422 se
874 2366 995 2435 ipso
1029 2364 1290 2436 procedet
1317 2379 1332 2431 ;
1368 2378 1493 2417 nam
1525 2361 1838 2418 communis
1867 2369 1952 2417 est
1988 2360 2086 2416 tri-

498 2458 605 2513 bus
637 2458 897 2528 personis
937 2458 1150 2511 natura.
1195 2456 1250 2509 Si
1295 2470 1427 2508 vero
1453 2468 1519 2508 ex
1555 2453 1820 2524 spirativa
1848 2454 2080 2517 virtute,

498 2550 645 2604 banc
673 2564 893 2619 quoque
918 2550 1148 2601 deteret
1169 2545 1412 2616 Spiritus
1445 2545 1765 2616 possidere;
1788 2532 1921 2612 Qua’
1941 2546 2084 2601 enim

498 2643 802 2698 communia
835 2646 959 2694 sunt
985 2637 1138 2693 Patri
1168 2647 1217 2691 et
1255 2635 1424 2702 Filia,
1451 2652 1513 2688 ea
1544 2626 1841 2690 communia
1879 2651 2085 2707 quoque

495 2745 621 2789 sunt
655 2731 906 2803 Spiritui,
969 2740 1031 2784 ut
1058 2730 1241 2800 magni
1298 2730 1399 2783 viri
1434 2728 1725 2799 Dionysius
1748 2737 1805 2781 et
1848 2727 2084 2797 Basilius

498 2825 677 2879 aiunt.
708 2823 911 2879 Verum
938 2836 1189 2893 quaenam
1220 2829 1305 2876 est
1340 2820 1560 2891 sapiens
1589 2834 1782 2875 eorum
1835 2820 1903 2875 ad
1955 2820 2082 2887 hoc,

501 2920 615 2974 imo
647 2916 880 2972 ridicula
913 2915 1242 2986 responsio?
1277 2915 1542 2981 llaberet,
1572 2914 1852 2984 inquiunt,
1878 2928 2001 2968 eam
2028 2921 2085 2973 et

498 3016 640 3082 ipse,
674 3011 779 3065 nisi
810 3010 1150 3081 impossibile
1186 3019 1353 3076 eSSt‘l,
1385 3017 1446 3063 ut
1483 3024 1541 3064 se
1574 3009 1751 3079 ipsum
1808 3008 2083 3076 produce-

499 3120 543 3159 r.
564 3114 603 3160 t.
636 3104 749 3159 Hoc
780 3104 953 3172 igitur
984 3102 1165 3159 simile
1194 3112 1280 3158 est
1318 3118 1383 3156 ac
1415 3101 1461 3156 si
1507 3104 1634 3171 quis
1663 3100 1856 3156 videns
1880 3116 1947 3154 ex
1984 3115 2084 3155 sua

499 3199 680 3269 ipsius
714 3196 1144 3255 ratiocinatione
1176 3194 1458 3257 concludi,
1485 3194 1763 3249 hominem
1797 3209 1918 3248 esse
1947 3193 2085 3264 lapi-

2188 2081 2604 2149 πορευόμενον
2630 2083 3052 2151 ὑποστάσεως.
3090 2086 3325 2142 Ἔπειτα
3378 2090 3470 2143 καὶ
3496 2089 3551 2142 τί
3590 2089 3659 2143 ἂν
3682 2089 3775 2161 εἰς

2187 2172 2368 2236 τοῦτο,
2398 2172 2521 2227 καθ’
2549 2174 2576 2227 ὅ
2601 2176 2740 2230 εἰσιν
2767 2177 3074 2247 ήνωμένοις
3109 2180 3220 2251 Τὴν
3253 2180 3417 2251 φύσιν
3444 2181 3634 2252 ἐροῦσι
3673 2199 3774 2236 τυο

2186 2264 2283 2336 χὸν
2317 2264 2351 2335 ἢ
2377 2264 2476 2337 τὴν
2507 2265 2880 2339 προδλητικὴν
2917 2269 3156 2342 δύναμιν
3178 2286 3192 2304 ·
3224 2273 3341 2326 ἀλλ’
3370 2275 3420 2328 εί
3447 2274 3550 2345 μὲν
3577 2276 3642 2329 ἐκ
3670 2278 3777 2342 τῆς

2187 2360 2403 2430 φύσεως
2429 2361 2668 2433 πρόεισι,
2695 2365 2790 2417 καὶ
2818 2364 2877 2431 ἐξ
2900 2365 3098 2419 ἑαυτοῦ
3123 2367 3519 2438 προελεύσεται
3537 2384 3550 2399 ·
3585 2371 3776 2425 κοινὸν

2186 2455 2297 2527 γὰρ
2322 2458 2441 2521 τοῖς
2466 2460 2648 2529 τρισὶν
2691 2459 2724 2528 ἡ
2756 2457 2952 2528 φύσις·
2988 2460 3038 2512 εί
3079 2459 3128 2512 δ’
3158 2460 3223 2513 ἐκ
3258 2461 3359 2531 τῆς
3390 2461 3777 2532 προϐλητικῆς

2186 2550 2495 2620 δυνάμεως,
2538 2553 2633 2605 καὶ⁸
2661 2551 2870 2623 ταύτην
2899 2550 3131 2623 ὤφειλεν
3156 2552 3304 2624 ἔχειν
3339 2554 3475 2607 αὐτό
3493 2570 3506 2585 ·
3550 2553 3629 2610 Τὰ
3658 2555 3774 2625 γὰρ

2185 2644 2360 2698 κοινὰ
2416 2638 2605 2712 Har-pl
2654 2643 2755 2698 καὶ
2795 2645 2907 2711 Υιῷ
2950 2644 3128 2699 κοινὰ
3176 2645 3274 2700 καὶ
3321 2645 3401 2713 τῷ
3446 2648 3774 2718 [Iret-patr,

2185 2735 2460 2801 Διονύσιός
2491 2754 2625 2807 φασι
2657 2740 2751 2792 καὶ
2785 2739 3070 2802 Βασίλειος
3098 2741 3148 2793 οἱ
3185 2741 3439 2811 μεγάλοι.
3484 2742 3645 2797 Ἀλλὰ
3682 2745 3773 2809 τίς

2185 2825 2214 2878 ὁ
2245 2825 2407 2895 σοφὸς
2463 2827 2646 2881 αὐτῶν
2706 2820 2849 2898 πρὸς
2905 2828 3066 2884 τοῦτο
3123 2832 3538 2899 καταγέλαστος
3570 2833 3776 2902 My“;

2186 2914 2347 2989 Εἷχεν
2377 2919 2466 2988 ἂν,
2511 2921 2670 2991 φησὶ,
2711 2921 2807 2975 καὶ
2843 2922 2976 2975 αὐτὸ
3009 2922 3241 2994 ταύτην,
3276 2924 3326 2977 εί
3384 2924 3461 2996 μὴ
3507 2926 3778 2981 ἀδύνατον

2185 3005 2254 3080 ἦν
2289 3012 2454 3067 ἑαυτὸ
2490 3014 2846 3086 προϐάλλειν.
2883 3015 3057 3072 Τοῦτο
3104 3018 3204 3087 μὲν
3229 3018 3323 3074 οῦν
3367 3022 3578 3091 ὃμοιον,
3611 3022 3687 3086 ὡς
3718 3024 3781 3075 εἴ

2185 3123 2269 3169 τις
2308 3107 2450 3176 ὀρῶν
2479 3110 2543 3161 ἐκ
2565 3112 2676 3163 τῶν
2714 3109 2909 3165 ἑαυτοῦ
2944 3112 3320 3183 συναγόμενον
3344 3114 3523 3185 λόγων
3560 3117 3649 3170 τὸν
3672 3119 3775 3171 ἇν-

2188 3196 2413 3267 θρωπον
2437 3197 2588 3252 λίθον
2614 3194 2779 3264 εἶναι,
2827 3203 2896 3255 τά
2937 3202 3060 3272 μὲν,
3088 3204 3213 3258 ὅθεν
3242 3206 3405 3260 τοῦτο
3452 3209 3777 3276 συνάγεται,

439 3295 446 3301 ’
499 3294 650 3354 dem,
702 3304 789 3353 ea,
828 3288 975 3345 unde
1021 3289 1130 3375 lioc
1179 3284 1555 3350 concluditur,
1594 3302 1664 3341 ne
1719 3287 1830 3342 ullo
1859 3286 2081 3356 quidem

2192 3290 2319 3361 μηδ’
2357 3293 2668 3348 ὁπωστιοῦν
2713 3295 3057 3367 ἐπανορθοῦν
3091 3298 3356 3370 πειρῷτο,
3397 3302 3545 3371 λέγοι
3591 3304 3649 3357 δὲ
3694 3304 3779 3368 ὡς
3812 3360 3818 3375 ,

501 3382 668 3440 modo
693 3384 972 3451 Curriget‘e
1007 3367 1324 3445 certaretur,
1373 3377 1583 3434 diceret
1611 3394 1764 3445 vero,
1802 3379 2082 3433 hominem

2191 3376 2259 3452 ἦν
2293 3382 2360 3436 ἂν
2397 3386 2426 3437 ὁ
2462 3384 2754 3457 ἄνθρωπος
2790 3387 2962 3455 λίθος,
3014 3390 3064 3444 ει
3107 3367 3201 3461 μὴ
3225 3367 3490 3448 ἀδύνατον
3511 3392 3579 3468 ἧν
3603 3395 3661 3449 τι
3686 3367 3781 3451 λοζ

498 3491 634 3532 sane
668 3474 916 3529 futurum
949 3474 1223 3539 lapidem,
1273 3473 1378 3529 nisi
1414 3472 1759 3551 impossibile
1806 3480 1972 3537 esset,
2025 3478 2088 3525 ut

498 3569 704 3625 animal
763 3567 1033 3628 rationale
1090 3576 1240 3623 esset
1319 3566 1687 3623 inanimatum
1754 3574 1925 3634 atque
1979 3563 2086 3617 im-

498 3661 721 3718 mobile.

1076 3773 1533 3833 SCllOLARlUS.

568 3892 876 3951 Credenles
931 3892 1107 3948 Latini
1159 3891 1430 3962 Spiritum
1489 3901 1745 3947 sanctum
1781 3890 2086 3963 procedere

492 4004 561 4044 ex
593 3986 735 4042 Filio
760 3986 970 4041 nullam
1005 3985 1205 4038 timent
1236 3985 1303 4039 ad
1332 3982 1636 4038 absurdum
1664 3982 2081 4039 deductionem.

491 4080 685 4149 Neque
720 4079 868 4133 enim
909 4076 960 4131 id
995 4075 1233 4131 credunt
1262 4085 1325 4130 ut
1371 4075 1598 4145 proprio
1633 4074 1805 4130 Marte
1843 4088 1874 4130 a
1906 4090 1966 4131 se
1999 4076 2087 4131 in-

491 4182 742 4234 Ventum,
786 4172 880 4226 sed
924 4176 995 4224 ab
1032 4168 1294 4224 Ecclesiae
1338 4167 1662 4223 doctoribus
1689 4167 1896 4236 edocti,
1945 4183 2087 4239 quos

496 4265 644 4320 baud
675 4279 916 4335 unquam
952 4276 1173 4318 errasse
1213 4263 1361 4318 circa
1398 4269 1506 4317 tam
1536 4276 1760 4331 gravem
1792 4261 2082 4317 veritatem

494 4360 860 4424 arbitrantur,
917 4357 1226 4428 praesertim
1283 4371 1412 4413 cum
1466 4355 1607 4411 tales
1662 4369 1728 4411 ac
1785 4355 1926 4410 tanti
1979 4354 2084 4411 viri

497 4451 833 4506 exstiterint.
868 4450 1048 4516 Quare
1081 4463 1263 4518 neque
1298 4448 1388 4513 iis,
1430 4448 1528 4518 qui
1562 4446 1643 4502 ita
1684 4447 1973 4503 dialectice
2000 4446 2086 4503 in-

499 4552 785 4615 terrogant
831 4551 888 4597 et
934 4541 1001 4596 ad
1056 4539 1358 4595 absurdum
1388 4555 1487 4596 eos
1536 4540 1813 4596 deducere
1867 4539 2083 4607 volunt,

493 4636 703 4706 aliquid
735 4633 1070 4703 respondere
1103 4636 1276 4687 coacti
1319 4640 1470 4687 sunt.
1505 4631 1564 4686 Si
1608 4633 1756 4687 enim
1806 4633 1940 4703 quid
1988 4632 2087 4687 ab—

2189 3476 2348 3544 γικὺν
2375 3478 2514 3544 ζῶον
2542 3479 2754 3555 ἄψυχόν
2786 3500 2848 3537 τε
2871 3484 2968 3538 καὶ
2994 3485 3256 3558 ἀκίνητον
3279 3483 3448 3548 εἶναι.

2755 3769 2796 3822 0
2829 3769 3053 3823 ΣΧΟΛΑ
3061 3771 3236 3827 ιίοΣ.

2258 3881 2321 3935 Οἱ
2350 3881 2568 3936 Λατῖνοι
2607 3882 2669 3936 τὸ
2705 3885 2934 3957 Πνεῦμα
2964 3886 3024 3940 τὸ
3057 3886 3216 3957 ἅγιον
3264 3890 3671 3965 ἐκπορεύεσθαι
3703 3900 3774 3953 ἐκ

2185 3973 2281 4028 τοῦ
2313 3975 2445 4029 reos
2480 3978 2856 4046 πιστεύοντες,
2911 3981 3176 4052 οὐδεμίαν
3216 3987 3300 4049 εις
3354 3972 3559 4045 ἄτοπον
3595 3992 3782 4046 δεδία-

2188 4083 2274 4121 σιν
2304 4069 2637 4143 ἁπαγωγην.
2685 4073 2761 4126 Οὐ
2791 4074 2900 4146 γὰρ
2930 4076 3149 4130 οἴκοθεν
3178 4079 3438 4152 εὑρόντες
3483 4085 3644 4140 τοῦτο
3678 4106 3776 4142 πι-

2186 4161 2492 4231 στεύουσιν,
2520 4164 2638 4218 ἀλλ’
2668 4166 2772 4220 ὑπὸ
2794 4167 2902 4222 τῶν
2930 4171 3032 4241 τῆς
3073 4171 3400 4245 Ἑκκλησίας
3427 4176 3776 4236 διδασκάλων

2187 4255 2482 4324 μαθόντες,
2527 4255 2625 4321 οῦς
2675 4257 2939 4329 ἡγοῦνται
2995 4261 3071 4333 μὴ
3129 4263 3195 4317 ἄν
3229 4283 3360 4320 ποτε
3424 4270 3777 4344 πλανηθῆναι

2185 4348 2318 4419 περὶ
2336 4351 2609 4423 τοσαύτην
2639 4352 2919 4425 ἀλήθειαν,
2955 4357 3048 4409 καὶ
3076 4356 3251 4412 ταῦτα
3276 4360 3576 4427 τοσούτους
3609 4365 3775 4431 ὄντας

2186 4447 2283 4498 καὶ
2318 4443 2701 4516 τηλικούτους,
2736 4446 2900 4501 Ὅθεν
2940 4449 3062 4503 οὐδὲ
3095 4452 3207 4516 τοῖς
3256 4453 3540 4524 ἐρωτῶσιν
3572 4458 3777 4516 οὑτωσὶ

2184 4535 2549 4602 διαλεκτικῶς
2581 4538 2677 4592 καὶ
2707 4540 2788 4603 εἰς
2819 4540 3022 4594 ἄτοπον
3054 4542 3408 4615 βουλομένοις
3439 4550 3684 4619 ἀπάγειν
3716 4553 3777 4618 ἐξ

2189 4631 2439 4701 ἀνάγκης
2470 4632 2536 4686 ἄν
2582 4650 2637 4686 τι
2690 4632 2788 4687 καὶ
2841 4634 3277 4706 ἀποκρίναιντο“
3313 4641 3363 4693 εί
3414 4642 3524 4714 γάρ
3567 4661 3619 4698 τι
3676 4651 3777 4699 καὶ

494 4729 650 4786 surdi
684 4728 851 4782 etiam
889 4742 954 4780 ex
991 4726 1097 4781 hac
1127 4725 1401 4779 sententia
1435 4735 1762 4794 sequeretur
1788 4726 2082 4797 (ponamus

2190 4724 2393 4778 ἄτοπον
2429 4725 2494 4779 ἐκ
2521 4724 2728 4795 ταύτης
2758 4727 3053 4797 ἠκολούθει
3093 4729 3195 4799 τῆς
3221 4731 3379 4813 sugq;
3408 4735 3634 4806 (κείσθω
3661 4742 3776 4811 γὰρ

495 4823 589 4877 lnc
644 4818 1015 4890 impossibile)
1044 4817 1389 4872 :doctoribns
1438 4817 1626 4887 potius
1658 4819 1957 4873 convenire
1991 4834 2084 4873 ar-

494 4920 802 4982 bitrantur,
852 4924 912 4970 ut
963 4916 1016 4970 id
1062 4915 1401 4987 perspiciam
1454 4923 1620 4985 atque
1665 4913 1923 4981 solvant;
1976 4915 2081 4987 ipsi

495 5029 625 5070 vero
654 5027 713 5067 se
745 5009 895 5065 omni
926 5008 1089 5064 modo
1115 5021 1270 5063 eXtra
1299 5009 1396 5062 has
1420 5007 1837 5063 criminationes
1867 5009 2081 5078 positrs

495 5121 620 5162 esse
683 5102 960 5157 aﬂirmant
1009 5111 1065 5157 et
1117 5102 1308 5159 multis
1352 5101 1537 5171 potius
1596 5100 2080 5157 criminationibus

495 5199 777 5268 subjectos
826 5196 1061 5249 credunt
1096 5209 1194 5249 eos
1239 5194 1334 5264 qui
1378 5205 1696 5250 sanctorum
1734 5194 2067 5265 theologiam

498 5298 753 5345 evertere
789 5287 981 5340 volunt
1023 5294 1248 5355 propter
1282 5284 1532 5355 qu:edam
1586 5284 1828 5340 absurda
1877 5295 1934 5341 et
1976 5287 2080 5342 iiu-

497 5383 805 5455 possibilia,
837 5396 960 5451 que:
1012 5380 1244 5435 fortasse
1293 5394 1359 5433 ex
1391 5393 1455 5434 ea
1489 5377 1739 5434 doctrina
1783 5380 2078 5447 accidunt;

496 5475 591 5531 tali
640 5479 786 5530 enim
823 5483 983 5543 pacto
1011 5472 1181 5528 etiam
1209 5486 1391 5525 veram
1443 5470 1605 5525 iidem
1641 5472 1952 5526 universam
1986 5472 2079 5542 qui
2108 5476 2112 5480 ’

495 5567 599 5621 ista
649 5566 857 5620 audent
905 5564 1093 5619 multis
1139 5561 1556 5617 diliicultatibus
1608 5561 1937 5631 replcbunt,
1991 5563 2079 5617 cui

496 5657 621 5713 tidei
651 5658 859 5727 pluries
901 5657 1210 5711 naturalem
1263 5655 1532 5709 rationem
1568 5656 1949 5710 adversantem
1993 5657 2078 5710 vi-

574 5774 817 5846 (1)190".
838 5775 951 5846 2367
981 5775 1022 5839 ί,
1043 5775 1149 5831 9.96
1179 5792 1231 5839 ει,
1263 5784 1350 5830 est
1374 5791 1494 5845 cap.
1538 5776 1598 5830 Ιῖ

562 5844 643 5918 (2)
676 5844 774 5898 Ποῖ
809 5848 913 5917 μὴν
941 5845 1106 5901 habet
1141 5849 1284 5902 Moti.
1314 5847 1442 5902 250'.

2185 4816 2248 4870 τὸ
2288 4815 2605 4885 ἀδύνατον),
2640 4818 2801 4872 τοῦτο
2852 4819 2951 4874 καὶ
2983 4824 3221 4895 συνορᾷν
3250 4827 3347 4879 καὶ
3380 4825 3531 4880 λύειν
3563 4829 3777 4899 ἁρμοτ-

2186 4926 2302 4962 τειν
2336 4912 2454 4974 τοῖς
2503 4910 2854 4975 διδασκάλοις
2887 4911 3091 4982 μᾶλλον
3134 4915 3453 4986 νομίζουσιν
3479 4935 3493 4950 ·
3525 4921 3680 4974 αὐτοὶ
3714 4923 3775 4976 δὲ

2186 5004 2541 5057 παντάπασιν
2580 5003 2685 5068 ἔξω
2720 5003 2829 5061 τῶν
2870 5006 3245 5077 ἐγκλημάτων
3274 5010 3486 5065 τούτων
3538 5014 3770 5067 ἑστάναι

2187 5098 2343 5167 φασὶ,
2399 5097 2616 5161 πολλοῖς
2651 5096 2707 5150 δὲ
2768 5096 2977 5179 μᾶλλον
3027 5100 3379 5171 ἐγκλήμασιν
3442 5104 3773 5160 ὑποκεῖσθαι

2187 5193 2510 5247 πιστεύουσι
2538 5194 2665 5256 τοὺς
2690 5196 2941 5266 ἀναιρεῖν
2965 5193 3328 5265 βουλομένους
3349 5199 3449 5271 τὴν
3468 5200 3577 5254 τῶν
3596 5200 3773 5270 ἁγίων

2186 5289 2471 5358 θεολογίαν
2497 5287 2587 5342 διὰ
2621 5288 2691 5341 τὰ
2715 5291 2780 5343 ἐκ
2807 5290 2905 5343 τοῦ
2934 5293 3111 5360 Λόγου
3138 5294 3611 5366 ὲπισυμόαίνοντα
3643 5298 3774 5361 iam;

2188 5382 2365 5438 ἄτοπα
2402 5380 2501 5436 καὶ
2537 5380 2800 5436 ἀδύνατα.
2849 5381 3011 5439 Οὕτω
3060 5387 3172 5453 γὰρ
3224 5389 3320 5443 καὶ
3356 5390 3457 5456 τὴν
3510 5388 3776 5461 ἀληθινὴν

2189 5475 2380 5530 πίστιν
2423 5477 2648 5530 ἅπασαν
2702 5475 2916 5530 πολλῶν
2948 5480 3200 5551 ἀποριῶν
3246 5481 3662 5553 άναπλήσουσιν
3721 5483 3775 5536 οἱ

2191 5566 2366 5621 ταῦτα
2393 5567 2727 5638 τολμῶντες,
2845 5569 3120 5642 πολλαχοῦ
3150 5574 3381 5638 φυσικὸν
3415 5564 3778 5645 ἐναντιόύμε-

2192 5676 2284 5713 νον
2329 5660 2411 5731 (5)
2443 5659 2603 5730 λόγον
2630 5662 2782 5717 ἐστιν
2817 5663 2967 5730 ἰδεῖν,
3004 5669 3099 5719 καὶ
3127 5666 3228 5731 τὰς
3257 5667 3356 5738 τῆς
3378 5668 3616 5733 πίστεως
3647 5668 3779 5724 ὐπο-

2184 5778 2522 5915 μεέέι).ἣ1‹)η.
2552 5782 2624 5838 '2?
2651 5782 2691 5851 Γ,
2716 5782 2824 5841 219
2860 5761 2899 5841 li
2930 5801 2946 5840 :
2990 5781 3026 5859 ἧ
3083 5787 3352 5861 πολλαχοῦ
3403 5806 3462 5861 φ.
3500 5788 3778 5844 ἐναντιού-
