  <div class='ocr_page' id='page_1' title='image "/cluster/home/n/w/nwhite01/storage/ocr_20150623/161/coo.31924054870666/154.png"; bbox 0 0 4132 6460; ppageno 0'>
   <div class='ocr_carea' id='block_1_1' title="bbox 427 405 540 472">
    <p class='ocr_par' dir='ltr' id='par_1_1' title="bbox 427 405 540 472">
     <span class='ocr_line' id='line_1_1' title="bbox 427 405 540 472; baseline -0.018 -1"><span class='ocrx_word' id='word_1_1' title='bbox 427 405 540 472; x_wconf 63' lang='grc'><strong>129</strong></span> 
     </span>
    </p>
   </div>
   <div class='ocr_carea' id='block_1_2' title="bbox 1499 397 2652 460">
    <p class='ocr_par' dir='ltr' id='par_1_2' title="bbox 1499 397 2652 460">
     <span class='ocr_line' id='line_1_2' title="bbox 1499 397 2652 460; baseline 0.002 -4"><span class='ocrx_word' id='word_1_2' title='bbox 1499 398 1936 460; x_wconf 70' lang='lat' dir='ltr'><strong>REFUTATIO</strong></span> <span class='ocrx_word' id='word_1_3' title='bbox 1985 398 2228 459; x_wconf 64' lang='grc' dir='ltr'><strong>ΜΔΕ(ζί</strong></span> <span class='ocrx_word' id='word_1_4' title='bbox 2271 397 2652 458; x_wconf 69' lang='grc' dir='ltr'><strong>ΕΙἮΕΞΙΝῙ.</strong></span> 
     </span>
    </p>
   </div>
   <div class='ocr_carea' id='block_1_3' title="bbox 3574 391 3672 453">
    <p class='ocr_par' dir='ltr' id='par_1_3' title="bbox 3574 391 3672 453">
     <span class='ocr_line' id='line_1_3' title="bbox 3574 391 3672 453; baseline 0.01 -1"><span class='ocrx_word' id='word_1_5' title='bbox 3574 391 3594 452; x_wconf 89' lang='lat' dir='ltr'><strong>l</strong></span> <span class='ocrx_word' id='word_1_6' title='bbox 3607 391 3672 453; x_wconf 67' lang='lat'><strong>.30</strong></span> 
     </span>
    </p>
   </div>
   <div class='ocr_carea' id='block_1_4' title="bbox 425 503 2008 581">
    <p class='ocr_par' dir='ltr' id='par_1_4' title="bbox 425 505 1998 581">
     <span class='ocr_line' id='line_1_4' title="bbox 425 505 1998 581; baseline -0.004 -14"><span class='ocrx_word' id='word_1_7' title='bbox 425 515 604 576; x_wconf 77' lang='grc' dir='ltr'>θέσεις</span> <span class='ocrx_word' id='word_1_8' title='bbox 629 526 686 564; x_wconf 91' lang='grc' dir='ltr'><strong>εν</strong></span> <span class='ocrx_word' id='word_1_9' title='bbox 708 508 1064 581; x_wconf 70' lang='grc' dir='ltr'><strong>προσχήματι</strong></span> <span class='ocrx_word' id='word_1_10' title='bbox 1087 505 1370 577; x_wconf 72' lang='grc' dir='ltr'><strong>ζητήσεως</strong></span> <span class='ocrx_word' id='word_1_11' title='bbox 1410 507 1821 578; x_wconf 77' lang='grc' dir='ltr'><strong>ἁναιρήσουσιν.</strong></span> <span class='ocrx_word' id='word_1_12' title='bbox 1854 507 1998 560; x_wconf 80' lang='grc' dir='ltr'><strong>Ἀλλ’</strong></span> 
     </span>
    </p>
   </div>
   <div class='ocr_carea' id='block_1_5' title="bbox 2113 503 3674 581">
    <p class='ocr_par' dir='ltr' id='par_1_5' title="bbox 2113 503 3674 580">
     <span class='ocr_line' id='line_1_5' title="bbox 2113 503 3674 580; baseline -0.005 -18"><span class='ocrx_word' id='word_1_13' title='bbox 2113 507 2238 564; x_wconf 82' lang='lat' dir='ltr'><strong>dere</strong></span> <span class='ocrx_word' id='word_1_14' title='bbox 2267 509 2418 573; x_wconf 85' lang='lat' dir='ltr'><strong>licet,</strong></span> <span class='ocrx_word' id='word_1_15' title='bbox 2449 517 2614 580; x_wconf 83' lang='lat' dir='ltr'><strong>atque</strong></span> <span class='ocrx_word' id='word_1_16' title='bbox 2650 506 2775 562; x_wconf 79' lang='lat' dir='ltr'><strong>tidei</strong></span> <span class='ocrx_word' id='word_1_17' title='bbox 2811 505 2950 576; x_wconf 71' lang='lat' dir='ltr'><strong>prin:</strong></span> <span class='ocrx_word' id='word_1_18' title='bbox 2973 505 3078 575; x_wconf 51' lang='lat' dir='ltr'><strong>ipia</strong></span> <span class='ocrx_word' id='word_1_19' title='bbox 3114 503 3217 559; x_wconf 81' lang='lat' dir='ltr'><strong>sub</strong></span> <span class='ocrx_word' id='word_1_20' title='bbox 3263 503 3674 574; x_wconf 69' lang='lat' dir='ltr'><strong>spct&#39;iutlisqtli-</strong></span> 
     </span>
    </p>
   </div>
   <div class='ocr_carea' id='block_1_6' title="bbox 426 599 1994 671">
    <p class='ocr_par' dir='ltr' id='par_1_6' title="bbox 426 599 1994 671">
     <span class='ocr_line' id='line_1_6' title="bbox 426 599 1994 671; baseline -0.004 -12"><span class='ocrx_word' id='word_1_21' title='bbox 426 605 518 659; x_wconf 72' lang='grc' dir='ltr'><strong>ἵνα</strong></span> <span class='ocrx_word' id='word_1_22' title='bbox 547 604 641 656; x_wconf 78' lang='grc' dir='ltr'><strong>καὶ</strong></span> <span class='ocrx_word' id='word_1_23' title='bbox 671 603 770 671; x_wconf 74' lang='grc' dir='ltr'><strong>τὴν</strong></span> <span class='ocrx_word' id='word_1_24' title='bbox 805 601 1066 669; x_wconf 70' lang='grc' dir='ltr'><strong>ἀλήθειαν</strong></span> <span class='ocrx_word' id='word_1_25' title='bbox 1102 599 1271 668; x_wconf 72' lang='grc' dir='ltr'><strong>αὐτὴν</strong></span> <span class='ocrx_word' id='word_1_26' title='bbox 1313 599 1410 653; x_wconf 73' lang='grc' dir='ltr'><strong>καὶ</strong></span> <span class='ocrx_word' id='word_1_27' title='bbox 1453 600 1554 668; x_wconf 79' lang='grc' dir='ltr'><strong>τὴν</strong></span> <span class='ocrx_word' id='word_1_28' title='bbox 1587 600 1697 652; x_wconf 83' lang='grc' dir='ltr'><strong>τῶν</strong></span> <span class='ocrx_word' id='word_1_29' title='bbox 1739 600 1994 653; x_wconf 51' lang='grc' dir='ltr'><strong>διδασκά-</strong></span> 
     </span>
    </p>
   </div>
   <div class='ocr_carea' id='block_1_7' title="bbox 419 689 1997 762">
    <p class='ocr_par' dir='ltr' id='par_1_7' title="bbox 419 689 1997 762">
     <span class='ocr_line' id='line_1_7' title="bbox 419 689 1997 762; baseline -0.003 -14"><span class='ocrx_word' id='word_1_30' title='bbox 419 695 528 748; x_wconf 86' lang='grc' dir='ltr'><strong>λων</strong></span> <span class='ocrx_word' id='word_1_31' title='bbox 583 694 755 762; x_wconf 76' lang='grc' dir='ltr'><strong>τιμὴν</strong></span> <span class='ocrx_word' id='word_1_32' title='bbox 797 690 889 744; x_wconf 78' lang='grc' dir='ltr'><strong>ὑπ’</strong></span> <span class='ocrx_word' id='word_1_33' title='bbox 920 690 1108 754; x_wconf 64' lang='grc' dir='ltr'><strong>ἀνοίας</strong></span> <span class='ocrx_word' id='word_1_34' title='bbox 1159 690 1258 744; x_wconf 80' lang='grc' dir='ltr'><strong>καὶ</strong></span> <span class='ocrx_word' id='word_1_35' title='bbox 1317 690 1656 758; x_wconf 76' lang='grc' dir='ltr'><strong>φιλονεικίας</strong></span> <span class='ocrx_word' id='word_1_36' title='bbox 1707 689 1852 744; x_wconf 66' lang='grc' dir='ltr'><strong>οὕτω</strong></span> <span class='ocrx_word' id='word_1_37' title='bbox 1909 692 1997 744; x_wconf 75' lang='lat'><strong>60-</strong></span> 
     </span>
    </p>
   </div>
   <div class='ocr_carea' id='block_1_8' title="bbox 423 781 1998 854">
    <p class='ocr_par' dir='ltr' id='par_1_8' title="bbox 423 781 1998 854">
     <span class='ocr_line' id='line_1_8' title="bbox 423 781 1998 854; baseline -0.001 -17"><span class='ocrx_word' id='word_1_38' title='bbox 423 785 628 838; x_wconf 79' lang='grc' dir='ltr'><strong>κοῦσαν</strong></span> <span class='ocrx_word' id='word_1_39' title='bbox 664 783 990 837; x_wconf 78' lang='grc' dir='ltr'><strong>σαλεύεσθαι</strong></span> <span class='ocrx_word' id='word_1_40' title='bbox 1035 781 1408 853; x_wconf 65' lang='grc' dir='ltr'><strong>βεϐαιώσωσιν</strong></span> <span class='ocrx_word' id='word_1_41' title='bbox 1460 783 1509 834; x_wconf 83' lang='grc' dir='ltr'><strong>οἱ</strong></span> <span class='ocrx_word' id='word_1_42' title='bbox 1537 782 1758 835; x_wconf 73' lang='grc' dir='ltr'><strong>Λατῖνοι</strong></span> <span class='ocrx_word' id='word_1_43' title='bbox 1798 785 1890 836; x_wconf 83' lang='grc' dir='ltr'><strong>καὶ</strong></span> 
     </span>
    </p>
   </div>
   <div class='ocr_carea' id='block_1_9' title="bbox 423 874 1995 946">
    <p class='ocr_par' dir='ltr' id='par_1_9' title="bbox 423 874 1995 946">
     <span class='ocr_line' id='line_1_9' title="bbox 423 874 1995 946; baseline -0.001 -16"><span class='ocrx_word' id='word_1_44' title='bbox 423 879 648 942; x_wconf 62' lang='grc' dir='ltr'><strong>δ’ἔξωσιν</strong></span> <span class='ocrx_word' id='word_1_45' title='bbox 678 876 885 946; x_wconf 61' lang='grc' dir='ltr'><strong>ἀπορίᾳ</strong></span> <span class='ocrx_word' id='word_1_46' title='bbox 914 875 1024 929; x_wconf 81' lang='grc' dir='ltr'><strong>τῶν</strong></span> <span class='ocrx_word' id='word_1_47' title='bbox 1071 874 1424 944; x_wconf 74' lang='grc' dir='ltr'><strong>ἀποκρίσεων</strong></span> <span class='ocrx_word' id='word_1_48' title='bbox 1455 874 1549 926; x_wconf 76' lang='grc' dir='ltr'><strong>ἐπὶ</strong></span> <span class='ocrx_word' id='word_1_49' title='bbox 1589 874 1651 926; x_wconf 79' lang='grc' dir='ltr'><strong>τὺ</strong></span> <span class='ocrx_word' id='word_1_50' title='bbox 1690 874 1800 926; x_wconf 81' lang='grc' dir='ltr'><strong>τῶν</strong></span> <span class='ocrx_word' id='word_1_51' title='bbox 1847 874 1995 928; x_wconf 85' lang='grc' dir='ltr'><strong>διδα-</strong></span> 
     </span>
    </p>
   </div>
   <div class='ocr_carea' id='block_1_10' title="bbox 422 965 1999 1038">
    <p class='ocr_par' dir='ltr' id='par_1_10' title="bbox 422 965 1999 1038">
     <span class='ocr_line' id='line_1_10' title="bbox 422 965 1999 1038; baseline -0.001 -16"><span class='ocrx_word' id='word_1_52' title='bbox 422 971 642 1023; x_wconf 71' lang='grc' dir='ltr'><strong>σκάλων</strong></span> <span class='ocrx_word' id='word_1_53' title='bbox 677 965 1045 1036; x_wconf 66' lang='grc' dir='ltr'><strong>καταφεύγειν</strong></span> <span class='ocrx_word' id='word_1_54' title='bbox 1077 967 1318 1036; x_wconf 75' lang='grc' dir='ltr'><strong>ἀξίωμα,</strong></span> <span class='ocrx_word' id='word_1_55' title='bbox 1351 969 1446 1020; x_wconf 73' lang='grc' dir='ltr'><strong>καὶ</strong></span> <span class='ocrx_word' id='word_1_56' title='bbox 1471 967 1687 1038; x_wconf 74' lang='grc' dir='ltr'><strong>μάλισθ’</strong></span> <span class='ocrx_word' id='word_1_57' title='bbox 1714 969 1795 1020; x_wconf 70' lang='grc' dir='ltr'><strong>ὅτι</strong></span> <span class='ocrx_word' id='word_1_58' title='bbox 1825 966 1999 1036; x_wconf 88' lang='grc' dir='ltr'><strong>γινώ-</strong></span> 
     </span>
    </p>
   </div>
   <div class='ocr_carea' id='block_1_11' title="bbox 427 1058 1993 1130">
    <p class='ocr_par' dir='ltr' id='par_1_11' title="bbox 427 1058 1993 1130">
     <span class='ocr_line' id='line_1_11' title="bbox 427 1058 1993 1130; baseline -0.001 -15"><span class='ocrx_word' id='word_1_59' title='bbox 427 1059 621 1116; x_wconf 79' lang='grc' dir='ltr'><strong>σκουσί</strong></span> <span class='ocrx_word' id='word_1_60' title='bbox 650 1077 806 1123; x_wconf 88' lang='grc' dir='ltr'><strong>τινας</strong></span> <span class='ocrx_word' id='word_1_61' title='bbox 837 1058 1161 1130; x_wconf 76' lang='grc' dir='ltr'><strong>προχείρους</strong></span> <span class='ocrx_word' id='word_1_62' title='bbox 1209 1059 1368 1120; x_wconf 78' lang='grc' dir='ltr'><strong>ὕντας</strong></span> <span class='ocrx_word' id='word_1_63' title='bbox 1401 1061 1495 1112; x_wconf 70' lang='grc' dir='ltr'><strong>καὶ</strong></span> <span class='ocrx_word' id='word_1_64' title='bbox 1537 1060 1679 1113; x_wconf 84' lang='grc' dir='ltr'><strong>κατὰ</strong></span> <span class='ocrx_word' id='word_1_65' title='bbox 1713 1059 1822 1112; x_wconf 83' lang='grc' dir='ltr'><strong>τῶν</strong></span> <span class='ocrx_word' id='word_1_66' title='bbox 1846 1059 1993 1113; x_wconf 82' lang='grc' dir='ltr'><strong>διδα-</strong></span> 
     </span>
    </p>
   </div>
   <div class='ocr_carea' id='block_1_12' title="bbox 425 1150 2002 1222">
    <p class='ocr_par' dir='ltr' id='par_1_12' title="bbox 425 1150 2002 1222">
     <span class='ocr_line' id='line_1_12' title="bbox 425 1150 2002 1222; baseline -0.003 -14"><span class='ocrx_word' id='word_1_67' title='bbox 425 1155 649 1208; x_wconf 73' lang='grc' dir='ltr'><strong>σκάλων</strong></span> <span class='ocrx_word' id='word_1_68' title='bbox 686 1151 961 1222; x_wconf 80' lang='grc' dir='ltr'><strong>προπετές</strong></span> <span class='ocrx_word' id='word_1_69' title='bbox 1007 1170 1059 1205; x_wconf 90' lang='grc' dir='ltr'><strong>τι</strong></span> <span class='ocrx_word' id='word_1_70' title='bbox 1107 1151 1290 1218; x_wconf 84' lang='grc' dir='ltr'><strong>λέγειν</strong></span> <span class='ocrx_word' id='word_1_71' title='bbox 1321 1151 1417 1204; x_wconf 71' lang='grc' dir='ltr'><strong>καὶ</strong></span> <span class='ocrx_word' id='word_1_72' title='bbox 1465 1150 1739 1222; x_wconf 76' lang='grc' dir='ltr'><strong>ἄγνωμον,</strong></span> <span class='ocrx_word' id='word_1_73' title='bbox 1771 1152 2002 1222; x_wconf 84' lang='grc' dir='ltr'><strong>ἀποκρι-</strong></span> 
     </span>
    </p>
   </div>
   <div class='ocr_carea' id='block_1_13' title="bbox 425 1241 1996 1314">
    <p class='ocr_par' dir='ltr' id='par_1_13' title="bbox 425 1241 1996 1314">
     <span class='ocr_line' id='line_1_13' title="bbox 425 1241 1996 1314; baseline -0.001 -16"><span class='ocrx_word' id='word_1_74' title='bbox 425 1247 644 1298; x_wconf 65' lang='grc' dir='ltr'><strong>νοῦνται</strong></span> <span class='ocrx_word' id='word_1_75' title='bbox 675 1245 772 1296; x_wconf 69' lang='grc' dir='ltr'><strong>καὶ</strong></span> <span class='ocrx_word' id='word_1_76' title='bbox 811 1243 950 1314; x_wconf 75' lang='grc' dir='ltr'><strong>πρὸς</strong></span> <span class='ocrx_word' id='word_1_77' title='bbox 989 1241 1189 1313; x_wconf 87' lang='grc' dir='ltr'><strong>ταύτην</strong></span> <span class='ocrx_word' id='word_1_78' title='bbox 1223 1243 1301 1306; x_wconf 79' lang='grc' dir='ltr'><strong>ὡς</strong></span> <span class='ocrx_word' id='word_1_79' title='bbox 1336 1244 1394 1295; x_wconf 89' lang='grc' dir='ltr'><strong>ἐν</strong></span> <span class='ocrx_word' id='word_1_80' title='bbox 1435 1241 1630 1314; x_wconf 79' lang='grc' dir='ltr'><strong>βραχεῖ</strong></span> <span class='ocrx_word' id='word_1_81' title='bbox 1659 1244 1756 1314; x_wconf 77' lang='grc' dir='ltr'><strong>τὴν</strong></span> <span class='ocrx_word' id='word_1_82' title='bbox 1784 1243 1996 1314; x_wconf 85' lang='grc' dir='ltr'><strong>ἐρώτη-</strong></span> 
     </span>
    </p>
   </div>
   <div class='ocr_carea' id='block_1_14' title="bbox 428 1335 2000 1408">
    <p class='ocr_par' dir='ltr' id='par_1_14' title="bbox 428 1335 2000 1408">
     <span class='ocr_line' id='line_1_14' title="bbox 428 1335 2000 1408; baseline -0.001 -17"><span class='ocrx_word' id='word_1_83' title='bbox 428 1355 535 1402; x_wconf 87' lang='grc' dir='ltr'><strong>σι-ν,</strong></span> <span class='ocrx_word' id='word_1_84' title='bbox 559 1339 640 1391; x_wconf 81' lang='grc' dir='ltr'><strong>ὅτι</strong></span> <span class='ocrx_word' id='word_1_85' title='bbox 671 1336 732 1390; x_wconf 74' lang='grc' dir='ltr'><strong>τὸ</strong></span> <span class='ocrx_word' id='word_1_86' title='bbox 763 1335 984 1402; x_wconf 78' lang='grc' dir='ltr'><strong>Πνεῦμα</strong></span> <span class='ocrx_word' id='word_1_87' title='bbox 1033 1337 1095 1388; x_wconf 73' lang='grc' dir='ltr'><strong>τὸ</strong></span> <span class='ocrx_word' id='word_1_88' title='bbox 1127 1336 1280 1404; x_wconf 74' lang='grc' dir='ltr'><strong>ἅγιον</strong></span> <span class='ocrx_word' id='word_1_89' title='bbox 1316 1337 1378 1388; x_wconf 83' lang='grc' dir='ltr'><strong>ἐκ</strong></span> <span class='ocrx_word' id='word_1_90' title='bbox 1422 1336 1517 1390; x_wconf 77' lang='grc' dir='ltr'><strong>τοῦ</strong></span> <span class='ocrx_word' id='word_1_91' title='bbox 1549 1337 1758 1408; x_wconf 54' lang='lat' dir='ltr'><strong>nam;</strong></span> <span class='ocrx_word' id='word_1_92' title='bbox 1787 1339 1880 1390; x_wconf 78' lang='grc' dir='ltr'><strong>καὶ</strong></span> <span class='ocrx_word' id='word_1_93' title='bbox 1908 1337 2000 1390; x_wconf 77' lang='grc' dir='ltr'><strong>τοῦ</strong></span> 
     </span>
    </p>
   </div>
   <div class='ocr_carea' id='block_1_15' title="bbox 427 1423 2001 1497">
    <p class='ocr_par' dir='ltr' id='par_1_15' title="bbox 427 1423 2001 1497">
     <span class='ocr_line' id='line_1_15' title="bbox 427 1423 2001 1497; baseline -0.001 -17"><span class='ocrx_word' id='word_1_94' title='bbox 427 1427 558 1480; x_wconf 84' lang='grc' dir='ltr'><strong>Υίοῦ</strong></span> <span class='ocrx_word' id='word_1_95' title='bbox 616 1425 1008 1497; x_wconf 77' lang='grc' dir='ltr'><strong>ἐκπορεύεται,</strong></span> <span class='ocrx_word' id='word_1_96' title='bbox 1063 1424 1200 1479; x_wconf 69' lang='grc' dir='ltr'><strong>καθὸ</strong></span> <span class='ocrx_word' id='word_1_97' title='bbox 1259 1428 1398 1478; x_wconf 87' lang='grc' dir='ltr'><strong>εἰσιν</strong></span> <span class='ocrx_word' id='word_1_98' title='bbox 1449 1427 1508 1480; x_wconf 81' lang='grc' dir='ltr'><strong>ἓν</strong></span> <span class='ocrx_word' id='word_1_99' title='bbox 1535 1444 1588 1478; x_wconf 85' lang='grc' dir='ltr'><strong>τι</strong></span> <span class='ocrx_word' id='word_1_100' title='bbox 1632 1423 2001 1495; x_wconf 75' lang='grc' dir='ltr'><strong>προσωπικῶς</strong></span> 
     </span>
    </p>
   </div>
   <div class='ocr_carea' id='block_1_16' title="bbox 423 1515 2004 1590">
    <p class='ocr_par' dir='ltr' id='par_1_16' title="bbox 423 1515 2004 1590">
     <span class='ocr_line' id='line_1_16' title="bbox 423 1515 2004 1590; baseline -0.003 -17"><span class='ocrx_word' id='word_1_101' title='bbox 423 1519 872 1590; x_wconf 80' lang='grc' dir='ltr'><strong>διακεκριμένον,</strong></span> <span class='ocrx_word' id='word_1_102' title='bbox 897 1515 1038 1569; x_wconf 83' lang='grc' dir='ltr'><strong>ὥστε</strong></span> <span class='ocrx_word' id='word_1_103' title='bbox 1063 1516 1160 1587; x_wconf 78' lang='grc' dir='ltr'><strong>τὴν</strong></span> <span class='ocrx_word' id='word_1_104' title='bbox 1193 1516 1290 1586; x_wconf 82' lang='grc' dir='ltr'><strong>μὲν</strong></span> <span class='ocrx_word' id='word_1_105' title='bbox 1313 1517 1540 1584; x_wconf 78' lang='grc' dir='ltr'><strong>ἑνότητα</strong></span> <span class='ocrx_word' id='word_1_106' title='bbox 1567 1517 1772 1588; x_wconf 84' lang='grc' dir='ltr'><strong>μηδένα</strong></span> <span class='ocrx_word' id='word_1_107' title='bbox 1801 1516 2004 1586; x_wconf 76' lang='grc' dir='ltr'><strong>τρόπον</strong></span> 
     </span>
    </p>
   </div>
   <div class='ocr_carea' id='block_1_17' title="bbox 425 1608 2004 1684">
    <p class='ocr_par' dir='ltr' id='par_1_17' title="bbox 425 1608 2004 1684">
     <span class='ocr_line' id='line_1_17' title="bbox 425 1608 2004 1684; baseline -0.003 -19"><span class='ocrx_word' id='word_1_108' title='bbox 425 1613 523 1684; x_wconf 81' lang='grc' dir='ltr'><strong>ἐᾷν</strong></span> <span class='ocrx_word' id='word_1_109' title='bbox 555 1613 732 1682; x_wconf 73' lang='grc' dir='ltr'><strong>ἀρχὰς</strong></span> <span class='ocrx_word' id='word_1_110' title='bbox 763 1609 858 1662; x_wconf 85' lang='grc' dir='ltr'><strong>δύο</strong></span> <span class='ocrx_word' id='word_1_111' title='bbox 887 1608 1130 1662; x_wconf 75' lang='grc' dir='ltr'><strong>νοεῖσθαι</strong></span> <span class='ocrx_word' id='word_1_112' title='bbox 1182 1608 1626 1679; x_wconf 84' lang='grc' dir='ltr'><strong>τοῦΠνεύματος</strong></span> <span class='ocrx_word' id='word_1_113' title='bbox 1657 1609 1750 1662; x_wconf 83' lang='grc' dir='ltr'><strong>τὸν</strong></span> <span class='ocrx_word' id='word_1_114' title='bbox 1783 1608 2004 1678; x_wconf 76' lang='grc' dir='ltr'><strong>Πατέρα</strong></span> 
     </span>
    </p>
   </div>
   <div class='ocr_carea' id='block_1_18' title="bbox 429 1697 2005 1769">
    <p class='ocr_par' dir='ltr' id='par_1_18' title="bbox 429 1697 2005 1769">
     <span class='ocr_line' id='line_1_18' title="bbox 429 1697 2005 1769; baseline -0.003 -15"><span class='ocrx_word' id='word_1_115' title='bbox 429 1705 526 1755; x_wconf 75' lang='grc' dir='ltr'><strong>καὶ</strong></span> <span class='ocrx_word' id='word_1_116' title='bbox 559 1703 649 1755; x_wconf 77' lang='grc' dir='ltr'><strong>τὸν</strong></span> <span class='ocrx_word' id='word_1_117' title='bbox 682 1701 838 1764; x_wconf 77' lang='grc' dir='ltr'><strong>Υίὸν,</strong></span> <span class='ocrx_word' id='word_1_118' title='bbox 870 1699 975 1752; x_wconf 74' lang='grc' dir='ltr'><strong>ὑπὸ</strong></span> <span class='ocrx_word' id='word_1_119' title='bbox 1022 1699 1080 1751; x_wconf 85' lang='grc' dir='ltr'><strong>δέ</strong></span> <span class='ocrx_word' id='word_1_120' title='bbox 1129 1700 1230 1766; x_wconf 85' lang='grc' dir='ltr'><strong>τῆς</strong></span> <span class='ocrx_word' id='word_1_121' title='bbox 1276 1698 1640 1769; x_wconf 83' lang='grc' dir='ltr'><strong>προσωπικῆς</strong></span> <span class='ocrx_word' id='word_1_122' title='bbox 1679 1697 2005 1767; x_wconf 88' lang='grc' dir='ltr'><strong>διακρίσεως</strong></span> 
     </span>
    </p>
   </div>
   <div class='ocr_carea' id='block_1_19' title="bbox 427 1787 2005 1864">
    <p class='ocr_par' dir='ltr' id='par_1_19' title="bbox 427 1787 2005 1864">
     <span class='ocr_line' id='line_1_19' title="bbox 427 1787 2005 1864; baseline -0.005 -17"><span class='ocrx_word' id='word_1_123' title='bbox 427 1793 527 1864; x_wconf 78' lang='grc' dir='ltr'><strong>τὴν</strong></span> <span class='ocrx_word' id='word_1_124' title='bbox 556 1796 818 1863; x_wconf 78' lang='grc' dir='ltr'><strong>σύγχυσιν</strong></span> <span class='ocrx_word' id='word_1_125' title='bbox 849 1792 1031 1846; x_wconf 76' lang='grc' dir='ltr'><strong>αὐτῶν</strong></span> <span class='ocrx_word' id='word_1_126' title='bbox 1055 1789 1482 1860; x_wconf 78' lang='grc' dir='ltr'><strong>ἀνατρέπεσθαι.</strong></span> <span class='ocrx_word' id='word_1_127' title='bbox 1512 1789 1627 1843; x_wconf 70' lang='grc' dir='ltr'><strong>Καὶ</strong></span> <span class='ocrx_word' id='word_1_128' title='bbox 1649 1787 1822 1851; x_wconf 78' lang='grc' dir='ltr'><strong>οὕτως</strong></span> <span class='ocrx_word' id='word_1_129' title='bbox 1843 1787 2005 1858; x_wconf 79' lang='grc' dir='ltr'><strong>ἄχρη-</strong></span> 
     </span>
    </p>
   </div>
   <div class='ocr_carea' id='block_1_20' title="bbox 432 1872 2076 1956">
    <p class='ocr_par' dir='ltr' id='par_1_20' title="bbox 432 1872 2076 1956">
     <span class='ocr_line' id='line_1_20' title="bbox 432 1872 2076 1956; baseline -0.005 -16"><span class='ocrx_word' id='word_1_130' title='bbox 432 1903 556 1946; x_wconf 85' lang='grc' dir='ltr'><strong>στος</strong></span> <span class='ocrx_word' id='word_1_131' title='bbox 591 1887 625 1956; x_wconf 82' lang='grc' dir='ltr'><strong>ἠ</strong></span> <span class='ocrx_word' id='word_1_132' title='bbox 649 1886 740 1938; x_wconf 80' lang='grc' dir='ltr'><strong>τοῦ</strong></span> <span class='ocrx_word' id='word_1_133' title='bbox 771 1883 961 1952; x_wconf 79' lang='grc' dir='ltr'><strong>ἀνδρὸς</strong></span> <span class='ocrx_word' id='word_1_134' title='bbox 985 1883 1255 1953; x_wconf 83' lang='grc' dir='ltr'><strong>ἐρώτησις</strong></span> <span class='ocrx_word' id='word_1_135' title='bbox 1279 1882 1518 1948; x_wconf 83' lang='grc' dir='ltr'><strong>γίνεται.</strong></span> <span class='ocrx_word' id='word_1_136' title='bbox 1552 1879 1691 1934; x_wconf 72' lang='grc' dir='ltr'><strong>Οὔτε</strong></span> <span class='ocrx_word' id='word_1_137' title='bbox 1733 1881 1842 1949; x_wconf 79' lang='grc' dir='ltr'><strong>γὰρ</strong></span> <span class='ocrx_word' id='word_1_138' title='bbox 1869 1879 2004 1934; x_wconf 87' lang='grc' dir='ltr'><strong>καοό</strong></span> <span class='ocrx_word' id='word_1_139' title='bbox 2038 1872 2076 1926; x_wconf 78' lang='grc' dir='ltr'><strong><em>Β</em></strong></span> 
     </span>
    </p>
   </div>
   <div class='ocr_carea' id='block_1_21' title="bbox 430 1970 2003 2045">
    <p class='ocr_par' dir='ltr' id='par_1_21' title="bbox 430 1970 2003 2045">
     <span class='ocr_line' id='line_1_21' title="bbox 430 1970 2003 2045; baseline -0.004 -15"><span class='ocrx_word' id='word_1_140' title='bbox 430 1978 538 2030; x_wconf 81' lang='grc' dir='ltr'><strong>εἰσι</strong></span> <span class='ocrx_word' id='word_1_141' title='bbox 571 1975 984 2045; x_wconf 76' lang='grc' dir='ltr'><strong>διακεκριμένοι</strong></span> <span class='ocrx_word' id='word_1_142' title='bbox 1023 1973 1210 2040; x_wconf 80' lang='grc' dir='ltr'><strong>μόνον,</strong></span> <span class='ocrx_word' id='word_1_143' title='bbox 1235 1970 1360 2026; x_wconf 78' lang='grc' dir='ltr'><strong>οὔτε</strong></span> <span class='ocrx_word' id='word_1_144' title='bbox 1393 1972 1531 2026; x_wconf 82' lang='grc' dir='ltr'><strong>καθό</strong></span> <span class='ocrx_word' id='word_1_145' title='bbox 1571 1974 1707 2026; x_wconf 84' lang='grc' dir='ltr'><strong>εἰσιν</strong></span> <span class='ocrx_word' id='word_1_146' title='bbox 1732 1972 2003 2044; x_wconf 66' lang='grc' dir='ltr'><strong>ήνωμένοι</strong></span> 
     </span>
    </p>
   </div>
   <div class='ocr_carea' id='block_1_22' title="bbox 433 2062 2002 2138">
    <p class='ocr_par' dir='ltr' id='par_1_22' title="bbox 433 2062 2002 2138">
     <span class='ocr_line' id='line_1_22' title="bbox 433 2062 2002 2138; baseline -0.001 -18"><span class='ocrx_word' id='word_1_147' title='bbox 433 2065 734 2138; x_wconf 66' lang='grc' dir='ltr'><strong>μάνον,λῐνα</strong></span> <span class='ocrx_word' id='word_1_148' title='bbox 761 2067 862 2119; x_wconf 73' lang='grc' dir='ltr'><strong>καὶ</strong></span> <span class='ocrx_word' id='word_1_149' title='bbox 892 2067 988 2128; x_wconf 74' lang='grc' dir='ltr'><strong>τὰς</strong></span> <span class='ocrx_word' id='word_1_150' title='bbox 1018 2062 1249 2126; x_wconf 83' lang='grc' dir='ltr'><strong>ἀτοπίας</strong></span> <span class='ocrx_word' id='word_1_151' title='bbox 1291 2063 1506 2126; x_wconf 75' lang='grc' dir='ltr'><strong>ἐκείνας</strong></span> <span class='ocrx_word' id='word_1_152' title='bbox 1557 2062 1872 2136; x_wconf 72' lang='grc' dir='ltr'><strong>ἐπισυνάψῃ</strong></span> <span class='ocrx_word' id='word_1_153' title='bbox 1904 2063 2002 2132; x_wconf 85' lang='lat' dir='ltr'><strong>(l).</strong></span> 
     </span>
    </p>
   </div>
   <div class='ocr_carea' id='block_1_23' title="bbox 431 2155 2004 2230">
    <p class='ocr_par' dir='ltr' id='par_1_23' title="bbox 431 2155 2004 2230">
     <span class='ocr_line' id='line_1_23' title="bbox 431 2155 2004 2230; baseline -0.003 -18"><span class='ocrx_word' id='word_1_154' title='bbox 431 2157 546 2230; x_wconf 65' lang='grc' dir='ltr'><strong>Ἦῆς</strong></span> <span class='ocrx_word' id='word_1_155' title='bbox 581 2160 900 2228; x_wconf 75' lang='grc' dir='ltr'><strong>ἐρωτήσεως</strong></span> <span class='ocrx_word' id='word_1_156' title='bbox 935 2157 1120 2211; x_wconf 88' lang='grc' dir='ltr'><strong>τοίνυν</strong></span> <span class='ocrx_word' id='word_1_157' title='bbox 1147 2155 1320 2220; x_wconf 78' lang='grc' dir='ltr'><strong>οὕτως</strong></span> <span class='ocrx_word' id='word_1_158' title='bbox 1350 2155 1784 2226; x_wconf 77' lang='grc' dir='ltr'><strong>ἐκϐαλλομένης,</strong></span> <span class='ocrx_word' id='word_1_159' title='bbox 1821 2155 2004 2226; x_wconf 75' lang='grc' dir='ltr'><strong>οὕτεή</strong></span> 
     </span>
    </p>
   </div>
   <div class='ocr_carea' id='block_1_24' title="bbox 433 2246 2006 2320">
    <p class='ocr_par' dir='ltr' id='par_1_24' title="bbox 433 2246 2006 2320">
     <span class='ocr_line' id='line_1_24' title="bbox 433 2246 2006 2320; baseline -0.002 -15"><span class='ocrx_word' id='word_1_160' title='bbox 433 2251 514 2315; x_wconf 83' lang='grc' dir='ltr'><strong>είς</strong></span> <span class='ocrx_word' id='word_1_161' title='bbox 543 2251 744 2304; x_wconf 77' lang='grc' dir='ltr'><strong>ἄτοπον</strong></span> <span class='ocrx_word' id='word_1_162' title='bbox 773 2249 1047 2318; x_wconf 73' lang='grc' dir='ltr'><strong>ἀπαγωγὴ</strong></span> <span class='ocrx_word' id='word_1_163' title='bbox 1097 2247 1284 2319; x_wconf 82' lang='grc' dir='ltr'><strong>χώραν</strong></span> <span class='ocrx_word' id='word_1_164' title='bbox 1341 2246 1457 2318; x_wconf 69' lang='grc' dir='ltr'><strong>ἔχει</strong></span> <span class='ocrx_word' id='word_1_165' title='bbox 1496 2248 1682 2300; x_wconf 70' lang='grc' dir='ltr'><strong>λοιπὸν</strong></span> <span class='ocrx_word' id='word_1_166' title='bbox 1717 2247 1887 2318; x_wconf 80' lang='grc' dir='ltr'><strong>αὐτῷ,</strong></span> <span class='ocrx_word' id='word_1_167' title='bbox 1938 2249 2006 2320; x_wconf 78' lang='grc' dir='ltr'><strong>ἣν</strong></span> 
     </span>
    </p>
   </div>
   <div class='ocr_carea' id='block_1_25' title="bbox 429 2337 2008 2412">
    <p class='ocr_par' dir='ltr' id='par_1_25' title="bbox 429 2337 2008 2412">
     <span class='ocr_line' id='line_1_25' title="bbox 429 2337 2008 2412; baseline -0.003 -16"><span class='ocrx_word' id='word_1_168' title='bbox 429 2341 525 2397; x_wconf 75' lang='grc' dir='ltr'><strong>ἐπὶ</strong></span> <span class='ocrx_word' id='word_1_169' title='bbox 549 2341 648 2411; x_wconf 82' lang='grc' dir='ltr'><strong>τῆς</strong></span> <span class='ocrx_word' id='word_1_170' title='bbox 685 2342 1010 2412; x_wconf 77' lang='grc' dir='ltr'><strong>ἐρωτήσεως</strong></span> <span class='ocrx_word' id='word_1_171' title='bbox 1057 2339 1266 2410; x_wconf 84' lang='grc' dir='ltr'><strong>ταύτης</strong></span> <span class='ocrx_word' id='word_1_172' title='bbox 1309 2340 1506 2411; x_wconf 68' lang='grc' dir='ltr'><strong>ἱδρύει,</strong></span> <span class='ocrx_word' id='word_1_173' title='bbox 1551 2337 1676 2393; x_wconf 73' lang='grc' dir='ltr'><strong>οὗθ’</strong></span> <span class='ocrx_word' id='word_1_174' title='bbox 1739 2341 1888 2411; x_wconf 75' lang='grc' dir='ltr'><strong>ἡμᾶς</strong></span> <span class='ocrx_word' id='word_1_175' title='bbox 1927 2341 2008 2393; x_wconf 82' lang='grc' dir='ltr'><strong>δεῖ</strong></span> 
     </span>
    </p>
   </div>
   <div class='ocr_carea' id='block_1_26' title="bbox 434 2433 2006 2506">
    <p class='ocr_par' dir='ltr' id='par_1_26' title="bbox 434 2433 2006 2506">
     <span class='ocr_line' id='line_1_26' title="bbox 434 2433 2006 2506; baseline -0.001 -16"><span class='ocrx_word' id='word_1_176' title='bbox 434 2439 618 2490; x_wconf 82' lang='grc' dir='ltr'><strong>πονεῖν</strong></span> <span class='ocrx_word' id='word_1_177' title='bbox 668 2436 767 2506; x_wconf 77' lang='grc' dir='ltr'><strong>τὴν</strong></span> <span class='ocrx_word' id='word_1_178' title='bbox 817 2435 1144 2490; x_wconf 78' lang='grc' dir='ltr'><strong>ἀκολουθίαν</strong></span> <span class='ocrx_word' id='word_1_179' title='bbox 1205 2435 1315 2488; x_wconf 87' lang='grc' dir='ltr'><strong>τῶν</strong></span> <span class='ocrx_word' id='word_1_180' title='bbox 1373 2433 1720 2506; x_wconf 76' lang='grc' dir='ltr'><strong>ἑκατέρωθεν</strong></span> <span class='ocrx_word' id='word_1_181' title='bbox 1757 2435 2006 2489; x_wconf 71' lang='grc' dir='ltr'><strong>ἀτοπιῶν</strong></span> 
     </span>
    </p>
   </div>
   <div class='ocr_carea' id='block_1_27' title="bbox 429 2528 2008 2600">
    <p class='ocr_par' dir='ltr' id='par_1_27' title="bbox 429 2528 2008 2600">
     <span class='ocr_line' id='line_1_27' title="bbox 429 2528 2008 2600; baseline -0.003 -17"><span class='ocrx_word' id='word_1_182' title='bbox 429 2529 784 2597; x_wconf 75' lang='grc' dir='ltr'><strong>ἐξετάζοντας</strong></span> <span class='ocrx_word' id='word_1_183' title='bbox 821 2545 879 2582; x_wconf 85' lang='grc' dir='ltr'><strong>τε</strong></span> <span class='ocrx_word' id='word_1_184' title='bbox 913 2529 1010 2582; x_wconf 81' lang='grc' dir='ltr'><strong>καὶ</strong></span> <span class='ocrx_word' id='word_1_185' title='bbox 1053 2528 1399 2600; x_wconf 84' lang='grc' dir='ltr'><strong>ἐλέγχοντας.</strong></span> <span class='ocrx_word' id='word_1_186' title='bbox 1429 2529 1494 2581; x_wconf 83' lang='lat' dir='ltr'><strong>Ei</strong></span> <span class='ocrx_word' id='word_1_187' title='bbox 1538 2528 1595 2582; x_wconf 88' lang='grc' dir='ltr'><strong>δέ</strong></span> <span class='ocrx_word' id='word_1_188' title='bbox 1619 2545 1674 2582; x_wconf 82' lang='grc' dir='ltr'><strong>τι</strong></span> <span class='ocrx_word' id='word_1_189' title='bbox 1707 2530 1804 2583; x_wconf 76' lang='grc' dir='ltr'><strong>καὶ</strong></span> <span class='ocrx_word' id='word_1_190' title='bbox 1827 2528 2008 2597; x_wconf 82' lang='grc' dir='ltr'><strong>λέγειν</strong></span> 
     </span>
    </p>
   </div>
   <div class='ocr_carea' id='block_1_28' title="bbox 430 2619 2008 2693">
    <p class='ocr_par' dir='ltr' id='par_1_28' title="bbox 430 2619 2008 2693">
     <span class='ocr_line' id='line_1_28' title="bbox 430 2619 2008 2693; baseline -0.003 -13"><span class='ocrx_word' id='word_1_191' title='bbox 430 2623 569 2693; x_wconf 81' lang='grc' dir='ltr'><strong>πρὸς</strong></span> <span class='ocrx_word' id='word_1_192' title='bbox 596 2621 859 2676; x_wconf 72' lang='grc' dir='ltr'><strong>ταύταιέκ</strong></span> <span class='ocrx_word' id='word_1_193' title='bbox 889 2619 1211 2692; x_wconf 77' lang='grc' dir='ltr'><strong>περιουσίας</strong></span> <span class='ocrx_word' id='word_1_194' title='bbox 1241 2621 1430 2692; x_wconf 76' lang='grc' dir='ltr'><strong>ἐχρῆν,</strong></span> <span class='ocrx_word' id='word_1_195' title='bbox 1466 2623 1566 2676; x_wconf 80' lang='grc' dir='ltr'><strong>καὶ</strong></span> <span class='ocrx_word' id='word_1_196' title='bbox 1622 2621 1785 2676; x_wconf 80' lang='grc' dir='ltr'><strong>τοῦτο</strong></span> <span class='ocrx_word' id='word_1_197' title='bbox 1829 2639 2008 2676; x_wconf 59' lang='grc' dir='ltr'><strong>’κατα-</strong></span> 
     </span>
    </p>
   </div>
   <div class='ocr_carea' id='block_1_29' title="bbox 425 2714 2010 2787">
    <p class='ocr_par' dir='ltr' id='par_1_29' title="bbox 425 2714 2010 2787">
     <span class='ocr_line' id='line_1_29' title="bbox 425 2714 2010 2787; baseline -0.002 -18"><span class='ocrx_word' id='word_1_198' title='bbox 425 2715 600 2785; x_wconf 63' lang='grc' dir='ltr'><strong>φανές</strong></span> <span class='ocrx_word' id='word_1_199' title='bbox 642 2714 709 2769; x_wconf 83' lang='grc' dir='ltr'><strong>ἂν</strong></span> <span class='ocrx_word' id='word_1_200' title='bbox 756 2715 822 2770; x_wconf 85' lang='grc' dir='ltr'><strong>ἐκ</strong></span> <span class='ocrx_word' id='word_1_201' title='bbox 869 2715 979 2769; x_wconf 84' lang='grc' dir='ltr'><strong>τῶν</strong></span> <span class='ocrx_word' id='word_1_202' title='bbox 1039 2717 1128 2778; x_wconf 75' lang='grc' dir='ltr'><strong>εἰς</strong></span> <span class='ocrx_word' id='word_1_203' title='bbox 1181 2715 1252 2768; x_wconf 74' lang='grc' dir='ltr'><strong>τὰ</strong></span> <span class='ocrx_word' id='word_1_204' title='bbox 1296 2714 1564 2787; x_wconf 76' lang='grc' dir='ltr'><strong>πρότερον</strong></span> <span class='ocrx_word' id='word_1_205' title='bbox 1598 2716 2010 2785; x_wconf 74' lang='grc' dir='ltr'><strong>ἐπιχειρήματα</strong></span> 
     </span>
    </p>
   </div>
   <div class='ocr_carea' id='block_1_30' title="bbox 427 2803 2008 2879">
    <p class='ocr_par' dir='ltr' id='par_1_30' title="bbox 427 2803 2008 2879">
     <span class='ocr_line' id='line_1_30' title="bbox 427 2803 2008 2879; baseline -0.003 -17"><span class='ocrx_word' id='word_1_206' title='bbox 427 2809 736 2878; x_wconf 79' lang='grc' dir='ltr'><strong>ἁπολογιῶν</strong></span> <span class='ocrx_word' id='word_1_207' title='bbox 766 2807 1005 2877; x_wconf 69' lang='grc' dir='ltr'><strong>γένοιτο.</strong></span> <span class='ocrx_word' id='word_1_208' title='bbox 1048 2807 1117 2862; x_wconf 60' lang='grc' dir='ltr'><strong>ΣΗ</strong></span> <span class='ocrx_word' id='word_1_209' title='bbox 1151 2807 1260 2879; x_wconf 80' lang='grc' dir='ltr'><strong>γὰρ</strong></span> <span class='ocrx_word' id='word_1_210' title='bbox 1299 2807 1438 2878; x_wconf 77' lang='grc' dir='ltr'><strong>πρὸς</strong></span> <span class='ocrx_word' id='word_1_211' title='bbox 1479 2809 1538 2859; x_wconf 75' lang='grc' dir='ltr'><strong>τὸ</strong></span> <span class='ocrx_word' id='word_1_212' title='bbox 1569 2805 1757 2872; x_wconf 64' lang='grc' dir='ltr'><strong>ὃγδοον</strong></span> <span class='ocrx_word' id='word_1_213' title='bbox 1787 2807 1886 2858; x_wconf 77' lang='grc' dir='ltr'><strong>καὶ</strong></span> <span class='ocrx_word' id='word_1_214' title='bbox 1921 2803 2008 2858; x_wconf 86' lang='grc' dir='ltr'><strong>δέ·</strong></span> 
     </span>
    </p>
   </div>
   <div class='ocr_carea' id='block_1_31' title="bbox 430 2897 2012 2964">
    <p class='ocr_par' dir='ltr' id='par_1_31' title="bbox 430 2897 2012 2964">
     <span class='ocr_line' id='line_1_31' title="bbox 430 2897 2012 2964; baseline -0.003 -9"><span class='ocrx_word' id='word_1_215' title='bbox 430 2917 598 2955; x_wconf 83' lang='grc' dir='ltr'><strong>κατον</strong></span> <span class='ocrx_word' id='word_1_216' title='bbox 635 2902 792 2964; x_wconf 81' lang='grc' dir='ltr'><strong>λύσις</strong></span> <span class='ocrx_word' id='word_1_217' title='bbox 821 2903 919 2954; x_wconf 67' lang='grc' dir='ltr'><strong>καὶ</strong></span> <span class='ocrx_word' id='word_1_218' title='bbox 959 2901 1068 2954; x_wconf 79' lang='grc' dir='ltr'><strong>τῶν</strong></span> <span class='ocrx_word' id='word_1_219' title='bbox 1113 2899 1451 2955; x_wconf 79' lang='grc' dir='ltr'><strong>ἀκολουθιῶν</strong></span> <span class='ocrx_word' id='word_1_220' title='bbox 1485 2898 1656 2953; x_wconf 67' lang='grc' dir='ltr'><strong>ἔσται</strong></span> <span class='ocrx_word' id='word_1_221' title='bbox 1682 2897 1890 2952; x_wconf 86' lang='grc' dir='ltr'><strong>τούτων</strong></span> <span class='ocrx_word' id='word_1_222' title='bbox 1919 2897 2012 2950; x_wconf 88' lang='grc' dir='ltr'><strong>λυ-</strong></span> 
     </span>
    </p>
   </div>
   <div class='ocr_carea' id='block_1_32' title="bbox 439 2989 2012 3064">
    <p class='ocr_par' dir='ltr' id='par_1_32' title="bbox 439 2989 2012 3064">
     <span class='ocr_line' id='line_1_32' title="bbox 439 2989 2012 3064; baseline -0.001 -19"><span class='ocrx_word' id='word_1_223' title='bbox 439 2993 572 3064; x_wconf 77' lang='grc' dir='ltr'><strong>τικὴ</strong></span> <span class='ocrx_word' id='word_1_224' title='bbox 613 2997 710 3048; x_wconf 72' lang='lat' dir='ltr'><strong>xui.</strong></span> <span class='ocrx_word' id='word_1_225' title='bbox 779 2993 1074 3064; x_wconf 78' lang='grc' dir='ltr'><strong>ἐλεγκτικὴ</strong></span> <span class='ocrx_word' id='word_1_226' title='bbox 1117 2995 1226 3056; x_wconf 76' lang='grc' dir='ltr'><strong>τοῖς</strong></span> <span class='ocrx_word' id='word_1_227' title='bbox 1260 2992 1474 3047; x_wconf 82' lang='grc' dir='ltr'><strong>ἐκεῖθεν</strong></span> <span class='ocrx_word' id='word_1_228' title='bbox 1500 2991 1744 3059; x_wconf 77' lang='grc' dir='ltr'><strong>ἐκλέγειν</strong></span> <span class='ocrx_word' id='word_1_229' title='bbox 1787 2989 2012 3059; x_wconf 82' lang='grc' dir='ltr'><strong>δυνησο-</strong></span> 
     </span>
    </p>
   </div>
   <div class='ocr_carea' id='block_1_33' title="bbox 419 3083 2008 3157">
    <p class='ocr_par' dir='ltr' id='par_1_33' title="bbox 419 3083 2008 3157">
     <span class='ocr_line' id='line_1_33' title="bbox 419 3083 2008 3157; baseline -0.001 -17"><span class='ocrx_word' id='word_1_230' title='bbox 419 3087 643 3157; x_wconf 60' lang='grc' dir='ltr'><strong>μένοις,</strong></span> <span class='ocrx_word' id='word_1_231' title='bbox 691 3089 815 3139; x_wconf 73' lang='grc' dir='ltr'><strong>ἐπει</strong></span> <span class='ocrx_word' id='word_1_232' title='bbox 845 3085 928 3140; x_wconf 81' lang='grc' dir='ltr'><strong>τοι</strong></span> <span class='ocrx_word' id='word_1_233' title='bbox 960 3102 1025 3155; x_wconf 81' lang='grc' dir='ltr'><strong>γε</strong></span> <span class='ocrx_word' id='word_1_234' title='bbox 1087 3085 1386 3156; x_wconf 77' lang='grc' dir='ltr'><strong>συντομίας</strong></span> <span class='ocrx_word' id='word_1_235' title='bbox 1436 3083 1824 3156; x_wconf 78' lang='grc' dir='ltr'><strong>φροντίζουσιν</strong></span> <span class='ocrx_word' id='word_1_236' title='bbox 1875 3084 2008 3155; x_wconf 78' lang='grc' dir='ltr'><strong>ἡμῖν</strong></span> 
     </span>
    </p>
   </div>
   <div class='ocr_carea' id='block_1_34' title="bbox 433 3165 2012 3250">
    <p class='ocr_par' dir='ltr' id='par_1_34' title="bbox 433 3165 2012 3250">
     <span class='ocr_line' id='line_1_34' title="bbox 433 3165 2012 3250; baseline -0.003 -20"><span class='ocrx_word' id='word_1_237' title='bbox 433 3181 530 3232; x_wconf 67' lang='grc' dir='ltr'><strong>καὶ</strong></span> <span class='ocrx_word' id='word_1_238' title='bbox 565 3182 682 3248; x_wconf 72' lang='grc' dir='ltr'><strong>ἃμα</strong></span> <span class='ocrx_word' id='word_1_239' title='bbox 711 3177 875 3250; x_wconf 83' lang='grc' dir='ltr'><strong>κόρον</strong></span> <span class='ocrx_word' id='word_1_240' title='bbox 907 3177 1136 3231; x_wconf 82' lang='grc' dir='ltr'><strong>λαϐοῦσι</strong></span> <span class='ocrx_word' id='word_1_241' title='bbox 1185 3178 1294 3231; x_wconf 82' lang='grc' dir='ltr'><strong>τῶν</strong></span> <span class='ocrx_word' id='word_1_242' title='bbox 1333 3174 1610 3248; x_wconf 85' lang='grc' dir='ltr'><strong>περιττῶν</strong></span> <span class='ocrx_word' id='word_1_243' title='bbox 1648 3175 1743 3228; x_wconf 75' lang='grc' dir='ltr'><strong>καὶ</strong></span> <span class='ocrx_word' id='word_1_244' title='bbox 1769 3165 2012 3244; x_wconf 58' lang='grc' dir='ltr'><strong>ἀσυναρτ</strong></span> 
     </span>
    </p>
   </div>
   <div class='ocr_carea' id='block_1_35' title="bbox 429 3265 2002 3342">
    <p class='ocr_par' dir='ltr' id='par_1_35' title="bbox 429 3265 2002 3342">
     <span class='ocr_line' id='line_1_35' title="bbox 429 3265 2002 3342; baseline -0.004 -17"><span class='ocrx_word' id='word_1_245' title='bbox 429 3273 612 3342; x_wconf 65' lang='lat' dir='ltr'><strong>If;th</strong></span> <span class='ocrx_word' id='word_1_246' title='bbox 651 3270 744 3324; x_wconf 80' lang='grc' dir='ltr'><strong>τοῦ</strong></span> <span class='ocrx_word' id='word_1_247' title='bbox 776 3270 966 3342; x_wconf 75' lang='grc' dir='ltr'><strong>ἀνδρὸς</strong></span> <span class='ocrx_word' id='word_1_248' title='bbox 999 3271 1175 3339; x_wconf 86' lang='grc' dir='ltr'><strong>λόγων</strong></span> <span class='ocrx_word' id='word_1_249' title='bbox 1212 3269 1344 3339; x_wconf 81' lang='grc' dir='ltr'><strong>περὶ</strong></span> <span class='ocrx_word' id='word_1_250' title='bbox 1375 3269 1486 3322; x_wconf 88' lang='grc' dir='ltr'><strong>τῶν</strong></span> <span class='ocrx_word' id='word_1_251' title='bbox 1514 3266 1697 3322; x_wconf 81' lang='grc' dir='ltr'><strong>αὐτῶν</strong></span> <span class='ocrx_word' id='word_1_252' title='bbox 1735 3265 2002 3330; x_wconf 76' lang='grc' dir='ltr'><strong>πολλάκις</strong></span> 
     </span>
    </p>
   </div>
   <div class='ocr_carea' id='block_1_36' title="bbox 431 3356 2002 3432">
    <p class='ocr_par' dir='ltr' id='par_1_36' title="bbox 431 3356 2002 3432">
     <span class='ocr_line' id='line_1_36' title="bbox 431 3356 2002 3432; baseline -0.001 -18"><span class='ocrx_word' id='word_1_253' title='bbox 431 3363 612 3428; x_wconf 73' lang='grc' dir='ltr'><strong>λέγειν</strong></span> <span class='ocrx_word' id='word_1_254' title='bbox 640 3362 740 3416; x_wconf 81' lang='grc' dir='ltr'><strong>οὐκ</strong></span> <span class='ocrx_word' id='word_1_255' title='bbox 796 3361 1018 3432; x_wconf 60' lang='grc' dir='ltr'><strong>⁸ἤρεσεν.</strong></span> <span class='ocrx_word' id='word_1_256' title='bbox 1059 3360 1354 3431; x_wconf 73' lang='grc' dir='ltr'><strong>Ἐμπαίζει</strong></span> <span class='ocrx_word' id='word_1_257' title='bbox 1383 3359 1441 3414; x_wconf 75' lang='grc' dir='ltr'><strong>δὲ</strong></span> <span class='ocrx_word' id='word_1_258' title='bbox 1487 3361 1554 3431; x_wconf 79' lang='grc' dir='ltr'><strong>τῇ</strong></span> <span class='ocrx_word' id='word_1_259' title='bbox 1598 3357 1711 3413; x_wconf 84' lang='grc' dir='ltr'><strong>τῶν</strong></span> <span class='ocrx_word' id='word_1_260' title='bbox 1755 3356 2002 3412; x_wconf 84' lang='grc' dir='ltr'><strong>Λατίνων</strong></span> 
     </span>
    </p>
   </div>
   <div class='ocr_carea' id='block_1_37' title="bbox 433 3451 2005 3526">
    <p class='ocr_par' dir='ltr' id='par_1_37' title="bbox 433 3451 2005 3526">
     <span class='ocr_line' id='line_1_37' title="bbox 433 3451 2005 3526; baseline -0.001 -19"><span class='ocrx_word' id='word_1_261' title='bbox 433 3453 724 3524; x_wconf 80' lang='grc' dir='ltr'><strong>ἀποκρίσει</strong></span> <span class='ocrx_word' id='word_1_262' title='bbox 756 3451 834 3517; x_wconf 80' lang='grc' dir='ltr'><strong>ὡς</strong></span> <span class='ocrx_word' id='word_1_263' title='bbox 881 3453 982 3506; x_wconf 84' lang='grc' dir='ltr'><strong>οὐκ</strong></span> <span class='ocrx_word' id='word_1_264' title='bbox 1023 3452 1326 3526; x_wconf 79' lang='grc' dir='ltr'><strong>ἀναιρούσῃ</strong></span> <span class='ocrx_word' id='word_1_265' title='bbox 1365 3452 1466 3523; x_wconf 74' lang='grc' dir='ltr'><strong>τὴν</strong></span> <span class='ocrx_word' id='word_1_266' title='bbox 1496 3454 1578 3518; x_wconf 80' lang='grc' dir='ltr'><strong>είς</strong></span> <span class='ocrx_word' id='word_1_267' title='bbox 1615 3451 1820 3506; x_wconf 81' lang='grc' dir='ltr'><strong>ἀτοπον</strong></span> <span class='ocrx_word' id='word_1_268' title='bbox 1859 3452 2005 3506; x_wconf 83' lang='grc' dir='ltr'><strong>ἀπα-</strong></span> 
     </span>
    </p>
   </div>
   <div class='ocr_carea' id='block_1_38' title="bbox 433 3544 2006 3617">
    <p class='ocr_par' dir='ltr' id='par_1_38' title="bbox 433 3544 2006 3617">
     <span class='ocr_line' id='line_1_38' title="bbox 433 3544 2006 3617; baseline 0 -18"><span class='ocrx_word' id='word_1_269' title='bbox 433 3548 644 3617; x_wconf 76' lang='grc' dir='ltr'><strong>γωγὴν,</strong></span> <span class='ocrx_word' id='word_1_270' title='bbox 679 3545 815 3599; x_wconf 83' lang='grc' dir='ltr'><strong>ἀλλά</strong></span> <span class='ocrx_word' id='word_1_271' title='bbox 842 3546 903 3599; x_wconf 80' lang='grc' dir='ltr'><strong>τὸ</strong></span> <span class='ocrx_word' id='word_1_272' title='bbox 931 3545 1196 3600; x_wconf 83' lang='grc' dir='ltr'><strong>ἀδύνατον</strong></span> <span class='ocrx_word' id='word_1_273' title='bbox 1219 3544 1486 3616; x_wconf 77' lang='grc' dir='ltr'><strong>δεικνύσῃ</strong></span> <span class='ocrx_word' id='word_1_274' title='bbox 1524 3544 1712 3615; x_wconf 82' lang='grc' dir='ltr'><strong>μόνον,</strong></span> <span class='ocrx_word' id='word_1_275' title='bbox 1733 3545 1817 3599; x_wconf 83' lang='grc' dir='ltr'><strong>ὅτι</strong></span> <span class='ocrx_word' id='word_1_276' title='bbox 1854 3545 2006 3599; x_wconf 76' lang='grc' dir='ltr'><strong>ἐστὶν</strong></span> 
     </span>
    </p>
   </div>
   <div class='ocr_carea' id='block_1_39' title="bbox 434 3631 2007 3710">
    <p class='ocr_par' dir='ltr' id='par_1_39' title="bbox 434 3631 2007 3710">
     <span class='ocr_line' id='line_1_39' title="bbox 434 3631 2007 3710; baseline 0 -20"><span class='ocrx_word' id='word_1_277' title='bbox 434 3638 720 3702; x_wconf 82' lang='grc' dir='ltr'><strong>ἀδύνατον,</strong></span> <span class='ocrx_word' id='word_1_278' title='bbox 745 3637 838 3691; x_wconf 74' lang='grc' dir='ltr'><strong>καὶ</strong></span> <span class='ocrx_word' id='word_1_279' title='bbox 874 3635 1204 3708; x_wconf 74' lang='grc' dir='ltr'><strong>παρεικάζει</strong></span> <span class='ocrx_word' id='word_1_280' title='bbox 1234 3637 1414 3710; x_wconf 81' lang='grc' dir='ltr'><strong>ταύτῃ</strong></span> <span class='ocrx_word' id='word_1_281' title='bbox 1441 3636 1567 3691; x_wconf 78' lang='grc' dir='ltr'><strong>τινὰ</strong></span> <span class='ocrx_word' id='word_1_282' title='bbox 1590 3637 1908 3707; x_wconf 79' lang='grc' dir='ltr'><strong>ἀπόκρισιν,</strong></span> <span class='ocrx_word' id='word_1_283' title='bbox 1929 3631 2007 3692; x_wconf 81' lang='grc' dir='ltr'><strong>ὧν</strong></span> 
     </span>
    </p>
   </div>
   <div class='ocr_carea' id='block_1_40' title="bbox 433 3727 2008 3801">
    <p class='ocr_par' dir='ltr' id='par_1_40' title="bbox 433 3727 2008 3801">
     <span class='ocr_line' id='line_1_40' title="bbox 433 3727 2008 3801; baseline 0.001 -19"><span class='ocrx_word' id='word_1_284' title='bbox 433 3729 632 3784; x_wconf 73' lang='grc' dir='ltr'><strong>ὸπόσον</strong></span> <span class='ocrx_word' id='word_1_285' title='bbox 665 3745 717 3784; x_wconf 90' lang='grc' dir='ltr'><strong>τι</strong></span> <span class='ocrx_word' id='word_1_286' title='bbox 751 3729 812 3783; x_wconf 81' lang='grc' dir='ltr'><strong>τὸ</strong></span> <span class='ocrx_word' id='word_1_287' title='bbox 855 3728 1116 3799; x_wconf 72' lang='grc' dir='ltr'><strong>διάφορον</strong></span> <span class='ocrx_word' id='word_1_288' title='bbox 1153 3727 1444 3800; x_wconf 75' lang='grc' dir='ltr'><strong>πόρρωθεν</strong></span> <span class='ocrx_word' id='word_1_289' title='bbox 1491 3729 1606 3793; x_wconf 83' lang='grc' dir='ltr'><strong>τοῖς</strong></span> <span class='ocrx_word' id='word_1_290' title='bbox 1648 3727 1874 3801; x_wconf 76' lang='grc' dir='ltr'><strong>λογικῆς</strong></span> <span class='ocrx_word' id='word_1_291' title='bbox 1909 3731 2008 3784; x_wconf 76' lang='grc' dir='ltr'><strong>καὶ</strong></span> 
     </span>
    </p>
   </div>
   <div class='ocr_carea' id='block_1_41' title="bbox 433 3817 2008 3894">
    <p class='ocr_par' dir='ltr' id='par_1_41' title="bbox 433 3817 2008 3894">
     <span class='ocr_line' id='line_1_41' title="bbox 433 3817 2008 3894; baseline 0.001 -18"><span class='ocrx_word' id='word_1_292' title='bbox 433 3822 688 3876; x_wconf 82' lang='grc' dir='ltr'><strong>ὁπωσοῦν</strong></span> <span class='ocrx_word' id='word_1_293' title='bbox 743 3824 1106 3894; x_wconf 82' lang='grc' dir='ltr'><strong>γεγευμένοις</strong></span> <span class='ocrx_word' id='word_1_294' title='bbox 1151 3821 1476 3894; x_wconf 81' lang='grc' dir='ltr'><strong>κατάδηλον.</strong></span> <span class='ocrx_word' id='word_1_295' title='bbox 1529 3817 1724 3894; x_wconf 76' lang='grc' dir='ltr'><strong>Οἶμαι,</strong></span> <span class='ocrx_word' id='word_1_296' title='bbox 1774 3823 1860 3878; x_wconf 79' lang='grc' dir='ltr'><strong>ὅτι</strong></span> <span class='ocrx_word' id='word_1_297' title='bbox 1908 3823 2008 3878; x_wconf 79' lang='grc' dir='ltr'><strong>καὶ</strong></span> 
     </span>
    </p>
   </div>
   <div class='ocr_carea' id='block_1_42' title="bbox 437 3912 2007 3986">
    <p class='ocr_par' dir='ltr' id='par_1_42' title="bbox 437 3912 2007 3986">
     <span class='ocr_line' id='line_1_42' title="bbox 437 3912 2007 3986; baseline -0.001 -17"><span class='ocrx_word' id='word_1_298' title='bbox 437 3916 652 3979; x_wconf 85' lang='grc' dir='ltr'><strong>πολλοῖς</strong></span> <span class='ocrx_word' id='word_1_299' title='bbox 687 3913 868 3980; x_wconf 84' lang='grc' dir='ltr'><strong>ἀλλοις</strong></span> <span class='ocrx_word' id='word_1_300' title='bbox 909 3913 1177 3984; x_wconf 73' lang='grc' dir='ltr'><strong>ἐμπαίζει</strong></span> <span class='ocrx_word' id='word_1_301' title='bbox 1215 3912 1610 3984; x_wconf 81' lang='grc' dir='ltr'><strong>ἀληθεστάτων</strong></span> <span class='ocrx_word' id='word_1_302' title='bbox 1647 3913 1862 3986; x_wconf 63' lang='grc' dir='ltr'><strong>ῥαδίως.</strong></span> <span class='ocrx_word' id='word_1_303' title='bbox 1911 3915 2007 3967; x_wconf 81' lang='grc' dir='ltr'><strong>Πι-</strong></span> 
     </span>
    </p>
   </div>
   <div class='ocr_carea' id='block_1_43' title="bbox 436 4009 2006 4084">
    <p class='ocr_par' dir='ltr' id='par_1_43' title="bbox 436 4009 2006 4084">
     <span class='ocr_line' id='line_1_43' title="bbox 436 4009 2006 4084; baseline 0 -19"><span class='ocrx_word' id='word_1_304' title='bbox 436 4012 678 4066; x_wconf 78' lang='grc' dir='ltr'><strong>στευέτω</strong></span> <span class='ocrx_word' id='word_1_305' title='bbox 705 4010 814 4082; x_wconf 68' lang='grc' dir='ltr'><strong>γάρ</strong></span> <span class='ocrx_word' id='word_1_306' title='bbox 845 4027 953 4076; x_wconf 88' lang='grc' dir='ltr'><strong>τις,</strong></span> <span class='ocrx_word' id='word_1_307' title='bbox 981 4012 1075 4064; x_wconf 76' lang='grc' dir='ltr'><strong>τὸν</strong></span> <span class='ocrx_word' id='word_1_308' title='bbox 1103 4010 1232 4064; x_wconf 79' lang='grc' dir='ltr'><strong>Υἰὺν</strong></span> <span class='ocrx_word' id='word_1_309' title='bbox 1267 4010 1432 4083; x_wconf 78' lang='grc' dir='ltr'><strong>σοφὸν</strong></span> <span class='ocrx_word' id='word_1_310' title='bbox 1459 4009 1492 4079; x_wconf 78' lang='grc' dir='ltr'>ἢ</span> <span class='ocrx_word' id='word_1_311' title='bbox 1517 4010 1722 4078; x_wconf 82' lang='grc' dir='ltr'><strong>ἀγαθὸν</strong></span> <span class='ocrx_word' id='word_1_312' title='bbox 1755 4009 1790 4083; x_wconf 73' lang='grc' dir='ltr'>ἢ</span> <span class='ocrx_word' id='word_1_313' title='bbox 1829 4011 2006 4084; x_wconf 77' lang='grc' dir='ltr'><strong>ἀληθῆ</strong></span> 
     </span>
    </p>
   </div>
   <div class='ocr_carea' id='block_1_44' title="bbox 439 4091 2010 4176">
    <p class='ocr_par' dir='ltr' id='par_1_44' title="bbox 439 4091 2010 4176">
     <span class='ocr_line' id='line_1_44' title="bbox 439 4091 2010 4176; baseline 0.003 -17"><span class='ocrx_word' id='word_1_314' title='bbox 439 4106 575 4160; x_wconf 65' lang='grc' dir='ltr'><strong>Θεὸν</strong></span> <span class='ocrx_word' id='word_1_315' title='bbox 607 4101 768 4173; x_wconf 75' lang='grc' dir='ltr'><strong>εἰναι,</strong></span> <span class='ocrx_word' id='word_1_316' title='bbox 808 4103 1064 4176; x_wconf 73' lang='grc' dir='ltr'><strong>καθάπερ</strong></span> <span class='ocrx_word' id='word_1_317' title='bbox 1098 4104 1194 4159; x_wconf 75' lang='grc' dir='ltr'><strong>καὶ</strong></span> <span class='ocrx_word' id='word_1_318' title='bbox 1231 4103 1324 4158; x_wconf 74' lang='grc' dir='ltr'><strong>τὸν</strong></span> <span class='ocrx_word' id='word_1_319' title='bbox 1358 4091 1581 4176; x_wconf 81' lang='grc' dir='ltr'><strong>Πατέρα</strong></span> <span class='ocrx_word' id='word_1_320' title='bbox 1605 4119 1620 4136; x_wconf 81' lang='lat'><strong><em>°</em></strong></span> <span class='ocrx_word' id='word_1_321' title='bbox 1656 4101 1920 4175; x_wconf 81' lang='grc' dir='ltr'><strong>ἐρωτάτω</strong></span> <span class='ocrx_word' id='word_1_322' title='bbox 1953 4103 2010 4163; x_wconf 75' lang='grc' dir='ltr'><strong>δέ</strong></span> 
     </span>
    </p>
   </div>
   <div class='ocr_carea' id='block_1_45' title="bbox 439 4195 2012 4268">
    <p class='ocr_par' dir='ltr' id='par_1_45' title="bbox 439 4195 2012 4268">
     <span class='ocr_line' id='line_1_45' title="bbox 439 4195 2012 4268; baseline 0.001 -17"><span class='ocrx_word' id='word_1_323' title='bbox 439 4214 524 4262; x_wconf 89' lang='grc' dir='ltr'><strong>τις</strong></span> <span class='ocrx_word' id='word_1_324' title='bbox 553 4197 740 4263; x_wconf 76' lang='grc' dir='ltr'><strong>αὑτὸν,</strong></span> <span class='ocrx_word' id='word_1_325' title='bbox 775 4199 900 4251; x_wconf 73' lang='grc' dir='ltr'><strong>ὅτου</strong></span> <span class='ocrx_word' id='word_1_326' title='bbox 935 4196 1102 4268; x_wconf 79' lang='grc' dir='ltr'><strong>χάριν</strong></span> <span class='ocrx_word' id='word_1_327' title='bbox 1129 4195 1290 4251; x_wconf 81' lang='grc' dir='ltr'><strong>τοῦτο</strong></span> <span class='ocrx_word' id='word_1_328' title='bbox 1334 4197 1610 4266; x_wconf 75' lang='grc' dir='ltr'><strong>πιστεύει,</strong></span> <span class='ocrx_word' id='word_1_329' title='bbox 1645 4202 1739 4252; x_wconf 77' lang='grc' dir='ltr'><strong>καὶ</strong></span> <span class='ocrx_word' id='word_1_330' title='bbox 1775 4198 2012 4268; x_wconf 80' lang='grc' dir='ltr'><strong>ἀποκρι-</strong></span> 
     </span>
    </p>
   </div>
   <div class='ocr_carea' id='block_1_46' title="bbox 437 4288 2012 4363">
    <p class='ocr_par' dir='ltr' id='par_1_46' title="bbox 437 4288 2012 4363">
     <span class='ocr_line' id='line_1_46' title="bbox 437 4288 2012 4363; baseline -0.001 -19"><span class='ocrx_word' id='word_1_331' title='bbox 437 4289 638 4352; x_wconf 79' lang='grc' dir='ltr'><strong>νέσθω,</strong></span> <span class='ocrx_word' id='word_1_332' title='bbox 667 4289 748 4343; x_wconf 86' lang='grc' dir='ltr'><strong>ὅτι</strong></span> <span class='ocrx_word' id='word_1_333' title='bbox 773 4291 866 4344; x_wconf 81' lang='grc' dir='ltr'><strong>διὰ</strong></span> <span class='ocrx_word' id='word_1_334' title='bbox 900 4291 962 4346; x_wconf 80' lang='grc' dir='ltr'><strong>τὸ</strong></span> <span class='ocrx_word' id='word_1_335' title='bbox 989 4288 1232 4357; x_wconf 82' lang='grc' dir='ltr'><strong>ἀκούειν,</strong></span> <span class='ocrx_word' id='word_1_336' title='bbox 1258 4291 1339 4345; x_wconf 82' lang='grc' dir='ltr'><strong>ὅτι</strong></span> <span class='ocrx_word' id='word_1_337' title='bbox 1362 4291 1539 4347; x_wconf 83' lang='grc' dir='ltr'><strong>πάντα</strong></span> <span class='ocrx_word' id='word_1_338' title='bbox 1573 4291 1640 4344; x_wconf 83' lang='grc' dir='ltr'><strong>τὰ</strong></span> <span class='ocrx_word' id='word_1_339' title='bbox 1670 4291 1764 4346; x_wconf 82' lang='grc' dir='ltr'><strong>τοῦ</strong></span> <span class='ocrx_word' id='word_1_340' title='bbox 1797 4291 2012 4363; x_wconf 77' lang='grc' dir='ltr'><strong>Πατρδς</strong></span> 
     </span>
    </p>
   </div>
   <div class='ocr_carea' id='block_1_47' title="bbox 439 4378 2012 4452">
    <p class='ocr_par' dir='ltr' id='par_1_47' title="bbox 439 4378 2012 4452">
     <span class='ocr_line' id='line_1_47' title="bbox 439 4378 2012 4452; baseline 0.001 -19"><span class='ocrx_word' id='word_1_341' title='bbox 439 4380 537 4433; x_wconf 75' lang='grc' dir='ltr'><strong>καὶ</strong></span> <span class='ocrx_word' id='word_1_342' title='bbox 568 4381 598 4434; x_wconf 86' lang='grc' dir='ltr'>ὁ</span> <span class='ocrx_word' id='word_1_343' title='bbox 633 4379 759 4444; x_wconf 75' lang='grc' dir='ltr'><strong>Υἱὸς</strong></span> <span class='ocrx_word' id='word_1_344' title='bbox 788 4379 900 4451; x_wconf 73' lang='grc' dir='ltr'><strong>ἔχει</strong></span> <span class='ocrx_word' id='word_1_345' title='bbox 923 4394 939 4410; x_wconf 90' lang='grc'><strong>·</strong></span> <span class='ocrx_word' id='word_1_346' title='bbox 978 4380 1008 4432; x_wconf 82' lang='grc' dir='ltr'>ὁ</span> <span class='ocrx_word' id='word_1_347' title='bbox 1040 4378 1100 4432; x_wconf 80' lang='grc' dir='ltr'><strong>δὲ</strong></span> <span class='ocrx_word' id='word_1_348' title='bbox 1135 4380 1402 4452; x_wconf 79' lang='grc' dir='ltr'><strong>ἀπαγέτω</strong></span> <span class='ocrx_word' id='word_1_349' title='bbox 1438 4379 1630 4434; x_wconf 78' lang='grc' dir='ltr'><strong>τοῦτον</strong></span> <span class='ocrx_word' id='word_1_350' title='bbox 1676 4379 1756 4444; x_wconf 72' lang='grc' dir='ltr'><strong>εἰς</strong></span> <span class='ocrx_word' id='word_1_351' title='bbox 1784 4379 2012 4435; x_wconf 80' lang='grc' dir='ltr'><strong>ἄτοπον.</strong></span> 
     </span>
    </p>
   </div>
   <div class='ocr_carea' id='block_1_48' title="bbox 438 4471 2014 4544">
    <p class='ocr_par' dir='ltr' id='par_1_48' title="bbox 438 4471 2014 4544">
     <span class='ocr_line' id='line_1_48' title="bbox 438 4471 2014 4544; baseline 0.001 -19"><span class='ocrx_word' id='word_1_352' title='bbox 438 4472 502 4526; x_wconf 89' lang='grc' dir='ltr'><strong>Εἰ</strong></span> <span class='ocrx_word' id='word_1_353' title='bbox 536 4471 626 4526; x_wconf 81' lang='grc' dir='ltr'><strong>διά</strong></span> <span class='ocrx_word' id='word_1_354' title='bbox 659 4473 720 4526; x_wconf 81' lang='grc' dir='ltr'><strong>τὸ</strong></span> <span class='ocrx_word' id='word_1_355' title='bbox 765 4473 948 4530; x_wconf 77' lang='grc' dir='ltr'><strong>πάντα</strong></span> <span class='ocrx_word' id='word_1_356' title='bbox 987 4473 1057 4526; x_wconf 73' lang='grc' dir='ltr'><strong>τὰ</strong></span> <span class='ocrx_word' id='word_1_357' title='bbox 1100 4471 1196 4530; x_wconf 81' lang='grc' dir='ltr'><strong>τοῦ</strong></span> <span class='ocrx_word' id='word_1_358' title='bbox 1229 4473 1445 4542; x_wconf 80' lang='grc' dir='ltr'><strong>Πατρδς</strong></span> <span class='ocrx_word' id='word_1_359' title='bbox 1479 4473 1572 4530; x_wconf 78' lang='grc' dir='ltr'><strong>τὸν</strong></span> <span class='ocrx_word' id='word_1_360' title='bbox 1597 4473 1725 4528; x_wconf 73' lang='grc' dir='ltr'><strong>Υἱὸν</strong></span> <span class='ocrx_word' id='word_1_361' title='bbox 1757 4472 1900 4544; x_wconf 85' lang='grc' dir='ltr'><strong>ἐχειν</strong></span> <span class='ocrx_word' id='word_1_362' title='bbox 1930 4489 2014 4527; x_wconf 87' lang='grc' dir='ltr'><strong>νο-</strong></span> 
     </span>
    </p>
   </div>
   <div class='ocr_carea' id='block_1_49' title="bbox 2103 597 3678 665">
    <p class='ocr_par' dir='ltr' id='par_1_49' title="bbox 2103 597 3678 665">
     <span class='ocr_line' id='line_1_49' title="bbox 2103 597 3678 665; baseline -0.005 -9"><span class='ocrx_word' id='word_1_363' title='bbox 2103 601 2320 656; x_wconf 80' lang='lat' dir='ltr'><strong>sitionis</strong></span> <span class='ocrx_word' id='word_1_364' title='bbox 2360 609 2641 656; x_wconf 71' lang='lat' dir='ltr'><strong>everterit.</strong></span> <span class='ocrx_word' id='word_1_365' title='bbox 2695 599 2798 655; x_wconf 76' lang='lat' dir='ltr'><strong>Sed</strong></span> <span class='ocrx_word' id='word_1_366' title='bbox 2852 610 2912 654; x_wconf 81' lang='grc' dir='ltr'><strong>ιιι</strong></span> <span class='ocrx_word' id='word_1_367' title='bbox 2959 607 3014 652; x_wconf 72' lang='lat' dir='ltr'><strong>ct</strong></span> <span class='ocrx_word' id='word_1_368' title='bbox 3063 598 3344 651; x_wconf 77' lang='lat' dir='ltr'><strong>veritatem</strong></span> <span class='ocrx_word' id='word_1_369' title='bbox 3405 597 3575 665; x_wconf 79' lang='lat' dir='ltr'><strong>ipsum</strong></span> <span class='ocrx_word' id='word_1_370' title='bbox 3622 605 3678 648; x_wconf 85' lang='lat' dir='ltr'><strong>ct</strong></span> 
     </span>
    </p>
   </div>
   <div class='ocr_carea' id='block_1_50' title="bbox 2105 689 3678 760">
    <p class='ocr_par' dir='ltr' id='par_1_50' title="bbox 2105 689 3678 760">
     <span class='ocr_line' id='line_1_50' title="bbox 2105 689 3678 760; baseline -0.003 -14"><span class='ocrx_word' id='word_1_371' title='bbox 2105 693 2374 748; x_wconf 85' lang='lat' dir='ltr'><strong>honorent</strong></span> <span class='ocrx_word' id='word_1_372' title='bbox 2405 695 2693 748; x_wconf 81' lang='lat' dir='ltr'><strong>doctorum</strong></span> <span class='ocrx_word' id='word_1_373' title='bbox 2721 735 2734 756; x_wconf 91' lang='lat'><strong>,</strong></span> <span class='ocrx_word' id='word_1_374' title='bbox 2771 692 2865 760; x_wconf 91' lang='lat' dir='ltr'><strong>qui</strong></span> <span class='ocrx_word' id='word_1_375' title='bbox 2913 691 2982 744; x_wconf 79' lang='lat' dir='ltr'><strong>ab</strong></span> <span class='ocrx_word' id='word_1_376' title='bbox 3021 689 3332 758; x_wconf 69' lang='lat' dir='ltr'><strong>insipientia</strong></span> <span class='ocrx_word' id='word_1_377' title='bbox 3362 699 3416 743; x_wconf 73' lang='lat' dir='ltr'><strong>et</strong></span> <span class='ocrx_word' id='word_1_378' title='bbox 3449 699 3678 742; x_wconf 74' lang='lat' dir='ltr'><strong>conten-</strong></span> 
     </span>
    </p>
   </div>
   <div class='ocr_carea' id='block_1_51' title="bbox 2107 781 3679 848">
    <p class='ocr_par' dir='ltr' id='par_1_51' title="bbox 2107 781 3679 848">
     <span class='ocr_line' id='line_1_51' title="bbox 2107 781 3679 848; baseline -0.003 -8"><span class='ocrx_word' id='word_1_379' title='bbox 2107 787 2272 842; x_wconf 84' lang='lat' dir='ltr'><strong>tionis</strong></span> <span class='ocrx_word' id='word_1_380' title='bbox 2295 787 2480 842; x_wconf 83' lang='lat' dir='ltr'><strong>studio</strong></span> <span class='ocrx_word' id='word_1_381' title='bbox 2514 787 2585 840; x_wconf 91' lang='lat' dir='ltr'><strong>ita</strong></span> <span class='ocrx_word' id='word_1_382' title='bbox 2608 785 2826 839; x_wconf 82' lang='lat' dir='ltr'><strong>concuti</strong></span> <span class='ocrx_word' id='word_1_383' title='bbox 2860 785 3136 848; x_wconf 83' lang='lat' dir='ltr'><strong>videntur,</strong></span> <span class='ocrx_word' id='word_1_384' title='bbox 3159 781 3516 844; x_wconf 61' lang='lat' dir='ltr'><strong>conﬁrment,</strong></span> <span class='ocrx_word' id='word_1_385' title='bbox 3538 797 3679 835; x_wconf 81' lang='lat' dir='ltr'><strong>neve</strong></span> 
     </span>
    </p>
   </div>
   <div class='ocr_carea' id='block_1_52' title="bbox 2105 872 3674 948">
    <p class='ocr_par' dir='ltr' id='par_1_52' title="bbox 2105 872 3674 948">
     <span class='ocr_line' id='line_1_52' title="bbox 2105 872 3674 948; baseline -0.005 -16"><span class='ocrx_word' id='word_1_386' title='bbox 2105 893 2172 933; x_wconf 79' lang='lat' dir='ltr'><strong>ex</strong></span> <span class='ocrx_word' id='word_1_387' title='bbox 2207 879 2388 948; x_wconf 88' lang='lat' dir='ltr'><strong>inopia</strong></span> <span class='ocrx_word' id='word_1_388' title='bbox 2423 877 2845 948; x_wconf 78' lang='lat' dir='ltr'><strong>responsionum</strong></span> <span class='ocrx_word' id='word_1_389' title='bbox 2884 887 3134 945; x_wconf 77' lang='lat' dir='ltr'><strong>aptarunt</strong></span> <span class='ocrx_word' id='word_1_390' title='bbox 3170 875 3235 928; x_wconf 86' lang='lat' dir='ltr'><strong>ad</strong></span> <span class='ocrx_word' id='word_1_391' title='bbox 3274 879 3558 927; x_wconf 84' lang='lat' dir='ltr'><strong>doctorum</strong></span> <span class='ocrx_word' id='word_1_392' title='bbox 3589 872 3674 926; x_wconf 91' lang='lat' dir='ltr'><strong>di-</strong></span> 
     </span>
    </p>
   </div>
   <div class='ocr_carea' id='block_1_53' title="bbox 2106 965 3676 1039">
    <p class='ocr_par' dir='ltr' id='par_1_53' title="bbox 2106 965 3676 1039">
     <span class='ocr_line' id='line_1_53' title="bbox 2106 965 3676 1039; baseline -0.003 -21"><span class='ocrx_word' id='word_1_393' title='bbox 2106 968 2367 1039; x_wconf 78' lang='lat' dir='ltr'><strong>gnitatem</strong></span> <span class='ocrx_word' id='word_1_394' title='bbox 2403 967 2700 1037; x_wconf 76' lang='lat' dir='ltr'><strong>confugere</strong></span> <span class='ocrx_word' id='word_1_395' title='bbox 2731 966 3040 1031; x_wconf 84' lang='lat' dir='ltr'><strong>videantur,</strong></span> <span class='ocrx_word' id='word_1_396' title='bbox 3083 982 3146 1020; x_wconf 84' lang='lat' dir='ltr'><strong>ac</strong></span> <span class='ocrx_word' id='word_1_397' title='bbox 3189 965 3492 1034; x_wconf 60' lang='lat' dir='ltr'><strong>praesertim</strong></span> <span class='ocrx_word' id='word_1_398' title='bbox 3550 965 3676 1032; x_wconf 68' lang='lat' dir='ltr'><strong>quia</strong></span> 
     </span>
    </p>
   </div>
   <div class='ocr_carea' id='block_1_54' title="bbox 2107 1057 3678 1129">
    <p class='ocr_par' dir='ltr' id='par_1_54' title="bbox 2107 1057 3678 1129">
     <span class='ocr_line' id='line_1_54' title="bbox 2107 1057 3678 1129; baseline -0.004 -15"><span class='ocrx_word' id='word_1_399' title='bbox 2107 1070 2444 1128; x_wconf 84' lang='lat' dir='ltr'><strong>cognoscunt</strong></span> <span class='ocrx_word' id='word_1_400' title='bbox 2475 1059 2769 1114; x_wconf 78' lang='lat' dir='ltr'><strong>nonnullos</strong></span> <span class='ocrx_word' id='word_1_401' title='bbox 2801 1070 3092 1129; x_wconf 87' lang='lat' dir='ltr'><strong>.promptos</strong></span> <span class='ocrx_word' id='word_1_402' title='bbox 3125 1073 3437 1126; x_wconf 86' lang='lat' dir='ltr'><strong>pronosque</strong></span> <span class='ocrx_word' id='word_1_403' title='bbox 3465 1071 3586 1112; x_wconf 69' lang='lat' dir='ltr'><strong>esse</strong></span> <span class='ocrx_word' id='word_1_404' title='bbox 3610 1057 3678 1109; x_wconf 85' lang='lat' dir='ltr'><strong>ad</strong></span> 
     </span>
    </p>
   </div>
   <div class='ocr_carea' id='block_1_55' title="bbox 2108 1147 3678 1219">
    <p class='ocr_par' dir='ltr' id='par_1_55' title="bbox 2108 1147 3678 1219">
     <span class='ocr_line' id='line_1_55' title="bbox 2108 1147 3678 1219; baseline -0.006 -14"><span class='ocrx_word' id='word_1_405' title='bbox 2108 1151 2369 1205; x_wconf 85' lang='lat' dir='ltr'><strong>audacius</strong></span> <span class='ocrx_word' id='word_1_406' title='bbox 2435 1149 2787 1219; x_wconf 68' lang='lat' dir='ltr'><strong>iniquinsque</strong></span> <span class='ocrx_word' id='word_1_407' title='bbox 2841 1148 3164 1203; x_wconf 85' lang='lat' dir='ltr'><strong>doctoribus</strong></span> <span class='ocrx_word' id='word_1_408' title='bbox 3235 1147 3678 1214; x_wconf 88' lang='lat' dir='ltr'><strong>.obloquendum,</strong></span> 
     </span>
    </p>
   </div>
   <div class='ocr_carea' id='block_1_56' title="bbox 2068 1238 3682 1312">
    <p class='ocr_par' dir='ltr' id='par_1_56' title="bbox 2068 1238 3682 1312">
     <span class='ocr_line' id='line_1_56' title="bbox 2068 1238 3682 1312; baseline -0.004 -16"><span class='ocrx_word' id='word_1_409' title='bbox 2068 1273 2084 1287; x_wconf 83' lang='lat'><strong>-</strong></span> <span class='ocrx_word' id='word_1_410' title='bbox 2107 1242 2296 1298; x_wconf 85' lang='lat' dir='ltr'><strong>Latini-</strong></span> <span class='ocrx_word' id='word_1_411' title='bbox 2315 1244 2478 1297; x_wconf 90' lang='lat' dir='ltr'><strong>etiam</strong></span> <span class='ocrx_word' id='word_1_412' title='bbox 2527 1241 2594 1296; x_wconf 84' lang='lat' dir='ltr'><strong>ad</strong></span> <span class='ocrx_word' id='word_1_413' title='bbox 2628 1241 2766 1296; x_wconf 89' lang='lat' dir='ltr'><strong>hanc</strong></span> <span class='ocrx_word' id='word_1_414' title='bbox 2803 1239 3298 1311; x_wconf 73' lang='lat' dir='ltr'><strong>interrogationem</strong></span> <span class='ocrx_word' id='word_1_415' title='bbox 3329 1238 3571 1292; x_wconf 80' lang='lat' dir='ltr'><strong>breviter</strong></span> <span class='ocrx_word' id='word_1_416' title='bbox 3598 1253 3682 1312; x_wconf 78' lang='lat' dir='ltr'><strong>re-</strong></span> 
     </span>
    </p>
   </div>
   <div class='ocr_carea' id='block_1_57' title="bbox 2108 1329 3678 1406">
    <p class='ocr_par' dir='ltr' id='par_1_57' title="bbox 2108 1329 3678 1406">
     <span class='ocr_line' id='line_1_57' title="bbox 2108 1329 3678 1406; baseline -0.006 -15"><span class='ocrx_word' id='word_1_417' title='bbox 2108 1337 2491 1406; x_wconf 88' lang='lat' dir='ltr'><strong>spondebunt:</strong></span> <span class='ocrx_word' id='word_1_418' title='bbox 2523 1335 2792 1406; x_wconf 81' lang='lat' dir='ltr'><strong>Spiritum</strong></span> <span class='ocrx_word' id='word_1_419' title='bbox 2839 1343 3090 1390; x_wconf 86' lang='lat' dir='ltr'><strong>sanctum</strong></span> <span class='ocrx_word' id='word_1_420' title='bbox 3135 1347 3198 1386; x_wconf 81' lang='lat' dir='ltr'><strong>ex</strong></span> <span class='ocrx_word' id='word_1_421' title='bbox 3233 1329 3396 1386; x_wconf 82' lang='lat' dir='ltr'><strong>Patre</strong></span> <span class='ocrx_word' id='word_1_422' title='bbox 3426 1330 3678 1398; x_wconf 75' lang='grc' dir='ltr'><strong>Γιιὶιιιιιιο</strong></span> 
     </span>
    </p>
   </div>
   <div class='ocr_carea' id='block_1_58' title="bbox 2107 1412 3680 1500">
    <p class='ocr_par' dir='ltr' id='par_1_58' title="bbox 2107 1412 3680 1500">
     <span class='ocr_line' id='line_1_58' title="bbox 2107 1412 3680 1500; baseline -0.007 -17"><span class='ocrx_word' id='word_1_423' title='bbox 2107 1431 2425 1500; x_wconf 83' lang='lat' dir='ltr'><strong>procedere,</strong></span> <span class='ocrx_word' id='word_1_424' title='bbox 2456 1439 2728 1499; x_wconf 85' lang='lat' dir='ltr'><strong>quatenus</strong></span> <span class='ocrx_word' id='word_1_425' title='bbox 2759 1444 2928 1482; x_wconf 90' lang='lat' dir='ltr'><strong>unum</strong></span> <span class='ocrx_word' id='word_1_426' title='bbox 2955 1412 3094 1497; x_wconf 51' lang='lat' dir='ltr'><strong>&#39;quid</strong></span> <span class='ocrx_word' id='word_1_427' title='bbox 3140 1434 3272 1479; x_wconf 91' lang='lat' dir='ltr'><strong>sunt</strong></span> <span class='ocrx_word' id='word_1_428' title='bbox 3311 1424 3680 1494; x_wconf 69' lang='lat' dir='ltr'><strong>personaliter</strong></span> 
     </span>
    </p>
   </div>
   <div class='ocr_carea' id='block_1_59' title="bbox 2111 1515 3682 1590">
    <p class='ocr_par' dir='ltr' id='par_1_59' title="bbox 2111 1515 3682 1590">
     <span class='ocr_line' id='line_1_59' title="bbox 2111 1515 3682 1590; baseline -0.006 -18"><span class='ocrx_word' id='word_1_429' title='bbox 2111 1523 2462 1586; x_wconf 85' lang='lat' dir='ltr'><strong>distinctum;</strong></span> <span class='ocrx_word' id='word_1_430' title='bbox 2503 1521 2738 1590; x_wconf 87' lang='lat' dir='ltr'><strong>indeque</strong></span> <span class='ocrx_word' id='word_1_431' title='bbox 2771 1521 3035 1574; x_wconf 87' lang='lat' dir='ltr'><strong>unitatem</strong></span> <span class='ocrx_word' id='word_1_432' title='bbox 3067 1519 3290 1588; x_wconf 87' lang='lat' dir='ltr'><strong>quidem</strong></span> <span class='ocrx_word' id='word_1_433' title='bbox 3335 1515 3488 1570; x_wconf 87' lang='lat' dir='ltr'><strong>nullo</strong></span> <span class='ocrx_word' id='word_1_434' title='bbox 3521 1523 3682 1584; x_wconf 78' lang='lat' dir='ltr'><strong>pacto</strong></span> 
     </span>
    </p>
   </div>
   <div class='ocr_carea' id='block_1_60' title="bbox 2111 1606 3682 1681">
    <p class='ocr_par' dir='ltr' id='par_1_60' title="bbox 2111 1606 3682 1681">
     <span class='ocr_line' id='line_1_60' title="bbox 2111 1606 3682 1681; baseline -0.005 -15"><span class='ocrx_word' id='word_1_435' title='bbox 2111 1612 2452 1681; x_wconf 85' lang='lat' dir='ltr'><strong>permittere,</strong></span> <span class='ocrx_word' id='word_1_436' title='bbox 2485 1622 2542 1667; x_wconf 92' lang='lat' dir='ltr'><strong>ut</strong></span> <span class='ocrx_word' id='word_1_437' title='bbox 2583 1607 2741 1667; x_wconf 76' lang='lat' dir='ltr'><strong>Pater</strong></span> <span class='ocrx_word' id='word_1_438' title='bbox 2768 1623 2824 1667; x_wconf 87' lang='lat' dir='ltr'><strong>et</strong></span> <span class='ocrx_word' id='word_1_439' title='bbox 2851 1612 3025 1666; x_wconf 76' lang='lat' dir='ltr'><strong>Filius</strong></span> <span class='ocrx_word' id='word_1_440' title='bbox 3067 1611 3176 1666; x_wconf 91' lang='lat' dir='ltr'><strong>duo</strong></span> <span class='ocrx_word' id='word_1_441' title='bbox 3215 1609 3456 1679; x_wconf 82' lang='lat' dir='ltr'><strong>Spiritus</strong></span> <span class='ocrx_word' id='word_1_442' title='bbox 3503 1606 3682 1660; x_wconf 80' lang='lat' dir='ltr'><strong>sancti</strong></span> 
     </span>
    </p>
   </div>
   <div class='ocr_carea' id='block_1_61' title="bbox 2109 1699 3680 1776">
    <p class='ocr_par' dir='ltr' id='par_1_61' title="bbox 2109 1699 3680 1776">
     <span class='ocr_line' id='line_1_61' title="bbox 2109 1699 3680 1776; baseline -0.004 -18"><span class='ocrx_word' id='word_1_443' title='bbox 2109 1705 2374 1774; x_wconf 88' lang='lat' dir='ltr'><strong>principia</strong></span> <span class='ocrx_word' id='word_1_444' title='bbox 2400 1705 2794 1776; x_wconf 78' lang='lat' dir='ltr'><strong>intelligantur,</strong></span> <span class='ocrx_word' id='word_1_445' title='bbox 2820 1721 2848 1760; x_wconf 93' lang='lat' dir='ltr'><strong>a</strong></span> <span class='ocrx_word' id='word_1_446' title='bbox 2891 1704 3164 1776; x_wconf 87' lang='lat' dir='ltr'><strong>personali</strong></span> <span class='ocrx_word' id='word_1_447' title='bbox 3203 1717 3333 1758; x_wconf 82' lang='lat' dir='ltr'><strong>vero</strong></span> <span class='ocrx_word' id='word_1_448' title='bbox 3353 1699 3680 1758; x_wconf 79' lang='lat' dir='ltr'><strong>earumdem</strong></span> 
     </span>
    </p>
   </div>
   <div class='ocr_carea' id='block_1_62' title="bbox 2111 1793 3685 1860">
    <p class='ocr_par' dir='ltr' id='par_1_62' title="bbox 2111 1793 3685 1860">
     <span class='ocr_line' id='line_1_62' title="bbox 2111 1793 3685 1860; baseline -0.005 -10"><span class='ocrx_word' id='word_1_449' title='bbox 2111 1796 2460 1852; x_wconf 83' lang='lat' dir='ltr'><strong>distinctione</strong></span> <span class='ocrx_word' id='word_1_450' title='bbox 2492 1797 2872 1852; x_wconf 79' lang='lat' dir='ltr'><strong>confusionem</strong></span> <span class='ocrx_word' id='word_1_451' title='bbox 2919 1810 3113 1851; x_wconf 82' lang='lat' dir='ltr'><strong>eorum</strong></span> <span class='ocrx_word' id='word_1_452' title='bbox 3159 1793 3333 1850; x_wconf 81' lang='lat' dir='ltr'><strong>arceri</strong></span> <span class='ocrx_word' id='word_1_453' title='bbox 3387 1801 3550 1860; x_wconf 64' lang='lat' dir='ltr'><strong>atque</strong></span> <span class='ocrx_word' id='word_1_454' title='bbox 3590 1805 3685 1844; x_wconf 73' lang='lat' dir='ltr'><strong>cx-</strong></span> 
     </span>
    </p>
   </div>
   <div class='ocr_carea' id='block_1_63' title="bbox 2107 1884 3677 1960">
    <p class='ocr_par' dir='ltr' id='par_1_63' title="bbox 2107 1884 3677 1960">
     <span class='ocr_line' id='line_1_63' title="bbox 2107 1884 3677 1960; baseline -0.004 -18"><span class='ocrx_word' id='word_1_455' title='bbox 2107 1888 2278 1944; x_wconf 90' lang='lat' dir='ltr'><strong>cludi.</strong></span> <span class='ocrx_word' id='word_1_456' title='bbox 2309 1891 2488 1960; x_wconf 85' lang='lat' dir='ltr'><strong>Atque</strong></span> <span class='ocrx_word' id='word_1_457' title='bbox 2514 1889 2594 1945; x_wconf 89' lang='lat' dir='ltr'><strong>sic</strong></span> <span class='ocrx_word' id='word_1_458' title='bbox 2619 1889 2832 1944; x_wconf 83' lang='lat' dir='ltr'><strong>inutilis</strong></span> <span class='ocrx_word' id='word_1_459' title='bbox 2855 1888 3041 1944; x_wconf 81' lang='lat' dir='ltr'><strong>evadit</strong></span> <span class='ocrx_word' id='word_1_460' title='bbox 3073 1887 3178 1942; x_wconf 81' lang='lat' dir='ltr'><strong>viri</strong></span> <span class='ocrx_word' id='word_1_461' title='bbox 3223 1887 3388 1955; x_wconf 82' lang='lat' dir='ltr'><strong>hujus</strong></span> <span class='ocrx_word' id='word_1_462' title='bbox 3437 1884 3677 1938; x_wconf 78' lang='lat' dir='ltr'><strong>interro-</strong></span> 
     </span>
    </p>
   </div>
   <div class='ocr_carea' id='block_1_64' title="bbox 2105 1975 3677 2051">
    <p class='ocr_par' dir='ltr' id='par_1_64' title="bbox 2105 1975 3677 2051">
     <span class='ocr_line' id='line_1_64' title="bbox 2105 1975 3677 2051; baseline -0.005 -18"><span class='ocrx_word' id='word_1_463' title='bbox 2105 1981 2272 2050; x_wconf 81' lang='lat' dir='ltr'><strong>gatio.</strong></span> <span class='ocrx_word' id='word_1_464' title='bbox 2301 1980 2487 2051; x_wconf 83' lang='lat' dir='ltr'><strong>Neque</strong></span> <span class='ocrx_word' id='word_1_465' title='bbox 2511 1981 2668 2036; x_wconf 82' lang='lat' dir='ltr'><strong>enim</strong></span> <span class='ocrx_word' id='word_1_466' title='bbox 2701 1991 2972 2050; x_wconf 77' lang='lat' dir='ltr'><strong>quatenus</strong></span> <span class='ocrx_word' id='word_1_467' title='bbox 3016 1987 3146 2034; x_wconf 90' lang='lat' dir='ltr'><strong>sunt</strong></span> <span class='ocrx_word' id='word_1_468' title='bbox 3183 1975 3430 2032; x_wconf 87' lang='lat' dir='ltr'><strong>distincti</strong></span> <span class='ocrx_word' id='word_1_469' title='bbox 3479 1976 3677 2036; x_wconf 81' lang='lat' dir='ltr'><strong>solum,</strong></span> 
     </span>
    </p>
   </div>
   <div class='ocr_carea' id='block_1_65' title="bbox 2105 2065 3678 2140">
    <p class='ocr_par' dir='ltr' id='par_1_65' title="bbox 2105 2065 3678 2140">
     <span class='ocr_line' id='line_1_65' title="bbox 2105 2065 3678 2140; baseline -0.003 -16"><span class='ocrx_word' id='word_1_470' title='bbox 2105 2086 2210 2125; x_wconf 82' lang='lat' dir='ltr'><strong>nee</strong></span> <span class='ocrx_word' id='word_1_471' title='bbox 2250 2079 2524 2140; x_wconf 75' lang='lat' dir='ltr'><strong>quatenus</strong></span> <span class='ocrx_word' id='word_1_472' title='bbox 2568 2081 2698 2128; x_wconf 90' lang='lat' dir='ltr'><strong>sunt</strong></span> <span class='ocrx_word' id='word_1_473' title='bbox 2746 2071 2882 2128; x_wconf 86' lang='lat' dir='ltr'><strong>uniti</strong></span> <span class='ocrx_word' id='word_1_474' title='bbox 2939 2071 3140 2137; x_wconf 90' lang='lat' dir='ltr'><strong>solum,</strong></span> <span class='ocrx_word' id='word_1_475' title='bbox 3181 2069 3339 2125; x_wconf 79' lang='lat' dir='ltr'><strong>Pater</strong></span> <span class='ocrx_word' id='word_1_476' title='bbox 3389 2078 3446 2124; x_wconf 87' lang='lat' dir='ltr'><strong>et</strong></span> <span class='ocrx_word' id='word_1_477' title='bbox 3503 2065 3678 2122; x_wconf 87' lang='lat' dir='ltr'><strong>Filius</strong></span> 
     </span>
    </p>
   </div>
   <div class='ocr_carea' id='block_1_66' title="bbox 2106 2158 3680 2234">
    <p class='ocr_par' dir='ltr' id='par_1_66' title="bbox 2106 2158 3680 2234">
     <span class='ocr_line' id='line_1_66' title="bbox 2106 2158 3680 2234; baseline -0.006 -16"><span class='ocrx_word' id='word_1_478' title='bbox 2106 2163 2367 2234; x_wconf 87' lang='lat' dir='ltr'><strong>Spiritum</strong></span> <span class='ocrx_word' id='word_1_479' title='bbox 2410 2170 2656 2217; x_wconf 90' lang='lat' dir='ltr'><strong>sanctum</strong></span> <span class='ocrx_word' id='word_1_480' title='bbox 2696 2163 3028 2234; x_wconf 88' lang='lat' dir='ltr'><strong>producunt,</strong></span> <span class='ocrx_word' id='word_1_481' title='bbox 3063 2171 3124 2216; x_wconf 90' lang='lat' dir='ltr'><strong>ut</strong></span> <span class='ocrx_word' id='word_1_482' title='bbox 3171 2160 3407 2215; x_wconf 80' lang='lat' dir='ltr'><strong>absurda</strong></span> <span class='ocrx_word' id='word_1_483' title='bbox 3433 2158 3524 2213; x_wconf 87' lang='lat' dir='ltr'><strong>illa</strong></span> <span class='ocrx_word' id='word_1_484' title='bbox 3562 2158 3680 2226; x_wconf 86' lang='lat' dir='ltr'><strong>ipse</strong></span> 
     </span>
    </p>
   </div>
   <div class='ocr_carea' id='block_1_67' title="bbox 2107 2249 3677 2326">
    <p class='ocr_par' dir='ltr' id='par_1_67' title="bbox 2107 2249 3677 2326">
     <span class='ocr_line' id='line_1_67' title="bbox 2107 2249 3677 2326; baseline -0.006 -16"><span class='ocrx_word' id='word_1_485' title='bbox 2107 2271 2214 2310; x_wconf 88' lang='lat' dir='ltr'><strong>una</strong></span> <span class='ocrx_word' id='word_1_486' title='bbox 2248 2256 2563 2326; x_wconf 84' lang='lat' dir='ltr'><strong>cunjungat.</strong></span> <span class='ocrx_word' id='word_1_487' title='bbox 2591 2253 2728 2309; x_wconf 87' lang='lat' dir='ltr'><strong>Cum</strong></span> <span class='ocrx_word' id='word_1_488' title='bbox 2770 2256 2940 2325; x_wconf 77' lang='lat' dir='ltr'><strong>igitur</strong></span> <span class='ocrx_word' id='word_1_489' title='bbox 2982 2251 3338 2321; x_wconf 70' lang='lat' dir='ltr'><strong>inter-regalia</strong></span> <span class='ocrx_word' id='word_1_490' title='bbox 3382 2251 3456 2304; x_wconf 89' lang='lat' dir='ltr'><strong>ita</strong></span> <span class='ocrx_word' id='word_1_491' title='bbox 3501 2249 3677 2318; x_wconf 84' lang='lat' dir='ltr'><strong>ejecta</strong></span> 
     </span>
    </p>
   </div>
   <div class='ocr_carea' id='block_1_68' title="bbox 2105 2342 3682 2419">
    <p class='ocr_par' dir='ltr' id='par_1_68' title="bbox 2105 2342 3682 2419">
     <span class='ocr_line' id='line_1_68' title="bbox 2105 2342 3682 2419; baseline -0.007 -14"><span class='ocrx_word' id='word_1_492' title='bbox 2105 2350 2200 2413; x_wconf 86' lang='lat' dir='ltr'><strong>sit,</strong></span> <span class='ocrx_word' id='word_1_493' title='bbox 2216 2363 2394 2419; x_wconf 86' lang='lat' dir='ltr'><strong>neque</strong></span> <span class='ocrx_word' id='word_1_494' title='bbox 2420 2349 2678 2406; x_wconf 88' lang='lat' dir='ltr'><strong>deductio</strong></span> <span class='ocrx_word' id='word_1_495' title='bbox 2697 2349 2762 2402; x_wconf 89' lang='lat' dir='ltr'><strong>ad</strong></span> <span class='ocrx_word' id='word_1_496' title='bbox 2789 2346 3087 2403; x_wconf 89' lang='lat' dir='ltr'><strong>absurdum</strong></span> <span class='ocrx_word' id='word_1_497' title='bbox 3113 2345 3348 2414; x_wconf 85' lang='lat' dir='ltr'><strong>amplius</strong></span> <span class='ocrx_word' id='word_1_498' title='bbox 3371 2342 3470 2412; x_wconf 77' lang='lat' dir='ltr'><strong>ipsi</strong></span> <span class='ocrx_word' id='word_1_499' title='bbox 3498 2342 3682 2396; x_wconf 90' lang='lat' dir='ltr'><strong>locum</strong></span> 
     </span>
    </p>
   </div>
   <div class='ocr_carea' id='block_1_69' title="bbox 2106 2435 3680 2512">
    <p class='ocr_par' dir='ltr' id='par_1_69' title="bbox 2106 2435 3680 2512">
     <span class='ocr_line' id='line_1_69' title="bbox 2106 2435 3680 2512; baseline -0.005 -17"><span class='ocrx_word' id='word_1_500' title='bbox 2106 2439 2293 2508; x_wconf 88' lang='lat' dir='ltr'><strong>habet,</strong></span> <span class='ocrx_word' id='word_1_501' title='bbox 2323 2455 2486 2512; x_wconf 90' lang='lat' dir='ltr'><strong>quam</strong></span> <span class='ocrx_word' id='word_1_502' title='bbox 2523 2456 2689 2506; x_wconf 86' lang='lat' dir='ltr'><strong>super</strong></span> <span class='ocrx_word' id='word_1_503' title='bbox 2727 2440 2868 2494; x_wconf 87' lang='lat' dir='ltr'><strong>hanc</strong></span> <span class='ocrx_word' id='word_1_504' title='bbox 2910 2437 3397 2508; x_wconf 72' lang='lat' dir='ltr'><strong>interrogationem</strong></span> <span class='ocrx_word' id='word_1_505' title='bbox 3445 2435 3680 2494; x_wconf 85' lang='lat' dir='ltr'><strong>stabilit.</strong></span> 
     </span>
    </p>
   </div>
   <div class='ocr_carea' id='block_1_70' title="bbox 2107 2528 3680 2604">
    <p class='ocr_par' dir='ltr' id='par_1_70' title="bbox 2107 2528 3680 2604">
     <span class='ocr_line' id='line_1_70' title="bbox 2107 2528 3680 2604; baseline -0.005 -16"><span class='ocrx_word' id='word_1_506' title='bbox 2107 2549 2286 2604; x_wconf 87' lang='lat' dir='ltr'><strong>neque</strong></span> <span class='ocrx_word' id='word_1_507' title='bbox 2311 2534 2472 2589; x_wconf 83' lang='lat' dir='ltr'><strong>nobis</strong></span> <span class='ocrx_word' id='word_1_508' title='bbox 2503 2533 2860 2590; x_wconf 79' lang='lat' dir='ltr'><strong>laborandum</strong></span> <span class='ocrx_word' id='word_1_509' title='bbox 2879 2543 2984 2598; x_wconf 89' lang='lat' dir='ltr'><strong>cst,</strong></span> <span class='ocrx_word' id='word_1_510' title='bbox 3000 2533 3056 2586; x_wconf 91' lang='lat' dir='ltr'><strong>in</strong></span> <span class='ocrx_word' id='word_1_511' title='bbox 3079 2528 3466 2600; x_wconf 85' lang='lat' dir='ltr'><strong>consequentia</strong></span> <span class='ocrx_word' id='word_1_512' title='bbox 3489 2543 3680 2582; x_wconf 89' lang='lat' dir='ltr'><strong>earum</strong></span> 
     </span>
    </p>
   </div>
   <div class='ocr_carea' id='block_1_71' title="bbox 2108 2622 3712 2704">
    <p class='ocr_par' dir='ltr' id='par_1_71' title="bbox 2108 2622 3712 2704">
     <span class='ocr_line' id='line_1_71' title="bbox 2108 2622 3712 2704; baseline -0.004 -24"><span class='ocrx_word' id='word_1_513' title='bbox 2108 2641 2230 2696; x_wconf 72' lang='lat' dir='ltr'><strong>quze</strong></span> <span class='ocrx_word' id='word_1_514' title='bbox 2281 2626 2348 2682; x_wconf 89' lang='lat' dir='ltr'><strong>ab</strong></span> <span class='ocrx_word' id='word_1_515' title='bbox 2401 2634 2632 2697; x_wconf 88' lang='lat' dir='ltr'><strong>utraque</strong></span> <span class='ocrx_word' id='word_1_516' title='bbox 2676 2638 2830 2697; x_wconf 86' lang='lat' dir='ltr'><strong>parte</strong></span> <span class='ocrx_word' id='word_1_517' title='bbox 2889 2625 3224 2690; x_wconf 70' lang='lat' dir='ltr'><strong>inferuntur,</strong></span> <span class='ocrx_word' id='word_1_518' title='bbox 3277 2622 3712 2704; x_wconf 24' lang='lat' dir='ltr'><strong>absurditatum&#39;</strong></span> 
     </span>
    </p>
   </div>
   <div class='ocr_carea' id='block_1_72' title="bbox 2111 2714 3687 2794">
    <p class='ocr_par' dir='ltr' id='par_1_72' title="bbox 2111 2714 3687 2794">
     <span class='ocr_line' id='line_1_72' title="bbox 2111 2714 3687 2794; baseline -0.005 -20"><span class='ocrx_word' id='word_1_519' title='bbox 2111 2721 2504 2794; x_wconf 86' lang='lat' dir='ltr'><strong>perscrutanda</strong></span> <span class='ocrx_word' id='word_1_520' title='bbox 2541 2736 2604 2776; x_wconf 89' lang='lat' dir='ltr'><strong>ac</strong></span> <span class='ocrx_word' id='word_1_521' title='bbox 2641 2718 2946 2776; x_wconf 78' lang='lat' dir='ltr'><strong>refutanda.</strong></span> <span class='ocrx_word' id='word_1_522' title='bbox 2991 2717 3048 2772; x_wconf 90' lang='lat' dir='ltr'><strong>Si</strong></span> <span class='ocrx_word' id='word_1_523' title='bbox 3089 2732 3220 2773; x_wconf 85' lang='lat' dir='ltr'><strong>vero</strong></span> <span class='ocrx_word' id='word_1_524' title='bbox 3274 2723 3492 2787; x_wconf 83' lang='lat' dir='ltr'><strong>oportet</strong></span> <span class='ocrx_word' id='word_1_525' title='bbox 3520 2714 3687 2770; x_wconf 77' lang='lat' dir='ltr'><strong>etiam</strong></span> 
     </span>
    </p>
   </div>
   <div class='ocr_carea' id='block_1_73' title="bbox 2111 2807 3692 2881">
    <p class='ocr_par' dir='ltr' id='par_1_73' title="bbox 2111 2807 3692 2881">
     <span class='ocr_line' id='line_1_73' title="bbox 2111 2807 3692 2881; baseline -0.006 -14"><span class='ocrx_word' id='word_1_526' title='bbox 2111 2811 2317 2881; x_wconf 85' lang='lat' dir='ltr'><strong>aliquid</strong></span> <span class='ocrx_word' id='word_1_527' title='bbox 2351 2812 2418 2866; x_wconf 90' lang='lat' dir='ltr'><strong>ad</strong></span> <span class='ocrx_word' id='word_1_528' title='bbox 2449 2812 2564 2868; x_wconf 66' lang='lat' dir='ltr'><strong>hate</strong></span> <span class='ocrx_word' id='word_1_529' title='bbox 2598 2829 2664 2867; x_wconf 82' lang='lat' dir='ltr'><strong>ex</strong></span> <span class='ocrx_word' id='word_1_530' title='bbox 2711 2811 3050 2866; x_wconf 86' lang='lat' dir='ltr'><strong>abundantia</strong></span> <span class='ocrx_word' id='word_1_531' title='bbox 3087 2809 3303 2868; x_wconf 85' lang='lat' dir='ltr'><strong>dicere.</strong></span> <span class='ocrx_word' id='word_1_532' title='bbox 3333 2817 3392 2862; x_wconf 82' lang='lat' dir='ltr'><strong>et</strong></span> <span class='ocrx_word' id='word_1_533' title='bbox 3429 2807 3538 2862; x_wconf 79' lang='lat' dir='ltr'><strong>hoc</strong></span> <span class='ocrx_word' id='word_1_534' title='bbox 3564 2821 3692 2875; x_wconf 77' lang='lat' dir='ltr'><strong>per.-</strong></span> 
     </span>
    </p>
   </div>
   <div class='ocr_carea' id='block_1_74' title="bbox 2109 2899 3688 2975">
    <p class='ocr_par' dir='ltr' id='par_1_74' title="bbox 2109 2899 3688 2975">
     <span class='ocr_line' id='line_1_74' title="bbox 2109 2899 3688 2975; baseline -0.004 -16"><span class='ocrx_word' id='word_1_535' title='bbox 2109 2905 2364 2975; x_wconf 86' lang='lat' dir='ltr'><strong>spicuum</strong></span> <span class='ocrx_word' id='word_1_536' title='bbox 2398 2905 2489 2960; x_wconf 88' lang='lat' dir='ltr'><strong>ﬁet</strong></span> <span class='ocrx_word' id='word_1_537' title='bbox 2530 2921 2597 2960; x_wconf 79' lang='lat' dir='ltr'><strong>ex</strong></span> <span class='ocrx_word' id='word_1_538' title='bbox 2647 2903 3272 2974; x_wconf 73' lang='lat' dir='ltr'><strong>responsionibus,qua:</strong></span> <span class='ocrx_word' id='word_1_539' title='bbox 3324 2901 3580 2956; x_wconf 86' lang='lat' dir='ltr'><strong>dedimus</strong></span> <span class='ocrx_word' id='word_1_540' title='bbox 3619 2899 3688 2953; x_wconf 86' lang='lat' dir='ltr'><strong>ad</strong></span> 
     </span>
    </p>
   </div>
   <div class='ocr_carea' id='block_1_75' title="bbox 2111 2992 3690 3068">
    <p class='ocr_par' dir='ltr' id='par_1_75' title="bbox 2111 2992 3690 3068">
     <span class='ocr_line' id='line_1_75' title="bbox 2111 2992 3690 3068; baseline -0.002 -18"><span class='ocrx_word' id='word_1_541' title='bbox 2111 2997 2296 3067; x_wconf 85' lang='lat' dir='ltr'><strong>priora</strong></span> <span class='ocrx_word' id='word_1_542' title='bbox 2323 3005 2664 3068; x_wconf 77' lang='lat' dir='ltr'><strong>argumenta.</strong></span> <span class='ocrx_word' id='word_1_543' title='bbox 2699 2997 2834 3052; x_wconf 86' lang='lat' dir='ltr'><strong>Nam</strong></span> <span class='ocrx_word' id='word_1_544' title='bbox 2871 2996 3075 3051; x_wconf 84' lang='lat' dir='ltr'><strong>solutio</strong></span> <span class='ocrx_word' id='word_1_545' title='bbox 3117 2997 3244 3050; x_wconf 86' lang='lat' dir='ltr'><strong>data</strong></span> <span class='ocrx_word' id='word_1_546' title='bbox 3295 2992 3364 3048; x_wconf 87' lang='lat' dir='ltr'><strong>ad</strong></span> <span class='ocrx_word' id='word_1_547' title='bbox 3396 3009 3690 3064; x_wconf 79' lang='lat' dir='ltr'><strong>argumen-</strong></span> 
     </span>
    </p>
   </div>
   <div class='ocr_carea' id='block_1_76' title="bbox 2115 3086 3687 3156">
    <p class='ocr_par' dir='ltr' id='par_1_76' title="bbox 2115 3086 3687 3156">
     <span class='ocr_line' id='line_1_76' title="bbox 2115 3086 3687 3156; baseline -0.004 -13"><span class='ocrx_word' id='word_1_548' title='bbox 2115 3097 2226 3144; x_wconf 86' lang='lat' dir='ltr'><strong>tum</strong></span> <span class='ocrx_word' id='word_1_549' title='bbox 2256 3100 2509 3144; x_wconf 85' lang='lat' dir='ltr'><strong>octavmn</strong></span> <span class='ocrx_word' id='word_1_550' title='bbox 2552 3099 2609 3144; x_wconf 92' lang='lat' dir='ltr'><strong>et</strong></span> <span class='ocrx_word' id='word_1_551' title='bbox 2650 3086 2924 3144; x_wconf 84' lang='lat' dir='ltr'><strong>decimum</strong></span> <span class='ocrx_word' id='word_1_552' title='bbox 2958 3089 3126 3143; x_wconf 88' lang='lat' dir='ltr'><strong>etiam</strong></span> <span class='ocrx_word' id='word_1_553' title='bbox 3167 3086 3236 3142; x_wconf 89' lang='lat' dir='ltr'><strong>ad</strong></span> <span class='ocrx_word' id='word_1_554' title='bbox 3261 3086 3687 3156; x_wconf 74' lang='lat' dir='ltr'><strong>consequenti-as</strong></span> 
     </span>
    </p>
   </div>
   <div class='ocr_carea' id='block_1_77' title="bbox 2115 3178 3688 3248">
    <p class='ocr_par' dir='ltr' id='par_1_77' title="bbox 2115 3178 3688 3248">
     <span class='ocr_line' id='line_1_77' title="bbox 2115 3178 3688 3248; baseline -0.004 -10"><span class='ocrx_word' id='word_1_555' title='bbox 2115 3181 2402 3238; x_wconf 75' lang='lat' dir='ltr'><strong>solvendas</strong></span> <span class='ocrx_word' id='word_1_556' title='bbox 2428 3189 2482 3236; x_wconf 84' lang='lat' dir='ltr'><strong>et</strong></span> <span class='ocrx_word' id='word_1_557' title='bbox 2527 3179 2858 3236; x_wconf 79' lang='lat' dir='ltr'><strong>refellendas</strong></span> <span class='ocrx_word' id='word_1_558' title='bbox 2885 3180 3084 3234; x_wconf 87' lang='lat' dir='ltr'><strong>idonea</strong></span> <span class='ocrx_word' id='word_1_559' title='bbox 3124 3179 3231 3234; x_wconf 80' lang='lat' dir='ltr'><strong>erit</strong></span> <span class='ocrx_word' id='word_1_560' title='bbox 3283 3179 3353 3234; x_wconf 88' lang='lat' dir='ltr'><strong>iis</strong></span> <span class='ocrx_word' id='word_1_561' title='bbox 3409 3178 3501 3248; x_wconf 90' lang='lat' dir='ltr'><strong>qui</strong></span> <span class='ocrx_word' id='word_1_562' title='bbox 3559 3178 3688 3232; x_wconf 88' lang='lat' dir='ltr'><strong>inde</strong></span> 
     </span>
    </p>
   </div>
   <div class='ocr_carea' id='block_1_78' title="bbox 2116 3269 3693 3350">
    <p class='ocr_par' dir='ltr' id='par_1_78' title="bbox 2116 3269 3693 3350">
     <span class='ocr_line' id='line_1_78' title="bbox 2116 3269 3693 3350; baseline -0.003 -22"><span class='ocrx_word' id='word_1_563' title='bbox 2116 3282 2240 3343; x_wconf 90' lang='lat' dir='ltr'><strong>apta</strong></span> <span class='ocrx_word' id='word_1_564' title='bbox 2273 3273 2503 3344; x_wconf 82' lang='lat' dir='ltr'><strong>seligere</strong></span> <span class='ocrx_word' id='word_1_565' title='bbox 2557 3270 2842 3344; x_wconf 84' lang='lat' dir='ltr'><strong>poterunt,</strong></span> <span class='ocrx_word' id='word_1_566' title='bbox 2867 3271 3088 3343; x_wconf 89' lang='lat' dir='ltr'><strong>quando</strong></span> <span class='ocrx_word' id='word_1_567' title='bbox 3113 3271 3335 3341; x_wconf 87' lang='lat' dir='ltr'><strong>quidem</strong></span> <span class='ocrx_word' id='word_1_568' title='bbox 3379 3269 3538 3326; x_wconf 87' lang='lat' dir='ltr'><strong>nobis</strong></span> <span class='ocrx_word' id='word_1_569' title='bbox 3565 3271 3693 3350; x_wconf 79' lang='lat' dir='ltr'><strong>bre-</strong></span> 
     </span>
    </p>
   </div>
   <div class='ocr_carea' id='block_1_79' title="bbox 2120 3365 3693 3435">
    <p class='ocr_par' dir='ltr' id='par_1_79' title="bbox 2120 3365 3693 3435">
     <span class='ocr_line' id='line_1_79' title="bbox 2120 3365 3693 3435; baseline -0.006 -11"><span class='ocrx_word' id='word_1_570' title='bbox 2120 3367 2310 3424; x_wconf 84' lang='lat' dir='ltr'><strong>vitatis</strong></span> <span class='ocrx_word' id='word_1_571' title='bbox 2371 3366 2635 3423; x_wconf 75' lang='lat' dir='ltr'><strong>studiosis</strong></span> <span class='ocrx_word' id='word_1_572' title='bbox 2666 3376 2724 3422; x_wconf 86' lang='lat' dir='ltr'><strong>et</strong></span> <span class='ocrx_word' id='word_1_573' title='bbox 2761 3366 2926 3422; x_wconf 88' lang='lat' dir='ltr'><strong>simul</strong></span> <span class='ocrx_word' id='word_1_574' title='bbox 2976 3365 3196 3422; x_wconf 79' lang='lat' dir='ltr'><strong>fastidio</strong></span> <span class='ocrx_word' id='word_1_575' title='bbox 3235 3365 3458 3435; x_wconf 86' lang='lat' dir='ltr'><strong>repletis</strong></span> <span class='ocrx_word' id='word_1_576' title='bbox 3490 3379 3693 3433; x_wconf 81' lang='lat' dir='ltr'><strong>super-</strong></span> 
     </span>
    </p>
   </div>
   <div class='ocr_carea' id='block_1_80' title="bbox 2117 3457 3690 3529">
    <p class='ocr_par' dir='ltr' id='par_1_80' title="bbox 2117 3457 3690 3529">
     <span class='ocr_line' id='line_1_80' title="bbox 2117 3457 3690 3529; baseline -0.003 -15"><span class='ocrx_word' id='word_1_577' title='bbox 2117 3474 2413 3515; x_wconf 84' lang='lat' dir='ltr'><strong>vacaneam</strong></span> <span class='ocrx_word' id='word_1_578' title='bbox 2468 3469 2524 3516; x_wconf 86' lang='lat' dir='ltr'><strong>et</strong></span> <span class='ocrx_word' id='word_1_579' title='bbox 2579 3458 2767 3514; x_wconf 86' lang='lat' dir='ltr'><strong>debito</strong></span> <span class='ocrx_word' id='word_1_580' title='bbox 2814 3473 2960 3514; x_wconf 82' lang='lat' dir='ltr'><strong>nexu</strong></span> <span class='ocrx_word' id='word_1_581' title='bbox 3021 3466 3300 3515; x_wconf 88' lang='lat' dir='ltr'><strong>carentem</strong></span> <span class='ocrx_word' id='word_1_582' title='bbox 3360 3459 3522 3529; x_wconf 80' lang='lat' dir='ltr'><strong>hujus</strong></span> <span class='ocrx_word' id='word_1_583' title='bbox 3588 3457 3690 3510; x_wconf 82' lang='lat' dir='ltr'><strong>viri</strong></span> 
     </span>
    </p>
   </div>
   <div class='ocr_carea' id='block_1_81' title="bbox 2118 3548 3690 3621">
    <p class='ocr_par' dir='ltr' id='par_1_81' title="bbox 2118 3548 3690 3621">
     <span class='ocr_line' id='line_1_81' title="bbox 2118 3548 3690 3621; baseline 0 -16"><span class='ocrx_word' id='word_1_584' title='bbox 2118 3549 2544 3620; x_wconf 83' lang='lat' dir='ltr'><strong>disputationem</strong></span> <span class='ocrx_word' id='word_1_585' title='bbox 2587 3550 2655 3606; x_wconf 86' lang='lat' dir='ltr'><strong>de</strong></span> <span class='ocrx_word' id='word_1_586' title='bbox 2691 3549 2884 3606; x_wconf 78' lang='lat' dir='ltr'><strong>iisdem</strong></span> <span class='ocrx_word' id='word_1_587' title='bbox 2916 3564 3062 3620; x_wconf 73' lang='lat' dir='ltr'><strong>saepe</strong></span> <span class='ocrx_word' id='word_1_588' title='bbox 3097 3549 3246 3621; x_wconf 91' lang='lat' dir='ltr'><strong>loqui</strong></span> <span class='ocrx_word' id='word_1_589' title='bbox 3289 3550 3432 3604; x_wconf 86' lang='lat' dir='ltr'><strong>haud</strong></span> <span class='ocrx_word' id='word_1_590' title='bbox 3455 3548 3690 3620; x_wconf 86' lang='lat' dir='ltr'><strong>placuit.</strong></span> 
     </span>
    </p>
   </div>
   <div class='ocr_carea' id='block_1_82' title="bbox 2121 3639 3698 3713">
    <p class='ocr_par' dir='ltr' id='par_1_82' title="bbox 2121 3639 3698 3713">
     <span class='ocr_line' id='line_1_82' title="bbox 2121 3639 3698 3713; baseline -0.001 -15"><span class='ocrx_word' id='word_1_591' title='bbox 2121 3641 2388 3698; x_wconf 86' lang='lat' dir='ltr'><strong>Ludibrio</strong></span> <span class='ocrx_word' id='word_1_592' title='bbox 2433 3649 2617 3699; x_wconf 85' lang='lat' dir='ltr'><strong>autem</strong></span> <span class='ocrx_word' id='word_1_593' title='bbox 2667 3642 2834 3697; x_wconf 87' lang='lat' dir='ltr'><strong>habet</strong></span> <span class='ocrx_word' id='word_1_594' title='bbox 2883 3639 3208 3697; x_wconf 85' lang='lat' dir='ltr'><strong>Latinorum</strong></span> <span class='ocrx_word' id='word_1_595' title='bbox 3250 3657 3575 3713; x_wconf 79' lang='lat' dir='ltr'><strong>rc5p0nsum</strong></span> <span class='ocrx_word' id='word_1_596' title='bbox 3634 3649 3698 3696; x_wconf 88' lang='lat' dir='ltr'><strong>ut</strong></span> 
     </span>
    </p>
   </div>
   <div class='ocr_carea' id='block_1_83' title="bbox 2119 3735 3690 3803">
    <p class='ocr_par' dir='ltr' id='par_1_83' title="bbox 2119 3735 3690 3803">
     <span class='ocr_line' id='line_1_83' title="bbox 2119 3735 3690 3803; baseline -0.001 -11"><span class='ocrx_word' id='word_1_597' title='bbox 2119 3751 2230 3792; x_wconf 87' lang='lat' dir='ltr'><strong>non</strong></span> <span class='ocrx_word' id='word_1_598' title='bbox 2256 3744 2516 3793; x_wconf 82' lang='lat' dir='ltr'><strong>evertens</strong></span> <span class='ocrx_word' id='word_1_599' title='bbox 2541 3751 2700 3792; x_wconf 83' lang='lat' dir='ltr'><strong>snam</strong></span> <span class='ocrx_word' id='word_1_600' title='bbox 2724 3735 2794 3791; x_wconf 90' lang='lat' dir='ltr'><strong>ad</strong></span> <span class='ocrx_word' id='word_1_601' title='bbox 2829 3735 3127 3792; x_wconf 87' lang='lat' dir='ltr'><strong>absurdum</strong></span> <span class='ocrx_word' id='word_1_602' title='bbox 3159 3735 3568 3803; x_wconf 86' lang='lat' dir='ltr'><strong>deductionem,</strong></span> <span class='ocrx_word' id='word_1_603' title='bbox 3593 3737 3690 3792; x_wconf 84' lang='lat' dir='ltr'><strong>sed</strong></span> 
     </span>
    </p>
   </div>
   <div class='ocr_carea' id='block_1_84' title="bbox 2122 3805 3700 3899">
    <p class='ocr_par' dir='ltr' id='par_1_84' title="bbox 2122 3805 3700 3899">
     <span class='ocr_line' id='line_1_84' title="bbox 2122 3805 3700 3899; baseline 0.001 -17"><span class='ocrx_word' id='word_1_604' title='bbox 2122 3827 2622 3899; x_wconf 84' lang='lat' dir='ltr'><strong>impossibilitatem</strong></span> <span class='ocrx_word' id='word_1_605' title='bbox 2663 3827 2928 3883; x_wconf 80' lang='lat' dir='ltr'><strong>duntaxat</strong></span> <span class='ocrx_word' id='word_1_606' title='bbox 2961 3827 3294 3895; x_wconf 88' lang='lat' dir='ltr'><strong>ostendens,</strong></span> <span class='ocrx_word' id='word_1_607' title='bbox 3323 3827 3456 3898; x_wconf 84' lang='lat' dir='ltr'><strong>quid</strong></span> <span class='ocrx_word' id='word_1_608' title='bbox 3491 3805 3700 3898; x_wconf 40' lang='lat' dir='ltr'><strong>iunpo;-</strong></span> 
     </span>
    </p>
   </div>
   <div class='ocr_carea' id='block_1_85' title="bbox 2122 3918 3697 3990">
    <p class='ocr_par' dir='ltr' id='par_1_85' title="bbox 2122 3918 3697 3990">
     <span class='ocr_line' id='line_1_85' title="bbox 2122 3918 3697 3990; baseline 0 -16"><span class='ocrx_word' id='word_1_609' title='bbox 2122 3918 2352 3974; x_wconf 86' lang='lat' dir='ltr'><strong>sibilitas</strong></span> <span class='ocrx_word' id='word_1_610' title='bbox 2381 3927 2504 3984; x_wconf 89' lang='lat' dir='ltr'><strong>est;</strong></span> <span class='ocrx_word' id='word_1_611' title='bbox 2533 3925 2588 3972; x_wconf 89' lang='lat' dir='ltr'><strong>et</strong></span> <span class='ocrx_word' id='word_1_612' title='bbox 2637 3925 2924 3989; x_wconf 87' lang='lat' dir='ltr'><strong>comparat</strong></span> <span class='ocrx_word' id='word_1_613' title='bbox 2959 3933 3085 3973; x_wconf 90' lang='lat' dir='ltr'><strong>cum</strong></span> <span class='ocrx_word' id='word_1_614' title='bbox 3125 3933 3194 3974; x_wconf 87' lang='lat' dir='ltr'><strong>eo</strong></span> <span class='ocrx_word' id='word_1_615' title='bbox 3232 3919 3508 3990; x_wconf 83' lang='lat' dir='ltr'><strong>quoddam</strong></span> <span class='ocrx_word' id='word_1_616' title='bbox 3547 3918 3697 3974; x_wconf 82' lang='lat' dir='ltr'><strong>aliud</strong></span> 
     </span>
    </p>
   </div>
   <div class='ocr_carea' id='block_1_86' title="bbox 2121 4009 3700 4082">
    <p class='ocr_par' dir='ltr' id='par_1_86' title="bbox 2121 4009 3700 4082">
     <span class='ocr_line' id='line_1_86' title="bbox 2121 4009 3700 4082; baseline 0.001 -17"><span class='ocrx_word' id='word_1_617' title='bbox 2121 4025 2471 4082; x_wconf 84' lang='lat' dir='ltr'><strong>responsum.</strong></span> <span class='ocrx_word' id='word_1_618' title='bbox 2503 4009 2637 4077; x_wconf 62' lang='lat' dir='ltr'><strong>Qua;</strong></span> <span class='ocrx_word' id='word_1_619' title='bbox 2663 4010 2809 4065; x_wconf 88' lang='lat' dir='ltr'><strong>inter</strong></span> <span class='ocrx_word' id='word_1_620' title='bbox 2853 4019 3059 4081; x_wconf 86' lang='lat' dir='ltr'><strong>quanta</strong></span> <span class='ocrx_word' id='word_1_621' title='bbox 3107 4013 3181 4066; x_wconf 86' lang='lat' dir='ltr'><strong>sit</strong></span> <span class='ocrx_word' id='word_1_622' title='bbox 3219 4011 3554 4076; x_wconf 81' lang='lat' dir='ltr'><strong>diﬂ&#39;erentia,</strong></span> <span class='ocrx_word' id='word_1_623' title='bbox 3585 4026 3700 4066; x_wconf 76' lang='lat' dir='ltr'><strong>Ina-</strong></span> 
     </span>
    </p>
   </div>
   <div class='ocr_carea' id='block_1_87' title="bbox 2123 4103 3703 4176">
    <p class='ocr_par' dir='ltr' id='par_1_87' title="bbox 2123 4103 3703 4176">
     <span class='ocr_line' id='line_1_87' title="bbox 2123 4103 3703 4176; baseline -0.001 -16"><span class='ocrx_word' id='word_1_624' title='bbox 2123 4105 2380 4162; x_wconf 81' lang='lat' dir='ltr'><strong>nifestum</strong></span> <span class='ocrx_word' id='word_1_625' title='bbox 2405 4113 2488 4160; x_wconf 87' lang='lat' dir='ltr'><strong>est</strong></span> <span class='ocrx_word' id='word_1_626' title='bbox 2515 4103 2582 4160; x_wconf 87' lang='lat' dir='ltr'><strong>iis</strong></span> <span class='ocrx_word' id='word_1_627' title='bbox 2626 4105 2720 4174; x_wconf 88' lang='lat' dir='ltr'><strong>qui</strong></span> <span class='ocrx_word' id='word_1_628' title='bbox 2752 4103 2944 4174; x_wconf 89' lang='lat' dir='ltr'><strong>primis</strong></span> <span class='ocrx_word' id='word_1_629' title='bbox 2973 4103 3136 4159; x_wconf 83' lang='lat' dir='ltr'><strong>labiis</strong></span> <span class='ocrx_word' id='word_1_630' title='bbox 3166 4112 3220 4160; x_wconf 88' lang='lat' dir='ltr'><strong>et</strong></span> <span class='ocrx_word' id='word_1_631' title='bbox 3253 4113 3532 4174; x_wconf 85' lang='lat' dir='ltr'><strong>utcunque</strong></span> <span class='ocrx_word' id='word_1_632' title='bbox 3563 4105 3703 4176; x_wconf 71' lang='lat' dir='ltr'><strong>logi-</strong></span> 
     </span>
    </p>
   </div>
   <div class='ocr_carea' id='block_1_88' title="bbox 2124 4195 3704 4268">
    <p class='ocr_par' dir='ltr' id='par_1_88' title="bbox 2124 4195 3704 4268">
     <span class='ocr_line' id='line_1_88' title="bbox 2124 4195 3704 4268; baseline -0.001 -15"><span class='ocrx_word' id='word_1_633' title='bbox 2124 4211 2246 4253; x_wconf 90' lang='lat' dir='ltr'><strong>cam</strong></span> <span class='ocrx_word' id='word_1_634' title='bbox 2269 4204 2580 4268; x_wconf 74' lang='lat' dir='ltr'><strong>gustarunt.</strong></span> <span class='ocrx_word' id='word_1_635' title='bbox 2605 4196 2746 4252; x_wconf 87' lang='lat' dir='ltr'><strong>Puto</strong></span> <span class='ocrx_word' id='word_1_636' title='bbox 2773 4211 2901 4251; x_wconf 88' lang='lat' dir='ltr'><strong>eum</strong></span> <span class='ocrx_word' id='word_1_637' title='bbox 2936 4195 3096 4251; x_wconf 82' lang='lat' dir='ltr'><strong>facile</strong></span> <span class='ocrx_word' id='word_1_638' title='bbox 3123 4205 3180 4251; x_wconf 89' lang='lat' dir='ltr'><strong>et</strong></span> <span class='ocrx_word' id='word_1_639' title='bbox 3203 4196 3374 4251; x_wconf 90' lang='lat' dir='ltr'><strong>multa</strong></span> <span class='ocrx_word' id='word_1_640' title='bbox 3405 4196 3508 4252; x_wconf 91' lang='lat' dir='ltr'><strong>alia</strong></span> <span class='ocrx_word' id='word_1_641' title='bbox 3555 4198 3704 4254; x_wconf 84' lang='lat' dir='ltr'><strong>ludi-</strong></span> 
     </span>
    </p>
   </div>
   <div class='ocr_carea' id='block_1_89' title="bbox 2123 4285 3704 4356">
    <p class='ocr_par' dir='ltr' id='par_1_89' title="bbox 2123 4285 3704 4356">
     <span class='ocr_line' id='line_1_89' title="bbox 2123 4285 3704 4356; baseline -0.001 -13"><span class='ocrx_word' id='word_1_642' title='bbox 2123 4287 2246 4344; x_wconf 79' lang='lat' dir='ltr'><strong>brio</strong></span> <span class='ocrx_word' id='word_1_643' title='bbox 2281 4288 2623 4353; x_wconf 83' lang='lat' dir='ltr'><strong>habiturum,</strong></span> <span class='ocrx_word' id='word_1_644' title='bbox 2662 4303 2784 4356; x_wconf 68' lang='lat' dir='ltr'><strong>quae</strong></span> <span class='ocrx_word' id='word_1_645' title='bbox 2825 4295 2955 4343; x_wconf 87' lang='lat' dir='ltr'><strong>sunt</strong></span> <span class='ocrx_word' id='word_1_646' title='bbox 2993 4285 3302 4343; x_wconf 86' lang='lat' dir='ltr'><strong>verissima.</strong></span> <span class='ocrx_word' id='word_1_647' title='bbox 3348 4287 3480 4352; x_wconf 88' lang='lat' dir='ltr'><strong>Fac,</strong></span> <span class='ocrx_word' id='word_1_648' title='bbox 3514 4288 3704 4344; x_wconf 82' lang='lat' dir='ltr'><strong>credat</strong></span> 
     </span>
    </p>
   </div>
   <div class='ocr_carea' id='block_1_90' title="bbox 2123 4379 3704 4452">
    <p class='ocr_par' dir='ltr' id='par_1_90' title="bbox 2123 4379 3704 4452">
     <span class='ocr_line' id='line_1_90' title="bbox 2123 4379 3704 4452; baseline -0.002 -16"><span class='ocrx_word' id='word_1_649' title='bbox 2123 4383 2248 4452; x_wconf 83' lang='lat' dir='ltr'><strong>quis</strong></span> <span class='ocrx_word' id='word_1_650' title='bbox 2269 4379 2467 4435; x_wconf 78' lang='lat' dir='ltr'><strong>Filium</strong></span> <span class='ocrx_word' id='word_1_651' title='bbox 2503 4382 2807 4450; x_wconf 86' lang='lat' dir='ltr'><strong>sapientem</strong></span> <span class='ocrx_word' id='word_1_652' title='bbox 2837 4379 2922 4436; x_wconf 83' lang='lat' dir='ltr'><strong>vel</strong></span> <span class='ocrx_word' id='word_1_653' title='bbox 2957 4379 3163 4435; x_wconf 89' lang='lat' dir='ltr'><strong>bonum</strong></span> <span class='ocrx_word' id='word_1_654' title='bbox 3189 4381 3274 4435; x_wconf 83' lang='lat' dir='ltr'><strong>vel</strong></span> <span class='ocrx_word' id='word_1_655' title='bbox 3309 4396 3499 4437; x_wconf 85' lang='lat' dir='ltr'><strong>verum</strong></span> <span class='ocrx_word' id='word_1_656' title='bbox 3531 4381 3704 4436; x_wconf 82' lang='lat' dir='ltr'><strong>Deum</strong></span> 
     </span>
    </p>
   </div>
   <div class='ocr_carea' id='block_1_91' title="bbox 2123 4473 3706 4544">
    <p class='ocr_par' dir='ltr' id='par_1_91' title="bbox 2123 4473 3706 4544">
     <span class='ocr_line' id='line_1_91' title="bbox 2123 4473 3706 4544; baseline 0.001 -15"><span class='ocrx_word' id='word_1_657' title='bbox 2123 4489 2244 4529; x_wconf 87' lang='lat' dir='ltr'><strong>esse</strong></span> <span class='ocrx_word' id='word_1_658' title='bbox 2290 4474 2433 4528; x_wconf 88' lang='lat' dir='ltr'><strong>sicut</strong></span> <span class='ocrx_word' id='word_1_659' title='bbox 2475 4481 2531 4528; x_wconf 90' lang='lat' dir='ltr'><strong>et</strong></span> <span class='ocrx_word' id='word_1_660' title='bbox 2573 4473 2833 4538; x_wconf 79' lang='lat' dir='ltr'><strong>Patrem;</strong></span> <span class='ocrx_word' id='word_1_661' title='bbox 2875 4481 3086 4543; x_wconf 65' lang='lat' dir='ltr'><strong>quarat</strong></span> <span class='ocrx_word' id='word_1_662' title='bbox 3127 4487 3191 4528; x_wconf 81' lang='lat' dir='ltr'><strong>ex</strong></span> <span class='ocrx_word' id='word_1_663' title='bbox 3232 4487 3298 4528; x_wconf 89' lang='lat' dir='ltr'><strong>eo</strong></span> <span class='ocrx_word' id='word_1_664' title='bbox 3328 4473 3574 4544; x_wconf 86' lang='lat' dir='ltr'><strong>quidam,</strong></span> <span class='ocrx_word' id='word_1_665' title='bbox 3605 4489 3706 4531; x_wconf 80' lang='lat' dir='ltr'><strong>cur</strong></span> 
     </span>
    </p>
   </div>
   <div class='ocr_carea' id='block_1_92' title="bbox 444 4553 2008 4640">
    <p class='ocr_par' dir='ltr' id='par_1_92' title="bbox 444 4563 2008 4640">
     <span class='ocr_line' id='line_1_92' title="bbox 444 4563 2008 4640; baseline 0.001 -23"><span class='ocrx_word' id='word_1_666' title='bbox 444 4565 624 4632; x_wconf 73' lang='grc' dir='ltr'><strong>μίξεις</strong></span> <span class='ocrx_word' id='word_1_667' title='bbox 646 4564 818 4618; x_wconf 68' lang='grc' dir='ltr'><strong>αὐτὸν·</strong></span> <span class='ocrx_word' id='word_1_668' title='bbox 838 4566 931 4619; x_wconf 75' lang='grc' dir='ltr'><strong>καὶ</strong></span> <span class='ocrx_word' id='word_1_669' title='bbox 960 4563 1169 4634; x_wconf 79' lang='grc' dir='ltr'><strong>ἀγαθὸν</strong></span> <span class='ocrx_word' id='word_1_670' title='bbox 1191 4567 1288 4620; x_wconf 74' lang='grc' dir='ltr'><strong>καὶ</strong></span> <span class='ocrx_word' id='word_1_671' title='bbox 1316 4568 1482 4637; x_wconf 64' lang='grc' dir='ltr'><strong>σοφὸν</strong></span> <span class='ocrx_word' id='word_1_672' title='bbox 1505 4563 1672 4630; x_wconf 74' lang='grc' dir='ltr'><strong>εἶναι.</strong></span> <span class='ocrx_word' id='word_1_673' title='bbox 1695 4567 1794 4622; x_wconf 80' lang='grc' dir='ltr'><strong>καὶ</strong></span> <span class='ocrx_word' id='word_1_674' title='bbox 1821 4566 2008 4640; x_wconf 70' lang='grc' dir='ltr'><strong>Πατὴρ</strong></span> 
     </span>
    </p>
   </div>
   <div class='ocr_carea' id='block_1_93' title="bbox 2113 4553 3710 4640">
    <p class='ocr_par' dir='ltr' id='par_1_93' title="bbox 2116 4553 3710 4636">
     <span class='ocr_line' id='line_1_93' title="bbox 2116 4553 3710 4636; baseline 0.001 -16"><span class='ocrx_word' id='word_1_675' title='bbox 2116 4565 2220 4621; x_wconf 92' lang='lat' dir='ltr'><strong>hoc</strong></span> <span class='ocrx_word' id='word_1_676' title='bbox 2247 4565 2478 4630; x_wconf 86' lang='lat' dir='ltr'><strong>credat;</strong></span> <span class='ocrx_word' id='word_1_677' title='bbox 2516 4553 2846 4635; x_wconf 80' lang='lat' dir='ltr'><strong>respondeat</strong></span> <span class='ocrx_word' id='word_1_678' title='bbox 2887 4564 2999 4631; x_wconf 91' lang='lat' dir='ltr'><strong>ille,</strong></span> <span class='ocrx_word' id='word_1_679' title='bbox 3041 4579 3101 4621; x_wconf 84' lang='lat' dir='ltr'><strong>se</strong></span> <span class='ocrx_word' id='word_1_680' title='bbox 3147 4565 3394 4627; x_wconf 83' lang='lat' dir='ltr'><strong>credere,</strong></span> <span class='ocrx_word' id='word_1_681' title='bbox 3435 4568 3566 4636; x_wconf 85' lang='lat' dir='ltr'><strong>quia</strong></span> <span class='ocrx_word' id='word_1_682' title='bbox 3609 4583 3710 4622; x_wconf 85' lang='lat' dir='ltr'><strong>au-</strong></span> 
     </span>
    </p>
   </div>
   <div class='ocr_carea' id='block_1_94' title="bbox 441 4655 2021 4731">
    <p class='ocr_par' dir='ltr' id='par_1_94' title="bbox 441 4655 2021 4731">
     <span class='ocr_line' id='line_1_94' title="bbox 441 4655 2021 4731; baseline 0.003 -22"><span class='ocrx_word' id='word_1_683' title='bbox 441 4657 598 4712; x_wconf 79' lang='grc' dir='ltr'><strong>ἒσται</strong></span> <span class='ocrx_word' id='word_1_684' title='bbox 623 4673 639 4688; x_wconf 74' lang='grc' dir='ltr'><strong>ο</strong></span> <span class='ocrx_word' id='word_1_685' title='bbox 668 4655 952 4710; x_wconf 74' lang='grc' dir='ltr'><strong>καὶτοῦτο</strong></span> <span class='ocrx_word' id='word_1_686' title='bbox 982 4659 1094 4727; x_wconf 80' lang='grc' dir='ltr'><strong>γὰρ</strong></span> <span class='ocrx_word' id='word_1_687' title='bbox 1131 4656 1191 4710; x_wconf 81' lang='grc' dir='ltr'><strong>ἐν</strong></span> <span class='ocrx_word' id='word_1_688' title='bbox 1225 4659 1344 4713; x_wconf 79' lang='grc' dir='ltr'><strong>ἐστι</strong></span> <span class='ocrx_word' id='word_1_689' title='bbox 1371 4659 1481 4712; x_wconf 84' lang='grc' dir='ltr'><strong>τῶν</strong></span> <span class='ocrx_word' id='word_1_690' title='bbox 1512 4659 1872 4731; x_wconf 82' lang='grc' dir='ltr'><strong>ὑπαρχόντων</strong></span> <span class='ocrx_word' id='word_1_691' title='bbox 1909 4661 2021 4713; x_wconf 83' lang='grc' dir='ltr'><strong>[ια-</strong></span> 
     </span>
    </p>
   </div>
   <div class='ocr_carea' id='block_1_95' title="bbox 2117 4655 3770 4728">
    <p class='ocr_par' dir='ltr' id='par_1_95' title="bbox 2117 4655 3770 4728">
     <span class='ocr_line' id='line_1_95' title="bbox 2117 4655 3770 4728; baseline -0.004 -12"><span class='ocrx_word' id='word_1_692' title='bbox 2117 4659 2306 4728; x_wconf 87' lang='lat' dir='ltr'><strong>dierit,</strong></span> <span class='ocrx_word' id='word_1_693' title='bbox 2333 4660 2538 4725; x_wconf 88' lang='lat' dir='ltr'><strong>omnia,</strong></span> <span class='ocrx_word' id='word_1_694' title='bbox 2565 4673 2690 4728; x_wconf 68' lang='lat' dir='ltr'><strong>quae</strong></span> <span class='ocrx_word' id='word_1_695' title='bbox 2727 4667 2858 4715; x_wconf 89' lang='lat' dir='ltr'><strong>sunt</strong></span> <span class='ocrx_word' id='word_1_696' title='bbox 2894 4655 3076 4714; x_wconf 84' lang='lat' dir='ltr'><strong>Patris</strong></span> <span class='ocrx_word' id='word_1_697' title='bbox 3124 4657 3328 4714; x_wconf 83' lang='lat' dir='ltr'><strong>habere</strong></span> <span class='ocrx_word' id='word_1_698' title='bbox 3359 4658 3590 4724; x_wconf 81' lang='lat' dir='ltr'><strong>Filium;</strong></span> <span class='ocrx_word' id='word_1_699' title='bbox 3617 4659 3708 4714; x_wconf 89' lang='lat' dir='ltr'><strong>hic</strong></span> <span class='ocrx_word' id='word_1_700' title='bbox 3767 4706 3770 4710; x_wconf 93' lang='lat'><strong>.</strong></span> 
     </span>
    </p>
   </div>
   <div class='ocr_carea' id='block_1_96' title="bbox 437 4745 2008 4824">
    <p class='ocr_par' dir='ltr' id='par_1_96' title="bbox 437 4745 2008 4821">
     <span class='ocr_line' id='line_1_96' title="bbox 437 4745 2008 4821; baseline 0.004 -23"><span class='ocrx_word' id='word_1_701' title='bbox 437 4748 562 4816; x_wconf 80' lang='grc' dir='ltr'><strong>τρί’</strong></span> <span class='ocrx_word' id='word_1_702' title='bbox 623 4747 1008 4819; x_wconf 86' lang='grc' dir='ltr'><strong>ἀποκρινεῖται</strong></span> <span class='ocrx_word' id='word_1_703' title='bbox 1069 4749 1275 4812; x_wconf 86' lang='grc' dir='ltr'><strong>τοίνυν,</strong></span> <span class='ocrx_word' id='word_1_704' title='bbox 1305 4749 1390 4808; x_wconf 76' lang='grc' dir='ltr'><strong>ὅτι</strong></span> <span class='ocrx_word' id='word_1_705' title='bbox 1437 4745 1508 4821; x_wconf 76' lang='grc' dir='ltr'><strong>ἦν</strong></span> <span class='ocrx_word' id='word_1_706' title='bbox 1537 4748 1606 4804; x_wconf 83' lang='grc' dir='ltr'><strong>ἂν</strong></span> <span class='ocrx_word' id='word_1_707' title='bbox 1658 4751 1754 4804; x_wconf 78' lang='grc' dir='ltr'><strong>καὶ</strong></span> <span class='ocrx_word' id='word_1_708' title='bbox 1797 4749 2008 4806; x_wconf 79' lang='grc' dir='ltr'><strong>τοῦτοᾶ</strong></span> 
     </span>
    </p>
   </div>
   <div class='ocr_carea' id='block_1_97' title="bbox 2113 4745 3706 4824">
    <p class='ocr_par' dir='ltr' id='par_1_97' title="bbox 2117 4751 3706 4824">
     <span class='ocr_line' id='line_1_97' title="bbox 2117 4751 3706 4824; baseline -0.003 -14"><span class='ocrx_word' id='word_1_709' title='bbox 2117 4767 2251 4810; x_wconf 86' lang='lat' dir='ltr'><strong>vero</strong></span> <span class='ocrx_word' id='word_1_710' title='bbox 2283 4752 2358 4809; x_wconf 89' lang='lat' dir='ltr'><strong>ita</strong></span> <span class='ocrx_word' id='word_1_711' title='bbox 2388 4767 2516 4808; x_wconf 87' lang='lat' dir='ltr'><strong>eum</strong></span> <span class='ocrx_word' id='word_1_712' title='bbox 2555 4752 2623 4808; x_wconf 84' lang='lat' dir='ltr'><strong>ad</strong></span> <span class='ocrx_word' id='word_1_713' title='bbox 2649 4751 2954 4810; x_wconf 87' lang='lat' dir='ltr'><strong>absurdum</strong></span> <span class='ocrx_word' id='word_1_714' title='bbox 2983 4751 3224 4808; x_wconf 89' lang='lat' dir='ltr'><strong>deducat</strong></span> <span class='ocrx_word' id='word_1_715' title='bbox 3257 4769 3272 4806; x_wconf 93' lang='lat'><strong>:</strong></span> <span class='ocrx_word' id='word_1_716' title='bbox 3315 4751 3372 4807; x_wconf 87' lang='lat' dir='ltr'><strong>Si</strong></span> <span class='ocrx_word' id='word_1_717' title='bbox 3409 4751 3535 4808; x_wconf 81' lang='lat' dir='ltr'><strong>ideo</strong></span> <span class='ocrx_word' id='word_1_718' title='bbox 3575 4753 3706 4824; x_wconf 87' lang='lat' dir='ltr'><strong>quia</strong></span> 
     </span>
    </p>
   </div>
   <div class='ocr_carea' id='block_1_98' title="bbox 439 4833 2019 4910">
    <p class='ocr_par' dir='ltr' id='par_1_98' title="bbox 439 4833 2019 4910">
     <span class='ocr_line' id='line_1_98' title="bbox 439 4833 2019 4910; baseline 0.003 -20"><span class='ocrx_word' id='word_1_719' title='bbox 439 4835 590 4902; x_wconf 75' lang='grc' dir='ltr'><strong>Υἰδς,</strong></span> <span class='ocrx_word' id='word_1_720' title='bbox 627 4839 676 4890; x_wconf 79' lang='lat' dir='ltr'><strong>si</strong></span> <span class='ocrx_word' id='word_1_721' title='bbox 710 4837 788 4907; x_wconf 78' lang='grc' dir='ltr'><strong>μὴ</strong></span> <span class='ocrx_word' id='word_1_722' title='bbox 822 4837 1088 4893; x_wconf 82' lang='grc' dir='ltr'><strong>ἀδύνατον</strong></span> <span class='ocrx_word' id='word_1_723' title='bbox 1116 4833 1186 4910; x_wconf 82' lang='grc' dir='ltr'><strong>ἦν</strong></span> <span class='ocrx_word' id='word_1_724' title='bbox 1205 4855 1220 4870; x_wconf 90' lang='grc'><strong>·</strong></span> <span class='ocrx_word' id='word_1_725' title='bbox 1267 4839 1535 4894; x_wconf 80' lang='grc' dir='ltr'><strong>ἀδύνατον</strong></span> <span class='ocrx_word' id='word_1_726' title='bbox 1568 4839 1627 4896; x_wconf 81' lang='grc' dir='ltr'><strong>δὲ</strong></span> <span class='ocrx_word' id='word_1_727' title='bbox 1658 4841 1750 4894; x_wconf 89' lang='grc' dir='ltr'><strong>διά</strong></span> <span class='ocrx_word' id='word_1_728' title='bbox 1779 4840 1843 4895; x_wconf 79' lang='grc' dir='ltr'><strong>τὸ</strong></span> <span class='ocrx_word' id='word_1_729' title='bbox 1872 4842 2019 4895; x_wconf 89' lang='grc' dir='ltr'><strong>ἀντι-</strong></span> 
     </span>
    </p>
   </div>
   <div class='ocr_carea' id='block_1_99' title="bbox 439 4927 2014 5004">
    <p class='ocr_par' dir='ltr' id='par_1_99' title="bbox 439 4927 2014 5004">
     <span class='ocr_line' id='line_1_99' title="bbox 439 4927 2014 5004; baseline 0.001 -22"><span class='ocrx_word' id='word_1_730' title='bbox 439 4931 656 4984; x_wconf 82' lang='grc' dir='ltr'><strong>κεῖσθαι</strong></span> <span class='ocrx_word' id='word_1_731' title='bbox 681 4929 844 4984; x_wconf 84' lang='grc' dir='ltr'><strong>τοῦτο</strong></span> <span class='ocrx_word' id='word_1_732' title='bbox 869 4927 948 5001; x_wconf 84' lang='grc' dir='ltr'><strong>τῷ</strong></span> <span class='ocrx_word' id='word_1_733' title='bbox 987 4929 1084 4984; x_wconf 81' lang='grc' dir='ltr'><strong>τοῦ</strong></span> <span class='ocrx_word' id='word_1_734' title='bbox 1117 4931 1257 4987; x_wconf 86' lang='grc' dir='ltr'><strong>Υίοῦ</strong></span> <span class='ocrx_word' id='word_1_735' title='bbox 1283 4931 1432 5004; x_wconf 76' lang='grc' dir='ltr'><strong>λόγῳ</strong></span> <span class='ocrx_word' id='word_1_736' title='bbox 1461 4933 1556 4987; x_wconf 75' lang='grc' dir='ltr'><strong>καὶ</strong></span> <span class='ocrx_word' id='word_1_737' title='bbox 1587 4931 1680 4986; x_wconf 80' lang='grc' dir='ltr'><strong>διὰ</strong></span> <span class='ocrx_word' id='word_1_738' title='bbox 1709 4931 1770 4986; x_wconf 87' lang='grc' dir='ltr'><strong>τδ</strong></span> <span class='ocrx_word' id='word_1_739' title='bbox 1800 4933 1860 4985; x_wconf 79' lang='grc' dir='ltr'><strong>ἐν</strong></span> <span class='ocrx_word' id='word_1_740' title='bbox 1897 4935 2014 4996; x_wconf 72' lang='grc' dir='ltr'><strong>τοῖς</strong></span> 
     </span>
    </p>
   </div>
   <div class='ocr_carea' id='block_1_100' title="bbox 439 5017 2016 5094">
    <p class='ocr_par' dir='ltr' id='par_1_100' title="bbox 439 5017 2016 5094">
     <span class='ocr_line' id='line_1_100' title="bbox 439 5017 2016 5094; baseline 0.001 -19"><span class='ocrx_word' id='word_1_741' title='bbox 439 5019 607 5085; x_wconf 78' lang='grc' dir='ltr'><strong>θείοις</strong></span> <span class='ocrx_word' id='word_1_742' title='bbox 642 5020 738 5075; x_wconf 86' lang='grc' dir='ltr'><strong>’ἐνα</strong></span> <span class='ocrx_word' id='word_1_743' title='bbox 783 5022 913 5076; x_wconf 82' lang='grc' dir='ltr'><strong>Υἱδν</strong></span> <span class='ocrx_word' id='word_1_744' title='bbox 966 5017 1132 5077; x_wconf 76' lang='grc' dir='ltr'><strong>εἶναι.</strong></span> <span class='ocrx_word' id='word_1_745' title='bbox 1168 5023 1281 5077; x_wconf 77' lang='grc' dir='ltr'><strong>Καὶ</strong></span> <span class='ocrx_word' id='word_1_746' title='bbox 1323 5023 1526 5094; x_wconf 79' lang='grc' dir='ltr'><strong>ταύτης</strong></span> <span class='ocrx_word' id='word_1_747' title='bbox 1565 5023 1678 5094; x_wconf 73' lang='grc' dir='ltr'><strong>ἄρα</strong></span> <span class='ocrx_word' id='word_1_748' title='bbox 1721 5024 1821 5094; x_wconf 83' lang='grc' dir='ltr'><strong>τῆς</strong></span> <span class='ocrx_word' id='word_1_749' title='bbox 1875 5025 2016 5078; x_wconf 82' lang='grc' dir='ltr'><strong>ἀπο·-</strong></span> 
     </span>
    </p>
   </div>
   <div class='ocr_carea' id='block_1_101' title="bbox 439 5115 2020 5198">
    <p class='ocr_par' dir='ltr' id='par_1_101' title="bbox 439 5115 2020 5198">
     <span class='ocr_line' id='line_1_101' title="bbox 439 5115 2020 5198; baseline 0.003 -32"><span class='ocrx_word' id='word_1_750' title='bbox 439 5115 677 5198; x_wconf 71' lang='grc' dir='ltr'><strong>κρίσεως</strong></span> <span class='ocrx_word' id='word_1_751' title='bbox 713 5116 1148 5192; x_wconf 76' lang='grc' dir='ltr'><strong>καταφρονήσει,</strong></span> <span class='ocrx_word' id='word_1_752' title='bbox 1197 5115 1358 5187; x_wconf 82' lang='grc' dir='ltr'><strong>είπερ</strong></span> <span class='ocrx_word' id='word_1_753' title='bbox 1403 5116 1656 5187; x_wconf 76' lang='grc' dir='ltr'><strong>ἐκείνης’</strong></span> <span class='ocrx_word' id='word_1_754' title='bbox 1703 5118 1806 5183; x_wconf 77' lang='grc' dir='ltr'><strong>τὴν</strong></span> <span class='ocrx_word' id='word_1_755' title='bbox 1847 5115 2020 5188; x_wconf 74' lang='grc' dir='ltr'><strong>αὐτὴν</strong></span> 
     </span>
    </p>
   </div>
   <div class='ocr_carea' id='block_1_102' title="bbox 437 5203 2016 5282">
    <p class='ocr_par' dir='ltr' id='par_1_102' title="bbox 437 5203 2016 5282">
     <span class='ocr_line' id='line_1_102' title="bbox 437 5203 2016 5282; baseline 0.001 -22"><span class='ocrx_word' id='word_1_756' title='bbox 437 5207 548 5276; x_wconf 76' lang='grc' dir='ltr'><strong>γὰρ</strong></span> <span class='ocrx_word' id='word_1_757' title='bbox 593 5206 776 5276; x_wconf 74' lang='grc' dir='ltr'><strong>ἔχουσι</strong></span> <span class='ocrx_word' id='word_1_758' title='bbox 803 5207 1074 5278; x_wconf 80' lang='grc' dir='ltr'><strong>δύναμινο</strong></span> <span class='ocrx_word' id='word_1_759' title='bbox 1125 5207 1244 5261; x_wconf 73' lang='grc' dir='ltr'><strong>ἀλλ’</strong></span> <span class='ocrx_word' id='word_1_760' title='bbox 1273 5208 1336 5262; x_wconf 86' lang='grc' dir='ltr'>οὐ</span> <span class='ocrx_word' id='word_1_761' title='bbox 1377 5212 1633 5280; x_wconf 75' lang='grc' dir='ltr'><strong>χαιρήσει</strong></span> <span class='ocrx_word' id='word_1_762' title='bbox 1673 5203 2016 5282; x_wconf 75' lang='grc' dir='ltr'><strong>κατηγορῶν,</strong></span> 
     </span>
    </p>
   </div>
   <div class='ocr_carea' id='block_1_103' title="bbox 441 5297 1820 5372">
    <p class='ocr_par' dir='ltr' id='par_1_103' title="bbox 441 5297 1820 5372">
     <span class='ocr_line' id='line_1_103' title="bbox 441 5297 1820 5372; baseline 0.003 -20"><span class='ocrx_word' id='word_1_763' title='bbox 441 5299 546 5363; x_wconf 74' lang='grc' dir='ltr'><strong>ἕως</strong></span> <span class='ocrx_word' id='word_1_764' title='bbox 581 5301 648 5354; x_wconf 84' lang='grc' dir='ltr'><strong>ἂν</strong></span> <span class='ocrx_word' id='word_1_765' title='bbox 741 5317 826 5362; x_wconf 91' lang='grc' dir='ltr'><strong>τις</strong></span> <span class='ocrx_word' id='word_1_766' title='bbox 855 5301 1107 5372; x_wconf 81' lang='grc' dir='ltr'><strong>ἐλέγχειν</strong></span> <span class='ocrx_word' id='word_1_767' title='bbox 1134 5300 1203 5354; x_wconf 79' lang='grc' dir='ltr'><strong>τὰ</strong></span> <span class='ocrx_word' id='word_1_768' title='bbox 1231 5299 1459 5356; x_wconf 81' lang='grc' dir='ltr'><strong>τοιαῦτα</strong></span> <span class='ocrx_word' id='word_1_769' title='bbox 1498 5302 1820 5372; x_wconf 76' lang='grc' dir='ltr'><strong>δυνάμενος.</strong></span> 
     </span>
    </p>
   </div>
   <div class='ocr_carea' id='block_1_104' title="bbox 2117 4843 3710 4918">
    <p class='ocr_par' dir='ltr' id='par_1_104' title="bbox 2117 4843 3710 4918">
     <span class='ocr_line' id='line_1_104' title="bbox 2117 4843 3710 4918; baseline 0.001 -18"><span class='ocrx_word' id='word_1_770' title='bbox 2117 4844 2326 4910; x_wconf 87' lang='lat' dir='ltr'><strong>omnia,</strong></span> <span class='ocrx_word' id='word_1_771' title='bbox 2349 4859 2472 4916; x_wconf 74' lang='lat' dir='ltr'><strong>qua:</strong></span> <span class='ocrx_word' id='word_1_772' title='bbox 2500 4855 2632 4900; x_wconf 87' lang='lat' dir='ltr'><strong>sunt</strong></span> <span class='ocrx_word' id='word_1_773' title='bbox 2657 4844 2859 4912; x_wconf 80' lang='lat' dir='ltr'><strong>Patris,</strong></span> <span class='ocrx_word' id='word_1_774' title='bbox 2889 4844 3058 4902; x_wconf 81' lang='lat' dir='ltr'><strong>habet</strong></span> <span class='ocrx_word' id='word_1_775' title='bbox 3087 4843 3279 4910; x_wconf 81' lang='lat' dir='ltr'><strong>Filius,</strong></span> <span class='ocrx_word' id='word_1_776' title='bbox 3315 4843 3514 4902; x_wconf 83' lang='lat' dir='ltr'><strong>Filium</strong></span> <span class='ocrx_word' id='word_1_777' title='bbox 3545 4853 3710 4918; x_wconf 85' lang='lat' dir='ltr'><strong>putas</strong></span> 
     </span>
    </p>
   </div>
   <div class='ocr_carea' id='block_1_105' title="bbox 2117 4937 3704 5008">
    <p class='ocr_par' dir='ltr' id='par_1_105' title="bbox 2117 4937 3704 5008">
     <span class='ocr_line' id='line_1_105' title="bbox 2117 4937 3704 5008; baseline 0 -14"><span class='ocrx_word' id='word_1_778' title='bbox 2117 4947 2175 4994; x_wconf 88' lang='lat' dir='ltr'><strong>et</strong></span> <span class='ocrx_word' id='word_1_779' title='bbox 2203 4937 2406 4994; x_wconf 85' lang='lat' dir='ltr'><strong>bonum</strong></span> <span class='ocrx_word' id='word_1_780' title='bbox 2429 4947 2486 4993; x_wconf 88' lang='lat' dir='ltr'><strong>et</strong></span> <span class='ocrx_word' id='word_1_781' title='bbox 2520 4937 2824 5008; x_wconf 84' lang='lat' dir='ltr'><strong>sapientem</strong></span> <span class='ocrx_word' id='word_1_782' title='bbox 2859 4953 3002 5005; x_wconf 86' lang='lat' dir='ltr'><strong>esse,</strong></span> <span class='ocrx_word' id='word_1_783' title='bbox 3035 4939 3202 4994; x_wconf 86' lang='lat' dir='ltr'><strong>etiam</strong></span> <span class='ocrx_word' id='word_1_784' title='bbox 3233 4939 3395 4996; x_wconf 82' lang='lat' dir='ltr'><strong>Pater</strong></span> <span class='ocrx_word' id='word_1_785' title='bbox 3425 4939 3553 5003; x_wconf 87' lang='lat' dir='ltr'><strong>erit,</strong></span> <span class='ocrx_word' id='word_1_786' title='bbox 3579 4953 3704 4994; x_wconf 83' lang='lat' dir='ltr'><strong>nam</strong></span> 
     </span>
    </p>
   </div>
   <div class='ocr_carea' id='block_1_106' title="bbox 2125 5029 3710 5104">
    <p class='ocr_par' dir='ltr' id='par_1_106' title="bbox 2125 5029 3710 5104">
     <span class='ocr_line' id='line_1_106' title="bbox 2125 5029 3710 5104; baseline 0.002 -20"><span class='ocrx_word' id='word_1_787' title='bbox 2125 5038 2184 5085; x_wconf 88' lang='lat' dir='ltr'><strong>et</strong></span> <span class='ocrx_word' id='word_1_788' title='bbox 2232 5029 2334 5085; x_wconf 86' lang='lat' dir='ltr'><strong>hoc</strong></span> <span class='ocrx_word' id='word_1_789' title='bbox 2364 5043 2431 5084; x_wconf 82' lang='lat' dir='ltr'><strong>ex</strong></span> <span class='ocrx_word' id='word_1_790' title='bbox 2472 5029 2543 5085; x_wconf 86' lang='lat' dir='ltr'><strong>iis</strong></span> <span class='ocrx_word' id='word_1_791' title='bbox 2578 5042 2683 5098; x_wconf 88' lang='lat' dir='ltr'><strong>est,</strong></span> <span class='ocrx_word' id='word_1_792' title='bbox 2727 5046 2850 5102; x_wconf 72' lang='lat' dir='ltr'><strong>quae</strong></span> <span class='ocrx_word' id='word_1_793' title='bbox 2906 5029 3084 5087; x_wconf 83' lang='lat' dir='ltr'><strong>Patris</strong></span> <span class='ocrx_word' id='word_1_794' title='bbox 3122 5041 3276 5086; x_wconf 87' lang='lat' dir='ltr'><strong>sunt.</strong></span> <span class='ocrx_word' id='word_1_795' title='bbox 3333 5031 3710 5104; x_wconf 76' lang='lat' dir='ltr'><strong>Respondebit</strong></span> 
     </span>
    </p>
   </div>
   <div class='ocr_carea' id='block_1_107' title="bbox 2129 5121 3705 5195">
    <p class='ocr_par' dir='ltr' id='par_1_107' title="bbox 2129 5121 3705 5195">
     <span class='ocr_line' id='line_1_107' title="bbox 2129 5121 3705 5195; baseline 0.003 -19"><span class='ocrx_word' id='word_1_796' title='bbox 2129 5121 2296 5192; x_wconf 77' lang='lat' dir='ltr'><strong>igitur</strong></span> <span class='ocrx_word' id='word_1_797' title='bbox 2337 5121 2463 5187; x_wconf 85' lang='lat' dir='ltr'><strong>ille,</strong></span> <span class='ocrx_word' id='word_1_798' title='bbox 2501 5122 2670 5177; x_wconf 86' lang='lat' dir='ltr'><strong>etiam</strong></span> <span class='ocrx_word' id='word_1_799' title='bbox 2717 5123 2823 5179; x_wconf 88' lang='lat' dir='ltr'><strong>hoc</strong></span> <span class='ocrx_word' id='word_1_800' title='bbox 2863 5123 3134 5195; x_wconf 78' lang='lat' dir='ltr'><strong>(Patrem)</strong></span> <span class='ocrx_word' id='word_1_801' title='bbox 3183 5125 3303 5182; x_wconf 74' lang='lat' dir='ltr'><strong>fore</strong></span> <span class='ocrx_word' id='word_1_802' title='bbox 3341 5124 3563 5189; x_wconf 74' lang='lat' dir='ltr'><strong>Filium,</strong></span> <span class='ocrx_word' id='word_1_803' title='bbox 3597 5123 3705 5182; x_wconf 86' lang='lat' dir='ltr'><strong>nisi</strong></span> 
     </span>
    </p>
   </div>
   <div class='ocr_carea' id='block_1_108' title="bbox 2131 5211 3708 5289">
    <p class='ocr_par' dir='ltr' id='par_1_108' title="bbox 2131 5211 3708 5289">
     <span class='ocr_line' id='line_1_108' title="bbox 2131 5211 3708 5289; baseline 0.005 -24"><span class='ocrx_word' id='word_1_804' title='bbox 2131 5211 2474 5283; x_wconf 85' lang='lat' dir='ltr'><strong>impossibile</strong></span> <span class='ocrx_word' id='word_1_805' title='bbox 2497 5225 2682 5275; x_wconf 84' lang='lat' dir='ltr'><strong>esset;</strong></span> <span class='ocrx_word' id='word_1_806' title='bbox 2717 5215 3053 5286; x_wconf 84' lang='lat' dir='ltr'><strong>impossibile</strong></span> <span class='ocrx_word' id='word_1_807' title='bbox 3099 5227 3283 5274; x_wconf 80' lang='lat' dir='ltr'><strong>autem</strong></span> <span class='ocrx_word' id='word_1_808' title='bbox 3331 5231 3455 5272; x_wconf 86' lang='lat' dir='ltr'><strong>esse</strong></span> <span class='ocrx_word' id='word_1_809' title='bbox 3483 5215 3611 5289; x_wconf 83' lang='lat' dir='ltr'><strong>quia</strong></span> <span class='ocrx_word' id='word_1_810' title='bbox 3653 5215 3708 5274; x_wconf 86' lang='lat' dir='ltr'><strong>id</strong></span> 
     </span>
    </p>
   </div>
   <div class='ocr_carea' id='block_1_109' title="bbox 2129 5301 3710 5378">
    <p class='ocr_par' dir='ltr' id='par_1_109' title="bbox 2129 5301 3710 5378">
     <span class='ocr_line' id='line_1_109' title="bbox 2129 5301 3710 5378; baseline 0.003 -20"><span class='ocrx_word' id='word_1_811' title='bbox 2129 5301 2254 5360; x_wconf 85' lang='lat' dir='ltr'><strong>Filii</strong></span> <span class='ocrx_word' id='word_1_812' title='bbox 2289 5305 2489 5362; x_wconf 88' lang='lat' dir='ltr'><strong>rationi</strong></span> <span class='ocrx_word' id='word_1_813' title='bbox 2550 5307 2850 5378; x_wconf 90' lang='lat' dir='ltr'><strong>opponitur</strong></span> <span class='ocrx_word' id='word_1_814' title='bbox 2893 5318 2950 5364; x_wconf 91' lang='lat' dir='ltr'><strong>et</strong></span> <span class='ocrx_word' id='word_1_815' title='bbox 3001 5310 3128 5378; x_wconf 87' lang='lat' dir='ltr'><strong>quia</strong></span> <span class='ocrx_word' id='word_1_816' title='bbox 3183 5325 3328 5368; x_wconf 82' lang='lat' dir='ltr'><strong>unus</strong></span> <span class='ocrx_word' id='word_1_817' title='bbox 3391 5309 3450 5366; x_wconf 87' lang='lat' dir='ltr'><strong>in</strong></span> <span class='ocrx_word' id='word_1_818' title='bbox 3503 5309 3710 5365; x_wconf 78' lang='lat' dir='ltr'><strong>divinis</strong></span> 
     </span>
    </p>
   </div>
   <div class='ocr_carea' id='block_1_110' title="bbox 439 5392 3703 5472">
    <p class='ocr_par' dir='ltr' id='par_1_110' title="bbox 439 5392 3703 5472">
     <span class='ocr_line' id='line_1_110' title="bbox 439 5392 3703 5472; baseline 0.003 -25"><span class='ocrx_word' id='word_1_819' title='bbox 439 5393 610 5472; x_wconf 83' lang='lat' dir='ltr'><strong>Filius</strong></span> <span class='ocrx_word' id='word_1_820' title='bbox 656 5403 758 5450; x_wconf 83' lang='lat' dir='ltr'><strong>est.</strong></span> <span class='ocrx_word' id='word_1_821' title='bbox 812 5392 963 5449; x_wconf 89' lang='lat' dir='ltr'><strong>llanc</strong></span> <span class='ocrx_word' id='word_1_822' title='bbox 992 5409 1124 5465; x_wconf 80' lang='lat' dir='ltr'><strong>ergo</strong></span> <span class='ocrx_word' id='word_1_823' title='bbox 1166 5408 1386 5465; x_wconf 88' lang='lat' dir='ltr'><strong>quoque</strong></span> <span class='ocrx_word' id='word_1_824' title='bbox 1436 5395 1852 5465; x_wconf 84' lang='lat' dir='ltr'><strong>responsionem</strong></span> <span class='ocrx_word' id='word_1_825' title='bbox 1922 5404 2274 5465; x_wconf 86' lang='lat' dir='ltr'><strong>contemnet,</strong></span> <span class='ocrx_word' id='word_1_826' title='bbox 2335 5399 2608 5470; x_wconf 87' lang='lat' dir='ltr'><strong>siquidem</strong></span> <span class='ocrx_word' id='word_1_827' title='bbox 2677 5401 2826 5456; x_wconf 86' lang='lat' dir='ltr'><strong>illam</strong></span> <span class='ocrx_word' id='word_1_828' title='bbox 2872 5401 3156 5472; x_wconf 73' lang='lat' dir='ltr'><strong>despectui</strong></span> <span class='ocrx_word' id='word_1_829' title='bbox 3197 5404 3358 5459; x_wconf 69' lang='lat' dir='ltr'><strong>liabet</strong></span> <span class='ocrx_word' id='word_1_830' title='bbox 3403 5404 3703 5462; x_wconf 77' lang='lat' dir='ltr'><strong>:catndctit</strong></span> 
     </span>
    </p>
   </div>
   <div class='ocr_carea' id='block_1_111' title="bbox 436 5489 3712 5571">
    <p class='ocr_par' dir='ltr' id='par_1_111' title="bbox 436 5489 3712 5571">
     <span class='ocr_line' id='line_1_111' title="bbox 436 5489 3712 5571; baseline 0.004 -27"><span class='ocrx_word' id='word_1_831' title='bbox 436 5491 584 5552; x_wconf 79' lang='lat' dir='ltr'><strong>enim</strong></span> <span class='ocrx_word' id='word_1_832' title='bbox 627 5491 792 5548; x_wconf 80' lang='lat' dir='ltr'><strong>habet</strong></span> <span class='ocrx_word' id='word_1_833' title='bbox 818 5492 946 5546; x_wconf 83' lang='lat' dir='ltr'><strong>vim.</strong></span> <span class='ocrx_word' id='word_1_834' title='bbox 983 5491 1098 5546; x_wconf 82' lang='lat' dir='ltr'><strong>Sed</strong></span> <span class='ocrx_word' id='word_1_835' title='bbox 1125 5506 1236 5546; x_wconf 85' lang='lat' dir='ltr'><strong>non</strong></span> <span class='ocrx_word' id='word_1_836' title='bbox 1264 5489 1524 5562; x_wconf 78' lang='lat' dir='ltr'><strong>gaudebit</strong></span> <span class='ocrx_word' id='word_1_837' title='bbox 1594 5492 1649 5547; x_wconf 88' lang='lat' dir='ltr'><strong>in</strong></span> <span class='ocrx_word' id='word_1_838' title='bbox 1709 5493 1827 5549; x_wconf 81' lang='lat' dir='ltr'><strong>suis</strong></span> <span class='ocrx_word' id='word_1_839' title='bbox 1895 5495 2364 5566; x_wconf 87' lang='lat' dir='ltr'><strong>accusationibus,</strong></span> <span class='ocrx_word' id='word_1_840' title='bbox 2392 5498 2637 5569; x_wconf 89' lang='lat' dir='ltr'><strong>quandiu</strong></span> <span class='ocrx_word' id='word_1_841' title='bbox 2669 5499 2774 5556; x_wconf 90' lang='lat' dir='ltr'><strong>erit</strong></span> <span class='ocrx_word' id='word_1_842' title='bbox 2817 5498 3050 5571; x_wconf 67' lang='lat' dir='ltr'><strong>ntiquis,</strong></span> <span class='ocrx_word' id='word_1_843' title='bbox 3083 5500 3180 5569; x_wconf 85' lang='lat' dir='ltr'><strong>qui</strong></span> <span class='ocrx_word' id='word_1_844' title='bbox 3233 5501 3412 5561; x_wconf 73' lang='lat' dir='ltr'><strong>valeat</strong></span> <span class='ocrx_word' id='word_1_845' title='bbox 3449 5503 3574 5556; x_wconf 84' lang='lat' dir='ltr'><strong>talia</strong></span> <span class='ocrx_word' id='word_1_846' title='bbox 3621 5517 3712 5558; x_wconf 60' lang='lat' dir='ltr'><strong>re.</strong></span> 
     </span>
    </p>
   </div>
   <div class='ocr_carea' id='block_1_112' title="bbox 437 5581 636 5640">
    <p class='ocr_par' dir='ltr' id='par_1_112' title="bbox 437 5581 636 5640">
     <span class='ocr_line' id='line_1_112' title="bbox 437 5581 636 5640; baseline 0.005 -3"><span class='ocrx_word' id='word_1_847' title='bbox 437 5581 636 5640; x_wconf 71' lang='lat' dir='ltr'><strong>tutare.</strong></span> 
     </span>
    </p>
   </div>
   <div class='ocr_carea' id='block_1_113' title="bbox 473 5731 1342 5846">
    <p class='ocr_par' dir='ltr' id='par_1_113' title="bbox 473 5731 1342 5846">
     <span class='ocr_line' id='line_1_113' title="bbox 473 5731 1342 5846; baseline 0.005 -21"><span class='ocrx_word' id='word_1_848' title='bbox 473 5731 480 5736; x_wconf 26' lang='grc' dir='ltr'><strong>Ι</strong></span> <span class='ocrx_word' id='word_1_849' title='bbox 507 5772 590 5846; x_wconf 64' lang='grc' dir='ltr'><strong>(Ι)</strong></span> <span class='ocrx_word' id='word_1_850' title='bbox 627 5772 817 5844; x_wconf 77' lang='lat' dir='ltr'><strong>Aliqua</strong></span> <span class='ocrx_word' id='word_1_851' title='bbox 850 5770 1041 5828; x_wconf 83' lang='lat' dir='ltr'><strong>deesse</strong></span> <span class='ocrx_word' id='word_1_852' title='bbox 1065 5772 1342 5829; x_wconf 85' lang='lat' dir='ltr'><strong>videntur.</strong></span> 
     </span>
    </p>
   </div>
   <div class='ocr_carea' id='block_1_114' title="bbox 681 5869 1569 5974">
    <p class='ocr_par' dir='ltr' id='par_1_114' title="bbox 681 5869 1569 5974">
     <span class='ocr_line' id='line_1_114' title="bbox 681 5869 1569 5974; baseline -0.007 -19"><span class='ocrx_word' id='word_1_853' title='bbox 681 5964 688 5974; x_wconf 54' lang='grc'><strong>,</strong></span> <span class='ocrx_word' id='word_1_854' title='bbox 777 5895 1043 5954; x_wconf 63' lang='grc' dir='ltr'><strong>Γιτιιυῐι.</strong></span> <span class='ocrx_word' id='word_1_855' title='bbox 1104 5886 1460 5952; x_wconf 54' lang='lat'><strong>03.01.“.</strong></span> <span class='ocrx_word' id='word_1_856' title='bbox 1567 5869 1569 5871; x_wconf 81' lang='grc'><em>’</em></span> 
     </span>
    </p>
   </div>
  </div>
