4132 6436
444 434 546 496 ἰῗίτ)

1831 419 2253 494 BESSARION
2268 420 2333 479 IS

3607 416 3708 480 I35

449 559 526 605 tat
585 549 639 603 in
677 563 792 618 per.
842 545 1130 600 Nam'non
1179 541 1508 612 obsequitur
1565 554 1710 595 nunc
1757 537 2020 607 Gregorio

2130 533 2224 601 τὴν
2264 532 2362 584 διὰ
2403 528 2724 599 μεταφέρει·
2755 530 2829 582 οὐ
2867 527 2975 598 γὰρ
3008 528 3315 601 Τρηγορίῳ
3375 530 3475 600 μιν
3508 533 3587 602 τῷ
3629 532 3706 604 (ί)

440 643 692 714 Nysseno
719 655 784 694 ex
822 648 1044 708 paterna
1101 633 1384 707 Irypostasi
1439 633 1710 704 Spiritum
1763 639 2014 685 sanctum

443 732 746 804 procedere
780 727 1071 788 allirmanti
1117 736 1173 780 et
1217 725 1323 779 hoc
1365 723 1542 794 ipsum
1593 735 1737 790 sche
1781 733 2015 773 numero

447 825 620 891 (velut
650 821 820 876 armis
847 816 1131 886 minitans)
1170 824 1404 886 repetet,
1442 813 1736 868 Maximum
1767 825 1900 866 vero
1919 809 2017 864 de-

441 916 642 985 spiciet
670 922 727 968 et
764 911 915 982 parvi
950 909 1134 964 faciet.
1166 906 1222 962 Si
1265 907 1411 960 enim
1451 914 1507 959 et
1537 919 1638 958 nos
1667 900 2015 973 praepositio-

442 1023 566 1062 nem
621 1022 712 1076 per
769 1005 821 1057 in
874 1018 938 1056 ea:
997 1010 1298 1058 mutamus.
1359 999 1434 1052 ita
1493 996 1750 1064 inquient
1810 993 2013 1058 Latini,

442 1097 702 1153 Palribus
754 1111 862 1149 non
911 1095 1383 1160 obtemperantes,
1419 1097 1481 1140 ut
1530 1095 1590 1139 tu
1639 1085 1802 1150 dicis,
1851 1093 1907 1138 at
1959 1091 2016 1136 tu

444 1191 669 1254 interim
727 1203 819 1257 per
865 1185 920 1240 in
972 1199 1036 1237 ex
1089 1190 1270 1236 mutas
1320 1179 1559 1233 Maximo
1589 1177 2016 1244 obtemperans;

445 1287 575 1338 dum
601 1285 718 1351 ipse
738 1289 928 1348 aperte
953 1261 1058 1332 hoc
1090 1276 1245 1337 facit,
1265 1289 1375 1328 non
1409 1273 1579 1326 audes
1609 1269 2015 1332 contradicere;

448 1388 790 1446 quarenon
827 1371 1018 1431 habes,
1068 1366 1215 1434 quod
1267 1367 1320 1420 in
1356 1365 1516 1420 nobis
1564 1362 1898 1423 dicentibus,
1949 1376 2017 1413 ex

446 1461 960 1534 Filioprocedere
1029 1459 1297 1528 Spiritum
1365 1464 1642 1518 sanctum,
1705 1453 2016 1522 vituperes,

445 1557 670 1628 quando
717 1552 1039 1626 pcr'Filium
1077 1552 1131 1606 id
1186 1551 1581 1621 intelligamus,
1635 1545 1784 1617 quod
1836 1559 2018 1613 neque

448 1651 718 1704 Maximus
776 1661 972 1700 eorum
1025 1656 1337 1713 temporum
1395 1639 1609 1695 Latinis
1662 1634 2020 1708 exprobravit

446 1744 789 1797 conﬁdenter
814 1736 1258 1792 asscverantibus
1290 1735 1361 1788 ita
1394 1749 1450 1789 se
1494 1732 1701 1788 sentire
1739 1739 1796 1785 ct
1827 1729 1902 1784 ita
1937 1727 2022 1781 di-

446 1851 595 1890 cere.
647 1832 716 1886 .Si
775 1845 906 1885 vero
952 1827 1400 1898 praepositionem
1454 1841 1546 1895 per
1597 1838 1815 1879 rursum
1852 1822 1905 1875 in
1957 1835 2022 1874 ea:

453 1927 856 1987 convertimus,
897 1932 1159 1976 .nostrum
1195 1926 1280 1974 cst
1309 1925 1568 1974 cat-terum
1604 1914 1920 1976 ostendere,
1952 1927 2020 1965 an

446 2019 553 2072 boc
600 2016 867 2070 faciamus
920 2010 1331 2066 eoncordantes
1366 2022 1492 2062 cum
1524 2005 1758 2060 veritate
1809 2011 2018 2059 etcum

445 2122 637 2165 sancto
659 2109 917 2162 Maximo
956 2120 1070 2160 nec
1119 2101 1352 2157 ne..llle
1403 2100 1590 2168 itaque
1641 2095 1899 2152 concedit
1955 2109 2022 2148 ex

445 2204 583 2259 Filio
621 2201 887 2270 Spiritum
913 2197 1043 2262 dici,
1088 2192 1482 2265 praepositione
1509 2206 1572 2244 ex
1607 2189 1729 2244 loco
1758 2185 2024 2258 praeposi-

447 2294 612 2347 tionis
660 2306 752 2360 μοι·
811 2297 1078 2357 accepta;
1141 2287 1218 2340 sic
1273 2284 1442 2346 enim,
1474 2281 1571 2342 ait,
1605 2293 1769 2334 nemo
1821 2277 2022 2332 Filium

444 2401 666 2440 causam
702 2382 1074 2452 proccssiouis
1100 2377 1345 2449 Spiritus
1377 2373 1552 2432 sancti
1583 2375 1769 2430 faciet.
1809 2373 1876 2427 Et
1898 2386 2026 2426 cau-

445 2493 560 2533 sam
612 2477 704 2531 bic
753 2476 988 2545 primam
1029 2487 1253 2528 causam
1308 2469 1590 2539 intelligit,
1631 2466 1869 2522 strictim
1927 2479 2024 2519 su-

445 2585 603 2626 mens
633 2585 698 2623 ac
724 2583 913 2639 presse
939 2579 1121 2620 causa:
1151 2577 1379 2629 nomen,
1401 2577 1508 2616 non
1529 2559 1804 2628 explicate
1834 2565 1889 2612 et
1913 2555 2023 2610 late

446 2664 505 2717 et
535 2665 588 2716 in
625 2669 892 2730 quantum
925 2657 1096 2711 habet
1126 2656 1294 2709 etiam
1320 2651 1614 2723 quamlam
1653 2647 2021 2719 signiﬁcatio-

445 2759 537 2812 nis
570 2753 1039 2809 rnodil‘tcationem
1077 2749 1419 2824 adjunctam,
1463 2760 1572 2800 non
1603 2741 1914 2799 secundum
1950 2739 2023 2794 si-

451 2847 865 2916 gnilicalionem
897 2843 1107 2912 solam;
1133 2853 1295 2894 secus
1327 2836 1475 2892 enim
1507 2833 1857 2903 impossibile
1881 2832 2024 2886 foret

450 2940 750 2994 Maximum
775 2949 904 2990 vera
932 2932 1141 2987 dicere.
1168 2929 1303 2984 Nam
1334 2926 1664 2991 concedere,
1693 2939 1792 2994 per
1820 2923 2023 2978 Filium

451 3031 760 3104 procedere
817 3025 1086 3098 Spiritum
1141 3029 1395 3077 sanetum
1456 3029 1513 3075 et
1575 3033 1774 3091 rursus
1824 3029 2025 3086 negare

455 3122 758 3179 universim
810 3116 1010 3172 Filium
1056 3128 1178 3168 esse
1229 3125 1450 3166 causam
1497 3108 1762 3178 Spiritus,
1803 3105 1858 3160 id
1903 3106 2026 3176 ejus

452 3217 619 3279 foret,
659 3215 766 3284 ,qui
814 3211 899 3266 vel
951 3209 1236 3278 se._ipsum
1277 3205 1578 3274 ignoraret.
1625 3201 1818 3271 Neque
1871 3200 2023 3252 enim

456 3312 592 3364 alias
625 3308 737 3361 viri.
761 3306 930 3360 istius
953 3298 1450 3358 transmutationes
1489 3294 1807 3350 Graecorum
1840 3292 2030 3362 lingua

454 3404 742 3474 cognoscit
793 3415 856 3455 ac
891 3409 1182 3469 praetorea
1205 3407 1436 3464 prorsus
1469 3404 1498 3442 a
1539 3389 1752 3443 ratione
1782 3387 2028 3441 alienum

455 3498 619 3559 lmet,
655 3492 700 3548 si
744 3491 872 3566 quis
909 3491 1032 3544 loco
1064 3483 1471 3557 praepositionis
1500 3497 1595 3552 per
1629 3488 1861 3551 poneret
1888 3492 2031 3548 prae-

457 3587 787 3659 positionem
826 3598 970 3637 cum.
1004 3578 1139 3634 Hoc
1190 3577 1340 3632 enim
1373 3583 1533 3646 pacto
1563 3583 1620 3630 et
1669 3572 1842 3628 Filius
1881 3578 2033 3625 esset

458 3679 769 3749 procedens
808 3689 933 3730 cum
979 3672 1191 3744 Spiritu
1241 3669 1328 3724 vel
1366 3667 1608 3738 Spiritus
1653 3666 1871 3738 genitus
1903 3679 2032 3719 cum

459 3772 621 3836 Filio,
675 3769 894 3838 siquis
946 3765 1180 3827 diceret,
1230 3759 1500 3831 Spiritum
1547 3758 1851 3830 procedere
1905 3772 2033 3813 cum

431 3862 625 3928 Filio,
671 3859 857 3914 ut~.vir
911 3856 1017 3911 iste
1065 3852 1281 3909 statuit.
1348 3849 1422 3906 De
1482 3849 1686 3921 quibus
1717 3849 2036 3905 accuratius

462 3955 699 4010 disserui
745 3952 799 4006 in
833 3951 1074 4019 iisque
1117 3945 1318 4014 scripsi
1370 3944 1426 3999 in
1466 3945 1607 3998 banc
1633 3941 2034 4006 quaestionem.

462 4047 618 4115 Quod
650 4058 783 4101 vero
848 4041 1012 4097 talem
1064 4041 1300 4107 scopum
1331 4035 1511 4089 babet’
1562 4033 1832 4088 Maximus
1866 4032 2038 4102 quod-

457 4149 574 4212 ‘que
605 4154 635 4192 a
678 4149 842 4191 causa
877 4134 966 4188 .ita
1007 4129 1288 4186 intellecta
1318 4127 1570 4182 excludat
1603 4122 1829 4190 Filium,
1861 4124 2038 4192 liquet

462 4249 532 4290 co
574 4232 724 4302 quod
775 4242 887 4282 non
934 4224 1072 4278 dixit
1117 4237 1339 4276 causam
1384 4219 1635 4287 Spiritus,
1686 4216 1783 4272 sed
1818 4231 2038 4269 causam

464 4319 810 4395 processionis
853 4315 1083 4385 Spiritus
1126 4312 1318 4366 sancti.
1355 4307 1451 4363 Est
1485 4309 1654 4375 enim,
1711 4306 2039 4378 inquit,-Fi-

463 4417 574 4470 lius
601 4427 772 4468 causa
798 4409 1040 4481 Spiritus
1072 4417 1289 4480 utpote
1315 4423 1412 4478 per
1443 4421 1568 4462 eum
1616 4403 1947 4477 prodeuntis
1983 4412 2042 4458 ct

465 4509 624 4562 aliter
660 4520 748 4559 res
796 4502 1110 4557 seuhabere
1139 4501 1350 4572 nequit,
1391 4498 1487 4555 sed
1525 4512 1693 4555 causa
1728 4498 2059 4574 processio:

402 4663 406 4670 δ
465 4601 553 4652 nis
608 4597 844 4668 Spiritus
895 4595 1358 4665 sancti,prorsus
1403 4608 1512 4647 non
1570 4601 1681 4648 est.
1730 4591 1866 4646 Nam
1920 4599 2035 4645 tum

415 4723 434 4739 δ

428 4690 615 4759 εηιιοι]
670 4702 768 4758 per
802 4688 1260 4757 ipsumsanctus
1304 4693 1556 4755 procedit
1602 4683 1866 4753 Spiritus,
1923 4693 2040 4738 tum

425 4777 617 4852 ﬂiquod
667 4779 893 4833 omnino
935 4776 1210 4848 procedit,
1261 4777 1554 4846 utriusque
1606 4776 1685 4831 rei
1735 4790 1904 4831 causa
1958 4782 2045 4830 est

473 4871 624 4926 solus
652 4869 835 4936 Pater,
869 4871 962 4939 qui
1008 4867 1219 4924 etFilii
1268 4876 1324 4923 et
1381 4867 1624 4938 Spiritus
1658 4866 1837 4922 sancti
1875 4880 2039 4921 causa

473 4873 624 4926 solus
652 4873 835 4936 Pater,
869 4873 962 4939 qui
1008 4873 1219 4924 etFilii
1268 4876 1324 4923 et
1381 4873 1624 4938 Spiritus
1658 4873 1837 4922 sancti
1875 4880 2039 4921 causa

437 4873 556 5088 ἔδει
583 4973 747 5032 atque
778 4976 968 5015 eorum
1005 4961 1278 5027 omnium,
1312 4974 1434 5029 qua:
1463 4957 1550 5014 bis
1580 4959 1810 5025 insunt;
1855 4972 2048 5026 qnam-

474 5058 665 5088 “hrnln
710 5061 761 5088 nl
820 5051 1041 5088 nrnnrin
1082 5065 1243 5088 parum
1282 5049 1488 5088 (linitur
1521 5057 1570 5088 nl
1612 5049 1777 5088 mnrln
1810 5049 2042 5088 rnmnli.

474 5058 665 5108 obrcm
710 5061 767 5107 et
819 5051 1041 5121 proprie
1082 5065 1246 5105 causa
1281 5049 1488 5104 dicitur
1521 5057 1576 5104 et
1611 5049 1777 5104 modo
1810 5049 2042 5117 compli-

472 5156 595 5200 cato
638 5161 700 5199 ac
752 5159 964 5214 presso.
1015 5143 1071 5198 Si
1105 5143 1271 5215 igitur
1304 5158 1429 5198 cum
1481 5143 1557 5197 ita
1608 5141 1874 5196 Maximus
1928 5157 2043 5195 rem

475 5240 774 5309 concipiat,
804 5246 858 5292 ct
880 5252 982 5293 nos
1019 5236 1327 5300 ita,:Latini
1359 5235 1791 5299 dicent,dictum
1827 5250 1921 5304 per
1954 5233 2044 5288 Fi-

477 5330 605 5384 lium
632 5343 735 5398 pro
769 5327 918 5381 dicto
947 5341 1011 5379 ex
1036 5324 1173 5378 Filio
1200 5325 1528 5396 accipimus,
1553 5339 1664 5377 non
1688 5338 1878 5393 presse
1907 5339 2049 5394 pree-

551 5513 760 5597 (l)"l‘cii
789 5513 940 5569 deest
961 5512 1014 5567 in
1046 5511 1305 5580 Mon._27,
1343 5510 1384 5565 Γ.
1412 5509 1508 5563 221
1546 5509 1645 5575 1).,-
1679 5508 1846 5565 habet
1875 5509 2043 5566 Marc.

477 5587 517 5640 ᾖ
551 5587 803 5722 muli...
848 5654 939 5718 27,
981 5655 1234 5708 ὲπισιών.
1293 5654 1462 5711 Recte
1511 5654 1702 5719 Mare,
1766 5660 1825 5706 ut
1857 5667 2045 5724 supra.

478 5726 729 5783 Fortasse
761 5730 1049 5794 legendum
1089 5726 1375 5778 ἐπεισιὼν.

553 5797 626 5864 (3)
665 5796 930 5867 Μυιι-ηῒῖ,
965 5798 1284 5867 μεταφέρει.
1323 5795 1491 5850 Recte
1523 5795 1688 5854 Marc.

553 5863 629 5935 t4)
671 5863 747 5919 Ex
783 5864 941 5920 Marc.
970 5863 1018 5919 l.
1068 5863 1194 5936 172,
1231 5869 1280 5921 b.
1333 5872 1496 5926 verba
1541 5865 1912 5938 λαμϐ-ἒξηπλ.
1949 5866 2044 5924 ad-

2124 625 2351 695 Νύσσης
2419 624 2750 695 πειθήσεται
2827 624 3062 694 λέγοντι,
3129 625 3195 678 ἐκ
3269 624 3373 694 τῆς
3431 626 3708 695 πατρικῆς

2100 717 2526 786 ’ἐκπορεύεσθαι
2565 717 2626 769 τὸ
2653 715 2878 786 Πνεῦμα
2920 718 2983 770 τὸ
3014 717 3171 785 ἅγιον
3201 716 3580 780 ὑποστάσεως,
3612 715 3711 767 καὶ

2120 810 2267 862 τοῦτ’
2295 810 2431 864 αὐτὸ
2470 810 2738 874 πολλάκις
2779 809 2972 881 ὥσπερ
2999 810 3284 884 ’ἐπισείων
3321 810 3398 879 (2)
3437 810 3576 880 ἐρεῖ,
3612 809 3712 862 καὶ

2119 901 2376 971 Μάξιμον
2415 901 2472 954 δὲ
2517 901 2784 969 ἀτιμάσει
2823 901 2919 954 καὶ
2971 899 3322 972 περιόψεται.
3364 899 3427 952 ΕΞ
3461 898 3573 969 γάρ
3613 898 3712 950 καὶ

2120 995 2283 1063 ἡμεῖς
2328 993 2426 1063 τὴν
2462 992 2562 1048 διὰ
2603 995 2684 1057 είς
2732 993 2833 1065 τὴν
2879 994 2949 1048 ἐκ
2998 993 3408 1063 μεταφέρομεν,
3443 992 3709 1062 φήσουσι,

2120 1089 2234 1149 τοῖς
2285 1087 2565 1156 Πατράσιν
2605 1087 2989 1154 ἀπειθοῦντες,
3021 1085 3098 1149 ώς
3148 1087 3354 1155 λέγεις,
3386 1084 3526 1137 ἀλλὰ
3569 1083 3713 1144 τέως

2123 1185 2186 1237 σὺ
2223 1183 2322 1252 μὲν
2356 1183 2454 1253 τὴν
2507 1183 2606 1237 διὰ
2639 1187 2718 1246 εἰς
2758 1183 2858 1254 τὴν
2889 1185 2957 1237 ἐκ
2996 1183 3330 1253 μεταφέρεις
3366 1181 3443 1253 (3)
3475 1180 3554 1250 τῷ
3587 1182 3712 1235 Μα-

2125 1273 2267 1346 ξίμῳ
2299 1277 2656 1347 πειθόμενος·
2683 1279 2897 1332 ἐκείνου
2931 1277 3185 1348 φανερῶς
3208 1275 3367 1329 τοῦτο
3398 1276 3710 1341 ποιοῦντος,

2123 1369 2285 1430 αὐτὸς
2345 1369 2406 1422 οὐ
2461 1369 2683 1440 τολμῶν
2740 1370 3046 1437 ἀντιλέγειν
3076 1386 3088 1401 ·
3123 1368 3260 1422 ὥστ’
3313 1371 3414 1421 οὐκ
3464 1369 3531 1422 ἂν
3562 1368 3714 1437 έχοις

2121 1461 2370 1528 ἐγκαλεῖν
2401 1463 2536 1532 ἡμῖν
2580 1464 2646 1516 ἐκ
2691 1462 2784 1515 τοῦ
2815 1461 2946 1516 Υίοῦ
2998 1462 3252 1530 λέγουσιν
3308 1460 3710 1525 ἐκπορεύεσθαι

2121 1551 2182 1604 τὸ
2215 1552 2457 1621 έΠνεῦμα
2504 1553 2566 1606 τὸ
2599 1553 2778 1622 ἅγιον,
2808 1554 2904 1608 ἐάν
2954 1554 3043 1608 διὰ
3082 1554 3177 1608 τοῦ
3211 1551 3348 1606 Υἱοῦ
3381 1552 3541 1604 τοῦτο
3569 1553 3714 1604 νοῶο
3795 1602 3802 1607 .

2125 1659 2247 1711 μεν,
2276 1644 2414 1715 ὅπερ
2464 1646 2586 1698 οὐδὲ
2640 1645 2890 1715 Μάξιμος
2922 1649 3033 1710 τοῖς
3083 1645 3206 1699 τότε
3259 1643 3512 1705 Λατίνοις
3568 1642 3713 1695 οὕτω

2125 1741 2346 1804 φρονεῖν
2379 1737 2648 1793 καὶοῦτω
2694 1739 3354 1812 λέγειν’ίσχυριζομένοις
3403 1740 3704 1808 ἐμέμψατο.

2058 1874 2097 1928 Β
2127 1829 2188 1882 Εἰ
2227 1829 2405 1900 δὲτὴν
2443 1830 2542 1885 διὰ
2575 1833 2741 1886 πάλιν
2769 1835 2851 1898 εἰς
2877 1835 2981 1903 τὴν
3021 1835 3093 1888 ἐκ
3123 1835 3532 1905 μεταφέρομεν,
3566 1833 3711 1903 ὴμέ-

2125 1921 2287 1990 τερόν
2336 1923 2454 1976 ἐστι
2514 1925 2794 1979 δεικνύναι
2856 1926 3070 1992 λοιπον,
3126 1927 3183 1979 ἐί
3246 1929 3313 1997 τῇ
3366 1938 3427 1979 τε
3483 1926 3712 1996 ἀληθεία

2130 2012 2442 2082 συμφώνως
2479 2016 2572 2069 καί
2613 2016 2792 2088 τούτῳ
2833 2019 2899 2090 δὴ
2932 2018 3010 2088 τῷ
3041 2019 3307 2088 Μαξίμῳ,
3354 2019 3466 2071 εἴτε
3509 2018 3606 2071 καὶ
3637 2017 3712 2088 μὴ

2126 2105 2285 2159 τοῦτο
2326 2107 2612 2177 ποιοῦμεν.
2658 2109 2896 2173 Ἐκεῖνος
2948 2111 3134 2163 τοίνυν
3192 2112 3258 2164 ἐκ
3312 2109 3408 2163 τοῦ
3463 2110 3595 2162 Υἰοῦ
3653 2110 3712 2161 τδ

2128 2200 2354 2271 Πνεῦμα
2403 2199 2664 2269 λέγεσθαι
2717 2205 3018 2273 συγχωρεῖ,
3051 2202 3151 2272 τῆς
3202 2201 3272 2256 ἐκ
3315 2202 3440 2256 ἀντὶ
3488 2202 3588 2269 τῆς
3617 2198 3714 2253 διὰ

2128 2291 2443 2362 προθέσεως
2495 2293 2833 2364 νοουμένης·
2874 2293 3019 2347 οὕτω
3078 2294 3211 2364 γὰρ,
3254 2296 3444 2362 φησὶν,
3495 2294 3596 2345 οὐκ
3645 2293 3712 2348 ἄν

2127 2401 2212 2445 τις
2248 2385 2449 2453 ποιοίη
2485 2385 2579 2461 τὸν
2610 2383 2740 2439 Υἰὸν
2786 2385 2967 2439 αἰτίαν
3002 2386 3103 2456 τῆς
3125 2387 3218 2439 τοῦ
3256 2387 3416 2454 ἁγίου
3451 2385 3714 2456 ’Πνεύμιο

2126 2495 2217 2539 τος
2246 2476 2655 2548 ἐκπορεύσεως.
2693 2477 2807 2530 Καὶ
2849 2477 3032 2531 αἰτίαν
3078 2477 3314 2531 ἐνταῦθα
3353 2478 3453 2549 τὴν
3485 2479 3710 2549 πρώτην

2128 2569 2310 2622 αἰτίαν
2352 2567 2522 2638 δηλοῖ,
2556 2567 3010 2637 συνεσταλμένως
3061 2567 3360 2638 λαμϐάνων
3407 2568 3469 2621 τὺ
3503 2570 3604 2638 τῆς
3629 2571 3713 2623 αἰ-

2127 2661 2249 2722 τίας
2276 2661 2470 2730 ὕνομα,
2500 2660 2600 2713 οὐκ
2633 2657 3038 2731 ἐξηπλωμένως
3069 2658 3145 2730 (4)
3179 2661 3274 2715 καὶ
3317 2660 3552 2716 καθόσον
3597 2663 3712 2734 ἔχει
3773 2658 3798 2696 -’

2129 2754 2222 2807 καί
2250 2771 2373 2807 τινα
2399 2754 2603 2824 τρόπον
2649 2751 2933 2823 σημασίας
2961 2751 3401 2823 συνεζευγμένον
3423 2769 3437 2784 ·
3477 2756 3541 2808 οὐ
3573 2757 3715 2811 κατᾶ

2133 2848 2302 2917 μόνην
2339 2847 2442 2916 τὴν
2490 2845 2770 2917 σημασίαν
2821 2845 3021 2910 (ἄλλως
3065 2843 3179 2916 γάρ
3225 2847 3493 2902 ἀδύνατον
3543 2849 3611 2904 ἂν
3645 2843 3716 2921 ἦν

2127 2936 2220 2988 τὸν
2274 2934 2534 3004 Μάξιμον
2587 2934 2943 3006 άληθεύειν)’
3005 2936 3068 2989 τὸ
3124 2937 3233 3007 γὰρ
3293 2938 3380 2992 διά
3433 2938 3528 2992 τοῦ
3583 2938 3714 2992 Υἰοῦ

2129 3027 2532 3098 ἐκπορεύεσθαι
2597 3027 2660 3080 τὸ
2719 3027 2949 3098 Πνεῦμα
3011 3031 3323 3099 συγχωρεῖν
3386 3031 3483 3083 aut
3548 3031 3714 3084 πάλιν

2130 3119 2419 3190 ἀρνεῖσθαι
2443 3117 2676 3174 καθόλου
2711 3118 2802 3174 τὸν
2831 3119 2960 3175 Υἰδν
2990 3119 3174 3175 αἰτίαν
3221 3117 3362 3174 εἶναι
3403 3121 3498 3176 τοῦ
3545 3123 3716 3174 Πνεῦ-

2054 3223 2095 3282 c
2135 3230 2326 3285 ματος,
2356 3214 2452 3267 καὶ
2501 3212 2694 3266 ἑαυτὸν
2731 3213 3055 3283 ἀγνοοῦντος
3097 3215 3163 3269 ἂν
3205 3209 3295 3286 ἦν.
3328 3216 3403 3270 Οὐ
3442 3215 3553 3287 γὰρ
3593 3219 3715 3272 ἐπι-

2133 3305 2392 3374 γινώσκει
2433 3305 2532 3371 τάς
2558 3306 2729 3372 ἄλλας
2758 3304 2855 3360 τοῦ
2885 3307 3082 3379 ἀνδρὸς
3126 3308 3324 3363 τούτου
3375 3311 3716 3384 μεταλήψεις

2135 3398 2311 3470 ἡτῶν
2359 3399 2631 3470 Ἐλλήνων
2684 3399 2860 3472 φωνὴ,
2915 3399 3054 3470 πρὸς
3091 3401 3170 3472 τῷ
3222 3402 3320 3458 καὶ
3365 3404 3718 3462 παντάπασιν

2134 3490 2344 3578 ἄλογον
2372 3485 2539 3558 εἶναι,
2568 3491 2623 3545 εί
2644 3509 2730 3558 τις
2765 3492 2847 3558 τίς
2888 3491 3000 3564 ’τὴν
3021 3495 3176 3564 μετὰ
3214 3497 3313 3568 τὴν
3343 3496 3442 3553 διὰ
3479 3500 3719 3570 μεταλάο

2136 3584 2221 3639 ϐοι
2257 3583 2358 3656 (5).
2379 3586 2572 3641 Ἔσται
2607 3586 2714 3658 γὰρ
2749 3585 2846 3640 καὶ
2881 3585 2910 3640 ὁ
2943 3586 3075 3651 Υἱὸς
3108 3589 3554 3662 ἐκπορευόμενος
3579 3593 3721 3664 μετᾶ

2135 3679 2231 3733 τοῦ
2262 3679 2604 3750 Πνεύματος,
2633 3679 2667 3751 ἢ
2703 3681 2884 3735 καὶτὸ
2924 3681 3153 3752 Πνεῦμα
3195 3683 3543 3754 γεννώμενον
3573 3685 3718 3754 μετὰ

2137 3771 2230 3825 τοῦ
2286 3772 2444 3837 Υίοῦ,
2483 3774 2540 3826 εί
2585 3789 2668 3838 τις
2713 3772 2882 3844 λέγοι,
2911 3774 2984 3829 δτὸ
3035 3774 3260 3846 Πνεῦμα
3313 3777 3718 3848 ἐκπορεύεσθαι

2141 3863 2281 3935 μετὰ
2323 3864 2418 3918 τοῦ
2450 3863 2607 3934 Υἰοῦ,
2639 3865 2714 3930 ὡς
2753 3867 2782 3921 ὁ
2829 3865 2970 3940 ἀνὴρ
3010 3868 3346 3942 ἀξιοῖ.⁴Περί
3375 3866 3452 3926 ὧν
3485 3872 3721 3944 ἀκριϐέ-

2140 3970 2332 4026 στερον
2361 3957 2420 4008 ἐν
2451 3959 2564 4022 τοῖς
2592 3958 2673 4021 εἰς
2705 3958 2768 4012 τδ
2809 3957 3035 4031 ζήτημα
3069 3965 3596 4036 συγγεγραμμένοις
3627 3984 3722 4036 μοι

2139 4048 2658 4119 πεπραγμάτευται.
2687 4050 2810 4104 Ὅτι
2843 4050 2902 4105 δὲ
2949 4051 3143 4107 τοῦτον
3163 4054 3288 4125 ἔχει
3319 4056 3408 4110 τδν
3458 4058 3663 4112 σκοπὸν
3694 4060 3724 4112 ό

2139 4139 2412 4211 Μάξιμος,
2442 4141 2536 4196 καί
2567 4143 2651 4196 ὅτι
2703 4145 2802 4214 τῆς
2830 4145 3092 4216 τοιαύτης
3119 4148 3304 4212 αἰτίας
3347 4149 3602 4206 ἐκϐάλλει
3632 4152 3727 4205 τὸν
3753 4153 3756 4156 ’

2141 4231 2296 4298 Υἱὸν,
2329 4232 2490 4304 δῆλον
2539 4233 2601 4298 ἐξ
2637 4227 2713 4289 ὧν
2744 4235 2844 4289 οὐκ
2882 4231 3036 4292 εἶπεν
3066 4240 3269 4294 αἰτίαν
3317 4241 3426 4296 τοῦ
3459 4244 3726 4314 Πνεῦμα-

2140 4340 2266 4391 τος,
2300 4323 2415 4379 ἀλλ’
2451 4325 2796 4396 αἰτίανπτῆς
2823 4322 2930 4383 τοῦ
2958 4329 3134 4398 ἁγίου
3162 4333 3512 4401 Πνεύματος
3541 4335 3726 4390 ἐλιπο-

2138 4418 2425 4486 ρεύσεως.
2471 4418 2629 4472 Ἔστι
2664 4419 2766 4489 μὲν
2809 4421 2944 4493 γάρ,
2984 4424 3173 4494 φησὶν,
3205 4426 3232 4478 ό
3279 4425 3410 4489 Υἱὸς
3443 4428 3595 4482 αἰτία
3627 4431 3725 4483 τοῦ

2144 4509 2462 4578 Πνεῦματος
2493 4509 2569 4574 ώς
2599 4510 2669 4565 δι’
2700 4511 2867 4567 αὐτοῦ
2900 4517 3204 4585 προϊόντος,
3248 4519 3344 4571 καί
3373 4519 3550 4585 ἄλλως
3579 4521 3729 4592 ἔχειν

2147 4601 2431 4669 ἀδύνατον,
2471 4602 2588 4656 ἀλλ’
2633 4603 2783 4658 αἰτία
2813 4605 2914 4676 τῆς
2950 4606 3044 4660 τοῦ
3095 4608 3416 4677 Πνεῦματος
3459 4613 3726 4681 ἐκπορεύ-

2150 4708 2284 4757 σεως
2315 4693 2451 4758 ὅλως
2484 4695 2584 4750 οὐκ
2617 4695 2734 4750 ἐστι
2765 4696 2844 4768 (6)
2870 4713 2884 4726 '
2919 4695 3015 4751 τοῦ
3045 4699 3154 4771 γὰρ
3185 4701 3254 4754 δι’
3284 4703 3450 4756 αὐτοῦ
3479 4705 3539 4756 τὸ
3563 4707 3724 4773 ἅγιον

2147 4783 2545 4856 ἐκπορεύεσθαι
2584 4789 2810 4858 Πνεῦμα
2841 4790 2938 4844 καὶ
2982 4789 3079 4843 τοῦ
3139 4791 3277 4856 ὅλως
3323 4795 3727 4866 ἐκπορεύεσθαι

2146 4875 2300 4929 αἰτία
2349 4877 2512 4948 μόνος
2535 4879 2683 4934 ἐστὶν
2709 4881 2738 4934 ὁ
2771 4881 2978 4951 Πατὴρ,
3013 4883 3072 4947 ὃς
3117 4885 3212 4936 καὶ
3239 4884 3370 4938 Υίοῦ
3425 4888 3520 4939 καί
3555 4888 3728 4941 Πνεῦ-

2151 4967 2320 5036 ματός
2353 4969 2501 5024 ἐστιν
2535 4971 2685 5024 αίτία
2713 4972 2940 5026 καὶτῶν
2976 4973 3337 5044 ὑπαρχόντων
3374 4978 3558 5040 αὐτοῖς
3591 4995 3730 5030 παν-

2148 5075 2274 5122 των,
2309 5059 2426 5114 ἀνθ’
2472 5062 2596 5115 ὅτου
2645 5063 2710 5133 δὴ
2745 5064 2842 5118 καί
2887 5066 3092 5136 κυρίως
3146 5069 3298 5121 αίτία
3358 5069 3582 5138 λέγεται
3632 5074 3729 5126 καί

2149 5151 2339 5222 τρόπῳ
2388 5155 2822 5226 συνεσταλμένῳ.
2863 5157 2925 5211 Εἰ
2956 5157 3086 5226 γοῦν
3139 5158 3284 5213 οὕτω
3335 5163 3432 5215 τοῦ
3465 5163 3728 5233 Μαξίμου

2149 5242 2400 5306 νοοῦντος
2451 5247 2542 5298 καὶ
2594 5249 2778 5318 ἡμεῖς,
2817 5250 3088 5320 φήσουσιν
3127 5253 3178 5306 οἰ
3232 5255 3482 5320 Λατῖνοι,
3529 5255 3591 5309 τὸ
3626 5255 3729 5312 διὰ

2151 5332 2258 5387 τοῦ
2289 5334 2423 5389 Υίοῦ
2475 5336 2598 5390 ἀντί
2655 5337 2750 5391 τοῦ
2795 5339 2868 5394 ἐκ
2922 5340 3029 5396 τοῦ
3080 5343 3222 5398 Υἰοῦ
3264 5345 3639 5416 λαμϐάνομεν,
3667 5346 3729 5398 οὐ

2155 5518 2458 5597 dita._Qu:_e
2508 5521 2677 5597 habet
2716 5539 2938 5597 quoque
2985 5525 3237 5592 Allatius,
3293 5529 3387 5597 qui
3434 5530 3490 5585 in
3529 5529 3728 5584 Exerc.

2155 5592 2279 5676 adv.
2312 5590 2949 5674 lt.’Creygbton.'Roinzn
2984 5590 3376 5676 lti65,p.ll:2_l,
3410 5601 3532 5676 114,
3567 5599 3729 5656 verba

2154 5663 2299 5746 οὓτω
2322 5663 2430 5746 γάρ
2459 5679 2628 5746 φησιν
2653 5663 3243 5746 -οπεξιραγμάτευται
3274 5663 3552 5742 allegavit.

2228 5733 2304 5800 (ὅ)
2335 5733 2497 5802 sliat.
2527 5751 2542 5788 :
2570 5733 2925 5802 μεταϐάλλοι.

2228 5803 2303 5873 t6)
2339 5800 2546 5857 Monac.
2573 5800 2688 5857 ὀὐδ’
2726 5805 2857 5870 ὅλως
2886 5807 3023 5862 ἐστί.
