4132 6404
497 351 599 415 ιιι

1870 336 2373 418 ΒΕΞΞΜΠΟΝίΞ

3634 355 3739 424 ibi

495 472 705 519 natura:
754 463 1038 534 proprium
1068 474 1154 520 est-
1200 462 1549 535 produccre;
1589 482 1753 525 secus
1801 468 1944 523 enim
2003 475 2053 521 et

2171 468 2396 536 φύσεως.
2437 468 2499 523 ΕΞ
2551 468 2615 523 δέῖ
2653 469 2718 522 ἐκ
2760 467 2862 539 τῆς
2898 468 3275 541 προϐλητικῆς
3303 470 3605 544 δυνάμεως,
3634 472 3735 544 (qr

496 555 740 625 Spiritus
796 558 1121 627 procederet
1173 559 1408 614 alterunt
1461 561 1545 615 vel
1608 561 1870 632 scipsum,
1931 575 2063 617 cum

503 648 749 717 ejusdem
778 650 936 718 plane
967 661 1179 706 naturai
1214 654 1284 707 sit
1326 656 1621 724 particeps.
1654 654 1709 710 Si
1742 655 1957 709 tandem
1992 670 2059 709 ex

496 741 548 793 vi
580 742 893 811 spiratrice,
929 742 1375 813 disquircudum,
1420 763 1671 817 quamam
1715 748 1785 802 sit
1831 746 1947 802 haec
1977 745 2061 800 vis

498 833 779 901 spiratrix,
830 843 883 888 et
935 851 1002 889 an
1034 834 1248 891 diversa
1293 838 1366 892 sit
1412 854 1440 891 a
1485 847 1706 903 natura,
1754 854 1820 892 an
1866 837 2058 892 eadem

499 941 620 977 rum
655 925 791 994 ipsa.
837 924 893 981 Si
947 927 1117 1000 igitur
1149 928 1343 983 eadem
1397 931 1511 996 ipsa
1560 940 1779 995 natura,
1826 930 2063 986 redeunt

491 1016 686 1071 eadem
742 1029 1066 1088 argumenta
1117 1021 1305 1074 eadem
1354 1021 1594 1077 absurda
1638 1022 1964 1087 inferentia;
2014 1023 2059 1077 si

491 1124 626 1162 vero
672 1109 779 1163 alia
830 1126 859 1164 a
912 1120 1132 1175 natura,
1165 1113 1274 1182 jam
1326 1129 1653 1169 concessum
1703 1124 1789 1170 est
1836 1114 1904 1169 ab
1953 1113 2061 1169 illis

491 1199 640 1255 aliud
674 1201 802 1270 quid
854 1203 1031 1257 inesse
1075 1205 1183 1259 Deo
1216 1213 1413 1273 prmter
1461 1205 1632 1274 ipsius
1676 1216 1927 1261 naturam
1962 1224 2058 1261 seu

492 1292 564 1346 ab
593 1293 712 1363 ejus
743 1303 937 1348 natura
965 1294 1270 1359 diversum,
1304 1297 1452 1367 quod
1484 1298 1537 1352 iu
1578 1299 1700 1355 aliis
1723 1301 2063 1355 tractationi-

494 1383 600 1438 hus
640 1385 794 1439 nullo
849 1388 1078 1442 omnino
1134 1401 1296 1460 pacto
1342 1392 1661 1456 admittunt,
1718 1394 1825 1446 imo
1879 1394 2062 1461 potius

493 1473 712 1543 linguas
747 1475 856 1532 sibi
886 1479 1131 1533 exscindi
1164 1496 1327 1551 quam
1361 1481 1470 1536 hoc
1500 1481 1791 1537 admittere
1824 1483 2059 1545 malunt;

492 1564 695 1621 deinde
744 1570 1023 1638 quomodo
1068 1587 1180 1626 non
1226 1572 1533 1628 absurdum
1572 1585 1687 1639 est,
1724 1574 1871 1630 aliud
1926 1573 2061 1645 quid

493 1667 693 1727 prater
728 1659 972 1715 divinam
1009 1673 1261 1717 naturam
1314 1665 1674 1735 perfectilvum
1714 1675 1775 1722 et
1818 1666 2062 1737 comple-

495 1750 670 1803 tivum
698 1765 819 1806 esse
855 1751 1059 1809 divina:
1102 1762 1313 1810 natura
1354 1756 1438 1810 vel
1472 1757 1765 1826 personae?
1802 1758 2058 1812 Attamen

495 1856 566 1894 ne
616 1840 697 1896 sic
750 1843 973 1912 quidem
1022 1847 1132 1899 duo
1191 1846 1460 1917 principia
1515 1847 1797 1919 etlugient.
1862 1848 2061 1904 Verum

492 1931 779 1987 enimvero
829 1934 882 1989 id
925 1936 1068 2005 quod
1104 1953 1173 1992 ex-
1200 1949 1351 2007 patre
1384 1948 1441 1995 et
1481 1948 1657 1993 matre
1698 1939 1965 2010 gignitur,
1993 1955 2060 1995 ex

492 2026 813 2094 generativa
858 2042 1049 2082 eorum
1091 2029 1361 2087 facultate
1379 2032 1563 2102 prodit
1588 2032 1674 2087 vel
1706 2048 1805 2102 per.
1834 2048 2064 2103 genera-

497 2115 661 2169 tivam
703 2116 1044 2184 facultatem,
1077 2136 1200 2190 qum
1244 2129 1331 2177 est
1378 2123 1512 2193 ipsis
1556 2125 1888 2190 communis,
1932 2124 2064 2179 licet

495 2207 677 2262 modis
722 2209 970 2275 differat;
1004 2212 1179 2267 nihil'o
1220 2224 1400 2268 tamen
1429 2213 1609 2269 secius
1638 2228 1703 2269 ex
1732 2214 1949 2270 duabus
1979 2224 2065 2270 est

493 2296 883 2368 hypostasibus
913 2314 966 2358 ct
1000 2303 1111 2359 duo
1146 2305 1312 2360 habet
1343 2307 1718 2378 generationis
1766 2307 2062 2378 principia.

490 2394 549 2447 ld
598 2410 757 2450 nemo
792 2396 1074 2464 profectus
1123 2415 1352 2470 prorsus
1409 2417 1611 2471 negare
1655 2418 1839 2457 ausus
1869 2400 2062 2455 fuerit.

491 2490 649 2548 Unde
681 2503 737 2549 et
768 2493 1018 2565 Spiritus
1041 2509 1289 2564 sanctus,
1319 2498 1767 2569 quandoquidem
1807 2514 1873 2553 ex
1902 2498 2065 2554 Patre

497 2593 554 2637 et
593 2585 729 2640 Filio
763 2602 861 2657 per
893 2588 1275 2657 prod'uctivam
1308 2606 1404 2644 seu
1441 2590 1764 2661 spirativam
1800 2591 2062 2645 virtutem

498 2680 871 2748 pregreditur,
911 2681 1021 2735 duo
1052 2681 1323 2752 principia
1357 2697 1469 2737 suae
1518 2676 1855 2738 exsistcntire
1897 2682 2068 2738 habe-

492 2771 596 2824 bit.
632 2770 702 2825 At
744 2787 831 2825 res
857 2784 1081 2837 creatae,
1131 2773 1410 2842 inquiunt,
1457 2790 1525 2828 ex
1554 2773 1715 2830 Patre
1744 2784 1800 2829 et
1844 2773 1983 2828 Filio
2012 2782 2066 2828 et

493 2862 702 2932 Spiritu
742 2876 936 2919 sancto
969 2866 1301 2920 exsistentes
1333 2882 1428 2936 per
1459 2866 1782 2921 creatricem
1820 2869 2065 2937 ipsorum

493 2957 757 3010 virtutem
802 2972 868 3011 ex
912 2973 1019 3011 uno
1065 2958 1176 3013 Deo
1210 2966 1266 3013 et
1296 2958 1585 3015 conditore
1631 2967 1760 3014 sunt
1800 2969 1854 3015 et
1894 2974 2063 3013 unmn

494 3048 704 3102 habent
754 3050 1087 3120 principium
1131 3052 1345 3106 Patrem
1386 3060 1443 3105 et
1476 3050 1673 3105 Filium
1700 3062 1758 3108 et
1796 3053 2064 3122 Spiritum

495 3155 783 3209 sanctum;
833 3142 965 3213 quid
999 3156 1131 3212 ergo
1168 3141 1450 3211 prohibet,
1484 3143 1862 3213 quominuset
1890 3142 2064 3214 Spiri-

498 3249 587 3293 tus
612 3246 835 3293 sanctus
863 3252 930 3291 ex
958 3237 1122 3292 Patre
1152 3234 1402 3306 Filioque
1438 3236 1741 3307 procedens
1766 3246 1821 3292 et
1854 3253 1927 3293 ex-
1956 3252 2067 3292 uno

496 3330 570 3384 sit
619 3330 729 3385 Deo
763 3346 827 3384 ac
878 3330 1146 3398 spiratoro
1189 3338 1245 3383 et
1276 3345 1447 3383 unum
1480 3328 1689 3383 habear
1731 3330 2065 3399 principium

497 3423 720 3477 Patrem
766 3432 821 3476 et
859 3421 1097 3475 Filium?
1126 3421 1352 3486 Verum,
1385 3422 1611 3487 oboue,
1642 3438 1669 3475 a
1700 3437 1759 3478 re
1786 3423 2067 3493 proposita

498 3532 599 3571 nos
659 3513 961 3579 abduxisti,
1015 3527 1140 3566 eum
1197 3513 1467 3568 creaturis
1517 3514 1739 3583 copules
1800 3514 2066 3585 Spiritum

498 3614 831 3661 sam-tumet
884 3604 1444 3660 Pueumatomaehum
1488 3605 1752 3676 (Spiritus
1788 3622 2069 3676 oppugna-

500 3702 697 3767 torem)
750 3706 920 3751 temet
968 3697 1186 3751 sincero
1235 3696 1551 3752 declarasti.
1589 3697 1645 3751 Si
1689 3698 1837 3751 enim
1872 3697 2069 3751 eodem

499 3793 663 3862 plane
688 3799 848 3860 pacto
878 3798 992 3843 tum
1028 3800 1280 3844 creatusa
1311 3804 1379 3844 ex
1413 3789 1575 3844 Patre
1607 3798 1661 3844 et
1691 3790 1829 3845 Filio
1858 3800 1913 3844 et
1942 3789 2069 3860 Spi-

501 3886 641 3938 ritus
686 3893 933 3945 sanctus,
978 3889 1093 3934 tum
1147 3882 1392 3951 Spiritus
1433 3890 1659 3937 sanctus
1705 3898 1772 3937 ex
1817 3882 1971 3937 Patre
2017 3893 2074 3937 et

503 3976 668 4043 Filio,
718 3974 850 4045 quid
884 3974 1043 4029 aliud.
1067 3973 1179 4029 erit
1226 3973 1468 4044 Spiritus
1514 3988 1740 4030 sanctus
1775 3976 1880 4030 nisi
1919 3991 2074 4031 crea—

506 4071 665 4125 tura?
696 4069 765 4124 At
804 4084 906 4139 ego
940 4078 1133 4123 contra
1191 4068 1290 4122 tibi
1327 4068 1444 4124 vise
1489 4084 1646 4123 versa
1676 4069 1852 4124 dicam
1901 4070 2074 4139 magis

502 4161 778 4233 pic,quod
807 4162 850 4215 si
892 4160 996 4214 hoc
1029 4169 1188 4230 pacto
1222 4160 1452 4223 creatio,
1486 4175 1597 4215 non
1630 4162 1732 4215 hoc
1766 4170 1924 4230 pacto
1951 4161 2074 4231 Spi-

502 4255 642 4308 ritus
678 4263 923 4307 sanctus.
970 4251 1037 4305 ld.
1075 4252 1222 4305 enim
1274 4251 1422 4321 quod
1469 4268 1567 4320 per
1615 4254 1954 4308 creationem
2005 4269 2075 4308 ex

504 4348 723 4401 duobus
757 4347 840 4401 vel
890 4345 1082 4400 multis
1115 4344 1174 4398 lit
1220 4356 1279 4399 ut
1330 4361 1397 4399 ex
1440 4360 1550 4399 uno
1579 4344 1787 4399 factum
1821 4360 1943 4400 esse
1991 4345 2075 4399 di-

503 4456 631 4495 cere
660 4439 812 4499 licet,
857 4438 1078 4507 quando
1111 4437 1177 4492 ad
1217 4438 1489 4491 rationem
1522 4438 1847 4492 creatrieem
1895 4439 2075 4508 respi-

504 4533 705 4593 cimus,
761 4531 927 4597 idque
978 4546 1088 4583 non
1120 4529 1298 4584 solum
1333 4530 1387 4584 in
1420 4530 1605 4585 divina
1652 4545 1834 4585 rerum
1871 4530 2068 4599 produ-

2184 4514 2291 4566 εἰσι
2323 4514 2542 4575 πάντεςο

506 4624 715 4687 ctione,
770 4621 1075 4675 secundum
1117 4637 1279 4689 quam
1314 4637 1420 4676 una
1470 4621 1780 4692 eademque
1825 4624 2080 4679 voluntas

505 4724 562 4769 et
617 4714 905 4784 dispositio
957 4723 1011 4768 et
1064 4714 1333 4783 sapientia
1382 4723 1438 4768 et
1484 4714 1660 4769 virtus
1704 4726 1762 4771 et
1810 4717 2079 4786 operatio,

508 4822 701 4861 verum
748 4808 914 4859 etiam
968 4807 1021 4860 in
1075 4806 1440 4876 productione
1475 4807 1712 4862 humana
1756 4820 1814 4865 et
1845 4824 1909 4865 ea
1961 4825 2084 4879 quae

512 4909 681 4966 penes
712 4910 814 4948 nos
849 4905 954 4949 est.
998 4894 1115 4949 Una
1149 4893 1354 4948 etenim
1382 4893 1687 4964 eademque
1733 4894 1788 4949 in
1847 4894 2084 4951 diversis

511 4982 819 5038 artitteibus
868 4993 951 5038 est
982 4985 1119 5038 ratio
1170 4987 1309 5040 artis
1351 4993 1407 5039 et
1456 5000 1563 5054 qua
1598 4985 1839 5040 artiﬁces
1890 4999 2084 5041 omnes

515 5091 684 5131 unum
711 5083 860 5141 sunt,
892 5085 947 5129 et
980 5075 1284 5130 secundum
1318 5077 1423 5132 hoc
1474 5077 1525 5132 id
1577 5078 1725 5147 quod
1772 5093 1837 5133 ex
1886 5080 2076 5135 multis

511 5178 695 5221 ortum
740 5164 907 5219 habet
940 5182 1006 5221 ex
1041 5181 1150 5221 uno
1180 5177 1362 5221 ortum
1395 5167 1657 5224 habuisse
1695 5178 1750 5224 et
1782 5185 1951 5223 unum
1989 5169 2085 5224 ba-

510 5259 643 5311 berc
673 5254 1009 5325 principium
1044 5255 1228 5310 dicere
1263 5260 1343 5310 las
1365 5265 1470 5312 est.
1508 5257 1661 5323 Quod
1699 5273 1831 5313 vero
1857 5270 2086 5316 natura...

506 5350 640 5405 liter
667 5361 733 5401 ex
765 5346 979 5400 duobus
1009 5345 1387 5401 casistentiam
1436 5346 1622 5414 habet,
1651 5347 1702 5402 id
1735 5364 1896 5403 nemo
1929 5366 2087 5420 pror-

509 5457 604 5497 sus
641 5455 879 5510 unquam
906 5456 971 5495 ex
1004 5454 1114 5493 uno
1142 5439 1345 5494 dixerit
1366 5455 1523 5507 esse;
1550 5441 1666 5496 ﬁeri
1689 5442 1835 5497 enim
1866 5444 2081 5515 nequit,

580 5595 657 5663 (I)
694 5596 805 5663 Τῆς
838 5596 1005 5650 habet
1034 5594 1178 5648 Matt.
1210 5593 1337 5659 9.56,
1373 5593 1410 5649 Γ.
1443 5594 1545 5651 290
1576 5612 1626 5650 tl.

582 5665 658 5733 (9.)
699 5663 837 5736 i'biau
872 5668 968 5721 τοῦ
1002 5665 1370 5736 ιιιίόοΜοιιθιξ.
1399 5668 1525 5732 25ϋ,
1559 5668 1596 5721 ί.
1623 5667 1726 5723 :90
1749 5684 1800 5723 a.

580 5736 659 5795 (ὅ)
690 5732 845 5789 Εἶναι
877 5737 1101 5790 omittit.
1137 5732 1347 5789 Muttac.
1374 5737 1464 5789 27.

582 5805 657 5869 tt)
696 5805 799 5859 ἰὀὖ
837 5806 1043 5863 omittit
1078 5805 1286 5863 Monac.
1322 5806 1447 5861 950.

2160 561 2376 631 τητέον,
2424 562 2512 625 τίς
2564 562 2704 631 αὕτη
2744 563 2779 632 ἡ
2835 563 3179 635 προϐλητικὴ
3234 564 3489 633 δύναμις,
3540 566 3634 619 καὶ
3684 566 3735 619 τί

2163 655 2324 725 ἑτέρα
2352 656 2503 722 παρά
2530 655 2630 727 τὴν
2656 656 2841 725 φύσιν,
2873 656 2906 727 ἤ
2933 658 2965 728 ἠ
2996 657 3157 728 αὐτή.
3190 655 3253 711 Ei
3284 659 3382 729 μὲν
3408 656 3503 713 οῦν
3533 660 3568 729 ἡ
3595 659 3736 731 αὐτὴ

2162 750 2355 819 φύσις,
2376 750 2540 804 πάλιν
2575 750 2625 803 οί
2660 749 2817 803 αὐτοὶ
2844 749 2995 818 λόγοι
3026 751 3126 815 τὰς
3160 751 3329 815 αὑτὰς
3366 752 3735 822 ἐπιφέροντες

2161 840 2413 900 ἀτοπίας·
2448 842 2498 894 εί
2528 841 2594 895 δὲᾲ
2614 840 2779 912 ἑτέρα
2804 842 2960 911 παρά
2987 842 3086 913 τὴν
3114 842 3299 910 φύσιν,
3328 842 3428 913 ἤδη
3458 844 3557 910 μὲν
3585 861 3737 896 συνε-

2163 931 2419 1003 χώρησαν
2447 932 2634 1003 ἕτερόν
2657 950 2709 986 τι
2747 932 2825 1002 τῷ
2849 932 2968 1003 Θεῷ
3000 934 3283 1003 προσεῖναι
3311 933 3416 1001 τῆς
3444 932 3609 986 αὐτοῦ
3639 933 3739 1001 φύ-

2165 1039 2327 1088 σεως,
2348 1023 2482 1094 ὅπερ
2506 1023 2563 1075 ιν
2586 1022 2766 1084 ἄλλοις
2795 1021 3175 1091 διαλεγόμενοι
3203 1020 3408 1090 μᾶλλον
3438 1020 3505 1073 ἂν
3528 1020 3738 1073 ἕλοιντο

2164 1113 2261 1177 τὰς
2284 1112 2535 1180 γλώσσας
2562 1112 2824 1179 προέσθαι
2844 1112 2877 1184 ἢ
2902 1113 2976 1174 ὼς
2998 1094 3436 1179 ὁμολογούμενον
3452 1108 3734 1174 δέξασθαι*

2165 1204 2360 1257 ἔπειτα
2396 1205 2513 1268 πῶς
2540 1204 2643 1257 οὐκ
2674 1203 2897 1267 ἄτοπον,
2933 1203 3123 1273 ἕτερόν
3165 1219 3215 1255 τι
3254 1202 3405 1271 παρά
3435 1202 3537 1273 τὴν
3582 1201 3738 1255 θείαν

2167 1294 2329 1363 φύσιν
2372 1295 2788 1349 ἀποτελεστικὸν
2862 1290 3002 1348 εἶναι
3059 1293 3277 1362 φύσεως
3327 1292 3500 1358 οείας,
3567 1293 3739 1362 ἤγουν

2166 1386 2547 1451 ύποστάσεως;
2596 1386 2759 1441 Ἀλλά
2809 1384 2874 1456 δὴ
2916 1386 3013 1439 καὶ
3062 1385 3210 1437 οὕτω
3267 1382 3433 1436 πάλιν
3490 1384 3589 1447 τὰς
3644 1383 3741 1436 δύο
3799 1435 3806 1441 .

2165 1478 2339 1549 ἀρχὰς
2362 1479 2463 1533 οὐκ
2489 1478 2876 1549 ἐκφεύξονται·
2916 1479 3014 1532 καὶ
3037 1477 3146 1548 γὰρ
3176 1476 3238 1531 τὸ
3284 1476 3346 1529 ἑκ
3379 1478 3588 1544 πατρδς
3639 1476 3740 1529 καὶ

2168 1571 2377 1642 μητρὸς
2404 1569 2744 1640 γεννώμενον
2766 1571 2828 1624 lx
2853 1570 2953 1640 τῆς
2980 1571 3057 1641 (1)
3083 1569 3411 1641 γεννητικῆς
3442 1568 3625 1623 αὐτῶν
3648 1567 3741 1621 δυ-

2166 1661 2383 1733 νάμεως
2419 1663 2690 1734 πρόεισιν,
2725 1664 2759 1734 ἢ
2794 1663 2885 1717 διὰ
2916 1663 3018 1732 τῆς
3048 1661 3381 1733 γεννητικῆς
3430 1661 3737 1731 δυνάμεως,

2166 1755 2288 1826 ἥτις
2315 1755 2461 1808 ἐστὶν
2488 1755 2671 1817 αὐτοῖς
2710 1755 2886 1825 κοινὴ,
2914 1755 3016 1809 κᾶν
3063 1755 3301 1825 διαφέρῃ
3352 1755 3463 1817 τοῖς
3492 1752 3737 1824 τρόποις·

2166 1848 2291 1901 ἀλλν
2316 1849 2468 1903 οὐδὲν
2492 1844 2657 1921 ἦττον
2684 1851 2747 1903 ὲκ
2790 1848 2900 1901 δύο.
2935 1849 2995 1902 τέ
3038 1848 3191 1901 ἐστιν
3237 1847 3595 1901 ύποστάσεων
3645 1846 3741 1899 καὶ

2162 1938 2256 1993 δύο
2301 1938 2400 2002 τὰς
2433 1940 2608 2009 ἀρχὰς
2641 1939 2755 2008 ἕλει
2790 1938 2886 2009 τῆς
2918 1938 2994 2008 (9.)
3028 1938 3362 2007 γεννήσεως.
3394 1938 3503 1991 Καὶ
3538 1937 3641 1990 οὐκ
3670 1936 3739 1990 ἄν

2163 2047 2246 2093 τις
2280 2030 2417 2093 ὅλως
2454 2030 2801 2101 ἀρνήσασθαι
2835 2028 2997 2083 τοῦτο
3027 2030 3380 2096 τολμήσειεν.
3442 2028 3608 2081 Ὥστε
3646 2027 3742 2079 καλ

2163 2123 2225 2175 τὸ
2274 2121 2501 2189 Πνεῦμα
2532 2121 2593 2173 τὸ
2650 2120 2829 2189 ἅγιον,
2874 2122 3036 2190 εἰπερ
3096 2121 3162 2173 ἐκ
3221 2119 3436 2191 Πατρός
3486 2121 3582 2171 καὶ
3609 2117 3740 2170 Υἱοῦ

2165 2217 2382 2284 πρόεισι
2415 2214 2504 2268 διὰ
2534 2212 2632 2280 τῆς
2666 2212 3045 2285 προῦλητικῆς
3071 2212 3382 2281 δυνάμεως,
3406 2211 3501 2267 δύο
3523 2213 3623 2275 τὰς
3645 2211 3747 2280 ἀρ·

2164 2305 2265 2376 κάς
2293 2305 2404 2370 ἕξει
2434 2304 2532 2371 τῆς
2561 2301 2756 2357 ἑαυτοῦ
2789 2303 3103 2373 ὑπάρξεως.
3149 2302 3305 2355 an?
3328 2305 3368 2373 ἡ
3393 2302 3594 2365 κτίσις,
3639 2318 3744 2370 φαι-

2166 2400 2272 2463 σὶν,
2307 2399 2370 2450 ὲκ
2403 2396 2618 2465 Πατρδς
2641 2396 2735 2448 καὶ
2768 2394 2897 2449 Υίοῦ
2924 2396 3017 2448 καὶ
3047 2394 3207 2461 ἁγίου
3235 2393 3553 2462 Πνεύματος
3582 2391 3746 2458 οὖσα,

2164 2491 2254 2544 διὰ
2300 2489 2399 2557 τῆς
2428 2488 2832 2557 δημιουργικῆς
2862 2486 3073 2539 τούτων
3102 2485 3387 2554 δυνάμεως
3422 2483 3485 2548 ἐξ
3515 2484 3633 2545 ἑνός
3685 2483 3746 2535 τὲ

2166 2582 2280 2634 ἐστι
2313 2581 2448 2633 Θεοῦ
2485 2582 2579 2633 καὶ
2618 2578 2995 2650 Δημιουργοῦ,
3052 2579 3147 2632 καὶ
3205 2577 3338 2648 μίαν
3396 2576 3572 2647 ἀρχὴν
3629 2575 3745 2645 εχει

2165 2673 2257 2726 τὴν
2278 2671 2493 2741 Πατέρα
2522 2671 2615 2724 καὶ
2661 2672 2753 2724 τὸν
2792 2670 2919 2724 Υἰδν
2970 2670 3064 2723 καὶ
3096 2670 3155 2723 τὸ
3201 2670 3356 2738 ἅγιον
3393 2668 3653 2741 Πνεῦμαη
3678 2666 3747 2721 Τί

2167 2764 2261 2818 οὖν
2299 2764 2496 2817 κωλύει
2543 2763 2639 2817 καὶ
2679 2764 2738 2816 τὸ
2792 2762 2950 2830 ἀγιον
2984 2761 3207 2832 Πνεῦμα
3261 2763 3326 2813 ὲκ
3386 2760 3600 2829 Πατρός
3650 2760 3747 2812 καὶ

2169 2858 2299 2911 Υίοῦ
2338 2857 2746 2928 προερχόμενον
2772 2855 2847 2919 ὡς
2884 2854 3084 2919 ἐξηὲνός
3116 2872 3175 2908 τε
3197 2849 3338 2907 εἶναι
3374 2851 3449 2925 (3)
3478 2850 3615 2906 θεοῦ
3654 2850 3748 2903 καὶ

2170 2950 2503 3020 πωδολέως,
2536 2953 2632 3003 καὶ
2675 2950 2808 3017 μίαν
2840 2947 3015 3018 ἀρχὴν
3074 2946 3221 3017 ἔχειν
3251 2946 3347 2999 τὸν
3379 2944 3602 3013 Πατέρα
3652 2944 3749 2996 καὶ

2168 3042 2260 3093 τὸν
2285 3040 2435 3104 Υἱόνς
2467 3038 2811 3108 Ἀπήλλαξας
2838 3040 2984 3110 ἡμᾶς
3010 3036 3377 3108 πραγμάτων,
3403 3029 3447 3088 ὧ
3477 3034 3749 3104 βέλτιστε,

2092 3160 2136 3219 c
2170 3134 2282 3196 τοῖς
2339 3131 2613 3202 κτίσμασι
2665 3131 2934 3194 συντάξας
2986 3128 3048 3183 τὸ
3086 3128 3315 3199 Πνεῦμα
3344 3128 3406 3179 τὸ
3442 3127 3601 3195 ἅγιον
3655 3126 3753 3178 καὶ

2176 3223 2648 3295 Πνευμα-τομάχον
2709 3223 2971 3293 καθαρῶς
3031 3221 3261 3276 σεαυτὸν
3320 3221 3631 3289 ἀποφήνας.
3688 3218 3752 3270 Ei

2174 3315 2283 3383 γὰρ
2318 3315 2410 3367 τὸν
2447 3315 2614 3369 αὑτὸν
2647 3314 2851 3386 τρόπον
2888 3314 2921 3383 ἤ
2954 3330 3014 3366 τε
3057 3314 3235 3375 κτίσις
3278 3313 3341 3365 ἐκ
3386 3310 3604 3380 Πατρός
3656 3311 3754 3363 καὶ

2177 3406 2307 3458 Υἱοῦ
2344 3407 2439 3459 καὶ
2470 3406 2630 3474 ἁγίου
2662 3405 3002 3476 Πνεύματος,
3039 3405 3135 3456 καὶ
3164 3404 3227 3457 τδ
3275 3402 3502 3471 Πνεῦμα
3558 3404 3623 3454 ὲκ
3654 3399 3753 3455 τοῦ

2177 3496 2487 3566 (4>.Πατρὸ;
2532 3499 2628 3550 καὶ
2653 3496 2807 3562 Υἱοῦ,
2835 3496 2887 3547 τί
2915 3512 2977 3564 γε
3001 3494 3129 3549 ἄλλο
3155 3494 3187 3563 ἢ
3211 3494 3415 3563 κτίσμα
3442 3493 3502 3545 τὸ
3527 3491 3755 3561 Πνεῦμα

2175 3589 2237 3642 τὸ
2291 3588 2491 3658 ἆγιον;
2534 3588 2677 3643 Ἀλλ’
2736 3588 2846 3656 ἐγώ
2899 3604 2983 3641 σοι
3035 3588 3348 3641 τούναντίον
3402 3586 3750 3656 ἀναστρέψας

2177 3681 2583 3752 εύσεὸεστέρως
2610 3680 2741 3751 ἐρῶ,
2776 3682 2870 3746 ὡς,
2903 3682 3134 3748 ἐπείπερ
3154 3681 3187 3749 ἡ
3218 3679 3397 3743 κτίσις
3435 3677 3629 3742 οὕτως,
3653 3676 3755 3746 οὐχ

2177 3775 2322 3829 οῦτω
2360 3775 2420 3829 τὸ
2444 3775 2669 3844 Πνεῦμα
2686 3774 2748 3828 τὸ
2779 3773 2954 3842 ἀγιον.
2976 3774 3049 3826 Τὸ
3086 3772 3185 3842 μὲν
3215 3771 3325 3844 γὰρ
3345 3770 3756 3841 δημιουργικῶς

2178 3870 2242 3922 ἐκ
2273 3868 2365 3922 δύο
2382 3870 2476 3922 καὶ
2505 3867 2717 3922 πολλῶν
2751 3868 3045 3937 γενόμενον
3076 3866 3226 3919 ἐστιν
3248 3866 3423 3919 εἰπεῖν
3449 3864 3524 3927 ὡς
3553 3864 3621 3930 ἐξ
3635 3862 3755 3925 ἑνὸς

2178 3963 2467 4030 γεγονέναι
2496 3962 2631 4032 πρὸς
2660 3957 3177 4029 τὸν-δημιουργικὸν
3210 3956 3539 4027 ἀφορῶντας
3571 3955 3755 4021 λόγον.

2180 4054 2241 4107 οὐ
2273 4054 2431 4123 μόνον
2463 4054 2557 4108 ἐπὶ
2579 4053 2679 4122 τῆς
2730 4052 2883 4113 θείας
2918 4049 3309 4121 δημιουργίας,
3361 4048 3487 4101 καθ’
3537 4046 3604 4121 ἢν
3656 4046 3758 4115 μία

2180 4146 2333 4217 καὶή
2367 4147 2503 4215 αὐτὴ
2549 4143 2717 4214 βουλὴ
2761 4145 2855 4197 καὶ
2888 4143 3107 4211 θέλησις
3161 4142 3252 4194 καὶ
3312 4140 3475 4214 σοφία
3522 4139 3615 4192 καῖ⁸
3661 4137 3759 4192 δύ-

2182 4255 2343 4308 ναμις
2368 4239 2462 4290 καὶ
2490 4235 2763 4306 ἐνέργεια,
2812 4235 2950 4287 ἀλλὰ
2982 4236 3079 4287 καὶ
3128 4233 3221 4287 ἐπὶ
3256 4231 3354 4302 τῆς
3402 4230 3758 4299 ἀνθρωπίνης

2182 4333 2277 4386 καὶ
2308 4330 2427 4384 καθ’
2456 4330 2625 4400 ἡμᾶς.
2668 4324 2759 4391 Εἷς
2811 4328 2917 4396 γὰρ
2947 4327 3042 4380 καὶ
3084 4328 3112 4380 ό
3147 4326 3308 4387 αὑτός
3362 4325 3419 4377 ἐν
3476 4323 3759 4392 διαφόροις

2181 4423 2453 4494 τεχνίταις
2495 4423 2523 4475 ό
2569 4408 2816 4492 τεχνικὸς
2863 4420 3019 4488 λόγος
3053 4420 3147 4472 καὶ
3281 4418 3357 4488 (5)
3416 4419 3662 4482 τεχνῖται
3695 4413 3754 4465 ’ἐν

2580 4513 2671 4564 καὶ
2703 4511 2844 4564 κατᾶ
2884 4513 3044 4563 τοῦτο
3089 4510 3148 4563 τὸ
3183 4510 3261 4579 (6)
3306 4510 3368 4561 ἐκ
3401 4507 3618 4559 πολλῶν
3666 4521 3761 4569 γε·

2184 4607 2408 4675 νόμενον
2447 4606 2504 4671 ἐξ
2533 4604 2648 4667 ἑνὸς
2682 4604 2830 4657 ἔστιν
2859 4605 3035 4656 εἰπεῖν
3062 4604 3356 4670 γεγονέναι
3380 4601 3475 4653 καὶ
3501 4598 3633 4667 μίαν
3661 4599 3761 4665 ἁρ-

2184 4700 2284 4770 χὴν
2318 4697 2484 4768 ἔχειν.
2534 4698 2608 4751 ’[’ὸ
2644 4696 2699 4749 δὲ
2732 4696 2975 4765 φυσικῶς
3025 4696 3090 4747 ὲκ
3126 4693 3222 4746 δύο
3249 4693 3347 4765 τὴν
3378 4691 3613 4760 ὕπαρξιν
3641 4690 3762 4761 ἔχον

2183 4793 2282 4844 οὐκ
2311 4789 2376 4843 ἀν
2419 4805 2499 4850 τις
2526 4788 2661 4851 ὅλως
2693 4787 2753 4850 ἐξ
2776 4786 2894 4848 ἑνὸς
2939 4786 3083 4838 εἴποι
3112 4783 3243 4835 ποτὲ
3279 4799 3293 4812 ”
3320 4782 3416 4834 καὶ
3467 4779 3580 4850 γὰρ
3633 4779 3763 4831 ἀδιὶο

2186 4898 2346 4935 νατον
2376 4880 2465 4934 τὸν
2501 4879 2666 4934 αὑτὸν
2712 4879 2914 4948 τρόπον
2946 4876 3213 4945 ἑκάτερον
3242 4876 3325 4936 εἰς
3355 4876 3415 4926 τό
3454 4871 3594 4926 εἶναι
3628 4890 3765 4940 συμ-

2186 4974 2426 5037 ϐάλλειν,
2476 4974 2574 5026 καὶ
2623 4970 2779 5023 αὐτοὶ
2832 4969 2888 5022 δὲ
2940 4968 3173 5023 Λατῖνοι
3208 4967 3447 5033 λέγουσι,
3508 4965 3766 5034 διάφορον

2186 5064 2327 5121 εἶναι
2356 5069 2453 5137 τὴν
2498 5066 2563 5118 ἐκ
2629 5064 2843 5133 Πατρός
2906 5062 3003 5115 τοῦ
3029 5061 3348 5130 Πιεύματος
3395 5058 3621 5127 πρόοδον
3668 5059 3767 5125 τῆς

2186 5164 2251 5215 ἐκ
2280 5160 2376 5215 τοῦ
2409 5159 2561 5226 Υἱοῦ,
2592 5160 2690 5212 καὶ
2721 5158 2819 5228 τὴν
2850 5158 2950 5226 μὲν
2998 5156 3206 5226 ἅμεσον
3236 5151 3397 5217 εἶναι,
3436 5154 3533 5221 τὴν
3579 5151 3623 5203 δ’
3660 5150 3765 5219 ἐμ.-

2190 5268 2376 5326 μεσονο
2406 5251 2535 5305 ὥστ’
2560 5253 2659 5305 οὐκ
2686 5250 2751 5304 ἂν
2793 5250 3092 5317 ὲκφύγιιεν
3140 5246 3354 5316 οὐδαμῆ
3391 5244 3641 5313 οὐδαμῶς
3670 5242 3769 5304 τὰς

2186 5346 2280 5401 δύο
2314 5345 2510 5417 ἀρχὰς,
2538 5344 2587 5397 εί
2624 5344 2709 5415 μὴ,
2745 5343 2992 5413 μέλλοιεν
3018 5340 3235 5411 ὲτέροις
3270 5338 3515 5391 πλείοσιν
3545 5336 3771 5397 ἀτόπιις

2188 5437 2632 5511 περιπεσεῖσθαι.
2669 5438 2777 5491 Καὶ
2813 5439 2863 5488 τί
2914 5434 3138 5499 κωλύει,
3185 5434 3342 5501 φασὶ,
3372 5430 3466 5483 δύο
3493 5430 3593 5499 μὲν
3624 5424 3769 5480 εἶναι

2262 5595 2338 5664 (3)
2370 5594 2462 5651 Sic
2488 5593 2699 5649 Monac.
2732 5589 2858 5656 256,
2893 5590 2930 5643 Γ.
2957 5587 3063 5643 290
3094 5605 3121 5641 a
3153 5607 3164 5653 ;
3194 5586 3402 5642 Monac.
3432 5583 3571 5639 ’ΞἹρι
3600 5581 3765 5637 Mare.

2193 5670 2341 5807 αλδ)
2379 5736 2450 5790 Τὸ
2482 5734 2663 5791 omitt.
2700 5733 2792 5788 cit.
2828 5740 3023 5804 praeter
3058 5729 3199 5785 llum.
3224 5728 3348 5783 23:6.
