4132 6412
478 331 580 394 ΗΊ

1856 333 2280 397 BESSARION
2293 336 2307 396 l
2320 336 2363 396 S

3634 335 3737 402 τις

473 468 543 508 ex
575 450 855 507 communi
885 466 1076 508 eorum
1110 459 1309 508 natura
1338 452 1421 508 vel
1454 461 1511 509 ut
1537 467 1604 508 ex
1629 451 1835 507 virtute
1860 453 2038 524 spira-

2156 448 2216 514 ὃς
2250 451 2317 505 ὲκ
2352 451 2452 521 τῆς
2492 449 2681 522 κοινῆς
2704 450 2884 506 αὐτῶν
2920 448 3154 520 φύσεως,
3243 448 3306 504 ἐκ
3332 449 3429 521 τῆς
3451 449 3737 523 προδλητι·

476 545 586 597 tiva
618 543 913 613 procedere
936 543 1201 613 Spiritum
1227 553 1476 599 sanctum
1506 544 1660 607 dicit,
1683 544 2051 615 undequaque

476 649 580 689 nos
612 632 1026 691 iuevitabilibus
1072 636 1287 704 laqueis
1314 649 1374 690 se
1407 637 1790 707 constringere
1816 644 2041 707 putans,

477 725 903 795 respondemus,
938 726 1186 796 inquam,
1230 743 1300 782 ex
1354 728 1620 798 spirativa
1664 729 1889 799 quidem
1936 729 2050 783 vir-

477 827 594 873 tute
625 817 893 887 Spiritum
918 829 1168 876 sanctum
1204 820 1529 891 procedere,
1554 822 1693 877 hanc
1724 831 1909 877 tamen
1944 821 2053 875 vir-

478 920 647 965 tutem
680 910 998 979 spirativam
1031 926 1098 966 ex
1120 928 1228 966 una
1257 912 1481 983 quidem
1516 925 1672 983 parte
1699 928 2051 969 communem

472 1016 596 1055 esse
620 1000 766 1056 Patri
798 1011 854 1056 et
884 1000 1025 1056 Filio
1052 1012 1244 1073 utpote
1271 1020 1382 1058 non
1417 1004 1818 1076 hypostaticam
1866 1014 2055 1076 pater-

473 1107 558 1145 na:
587 1107 857 1160 personae.
887 1104 944 1149 et
997 1094 1208 1149 idcirco
1257 1103 1315 1149 et
1362 1110 1714 1153 communem
1776 1098 1939 1162 Filio,
1992 1105 2053 1153 ut

473 1183 604 1238 alibi
637 1185 1073 1240 demonstratum
1100 1187 1223 1249 fuit.
1260 1202 1327 1241 ex
1359 1187 1530 1243 altera
1560 1205 1689 1243 vero
1716 1201 1871 1260 parte
1898 1206 2052 1247 eam-

364 1322 367 1325 .
473 1274 599 1328 dem
633 1278 855 1331 realiter
891 1293 1013 1332 esse
1044 1294 1168 1332 cum
1216 1278 1398 1333 divina
1439 1282 1699 1345 essentia,
1750 1284 2052 1339 secundum

471 1367 746 1422 rationem
775 1368 1045 1425 duntaxat
1084 1370 1393 1437 diversam;
1444 1372 1573 1428 hinc
1606 1374 1808 1430 frustra
1838 1383 2051 1430 tantum

474 1459 753 1514 rationum
779 1476 1010 1516 examen
1045 1463 1186 1519 adeo
1218 1463 1415 1519 inutile
1451 1466 1761 1537 projectum
1795 1477 1902 1523 est.
1931 1466 2056 1538 Spi-

475 1551 616 1605 ritus
651 1560 834 1606 autem
870 1554 1111 1623 seipsum
1141 1570 1251 1609 non
1285 1556 1481 1624 spirat,
1512 1558 1642 1613 licet
1672 1559 1922 1629 ejusdem
1952 1576 2053 1617 na-

477 1652 615 1699 tura:
655 1645 956 1714 particeps.
997 1650 1126 1716 quia
1166 1647 1220 1702 id
1272 1649 1393 1719 ejus
1447 1652 1776 1721 proprietati
1825 1652 2055 1711 omnino

475 1738 801 1806 opponitur.
826 1738 1304 1805 Quemadmodum
1335 1750 1392 1797 et
1422 1743 1593 1799 Filius
1624 1760 1694 1801 ex
1737 1748 2050 1816 generatim

472 1829 680 1885 virtute
706 1831 946 1900 genitus,
983 1847 1108 1901 quae
1142 1850 1200 1888 re
1230 1835 1419 1891 eadem
1455 1848 1540 1892 est
1572 1852 1697 1892 cum
1730 1838 1917 1895 divina
1963 1856 2052 1897 es-

476 1914 674 1983 sentia,
708 1936 817 1976 non
863 1931 923 1977 et
953 1923 1198 1991 seipsum
1234 1939 1483 1993 generat.
1517 1927 1649 1983 licet
1679 1929 1927 1999 ejusdem
1956 1947 2053 1988 na-

476 2023 615 2069 tura:
641 2026 697 2070 et
726 2016 982 2071 essentia:
1014 2017 1314 2087 particeps.
1346 2018 1536 2088 Neque
1585 2020 1732 2075 enim
1770 2021 1915 2075 idem
1949 2036 2054 2092 po»

472 2115 587 2163 test
632 2123 756 2163 esse
810 2109 895 2165 sui
933 2110 1094 2183 simul
1155 2110 1487 2182 principium
1546 2121 1601 2167 et
1640 2113 2054 2184 principiatum.

473 2198 604 2255 lltec
646 2209 830 2255 autem
888 2201 1149 2270 spirativa
1198 2204 1397 2270 virtus,
1447 2220 1571 2275 qua:
1605 2222 1711 2261 una
1749 2207 2055 2277 eademque

474 2306 711 2345 numero
749 2302 834 2347 est
865 2294 919 2347 in
951 2294 1113 2348 Patre
1146 2304 1202 2349 ct
1229 2292 1393 2358 Filio,
1426 2295 1605 2364 ipsius
1653 2292 2052 2367 principiorum

475 2380 795 2437 dualitatem
826 2383 1125 2438 absurdam
1158 2399 1385 2452 prorsus
1413 2385 1602 2456 ell’ugit
1631 2394 1687 2440 et
1724 2400 1850 2440 eum
1907 2386 2055 2441 trus-

474 2481 560 2525 tra
600 2482 679 2527 tot
702 2473 1163 2531 ratiocinationes
1188 2485 1613 2531 connectentem
1651 2476 1938 2545 relluquit,
1960 2476 2055 2546 qui

475 2580 548 2621 ne
575 2566 627 2622 i.l
661 2566 886 2637 quidem
911 2568 1225 2639 intelligere
1247 2570 1418 2632 valet,
1446 2577 1651 2638 quanta
1682 2569 1755 2624 sit
1786 2567 2055 2623 ditl‘ercno

479 2659 550 2712 tia
587 2660 732 2714 inter
764 2661 1166 2729 generalivam,
1204 2676 1326 2730 quae
1355 2668 1443 2716 est
1492 2660 1547 2713 in
1579 2668 1733 2723 patre
1765 2668 1822 2715 et
1854 2670 2052 2722 matre.

472 2749 818 2815 facultatem,
848 2761 904 2806 ct
928 2752 1278 2821 spirativam,
1303 2768 1426 2821 quae
1454 2762 1540 2807 est
1568 2753 1623 2806 in
1650 2760 1807 2822 patre
1839 2761 1889 2805 et
1921 2752 2053 2818 lilio,

477 2842 717 2912 ideoque
756 2843 1075 2912 turpissime
1110 2843 1180 2898 de
1229 2844 1398 2898 rebus
1434 2844 1691 2897 maximis
1745 2828 2055 2898 hallucina-

480 2944 592 2986 tur.
629 2931 720 2985 llla
752 2933 900 2986 enim
931 2941 1018 2987 est
1057 2933 1259 3002 duplex
1303 2949 1537 2989 numero
1565 2944 1622 2988 et
1665 2944 1954 3004 propterea
1999 2944 2057 2990 et

476 3024 673 3076 fretum
708 3023 1010 3092 duplicem,
1061 3025 1172 3078 imo
1218 3033 1274 3079 et
1321 3026 1678 3093 multiplicent
1736 3026 2051 3096 progignit;

2154 542 2261 612 κῆς
2300 542 2863 615 δυνάμεως.προ’ίέναι
2910 543 2974 597 τὸ
3005 544 3253 612 Πνεῦμα,
3289 542 3558 599 πάντοθεν
3588 545 3733 615 ἡμᾶς

2151 637 2402 705 οἰὲμενος
2450 634 2715 704 ἀφύκτοις
2766 635 3085 705 περιλαϐεῖν
3138 635 3379 705 ἕρκεσιν,
3412 635 3488 699 ώς
3526 637 3591 689 ὲκ
3635 637 3735 704 τῆς

2153 726 2522 798 προσλητικῆς
2549 728 2649 799 μὲν
2673 725 2958 797 δυνάμεως
2974 725 3034 780 τ’)
3052 727 3275 797 Πνεῦμα
3295 728 3357 780 τδ
3382 726 3535 795 ἅγιον
3563 729 3733 781 ἐκπο-

2153 817 2403 889 ρεύεται,
2436 817 2578 888 αὕτη
2613 818 2805 888 μέντοι
2839 818 2874 889 ἠ
2921 818 3267 889 προΰλητικὴ
3299 817 3530 888 δύναμις
3572 817 3733 872 τοῦτο

2155 908 2257 980 μὲν
2293 909 2448 979 κοινή
2480 909 2539 962 τί
2573 910 2689 962 ἐστι
2730 909 2906 976 llath
2937 909 3034 963 καὶ
3066 906 3183 978 Υίῷ
3214 906 3311 962 ἀτε
3342 908 3467 979 μηδ’
3492 909 3734 962 ὑποστα-

2152 1002 2282 1071 τικὴ
2338 996 2476 1055 οὖσα
2520 1000 2619 1053 τοῦ
2672 999 2970 1071 προσώπου
3005 999 3092 1053 τοῦ
3156 1000 3448 1071 πατρικοῦ,
3497 1002 3595 1056 καὶ
3642 1001 3732 1056 διὰ

2154 1091 2319 1146 τοῦτο
2370 1093 2465 1147 καὶ
2509 1094 2588 1165 τῷ
2624 1091 2742 1164 Υἱῷ
2776 1093 2954 1163 κοινὴ,
2996 1092 3070 1158 ὡς
3107 1093 3166 1146 ὲν
3204 1092 3385 1156 ἄλλοις
3410 1092 3679 1147 δέδεικται
3712 1109 3730 1126 ο

2154 1184 2314 1239 τοῦτο
2351 1184 2410 1239 δὲ
2462 1186 2495 1255 ἡ
2538 1185 2677 1257 αὐτή
2712 1186 2833 1238 ἐστι
2865 1185 3156 1256 πράγματι
3182 1188 3249 1255 τῇ
3281 1185 3401 1258 θείᾳ
3439 1185 3616 1256 οὐσίᾳ,
3652 1182 3737 1256 τῷ

2154 1294 2219 1347 γε
2252 1276 2399 1348 λόγῳ
2426 1276 2764 1348 διαφέρουσα
2815 1276 2998 1347 μόνον,
3031 1276 3127 1331 καὶ
3156 1269 3311 1340 οὗτος
3339 1279 3367 1331 ὁ
3393 1279 3646 1348 περιττός
3671 1293 3733 1330 τε

2156 1369 2253 1422 καὶ
2276 1368 2536 1432 τοσοῦτος
2563 1368 2673 1421 τῶν
2701 1369 2911 1423 ἐκείνου
2941 1369 3118 1436 λόγων
3159 1369 3328 1439 ἑσμὸς
3359 1370 3536 1441 μάτην
3561 1369 3735 1442 susp-

2157 1465 2370 1534 ριπται.
2405 1462 2480 1516 Τὸ
2521 1462 2751 1533 Πνεῦμα
2781 1463 2839 1516 δὲ
2872 1464 3035 1516 ἑαυτὸ
3063 1461 3125 1516 ού
3174 1462 3499 1532 προϐάλλει,
3548 1460 3734 1515 καίτοι

2155 1557 2256 1625 τῆς
2290 1553 2464 1624 αὐτῆς
2499 1554 2795 1609 κοινωνοῦν
2839 1556 3057 1624 φύσεως
3087 1554 3176 1608 διὰ
3204 1554 3266 1608 τὸ
3298 1557 3363 1625 τῇ
3413 1552 3577 1607 αὐτοῦ
3608 1552 3735 1606 ίδιὸ-

2155 1661 2281 1714 τητι
2310 1644 2658 1701 ἀντιπίπτειν
2683 1661 2697 1677 ⁸
2733 1643 2924 1717 ῶσπερ
2957 1647 3051 1700 καὶ
3084 1648 3112 1700 ὀ
3147 1646 3275 1712 Tib;
3316 1648 3380 1700 ὲκ
3410 1646 3507 1717 τῆς
3537 1660 3734 1714 γεννη-

2159 1737 2319 1807 τικῆς
2368 1735 2709 1807 γεννώμενος
2752 1737 3058 1805 δυνάμεως,
3088 1738 3189 1809 τῆς
3222 1738 3390 1808 αὐτῆς
3442 1739 3739 1809 πράγματι

2154 1831 2221 1901 τῇ
2254 1830 2376 1901 θείᾳ
2420 1827 2588 1901 οὔσης
2616 1827 2798 1900 οὐσία,
2832 1831 2895 1882 οὐ
2938 1830 3032 1883 καὶ
3062 1830 3256 1884 ἑαυτὸν
3309 1830 3496 1902 γεννᾷ,
3553 1829 3737 1882 καίτοι-

2154 1925 2255 1995 τῆς
2289 1922 2463 1993 αὐτῆς
2502 1922 2779 1976 κοινωνῶν
2809 1924 3027 1992 φύσεώς
3059 1940 3118 1976 τε
3141 1917 3262 1976 ’καὶ
3288 1922 3497 1987 οὐσίας.
3525 1924 3602 1978 ού
3632 1922 3729 1977 δύο

2156 2032 2318 2069 ναται
2359 2013 2469 2086 γάρ
2518 2013 2579 2066 τὸ
2606 2013 2738 2066 αὐτὸ
2772 2012 2966 2066 ἑαυτοῦ
2997 2013 3171 2066 αἴτιον
3202 2011 3318 2083 ἅμα
3352 2014 3446 2066 καὶ
3486 2011 3730 2066 αηίτιατύν

2156 2100 2321 2158 εἶναι.
2360 2103 2431 2156 Ἢ
2483 2101 2826 2173 προϐλητικὴ
2875 2102 2922 2154 δ’
2951 2101 3090 2172 αῦτη
3140 2099 3376 2169 δύναμις
3423 2100 3521 2170 μία
3564 2101 3658 2153 καὶ
3694 2097 3730 2167 ﬂ

2156 2196 2297 2268 αὐτὴ
2327 2195 2549 2269 ἀριθμῴ
2606 2193 2743 2249 οὖσα
2772 2196 2827 2248 ὲν
2858 2195 3036 2265 Ila.th
3084 2195 3179 2247 καὶ
3207 2191 3323 2261 Υίῷ
3370 2192 3471 2262 τὴν
3503 2190 3731 2249 ἀσυλλὸο

2152 2292 2345 2359 γιστον
2376 2288 2588 2343 ἐκείνου
2615 2287 2881 2358 δυαρχίαν
2920 2286 3250 2355 ἀποφεύγει,
3292 2285 3387 2339 καὶ
3430 2288 3614 2356 μάτην
3637 2284 3744 2338 αὐι

2154 2381 2248 2432 τὸν
2280 2379 2522 2433 τοσαῦτα
2552 2380 2947 2449 παρενείροντα
2973 2377 3321 2442 καταλείπει,
3341 2377 3461 2431 οὐδὲ
3487 2376 3731 2430 συνιέναι

2149 2471 2477 2541 δυνάμενον,
2508 2472 2634 2524 ὅσον
2665 2472 2783 2523 ἐστὶ
2818 2470 2878 2523 τὸ
2898 2471 3158 2540 διάφορον
3184 2471 3283 2540 τῆς
3313 2469 3655 2539 γεννητικῆς·
3673 2470 3735 2522 ἐν

2158 2581 2266 2616 πατ
2279 2565 2333 2633 pl.
2359 2564 2454 2616 καὶ
2495 2563 2663 2634 μητρὶ
2684 2562 2969 2632 δυνάμεως
3002 2565 3098 2617 καὶ
3139 2562 3242 2633 τῆς
3264 2561 3641 2633 προελητικῆς
3672 2562 3733 2613 ὲν

2157 2656 2330 2723 πατρὶ
2355 2657 2450 2709 καὶ
2479 2655 2604 2725 υίῷ,
2637 2660 2730 2709 καὶ
2764 2654 2853 2709 διὰ
2885 2657 3047 2710 τοῦτο
3079 2656 3337 2726 αἴσχιστα
3382 2657 3512 2726 περὶ
3540 2655 3610 2710 τά
3640 2655 3733 2727 μὲ-

2157 2764 2318 2814 γιστα
2354 2748 2739 2817 ἀπατώμενον.
2785 2749 2851 2801 Ἥ
2887 2749 2986 2820 μὲν
3012 2750 3118 2818 γὰρ
3143 2748 3295 2817 διττὴ
3333 2748 3609 2820 τάριθμῷ,
3637 2748 3735 2803 καὶ

2157 2841 2246 2894 διὰ
2270 2841 2431 2894 τοῦτο
2489 2842 2584 2896 καὶ
2619 2841 2869 2908 διπλοῦν,
2909 2841 3109 2912 μᾶλλον
3149 2841 3206 2896 δὲ
3254 2843 3349 2897 καὶ
3390 2840 3733 2897 πολλαπλοῦν

2156 2933 2433 3005 ἀπογεννᾷ
2456 2950 2469 2965 ο
2507 2935 2539 3002 ἡ
2577 2934 2632 2988 δὲ
2677 2934 3021 3005 προϐλητικὴ
3053 2934 3285 3003 δύναμις
3334 2937 3394 2988 ὲν
3430 2933 3605 3004 [lupi
3636 2934 3732 2987 καὶ

2158 3024 2277 3096 Υξῷ
2327 3023 2424 3092 μία
2454 3006 2548 3078 καί
2595 3024 2799 3096 ήαύτὴ
2845 3024 3119 3096 τάριθμῷ,
3171 3026 3267 3079 καὶ
3292 3025 3385 3079 διά
3436 3025 3596 3079 τοῦτο
3632 3025 3735 3095 μία

479 3114 597 3167 lucc
646 3129 776 3168 vero
828 3114 1090 3181 spiratira
1139 3116 1317 3169 virtus
1375 3115 1428 3170 in
1472 3116 1634 3172 Patre
1683 3128 1738 3172 ct
1774 3116 1912 3173 Filio
1944 3134 2049 3174 una

2156 3119 2297 3190 ἁρχὴ
2329 3121 2426 3173 καὶ
2458 3118 2517 3173 ἓν
2550 3119 2738 3189 ἄκρως
2762 3118 3164 3189 προϐάλλουσα.
3192 3118 3304 3191 Τὴν
3327 3119 3384 3172 δὲ
3414 3118 3515 3189 τῆς
3563 3115 3733 3171 αὐτοῦ

472 3204 781 3275 eademque
838 3214 924 3261 est
970 3222 1244 3274 numero,
1298 3216 1465 3276 atque
1533 3221 1821 3280 propterea
1876 3226 2047 3269 unum

2156 3210 2484 3272 ἀντιθέσεως
2516 3209 2624 3262 ύπδ
2657 3208 2905 3263 Λατίνων
2938 3208 3347 3278 ἐπιφερομένην
3381 3207 3539 3260 λύσιν
3587 3224 3735 3278 μεμ-

475 3297 814 3368 principium
835 3308 892 3353 et
924 3299 1316 3369 principiatum
1346 3315 1702 3371 summopere
1732 3318 1901 3357 unum
1927 3318 2051 3373 pro-

2156 3304 2388 3374 φύμενος
2414 3303 2506 3356 τον
2542 3302 2685 3356 θεῖον
2723 3303 3094 3371 Αὔγουστῖνον
3152 3300 3285 3354 ἴστω
3342 3299 3729 3371 μεμφόμενος,

478 3387 654 3442 ducit.
689 3388 825 3441 Dum
856 3404 989 3443 vero
1038 3389 1370 3445 solutionem
1418 3392 1720 3461 vituperat,
1756 3409 1918 3462 quam
1954 3393 2053 3450 La-

479 3479 582 3534 tini
626 3480 807 3533 adhuc
831 3488 1026 3534 contra
1051 3480 1228 3549 ipsius
1252 3480 1558 3537 antithesin
1590 3484 1847 3549 all'erunt,
1881 3500 2053 3541 nove-

482 3571 552 3624 rit
582 3586 642 3624 se
678 3570 864 3625 divum
896 3571 1263 3642 Augustinum
1297 3573 1634 3643 vituperare,
1664 3579 1826 3646 cujus
1852 3576 1905 3631 in
1951 3578 2056 3633 Ec-

480 3659 653 3715 clesia
680 3660 752 3714 ob
784 3660 1275 3732 incomparabilem
1327 3664 1659 3733 sapientiam
1687 3682 1751 3721 ac
1792 3667 2054 3724 virtutem

483 3753 736 3808 eminens
762 3753 1001 3824 dignitas
1031 3770 1095 3809 os
1125 3754 1226 3824 ipsi
1255 3756 1391 3811 satis
1412 3757 1709 3814 occludere
1730 3760 1903 3827 valet;
1938 3761 2056 3831 ipse

482 3842 631 3895 enim
663 3851 747 3896 c-st
776 3842 870 3911 qui
904 3842 1115 3911 primus
1139 3843 1282 3900 hanc
1320 3845 1619 3902 antithesin
1652 3849 1865 3904 invenit
1896 3862 1952 3907 et
1982 3851 2056 3908 ita

483 3932 994 3991 dissolvttJlarcus
1022 3950 1157 3990 vero
1205 3936 1349 3992 nihil
1404 3938 1566 4004 dicit,
1614 3939 1824 3996 {rustra
1883 3944 2057 3999 multa

474 4039 838 4083 connectens.
880 4028 1070 4098 Neque
1113 4032 1261 4084 enim
1294 4032 1568 4101 sequitur,
1615 4032 1742 4090 ideo
1789 4033 2056 4106 Spiritum

2153 3390 2216 3452 οῦ
2241 3397 2303 3451 τδ
2327 3400 2385 3451 ὲν
2431 3394 2733 3468 Ἐκκλησία
2760 3395 2850 3449 διὰ
2881 3396 2981 3467 τὴν
3025 3394 3411 3471 ἀπαράμιλλον
3442 3394 3637 3462 σοφίαν
3670 3409 3732 3446 τε

2152 3491 2250 3546 καὶ
2313 3489 2517 3561 ἀρετὴν
2570 3489 2791 3558 ἀξίωμα
2860 3488 3044 3543 ίκανδν
3105 3488 3272 3541 αὐτον
3325 3487 3728 3556 ὲπιστομίσαιυ

2155 3585 2366 3648 ἐκεῖνος
2387 3583 2497 3653 γάρ
2526 3585 2675 3636 ἐστιν
2706 3584 2734 3636 ὁ
2767 3581 2863 3636 καὶ
2891 3581 2991 3653 τὴν
3031 3579 3307 3634 ἀντίθεσιν
3328 3579 3537 3650 ταύτην
3578 3578 3737 3651 πρῶ-

2154 3694 2247 3741 τος
2278 3676 2454 3748 εὑρὼν
2485 3676 2578 3730 καὶ
2610 3675 2784 3738 οὕτως
2832 3673 3250 3737 ὲπιλυσάμενος.
3303 3673 3531 3743 Μάρκος
3557 3670 3616 3724 δὲ
3668 3671 3731 3725 ού

2156 3770 2308 3838 λέγει
2354 3768 2508 3823 οὐδὲν
2545 3770 2726 3839 μάτην
2756 3768 2927 3821 πολλά
2964 3766 3265 3836 συνείρων*
3292 3765 3414 3819 οὐδὲ
3446 3764 3557 3836 γὰρ
3594 3763 3734 3817 ἒπε-

2156 3880 2247 3916 ται
2298 3861 2388 3917 διά
2418 3862 2578 3915 τοῦτο
2607 3861 2815 3932 κτίσμα
2847 3856 2989 3914 εῐναι
3012 3860 3074 3912 τὸ
3097 3859 3345 3929 Πνεῦμα,
3378 3858 3428 3912 εί
3461 3861 3525 3912 ἐκ
3550 3873 3733 3927 παρα-

2155 3954 2456 4025 δείγματος
2482 3957 2577 4008 καὶ
2608 3954 2817 4017 είκὸνος
2842 3953 2944 4022 τῆς
2980 3950 3210 4015 κτίσεως
3253 3952 3430 4022 πάντη
3459 3950 3652 4021 ὁμοίας
3671 3949 3735 4003 τὸ

2158 4048 2527 4117 ἐπιφυόμενον
2557 4049 2585 4100 ὁ
2608 4046 2932 4110 διδάσκαλός
2972 4062 3032 4099 τε
3074 4045 3167 4099 καὶ
3196 4045 3362 4115 ἡμεῖς
3392 4042 3741 4114 ἒπιλυόμεθα

481 4130 791 4174 creaturam
815 4134 959 4187 esse,
984 4121 1030 4175 si
1059 4136 1127 4175 ex
1158 4123 1411 4192 exemplo
1476 4133 1535 4179 et
1565 4123 1806 4196 imagine
1834 4129 2053 4183 omnino

2159 4140 2328 4212 ἔγκλη
2339 4158 2417 4212 μα
2433 4155 2449 4172 ο
2471 4140 2608 4194 ὅπου
2634 4156 2697 4210 γε
2716 4138 2882 4194 norb
2896 4139 3055 4192 τοῦτο
3071 4138 3166 4192 καὶ
3182 4139 3232 4192 οί
3252 4137 3515 4209 ἡμέτεροι
3534 4137 3734 4191 ἀνατοο

481 4211 649 4267 simili
684 4229 865 4268 rerum
893 4225 1203 4269 creatarum
1251 4223 1365 4270 tum
1399 4215 1492 4272 ille
1523 4216 1740 4284 doctor,
1795 4229 1910 4274 tum
1956 4234 2053 4275 nos

2159 4211 2588 4303 λικοιῐίατέρες
2627 4248 2688 4285 τε
2719 4230 2817 4284 καὶ
2854 4229 3166 4285 διδάσκαλοι
3200 4231 3297 4283 καὶ
3333 4230 3426 4283 ἐπὶ
3458 4228 3534 4301 μὴ
3557 4228 3734 4300 πάντη

483 4305 976 4371 reprehensionem
1015 4306 1164 4360 illam
1206 4304 1584 4374 dissolvimus,
1618 4309 1841 4379 quando
1866 4318 1920 4365 et
1954 4311 2060 4367 hoc

481 4394 628 4451 idem
655 4407 712 4450 et
742 4397 920 4451 nostri
948 4397 1250 4454 orientales
1277 4398 1468 4456 Patres
1496 4409 1554 4456 et
1601 4400 1858 4457 doctores
1885 4403 2052 4458 etiam

2160 4327 2367 4395 ὁμοίων
2394 4323 2669 4389 ποιοῦσιν,
2693 4325 2757 4376 ἐκ
2782 4322 2986 4393 ψυχῆς,
3019 4323 3112 4377 νοῦ
3142 4323 3241 4377 καί⁵
3269 4323 3454 4392 λόγου,
3481 4324 3589 4377 εἴτε
3619 4322 3734 4387 νοῦ,

2162 4415 2323 4483 λόγου
2348 4414 2444 4468 καὶ
2466 4413 2780 4499 πνεύματος
2802 4414 2895 4468 τοῦ
2931 4415 3100 4497 μετέ
3112 4431 3206 4485 ρου
3240 4414 3336 4467 καὶ
3361 4414 3731 4485 ἀνθρωπίνου,

482 4488 537 4540 in
574 4503 681 4541 non
708 4491 937 4545 omnino
961 4491 1237 4546 similibus
1270 4489 1502 4560 faciunt,
1523 4508 1591 4547 ex
1622 4495 1830 4560 anima,
1871 4503 2053 4552 mente

2162 4471 2320 4558 ἔτιδὲ
2352 4504 2523 4574 ἡλίου,
2546 4471 2882 4568 ἀκτίνοςνκαὶ
2900 4471 3223 4574 φώτὸςίκαὶ
3249 4500 3406 4569 αὖθις
3427 4471 3734 4575 ὀφθαλμοῦ,

482 4588 537 4633 et
566 4580 735 4634 verbo
772 4585 888 4635 sive
916 4593 1123 4645 mente.
1158 4584 1329 4638 verba
1362 4594 1419 4639 et
1442 4585 1664 4654 spiritu.
1686 4596 1875 4642 nostro
1902 4586 2058 4643 vide-

481 4671 613 4725 licet
644 4679 700 4724 et
735 4670 1003 4733 humano.
1043 4672 1245 4728 deinde
1287 4689 1354 4729 ex
1392 4675 1530 4741 sole,
1568 4675 1724 4733 radio
1754 4688 1813 4732 et
1844 4677 2054 4735 lumine

477 4770 536 4816 et
565 4775 757 4815 rursus
784 4777 849 4815 ex
876 4764 1059 4823 oculo.
1091 4762 1241 4820 fonte
1276 4775 1334 4820 et
1364 4764 1553 4833 lluvio,
1582 4783 1705 4839 quae
1745 4769 1917 4841 magis
1951 4771 2053 4826 tria

483 4863 612 4907 sunt
637 4869 799 4922 quam
832 4870 1026 4918 unum,
1072 4856 1252 4912 Patris
1298 4867 1356 4913 et
1386 4856 1510 4913 Filii
1545 4869 1603 4915 ct
1642 4858 1883 4930 Spiritus
1931 4878 2056 4918 sau-

480 4943 559 4998 eti
597 4943 651 4997 in
706 4953 915 4998 natura:
948 4944 1159 5000 unitate
1198 4946 1401 5001 realem
1449 4962 1814 5018 personarum
1863 4951 2051 5006 Trini—

482 5046 648 5090 tatem
682 5033 961 5090 illustrant
1003 5036 1099 5107 (η).
1138 5037 1258 5108 Ipse
1291 5053 1422 5094 vero
1452 5040 1741 5097 manifeste
1776 5044 2052 5100 contrazia

476 5126 617 5181 dicit
651 5125 868 5180 veritati
905 5126 1034 5181 dum
1067 5128 1145 5182 ait
1172 5129 1224 5183 id
1265 5129 1412 5200 quod
1466 5145 1566 5202 per
1619 5134 1959 5190 creationem
2020 5150 2051 5190 a

476 5222 666 5278 multis
709 5230 892 5277 ortum
922 5221 1085 5279 habet
1107 5234 1163 5279 et
1194 5225 1248 5280 in
1276 5226 1443 5283 rebus
1482 5227 1741 5283 humanis
1763 5236 1821 5284 et
1850 5229 1905 5285 in
1939 5234 2057 5285 arte

474 5316 637 5388 [actis
678 5329 746 5371 ex
792 5329 903 5369 uno
935 5328 1059 5369 esse
1110 5315 1293 5372 dicere
1327 5317 1497 5374 licere
1525 5357 1541 5383 .
1583 5318 1732 5388 quod
1782 5334 1914 5375 vero
1966 5337 2063 5376 na-

471 5408 728 5462 turaliter
796 5420 865 5461 ex
913 5404 1132 5461 duobus
1177 5417 1301 5471 est,
1366 5409 1521 5464 nullo
1592 5425 1819 5480 prorsus
1893 5412 2058 5467 modo

468 5499 815 5555 contrarium
844 5500 1071 5555 omnino
1110 5498 1295 5555 locum
1333 5501 1520 5557 habet.
1556 5501 1773 5558 Etenim
1809 5502 1861 5559 id
1897 5505 2045 5573 quod

545 5635 622 5707 (t)
664 5637 739 5692 Τε
775 5634 932 5695 deest
959 5638 1014 5695 in
1046 5638 1184 5698 δίη.
1222 5641 1324 5699 l6?
1350 5643 1388 5701 ί.
1420 5643 1512 5700 (20.

2162 4594 2349 4664 πηγῆς
2397 4594 2493 4647 καὶ
2526 4593 2797 4665 ποταμοῦ,
2834 4594 2870 4649 ἀ
2920 4595 3125 4665 μᾶλλόν
3148 4597 3255 4649 εἱσι
3302 4596 3434 4666 τρία
3465 4596 3498 4665 ἢ
3529 4596 3608 4661 ἓν,
3636 4596 3737 4666 τὴν

2163 4683 2402 4754 Πατρδς,
2432 4684 2564 4738 Υίοῦ
2589 4701 2651 4739 τε
2695 4685 2790 4739 καὶ
2823 4686 3143 4757 Πνεύματος
3174 4688 3234 4741 ἐν
3262 4688 3475 4759 ἑνότητι
3519 4688 3737 4757 φύσεως

2160 4776 2555 4848 πραγματικὴν
2601 4775 2711 4829 τῶν
2749 4778 3058 4849 προσώπων
3105 4780 3313 4852 Τριάδκ
3374 4778 3737 4851 παραμυθού-

2162 4884 2337 4938 μενοι.
2384 4870 2445 4922 Ὀ
2477 4868 2537 4923 δὲ
2564 4869 2657 4922 καὶ
2685 4869 2940 4941 φανερῶς
2979 4871 3243 4926 τάναντία
3272 4872 3424 4941 λέγει
3466 4874 3580 4935 τοῖς
3603 4874 3737 4943 ἀλη-

2159 4960 2277 5014 θέσι
2309 4962 2537 5030 φάσκων
2561 4978 2575 4994 ο
2614 4960 2688 5015 Τὸ
2721 4963 2821 5033 μὲν
2847 4962 3260 5035 δημιουργικῶς
3283 4966 3347 5019 ἐκ
3393 4964 3607 5020 πολλῶν
3639 4981 3735 5034 γε·

2159 5049 2386 5119 νόμενον
2441 5055 2538 5105 καὶ
2586 5053 2681 5105 ἐπὶ
2709 5054 2817 5106 τῶν
2846 5055 2967 5107 καθ’
2998 5057 3145 5126 ἡμᾶς
3192 5072 3255 5110 τε
3307 5056 3384 5128 (l)
3418 5058 3511 5111 καὶ
3542 5073 3733 5127 τεχνη-

2155 5143 2268 5197 τῶν
2299 5145 2377 5215 (‘2)
2404 5141 2545 5198 εἶναι
2569 5145 2746 5198 εἰπεῖν
2776 5147 2836 5212 ἐξ
2866 5148 3010 5213 ἑνὸς,
3043 5150 3103 5203 τὸ
3132 5150 3190 5203 δὲ
3218 5151 3466 5219 φυσικῶς
3494 5152 3558 5203 ἐκ
3589 5150 3734 5203 δυοῖν

2160 5235 2412 5306 οὐδαμῶς
2439 5252 2456 5269 ·
2505 5237 2830 5299 τούναντίον,
2876 5239 2986 5310 γὰρ
3032 5243 3178 5295 ᾶπαν
3224 5242 3360 5296 ἔστί.
3412 5244 3487 5295 Τὸ
3513 5245 3624 5313 γὰρ
3673 5246 3732 5295 ἐκ

2166 5327 2314 5380 δυοῖν
2352 5322 2536 5381 τινοιν³
2565 5329 2840 5399 τεχνίταιν
2871 5333 3119 5401 γεγονὸς,
3170 5333 3265 5388 ἆτε
3327 5336 3424 5389 καὶ
3481 5334 3731 5406 τάριθμῷ

2174 5422 2266 5471 καὶ
2296 5420 2473 5490 πάντη
2524 5420 2671 5475 δυοῖν
2704 5421 2902 5487 ὄντοιν,
2946 5426 3226 5490 παντελῶς
3275 5429 3423 5482 ἐστιν
3469 5429 3533 5481 ὲκ
3568 5429 3731 5493 δυοῖν,

2155 5509 2216 5563 τὸ
2248 5508 2292 5563 δ’
2314 5512 2379 5563 ἐκ
2412 5508 2557 5563 διοίν
2589 5528 2752 5566 τινων
2784 5513 2999 5582 φύσεως
3026 5518 3120 5568 καὶ
3153 5518 3396 5587 μάλιστα
3422 5518 3565 5572 οὕτω
3586 5536 3727 5572 v.00-

2228 5650 2303 5722 (1)
2342 5649 2433 5706 Sic
2473 5649 2684 5711 Monac.
2716 5653 2817 5721 επ
2845 5655 2916 5710 al.
2945 5657 3232 5725 τεχνετων.

547 5788 623 5859 (α)
681 5789 867 5858 Quoad
913 5796 1173 5868 imagines
1225 5810 1278 5857 et
1330 5799 1606 5871 analogias
1662 5803 1792 5858 istas
1833 5803 2020 5861 Confer

2198 5804 2362 5871 γῖειτιι,
2410 5808 2480 5863 D:
2519 5806 2801 5874 τγῖηίιςιιε,
2830 5810 2864 5864 1.
2903 5825 2997 5877 \‘tt,
3026 5824 3142 5878 (περ.
3177 5805 3232 5863 Δ.
