4132 6412
417 341 524 408 ιιι

1450 341 1894 404 REFUTATIO
1933 295 2174 404 MAliCl
2217 343 2606 404 EPIIESINI.

3555 335 3658 407 150

417 463 588 528 μένης
620 457 696 522 ὡς
727 457 818 512 ἐπὶ
846 457 946 527 τῆς
978 457 1128 523 θείας
1162 457 1504 526 λαμϐάνεται
1529 457 1768 524 φύσεως,
1797 459 1990 527 ἥντινα

2100 475 2122 514 a
2156 459 2368 512 duobus
2402 457 2712 512 artilieibus
2739 453 2946 510 factum
2975 459 3082 515 est,
3109 449 3313 522 quippe
3347 447 3440 519 qui
3475 457 3530 503 et
3555 464 3660 503 nu-

418 553 549 621 μίαν
579 553 676 606 καὶ
722 553 824 620 τὴν
872 551 1045 622 αὐτὴν
1071 549 1330 623 τάριθμῷ
1379 553 1472 605 καὶ
1520 552 1893 621 ὑφεστηκυῖαν
1926 553 1984 604 iv

417 647 592 714 Πατρὶ
618 645 714 696 καὶ
749 642 866 712 Υἱῷ
908 643 936 695 ὁ
981 643 1140 712 ὀρθὸς
1179 642 1396 707 δοξάζει
1425 643 1604 709 λόγος,
1657 643 1732 704 ὡς
1765 643 1824 708 ἐξ
1870 643 1988 705 ἐνὸς

417 733 600 804 λέγειν
631 735 868 804 ἀνάγκη.
913 733 1052 788 Οὔτε
1090 735 1198 804 μὴν
1245 735 1506 803 διάφορον
1545 736 1764 788 Λατῖνοι
1796 735 1894 804 τὴν
1924 735 1988 786 ὲκ

422 824 636 892 Ila-.ch
668 823 764 876 τοῦ
800 823 1119 892 Πνεύματος
1158 824 1384 890 πρόοδον
1411 825 1512 891 τῆς
1543 823 1601 888 ἐξ
1634 823 1766 876 Υίοῦ
1796 824 1990 890 λέγου-

423 930 508 966 σιν
540 911 778 984 (ἐκείνου
803 913 913 982 γάρ
941 915 1060 965 ἐστι
1085 912 1244 966 τοῦτο
1271 913 1484 981 καὶτῆς
1516 913 1726 966 ἐκείνου
1751 913 1988 976 διανοίας

419 1002 802 1072 ἀνάπλασμα),
843 1003 980 1056 ἀλλὰ
1035 1003 1168 1074 μίαν
1217 1007 1310 1056 καὶ
1365 1005 1465 1070 τὴν
1517 1003 1706 1074 αὐτὴν,
1766 1002 1990 1069 ὰμὲσως

423 1097 612 1162 μέντοι
635 1112 696 1162 γε
721 1095 816 1148 καὶ
850 1093 1106 1163 ὲμμέσως
1129 1097 1190 1148 ὲκ
1219 1094 1312 1148 τοῦ
1342 1094 1470 1147 Υἰοῦ
1498 1094 1558 1146 τὸ
1586 1093 1808 1160 Πνεῦμά
1833 1109 1986 1160 φασι,

421 1187 482 1240 τὸ
517 1187 614 1256 μὲν
642 1187 730 1246 διὰ
762 1186 863 1255 τὴν
899 1185 1128 1254 ἑνότητά
1153 1203 1214 1239 τε
1263 1187 1357 1240 καὶ
1389 1185 1696 1254 ταυτότητα
1727 1185 1827 1255 τῆς
1854 1201 1991 1252 προ-

421 1276 686 1346 6ὶητικῆς
718 1275 1118 1344 δυνάμεωςντὸ
1151 1274 1208 1330 δὲ
1247 1276 1338 1328 διὰ
1367 1276 1468 1346 τὴν
1515 1275 1694 1340 τάξιν,
1795 1273 1990 1340 προτέο

419 1385 618 1421 τακται
670 1367 768 1436 μὲν
818 1370 846 1422 ὁ
902 1368 1110 1438 Πατὴρ,
1167 1367 1364 1422 επεται
1403 1367 1462 1421 δὲ
1503 1369 1532 1421 ὁ
1562 1366 1688 1427 Υἱὸς
1719 1366 1815 1420 καὶ
1873 1363 1989 1435 μετ’

420 1461 632 1514 ἐκεῖνον
660 1461 720 1512 τὸ
745 1459 996 1526 Πνεῦμα,
1031 1459 1210 1530 ὀρθῶς
1236 1459 1550 1522 διαιτῶντες
1586 1459 1664 1527 τῷ
1703 1459 1866 1528 λόγῳ,
1893 1459 1991 1528 οὐχ

418 1552 493 1616 ὠς
525 1554 737 1616 ἐκεῖνός
777 1569 838 1608 τε
865 1553 962 1606 καὶ
1009 1554 1058 1608 οἱ
1088 1552 1208 1608 κατ’
1251 1552 1438 1616 αὑτὸν,
1490 1552 1659 1623 μηδὲν
1702 1551 1840 1614 ὅλως
1877 1549 1992 1602 δια-

423 1649 670 1702 στέλλειν
697 1648 924 1712 εἰδότες,
957 1648 1030 1712 ὡς
1058 1650 1118 1702 ἐν
1145 1647 1328 1711 ἄλλοις
1361 1646 1500 1717 πρὸς
1531 1647 1625 1700 τδν
1654 1645 1818 1700 αὑτοῦ
1847 1644 1992 1698 διδά-

425 1744 624 1797 σκαλον
672 1744 938 1810 Παλαμᾶν
977 1745 1282 1815 είρήκαμεν
1307 1743 1658 1812 τελεώτερον.
1701 1741 1776 1796 Τὸ
1801 1741 1860 1795 δὲ
1883 1740 1990 1793 τῶν

423 1837 748 1902 ὕπαλλήλων
779 1837 964 1907 ἀρχῶν
991 1835 1182 1897 αὐτοῦ.
1214 1835 1370 1890 λύσιν
1408 1853 1468 1890 τε
1503 1836 1596 1890 καὶ
1627 1834 1903 1888 ἀντίθεσιν
1931 1832 1991 1886 δν

423 1932 505 1998 (ού
529 1931 636 2000 γὰρ
663 1929 914 1984 Λατίνων
953 1929 980 1982 ὁ
1022 1928 1200 1999 λόγος)
1235 1929 1384 2000 αὐτῷ
1415 1929 1512 1982 καὶ
1541 1926 1786 1981 εὐθύνειν
1822 1943 1992 1980 κατα-

421 2023 704 2091 λείπομεν.
735 2021 926 2074 Καίτοι
952 2021 1048 2074 καὶ
1076 2019 1286 2090 ταύτην
1330 2023 1445 2084 τοῖς
1489 2021 1674 2084 αὐτοῖς
1702 2020 1768 2074 ἄν
1796 2037 1884 2082 τις
1911 2018 1995 2070 λό-

421 2133 541 2184 γοις
596 2113 778 2174 καλῶς
809 2112 1043 2183 ἔχουσαν
1087 2113 1276 2178 δείξει.
1322 2112 1384 2166 'H
1434 2111 1480 2166 δ’
1521 2112 1757 2180 ἀκριϐὴς
1807 2110 1992 2181 ἐκείνη

421 2209 532 2260 τῶν
557 2205 723 2260 αὑτοῦ
754 2205 932 2272 λόγων
957 2204 1249 2258 ἀκολουθία
1275 2205 1374 2257 οὐκ
1399 2200 1496 2257 οἷδ’
1531 2203 1652 2256 ὅθεν
1680 2204 1891 2264 ἕπεται,
1918 2203 1994 2264 ὼς

423 2303 473 2353 εἰ
511 2299 690 2352 πάντα
724 2298 792 2352 τά
822 2297 1099 2366 κτίσματα
1130 2297 1216 2350 διὰ
1249 2296 1342 2348 τοῦ
1389 2295 1518 2350 Υἰοῦ
1544 2314 1604 2348 τε
1639 2297 1733 2350 καὶ
1770 2295 1827 2361 ἐξ
1861 2295 1994 2348 Υἱοῦ

423 2393 670 2446 ἔκτισται
689 2390 870 2461 (τοῦτο
893 2389 1000 2458 γὰρ
1025 2389 1278 2458 σημαίνει
1294 2389 1354 2442 τὸ
1371 2389 1666 2457 γέγονεν),
1689 2387 1748 2440 τὸ
1775 2387 1994 2454 Πνεῦμα

427 2485 510 2556 μὴ
541 2484 754 2553 κτίσμα
796 2481 858 2536 ὃν
890 2482 1024 2552 μηδέ
1055 2482 1282 2550 γεγονὸς
1337 2479 1460 2534 οὔτε
1493 2479 1552 2544 ἐξ
1608 2478 1738 2532 Υἱοῦ
1777 2478 1899 2532 οὔτε
1927 2478 1992 2532 δι’

425 2577 560 2631 Tia-3
593 2577 728 2640 ὅλως
795 2576 966 2632 ἐστίν.
1029 2575 1152 2629 Εἴτε
1184 2575 1294 2645 γὰρ
1351 2575 1410 2626 ὲν
1457 2572 1700 2641 δευτέρῳ
1754 2573 1998 2642 σχήματι

424 2670 584 2724 τοῦτο
614 2669 860 2737 συνάγει,
889 2669 952 2720 ὲκ
980 2665 1076 2720 τοῦ
1139 2671 1208 2719 τὰ
1251 2667 1352 2733 μὲν
1408 2665 1684 2734 κτίσματα
1713 2668 1996 2732 γεγονέναι

424 2763 492 2818 δι’
528 2762 682 2827 Υἱοῦ,
707 2762 768 2814 τὺ
796 2761 852 2814 δὲ
889 2759 1114 2829 Πνεῦμα
1157 2758 1231 2830 μὴ
1259 2752 1400 2812 εἶναι
1427 2759 1658 2828 κτίσμα,
1689 2759 1750 2810 τὸ
1775 2757 1999 2826 Πνεῦμα

430 2856 507 2928 μὴ
541 2851 682 2910 εἶναι
729 2855 819 2908 διὰ
851 2851 948 2907 τοῦ
993 2852 1123 2906 Υίοῦ
1153 2855 1568 2922 σύμ-περαίνων,
1627 2850 1997 2917 ἀσυλλόγιστα

429 2949 832 3018 συλλογίζετσι,
870 2948 962 3000 τὸν
1019 2947 1186 3016 μέσον
1214 2947 1292 3012 (ι)
1339 2945 1404 2998 ἐκ
1441 2944 1534 2997 τοῦ
1582 2942 1890 3014 γεγονέναι
1917 2942 2000 3007 είς

428 3045 490 3097 τδ
520 3039 676 3097 εἶναι
731 3039 1106 3111 μεταμείῦων,
1141 3041 1236 3092 καὶ
1259 3039 1320 3090 τὸ
1349 3038 1427 3107 πῆ
1477 3038 1662 3100 ἁπλῶς
1715 3037 2000 3106 παρασυλ-

2091 567 2242 606 mero
2265 562 2320 606 et
2349 551 2576 606 omnino
2611 549 2722 603 duo
2749 556 2899 612 sunt,
2945 559 3176 615 prorsus
3207 553 3290 598 est
3317 558 3384 596 ex
3411 541 3657 605 duobus;

2089 643 2234 713 quod
2265 659 2394 698 vero
2417 659 2483 698 ex
2515 642 2750 696 duorum
2781 637 3148 707 quorumdam
3195 642 3412 698 natura,
3439 641 3493 687 et
3523 647 3660 701 prae-

2090 737 2276 790 sertim
2311 745 2504 789 natura
2535 735 2608 788 ita
2646 733 2946 794 intellecta,
3003 739 3064 783 ut
3113 731 3168 782 in
3222 727 3406 780 divina
3463 721 3658 778 natura

2089 826 2378 894 accipitur,
2411 839 2574 894 quam
2629 837 2792 876 unum
2851 819 3216 886 eautdemque
3253 829 3482 868 numero
3514 823 3568 866 et
3601 827 3658 866 In

2089 917 2248 970 Patre
2277 924 2333 969 et
2363 915 2498 968 Filio
2525 914 2918 968 subsistentem
2939 919 3084 965 recta
3113 907 3363 962 doctrina
3393 904 3656 964 celebrat,

2089 1021 2156 1060 ex
2188 1019 2298 1058 uno
2355 1005 2542 1060 dicere
2600 1019 2825 1058 necesse
2869 1012 2974 1056 est.
3029 1001 3218 1068 Neque
3271 998 3418 1052 enim
3477 994 3656 1048 Latini

2091 1097 2500 1168 processionem
2549 1097 2786 1166 Spiritus
2821 1111 2884 1149 ex
2935 1094 3094 1149 Patre
3142 1091 3414 1145 diversam
3467 1087 3660 1141 dicunt

2089 1203 2120 1244 a
2153 1189 2503 1259 processione
2525 1203 2590 1242 ex
2621 1187 2758 1242 Filio
2785 1186 2958 1254 (illius
2975 1184 3122 1238 enim
3147 1191 3231 1235 est
3259 1178 3404 1233 istud
3427 1189 3480 1232 et
3505 1192 3663 1230 men—

2092 1283 2164 1337 tis
2191 1283 2308 1350 ejus
2348 1279 2640 1348 inventio),
2677 1293 2868 1334 verum
2924 1291 3087 1329 unam
3124 1283 3181 1328 et
3225 1271 3513 1332 eamdem;
3557 1271 3656 1321 im-

2092 1372 2332 1428 mediate
2365 1381 2544 1426 tamen
2586 1369 2804 1439 quidem
2839 1377 2894 1422 et
2921 1365 3159 1420 mediate
3187 1378 3252 1417 ex
3301 1362 3442 1415 Filio
3490 1359 3694 1436 Spiri-ﬂ

2095 1477 2210 1520 tum
2243 1464 2418 1526 aiunt,
2470 1460 2604 1516 illud
2640 1459 2863 1530 quidem
2902 1459 2972 1513 ob
3005 1457 3272 1511 unitatem
3321 1463 3377 1506 et
3413 1453 3667 1506 idenlita-

2095 1567 2202 1612 tem
2231 1555 2458 1610 virtutis
2487 1553 2794 1622 spirativae,
2828 1549 2935 1604 hoc
2982 1565 3114 1604 vero
3143 1549 3214 1602 ob
3247 1547 3522 1608 ordinem,
3557 1559 3666 1612 quo

2095 1647 2437 1718 praeponitur
2469 1645 2656 1708 Pater,
2677 1643 2928 1711 sequitur
2952 1640 3126 1694 Filius
3153 1648 3210 1694 et
3243 1645 3509 1708 posteum
3541 1636 3670 1706 Spi-

2097 1740 2236 1795 ritus
2261 1749 2508 1802 sanctus,
2540 1745 2689 1791 recte
2725 1735 2937 1790 ratione
2980 1733 3292 1803 iudicantes
3326 1745 3433 1782 non
3470 1737 3528 1782 ut
3573 1728 3665 1782 ille

2095 1833 2302 1902 quique
2332 1831 2410 1886 illi
2442 1830 2722 1885 adhaerent
2749 1827 2904 1883 nullo
2933 1827 3094 1880 modo
3117 1823 3458 1892 distinguere
3485 1821 3669 1876 scien-

2097 1933 2203 1989 tes,
2234 1933 2296 1980 ut
2335 1923 2466 1980 alibi
2511 1923 2776 1978 adversus
2819 1921 2970 1975 illius
3019 1917 3340 1988 magistrum
3391 1915 3667 1974 Palamam

2097 2016 2386 2072 docuimus
2441 2013 2803 2069 enucleatius.
2837 2009 2994 2078 Quod
3043 2025 3176 2064 vero
3233 2008 3300 2062 ad
3345 2006 3668 2061 subalterna

2096 2107 2362 2180 principia
2397 2113 2630 2176 spectat,
2685 2119 2808 2173 quae
2847 2102 3176 2157 solutionem
3245 2108 3302 2152 et
3365 2096 3668 2152 antithesin

2097 2201 2240 2271 apud
2271 2215 2398 2255 eum
2433 2199 2642 2252 faciunt
2676 2197 2878 2265 (neque
2905 2193 3065 2256 ienim
3101 2191 3421 2245 Latinorum
3453 2197 3536 2243 cst
3566 2189 3684 2244 iste

2098 2292 2324 2360 sermo),
2371 2290 2450 2344 illi
2485 2289 2536 2343 id
2583 2287 2743 2342 etiam
2775 2285 3189 2356 dijudicandum
3249 2280 3667 2350 corrigendum-

2097 2399 2204 2454 que
2237 2381 2622 2451 relinquimus.
2657 2379 2979 2446 Quanquam
3034 2385 3090 2432 et
3138 2375 3280 2429 hanc
3332 2373 3680 2427 solutionem

2099 2475 2296 2530 iisdem
2328 2474 2486 2543 plane
2525 2471 2834 2526 rationibus
2889 2477 3036 2524 recte
3083 2466 3382 2537 procedere
3436 2463 3669 2516 demon-

2098 2568 2260 2624 strari
2295 2566 2521 2637 poterit.
2553 2567 2820 2620 Accurata
2848 2577 2980 2617 vero
3021 2562 3108 2616 illa
3159 2561 3434 2614 rationum
3473 2571 3668 2610 conse-

2099 2662 2323 2732 quentia
2365 2639 2558 2714 nescit;
2609 2657 2755 2712 unde
2789 2663 3073 2726 sequatur,
3107 2669 3211 2722 qua
3247 2652 3379 2706 dicit
3424 2669 3437 2704 :
3475 2649 3669 2719 quodsi

2099 2769 2292 2810 omnes
2323 2768 2412 2810 res
2441 2759 2642 2806 creata:
2668 2765 2768 2820 per
2790 2749 2990 2804 Filium
3017 2756 3073 2802 et
3105 2762 3170 2802 ex
3195 2745 3334 2798 Filio
3367 2756 3492 2798 sunt
3518 2759 3673 2796 crea-

2101 2855 2168 2900 L'e
2221 2845 2298 2916 (id
2353 2845 2504 2900 enim
2554 2843 2830 2912 signiﬁcat
2887 2841 3071 2894 illud:
3127 2839 3270 2908 quod
3313 2837 3510 2892 factum
3565 2836 3670 2899 est)

2101 2936 2364 3006 Spiritus,
2411 2950 2538 2990 eum
2577 2943 2972 2988 creatura‘non
3007 2932 3078 2984 sit
3107 2945 3209 2984 nec
3257 2929 3418 2982 etiam
3470 2925 3668 2984 factus.

2103 3041 2282 3096 neque
2313 3041 2378 3080 ex
2410 3023 2550 3079 Filio
2579 3038 2760 3090 neque
2795 3037 2889 3090 per
2919 3019 3119 3074 Filium
3160 3031 3385 3086 prorsus
3417 3027 3522 3070 est.
3545 3015 3674 3070 Sive

429 3108 779 3206 λογιζόμενος
803 3151 818 3166 ⁸
853 3135 964 3188 εἴτε
987 3135 1054 3205 τῇ
1089 3134 1187 3186 σὺν
1209 3131 1482 3184 ἀντιθέσει
1507 3131 1836 3199 ἀντιστροφῇ
1859 3127 1996 3198 χρῆ-

2105 3119 2250 3172 enim
2286 3117 2338 3170 in
2389 3114 2634 3170 secunda
2687 3113 2859 3182 ﬁgura
2907 3111 3012 3165 hoc
3043 3110 3274 3176 colligit,
3311 3108 3440 3160 dum
3472 3121 3536 3158 cx
3582 3121 3670 3166 eo,

429 3246 540 3294 ται,
571 3230 706 3283 ἵστω
735 3228 876 3281 πάνυ
913 3226 1010 3296 τῆς
1071 3223 1390 3286 ἀκολουθίας
1445 3221 1658 3291 ἐκείνης
1693 3224 1996 3274 ἐκπίπτων.

433 3323 588 3393 Ἔχει
613 3322 722 3390 γὰρ
752 3318 962 3380 οὕτως·
995 3317 1044 3370 εί
1074 3315 1162 3369 διὰ
1188 3314 1282 3368 τοῦ
1319 3313 1450 3366 Υἰοῦ
1475 3313 1542 3366 τὰ
1579 3313 1758 3366 πάντα
1781 3311 1999 3380 γέγονε,

429 3417 492 3472 τὸ
528 3415 604 3486 μὴ
637 3412 862 3482 γεγονὸς
884 3411 984 3464 οὐκ
1015 3409 1132 3462 ἔστι
1165 3409 1256 3462 διὰ
1275 3407 1370 3461 τοῦ
1401 3407 1534 3461 Υίοῦ
1557 3421 1572 3438 ·
1610 3407 1670 3458 τὸ
1697 3404 1757 3459 δὲ
1777 3403 2002 3474 Πνεῦμα

431 3511 493 3564 ού
528 3509 778 3578 γεγονὸς,
807 3505 906 3559 οὐκ
939 3504 1049 3573 ἄρα
1072 3501 1160 3556 διὰ
1191 3501 1285 3554 τοῦ
1318 3499 1449 3554 Υίοῦ
1495 3498 1606 3552 οὒτ’
1631 3499 1696 3552 ὲκ
1725 3497 1819 3552 τοῦ
1864 3495 2000 3564 Υἱοῢ

435 3609 606 3660 ἐστιν.
651 3601 737 3663 Ὠς
768 3595 898 3665 εὖγε
935 3597 1034 3662 τῆς
1072 3592 1238 3648 αὐτοῦ
1286 3592 1481 3660 σοφίας
1527 3589 1694 3656 sese»;
1725 3591 1738 3644 !
1771 3590 1917 3643 Ἔδει
1947 3587 2004 3642 δέ

432 3713 502 3764 γε
531 3694 624 3747 τὸν
671 3689 920 3760 τεχνικὸν
979 3687 1156 3744 εἰπεῖν
1179 3699 1196 3717 °
1228 3684 1286 3738 τὺ
1320 3684 1396 3754 μὴ
1450 3682 1675 3752 γεγονὸς
1722 3682 1781 3734 οὐ
1809 3681 2002 3749 γέγονε

431 3789 521 3843 διὰ
548 3785 642 3838 τοῦ
675 3783 828 3846 Υιοῦ,
861 3781 958 3833 καὶ
1008 3777 1182 3840 οὕτως
1226 3777 1552 3844 ἐπαγαγεῖν·
1611 3775 1724 3828 Οὐκ
1771 3773 1878 3844 ἄρα
1915 3773 2004 3826 διὰ

431 3881 528 3936 τοῦ
576 3877 704 3932 Υίοῦ
737 3875 800 3929 τὸ
853 3872 1080 3942 Πνεῦμα
1112 3869 1323 3939 γέγονε
1358 3867 1442 3938 (τὸ
1489 3868 1599 3936 γὰρ
1658 3867 1736 3936 μὴ
1781 3866 2006 3932 γεγονὸς

433 3975 570 4035 ὅλως
605 3971 728 4041 μηδ’
761 3967 822 4021 ὃν
861 3966 1070 4032 κτίσμα
1101 3961 1214 4015 οῦτ’
1243 3962 1303 4026 ἐξ
1330 3961 1462 4014 Υίοῦ
1491 3959 1611 4012 οὕτε
1637 3959 1706 4012 δι’
1735 3958 1863 4010 Υἰοῦ
1892 3955 2004 4010 οὔτ’

435 4067 494 4134 ἐξ
521 4065 680 4120 ἄλλου
707 4079 798 4113 του
837 4059 911 4130 (Ξ)
961 4058 994 4128 ἢ
1031 4055 1098 4110 δι’
1125 4055 1286 4110 ἄλλου
1315 4053 1589 4123 γέγονεν),
1638 4047 1782 4106 εἶναι
1815 4052 2006 4121 μέντοι

433 4159 529 4213 καὶ
583 4155 832 4228 προϊέναι
864 4152 940 4222 (5)
1000 4149 1202 4202 κωλύει
1257 4147 1434 4200 οὐδέν.
1472 4143 1659 4214 Τούτῳ
1695 4144 1804 4214 γὰρ
1839 4143 2005 4196 αὑτοῦ

431 4250 514 4320 τῷ
537 4249 682 4316 λόγῳ
711 4245 832 4299 οὐδὲ
862 4246 890 4297 ὁ
912 4242 1042 4304 Υἱὸς
1072 4240 1226 4294 ἔσται
1259 4240 1320 4291 ἐκ
1349 4235 1442 4289 τοῦ
1475 4235 1693 4306 Πατρός
1719 4250 1734 4265 ο
1769 4234 1840 4287 τὰ
1866 4233 2007 4286 αὐτὰ

433 4342 544 4409 γὰρ
583 4339 798 4392 ἅπαντα
835 4334 944 4385 τῶν
984 4333 1127 4398 ὅρων
1162 4328 1366 4397 ὁμοίως
1397 4327 1719 4396 τιθεμένων,
1749 4325 1820 4386 ὡς
1851 4325 2004 4395 ὁρᾷς,

436 4429 538 4482 εἰτ’
569 4429 626 4480 ἐν
656 4426 898 4493 δευτέρῳ
933 4425 1174 4492 σχήματι
1212 4422 1320 4472 εἴτε
1350 4417 1493 4471 κατὰ
1525 4417 1618 4487 τὴν
1661 4417 1758 4468 σὺν
1792 4416 2000 4469 ἀντιθέο

441 4537 526 4574 σει
551 4516 919 4587 ἀντιστροφὴν
957 4512 1244 4584 συμϐαίνει
1268 4512 1363 4564 καὶ
1387 4509 1480 4563 ἐπὶ
1508 4507 1602 4561 τοῦ
1633 4505 1786 4561 Υἰοῦ.
1821 4506 2004 4560 Πάντα

439 4615 546 4684 γὰρ
582 4614 646 4667 ὲκ
673 4610 766 4664 τοῦ
819 4609 1033 4677 Πατρδς
1071 4606 1286 4673 γέγονε,
1339 4603 1436 4656 καὶ
1465 4599 1635 4671 χωρὶς
1669 4599 1836 4654 αὖτ’Δῦ
1884 4597 2007 4664 ἐγέ-

439 4721 560 4758 νετο
599 4701 752 4756 οὐδὲν
791 4699 820 4753 ὃ
866 4699 1110 4767 γέγονεν.
1147 4692 1372 4758 Ἐπάξει
1413 4689 1512 4745 οὖν
1550 4691 1656 4752 soi;
1692 4691 1876 4757 σοςοῖς
1908 4690 2008 4742 αύ-

436 4795 532 4848 τοῦ
571 4794 779 4855 τούτοις
810 4791 1009 4858 λόγοις,
1044 4788 1119 4850 ὡς
1151 4787 1178 4840 ὃ
1208 4787 1284 4858 μὴ
1323 4785 1574 4855 γέγονεν,
1613 4783 1716 4838 οὐκ
1751 4781 1810 4846 ἐξ
1843 4779 2009 4834 αὑτοῦ

437 4889 711 4958 δήπουθεν
739 4885 820 4949 ὃν,
863 4882 1026 4936 τοῦτο
1055 4879 1102 4934 δ’
1128 4881 1277 4934 ἐστὶν
1310 4880 1339 4932 ὁ
1369 4879 1494 4942 Υἱός
1525 4877 1626 4950 (4).
1657 4875 1840 4938 Οὕτως
1884 4874 2014 4927 ἀκο-

511 5047 588 5115 (l)
625 5045 793 5099 Marc.
821 5041 859 5096 ἲ.
887 5041 974 5096 διὰ
1015 5039 1072 5094 τὸ
1104 5037 1292 5108 μέσον.

411 5139 416 5143 τ
513 5121 588 5185 (2)
629 5135 706 5170 se.
741 5131 910 5173 τινος.

2103 3209 2252 3281 quod
2299 3217 2564 3262 creatura:
2609 3215 2739 3260 sunt
2794 3203 2948 3257 facta:
2995 3217 3090 3270 per
3142 3199 3382 3262 Filium,
3434 3195 3674 3266 Spiritus

2102 3316 2238 3358 vero
2269 3307 2528 3354 creatura
2558 3311 2666 3352 non
2713 3306 2818 3356 εει,
2867 3291 3280 3348 conclusionem
3315 3288 3500 3348 infert,
3548 3285 3674 3354 Spi-

2105 3393 2272 3448 ritum
2303 3406 2411 3446 non
2438 3405 2558 3446 esse
2585 3404 2682 3458 per
2715 3385 2941 3450 Filium,
2971 3381 3428 3437 irrationabiliter
3453 3377 3677 3431 ratioci-

2103 3494 2270 3548 natur
2305 3482 2546 3538 medium
2583 3479 2878 3536 terminum
2923 3491 2988 3530 ex
3021 3475 3220 3544 factum
3251 3487 3361 3526 esse
3393 3479 3674 3524 transmu-

2107 3589 2227 3634 tans
2257 3578 2310 3631 in
2343 3593 2474 3640 esse,
2504 3585 2560 3630 et
2591 3573 2740 3644 quod
2773 3570 3078 3627 secundum
3115 3565 3246 3636 quid
3296 3575 3380 3618 est
3412 3562 3677 3630 simplici-

2108 3685 2190 3731 ter
2211 3675 2349 3730 l'also
2389 3673 2762 3737 concludens;
2809 3669 2924 3723 sive
2959 3664 3321 3721 conversione
3351 3676 3476 3715 cum
3505 3674 3678 3728 oppo-

2105 3768 2308 3823 sitione
2343 3767 2558 3830 utitur,
2615 3763 2749 3816 sciat
2785 3775 2845 3815 se
2877 3758 3066 3830 procul
3091 3771 3094 3774 ·
3116 3755 3184 3810 ab
3214 3755 3302 3808 illa
3331 3765 3676 3817 consequen-

2109 3860 2182 3914 tia
2227 3859 2501 3912 excidere.
2557 3856 2636 3910 lta
2674 3853 2821 3908 enim
2873 3867 2930 3906 se
2969 3850 3132 3903 habet
3178 3847 3279 3902 :Si
3329 3861 3426 3914 per
3473 3845 3674 3898 Filium

2108 3952 2291 4007 omnia
2329 3949 2469 4003 facta
2519 3955 2667 4008 sunt,
2704 3943 2849 4012 quod
2887 3957 2995 3996 non
3039 3951 3123 3994 est
3184 3939 3387 3992 factum
3434 3951 3542 3989 non
3591 3947 3679 3989 est

2108 4059 2206 4112 per
2241 4040 2476 4104 Filium;
2515 4037 2753 4106 Spiritus
2798 4041 2980 4087 autem
3015 4047 3119 4084 non
3167 4040 3253 4083 est
3294 4032 3504 4091 factus;
3547 4041 3677 4094 ergo

2107 4149 2216 4189 neu
2255 4140 2340 4188 est
2368 4147 2465 4201 per
2492 4129 2691 4184 Filium
2727 4127 2813 4180 vel
2843 4141 2910 4178 ex
2955 4123 3114 4176 Filio.
3150 4121 3303 4185 Quod
3336 4128 3677 4187 quanwpere

2107 4239 2192 4285 est
2220 4229 2339 4298 ejus
2371 4224 2639 4294 sapientia
2689 4217 2950 4290 dignum!
3005 4214 3306 4285 Oportebat
3342 4214 3490 4266 enim
3543 4211 3680 4262 artis

2110 4320 2348 4389 peritum
2397 4316 2630 4370 dicere:
2667 4310 2823 4377 Quod
2869 4323 2978 4362 non
3027 4315 3112 4358 est
3143 4304 3346 4356 factum
3375 4341 3390 4360 ,
3439 4313 3548 4352 non
3592 4306 3679 4349 est

2111 4412 2310 4464 factum
2347 4423 2444 4474 per
2489 4405 2706 4468 Filium,
2741 4409 2797 4456 et
2845 4399 2924 4454 sic
2965 4397 3170 4452 inferre
3204 4409 3220 4447 :
3251 4393 3370 4446 Non
3401 4404 3534 4458 ergo
3581 4402 3680 4455 per

2110 4497 2312 4560 Filium
2341 4497 2583 4568 Spiritus
2607 4497 2782 4564 [actus
2815 4501 2921 4546 est.
2941 4487 3116 4556 (Quod
3143 4485 3290 4538 enim
3313 4496 3418 4534 non
3451 4479 3674 4533 factum.

2111 4607 2340 4664 prorsus
2391 4605 2501 4644 non
2551 4595 2799 4643 creatum
2827 4583 3129 4640 exsistens.
3171 4591 3274 4630 nec
3311 4589 3378 4628 ex
3411 4570 3549 4624 Filio
3579 4581 3686 4622 nec

2113 4699 2214 4756 per
2240 4681 2440 4737 Filium
2487 4695 2590 4735 nec
2641 4693 2740 4749 per
2783 4677 2949 4730 alium
2979 4669 3294 4742 quempiam
3331 4663 3418 4719 vel
3453 4677 3516 4716 es
3573 4659 3686 4713 alio

2112 4778 2320 4832 factum
2346 4777 2474 4844 est.)
2503 4771 2638 4828 Esse
2670 4781 2853 4825 tamen
2881 4774 2938 4821 et
2978 4762 3201 4834 prodire
3257 4757 3404 4812 nulla
3442 4769 3500 4808 re
3553 4768 3688 4822 pro—

2113 4872 2343 4927 hibentc
2373 4875 2575 4940 potest.
2613 4865 2729 4920 lloc
2765 4874 3001 4930 namque
3036 4857 3154 4924 ejus
3185 4849 3474 4906 ratiocinio
3505 4857 3686 4913 neque

2193 5024 2272 5093 (5)
2314 5021 2422 5074 Καὶ
2449 5017 2601 5075 addit
2651 5024 2778 5088 post
2810 5013 3057 5084 προϊέναι
3087 5007 3234 5062 Mon.
3265 5005 3356 5071 Ξῖ,
3391 5002 3429 5057 ι.
3465 4999 3594 5054 τεο.

514 5181 590 5283 (4)
642 5211 692 5264 lu
733 5208 879 5262 Men.
905 5213 962 5260 et
993 5204 1048 5258 in
1075 5201 1242 5258 Marc.
1275 5197 1341 5256 ad
1369 5197 1676 5268 marginem
1712 5191 1988 5261 adscripta
2017 5195 2103 5244 est
2135 5185 2253 5240 haec
2286 5181 2454 5251 ﬁgura
2484 5193 2500 5232 :

1884 5312 1954 5368 τὰ
1985 5308 2250 5378 γεγονότα

1804 5453 1892 5508 διὰ
1919 5451 2010 5504 τοῦ

1857 5591 1989 5648 Υἱοῦ

2205 5383 2242 5432 Δ

2213 5454 2246 5503 8

2204 5521 2264 5570 τὸ

2077 5595 2114 5715 ἓ
2213 5586 2442 5659 Πνεῦμα

445 5777 649 5836 Dcinic
691 5775 891 5849 legitur
927 5793 938 5831 :
977 5773 1069 5829 Ἐκ
1107 5769 1296 5826 τούτου
1345 5766 1438 5822 τοῦ
1493 5761 1852 5834 συλλογισμοῦ
1904 5755 2192 5826 συνάγεται
2234 5753 2294 5808 τό
2337 5749 2558 5820 Πνεῦμα
2609 5741 2682 5814 μὴ
2735 5733 3046 5812 γεγονέναι
3091 5731 3177 5788 διὰ
3211 5725 3301 5782 τοῦ
3340 5725 3495 5782 Υίον.
3535 5721 3685 5782 Ὀδά
