4132 6438
386 445 495 509 453

1428 438 2164 504 ΠΕΡΗΤΑΤΙΟΜΑΠΟΙ
2211 439 2597 501 EPHESINI.

3546 441 3647 507 154

462 565 530 620 α’.
568 567 661 618 Δεῖ
700 562 880 616 τοίνυν
929 564 1124 616 εἰδέναι
1165 562 1270 635 (1),
1299 562 1396 633 τὴν
1427 563 1631 633 ἀκριϐῆ
1658 579 1716 615 τε
1752 562 1846 616 καὶ
1872 563 1962 631 ὀρ-

2140 560 2182 615 1.
2245 559 2397 614 Scire
2447 574 2579 629 ergo
2624 564 2863 628 oportet,
2924 567 3240 614 accuratam
3301 575 3365 615 ac
3440 571 3646 616 rectam

390 660 489 727 θὴν
518 657 627 710 τῶν
658 655 1004 725 Χριστιανῶν
1055 655 1421 727 θεολογίανὲν
1475 656 1542 725 τῇ
1594 654 1716 725 θείᾳ
1774 654 1965 723 Τριὰδι

392 749 563 819 μηδὲν
599 747 728 801 ἄλλο
769 748 923 815 παρὰ
976 748 1075 817 τὴν
1110 746 1262 800 θείαν
1310 746 1502 799 οὐσίαν
1554 747 1649 800 καὶ
1688 745 1786 807 τὰς
1831 747 1968 797 ἀπο.

390 844 610 903 στάσεις
650 841 833 894 εῖτουν
875 843 1147 911 πρόσωπα
1176 840 1407 893 τιθέναι·
1456 842 1549 891 καὶ
1578 840 1677 901 τὰς
1705 840 1804 908 μὲν
1835 839 1969 892 ὑπο-

390 935 610 993 στάσεις
629 934 779 1003 τρεῖς
804 932 1023 1003 ἀριθμῷ
1042 933 1134 986 καὶ
1159 934 1335 1000 πάντη
1359 932 1786 1000 διακεκριμένας
1808 932 1967 1000 ἀλλή-

388 1024 516 1084 λων,
555 1024 655 1093 τὴν
692 1026 748 1077 δὲ
792 1024 944 1077 θείαν
985 1024 1176 1077 οὐσίαν
1209 1024 1339 1091 μίαν
1383 1023 1481 1093 μὲν
1517 1026 1609 1077 καὶ
1644 1024 1743 1092 τὴν
1794 1024 1967 1093 αὐτὴν

389 1116 632 1184 ἀριθμῷ,
661 1116 852 1187 κοινήν
883 1133 942 1167 τε
984 1116 1077 1168 καὶ
1128 1115 1467 1184 ἑνικωτάτην
1516 1117 1574 1168 ὲν
1611 1118 1725 1178 τοῖς
1763 1116 1964 1187 τρισὶν,

387 1210 446 1259 ἑν
490 1207 716 1277 ἑκάστῳ
746 1224 804 1259 τε
853 1207 961 1260 τῶν
992 1208 1161 1275 τριῶν
1220 1207 1532 1277 προσώπων
1590 1208 1967 1277 ὗφεστηκυῖαν

387 1298 699 1365 ὁμολογεῖν,
755 1298 853 1366 τὴν
882 1301 1054 1368 αὐτήν
1092 1317 1151 1352 τε
1206 1301 1495 1370 πράγματι
1553 1300 1673 1368 μεθ’
1727 1301 1968 1370 ἑκάστης

386 1390 497 1441 τῶν
530 1390 893 1443 ὑποστάσεων
952 1388 1118 1444 οὖσαν
1159 1392 1301 1459 λόγῳ
1344 1392 1727 1459 διακρίνεσθαι
1780 1393 1963 1461 μόνον,

386 1485 650 1547 ἐναντίως
691 1484 833 1554 ἢὲφ’
874 1485 1050 1554 ἡμῶν.
1097 1486 1161 1538 Ἦ
1207 1487 1314 1554 γὰρ
1356 1487 1508 1554 κοινὴ
1559 1488 1617 1539 ὲν
1653 1488 1831 1556 τρισὶν
1873 1489 1966 1539 ἀν-

387 1577 631 1643 θρώποις
658 1577 976 1646 ἀνθρωπίνη
1000 1576 1173 1629 εοὺσία
1215 1576 1314 1628 εἴτ’
1364 1578 1725 1644 ἁνθρωπότης
1760 1576 1856 1645 μία
1886 1578 1965 1648 τῷ

386 1667 518 1719 εῖδει
551 1666 684 1719 οὖσα
708 1669 859 1733 τρεῖς
888 1668 1005 1719 ἐστι
1037 1667 1315 1737 τάριθμῷ,
1351 1667 1433 1720 διὸ
1467 1668 1559 1719 καὶ
1585 1668 1732 1737 τρεῖς
1756 1667 1967 1735 ἄνθρω-

387 1774 479 1809 ποι
509 1773 522 1787 °
555 1760 675 1811 ἐκεῖ
698 1758 754 1809 δὲ
788 1758 886 1826 μία
916 1756 1175 1826 τάριθμῷ
1201 1759 1295 1812 καὶ
1322 1758 1507 1827 ἄκρως
1534 1758 1630 1825 μία
1658 1758 1689 1825 ἠ
1722 1757 1843 1809 θεία
1874 1757 1966 1809 οὖ-

389 1851 505 1916 σά,
538 1850 717 1903 εῐτουν
772 1847 987 1917 θεότης,
1012 1850 1108 1901 καὶ
1138 1847 1228 1900 διὰ
1260 1846 1420 1900 τοῦτο
1466 1843 1546 1909 εἷς
1574 1847 1706 1909 Θεὸς
1740 1847 1809 1899 τὰ
1837 1847 1962 1916 τρία

387 1943 495 1994 εἰσὶ
524 1941 814 2011 πρόσωπα.
839 1940 1058 2002 -Οὑσίας
1088 1939 1147 1992 δὲ
1174 1941 1266 1992 καὶ
1291 1940 1602 2009 προσώπων
1640 1939 1700 1991 ὲν
1737 1940 1802 2008 τῇ
1844 1938 1965 2008 θείᾳ

390 2035 582 2105 Τριὰδι
628 2029 1052 2104 θεωρουμένων,
1090 2032 1165 2096 ὡς
1223 2034 1464 2102 εἴρηται,
1511 2032 1640 2085 εῐτι
1694 2032 1787 2086 καὶ
1837 2031 1963 2085 ἄλλο

385 2132 515 2199 περὶ
562 2129 732 2197 αὐτῆς
771 2129 866 2180 κα)⁷
926 2126 1161 2197 μάλιστα
1216 2126 1353 2196 πρὸς
1384 2127 1556 2195 αὐτὴν
1589 2126 1672 2195 (2)
1721 2124 1962 2193 λέγεται,

385 2224 453 2290 τῇ
483 2220 644 2291 οὐσίᾳ
664 2223 750 2282 ,είς
777 2219 976 2272 ταυτὸν
1012 2221 1171 2288 ἣκειν
1206 2222 1302 2272 καὶ
1326 2222 1525 2272 ταυτὸν
1553 2221 1695 2290 αὐτῇ
1730 2221 1965 2288 πρᾶγμα

388 2313 683 2379 σημαίνειν
721 2310 801 2380 τῷ
853 2309 997 2379 λόγῳ
1045 2310 1379 2380 διαφέροντα
1411 2308 1487 2378 (5)
1519 2308 1699 2379 μόνον.
1734 2309 1815 2362 Τὰ
1863 2309 1962 2378 μὲν

388 2405 497 2472 γὰρ
526 2402 636 2455 τῶν
662 2403 963 2471 ὀνομάτων
1002 2402 1111 2454 τῶν
1152 2403 1313 2455 θείων
1366 2401 1752 2469 ἀπολελυμένα
1798 2418 1854 2453 τε
1884 2396 1964 2454 εῖ-

387 2512 473 2549 ναι
506 2496 582 2563 (4)
629 2495 721 2547 καὶ
775 2494 1092 2561 τελειότητα
1134 2494 1492 2563 σημαίνοντα,
1522 2491 1557 2545 ἃ
1590 2491 1845 2562 καὶπρὸς
1895 2494 1964 2547 τὲ

386 2588 516 2641 εἴσω
549 2589 790 2654 λέγεται,
820 2588 888 2638 τὰ
927 2585 995 2638 δι’
1028 2583 1093 2639 αὖ
1142 2585 1364 2653 λέγεται
1399 2584 1535 2655 πρὸς
1576 2589 1643 2638 τὰ
1693 2585 1819 2650 ἔξω,
1850 2581 1963 2639 οἷον

385 2678 615 2747 ἀγαθὸν,
650 2678 831 2746 σοφὸν,
874 2676 988 2746 ζωὴ
1018 2677 1111 2726 καὶ
1143 2677 1541 2746 προνοητὴςηβ)
1572 2678 1668 2729 καὶ
1705 2679 1773 2729 τὰ
1802 2677 1960 2742 ἄλλα,

385 2773 483 2825 ὅσα
518 2772 594 2841 (6)
627 2770 942 2840 τελειότητα
988 2770 1264 2838 σημαίνει.
1311 2768 1452 2839 Πρὸς
1493 2768 1693 2840 ἑαυτὴν
1742 2769 1963 2837 λέγεται

384 2868 418 2935 ἡ
462 2864 709 2933 μακαρία
751 2863 844 2916 καὶ
884 2862 1004 2915 Θεία
1034 2863 1192 2915 οὐσία
1222 2878 1280 2913 τε
1321 2862 1417 2915 καὶ
1450 2860 1642 2932 Τριὰς,
1685 2863 1961 2933 μηδεμιᾶς

386 2956 523 3028 πρὸς
558 2956 627 3008 τὰ
655 2954 758 3018 ἔξω
790 2953 1030 3023 σχέσεως
1080 2953 1403 3023 νοουμένης.
1433 2945 1537 3005 Ὧν
1570 2954 1639 3007 τὰ
1689 2953 1791 3022 μὲν
1822 2956 1962 3009 εἰσὶν

384 3047 641 3117 οὐσιώδη,
679 3047 753 3110 ὡς
787 3048 973 3117 σοφία,
1034 3046 1147 3116 ζωὴ
1177 3048 1272 3100 καὶ
1321 3046 1393 3099 τὰ
1418 3048 1605 3115 ὃμοια,
1656 3048 1725 3100 τὰ
1749 3046 1807 3099 δὲ
1852 3048 1960 3102 τῶν

385 3139 696 3211 προσώπων
744 3138 1129 3209 γνωρίσματα,
1174 3137 1249 3200 ὡς
1304 3139 1601 3208 πατρότης,
1657 3138 1959 3207 ἀγεννησία

384 3234 480 3287 καὶ
509 3232 562 3285 εἴ
590 3250 643 3285 τι
673 3230 766 3285 τοῦ
794 3232 985 3302 ὁμοίου
1019 3234 1323 3301 σχήματος.
1361 3232 1403 3282 Τ
1407 3232 1483 3283 ὠν
1515 3230 1560 3285 δ’
1586 3231 1864 3285 οὐσιωδῶν
1891 3232 1959 3286 τὰ

386 3324 485 3393 μὲν
516 3324 666 3375 θέσιν
703 3324 1015 3392 σημαίνειν,
1042 3322 1119 3386 ὡς
1148 3324 1209 3377 τὸ
1239 3323 1404 3392 σοφός
1436 3340 1497 3376 τε
1522 3324 1617 3378 καὶ
1644 3324 1870 3392 ἀγαθὸς,
1893 3326 1960 3377 τὰ

382 3414 424 3465 δ’
456 3414 614 3481 ἄρσιν
646 3412 747 3483 (7),
777 3412 852 3474 ὡς
891 3413 953 3465 τὸ
978 3413 1254 3483 ἄφθαρτος
1285 3414 1377 3465 καὶ
1405 3411 1673 3478 ἀθάνατος
1692 3430 1707 3446 ⁸
1731 3415 1827 3468 καὶ
1854 3414 1963 3467 τῶν

384 3505 764 3574 σημαινόντων
788 3504 938 3557 θέσιν
965 3503 997 3557 ἃ
1027 3506 1125 3574 μὲν
1159 3503 1509 3558 ἀποδίδοσθαι
1566 3505 1667 3576 μέν
1694 3522 1803 3559 τινι
1828 3523 1965 3575 προ-

380 3595 515 3665 ώπῳ
557 3596 687 3664 tota,
715 3596 776 3649 οὐ
811 3597 995 3664 μέντοι
1025 3597 1192 3650 αὑτοῦ
1239 3598 1345 3650 [δια
1393 3593 1534 3653 εἶναι
1571 3601 1625 3670 (ἡ
1672 3600 1780 3669 γὰρ
1837 3615 1963 3653 σοσ-

379 3686 477 3753 φία
528 3685 847 3741 ἀποδίδοται
901 3688 1000 3756 μὲν
1024 3687 1138 3756 ίδία
1172 3688 1252 3761 τῷ
1300 3687 1413 3757 Υίῷ
1458 3692 1518 3743 οὑ
1553 3691 1741 3761 μέντοι
1790 3688 1957 3745 αὐτοῦ

376 3779 528 3831 ἐστιν
583 3779 751 3845 ίδιον,
810 3779 993 3833 κοινὸν
1046 3781 1196 3853 πάσῃ
1262 3786 1328 3853 τῇ
1390 3784 1579 3853 Τριάδι
1655 3784 1904 3855 ὑπάρχον
1937 3799 1954 3817 ·

374 3870 578 3939 ὁμοίως
631 3872 785 3942 καὶὴ
840 3872 1030 3943 ἀγάπη
1083 3872 1306 3927 ἀποδιδο
1358 3874 1498 3946 μένη
1549 3874 1627 3945 τῷ
1678 3874 1959 3946 Πνεύματι

373 3960 449 4031 τῷ
494 3963 638 4032 ἁγίῳ
682 3963 835 4018 οὐδὲν
884 3960 1047 4034 ἦττον
1124 3963 1222 4015 καὶ⁹
1270 3964 1415 4018 κατὰ
1492 3961 1674 4034 πάσης
1736 3961 1957 4032 λέγεται

445 4122 522 4193 (1)
565 4124 778 4179 Monac.
810 4120 849 4176 I'.
878 4121 983 4178 227
1011 4139 1061 4178 a.
1090 4119 1350 4180 Mendose
1378 4138 1393 4177 :
1426 4121 1626 4177 ὲδέναι.

443 4195 520 4261 (21
555 4195 677 4264 Men
703 4195 772 4247 ‘27
795 4194 831 4246 Γ.
861 4194 997 4248 227a
1034 4213 1047 4248 :
1074 4195 1299 4264 ἑαυτήν.

449 4264 527 4333 (⁵5)
551 4263 639 4319 Sic
669 4264 851 4327 coild.,
885 4264 1084 4319 melius
1112 4263 1398 4334 διαφέρον.

444 4332 522 4406 (4)
552 4334 809 4389 lntinitivi
861 4335 1171 4405 dependent
1201 4332 1232 4388 ε
1261 4332 1532 4405 superiori
1582 4332 1664 4388 δεῖ
1717 4333 1938 4392 εἰδέναι.

442 4488 517 4560 (a)
569 4486 709 4544 Vide
769 4486 1071 4553 Petavium,
1101 4484 1180 4544 De
1211 4487 1371 4544 Trin.
1406 4504 1478 4556 tv,
1510 4486 1750 4545 Prooem.
1786 4503 1843 4543 n.
1872 4486 1932 4543 2.

372 4576 515 4697 solli)
547 4627 684 4681 Vide
731 4625 1113 4682 deﬁnitionem
1170 4642 1329 4683 conc.
1385 4644 1439 4683 tv
1483 4628 1669 4684 Later.
1700 4628 1942 4695 11.1215,

370 4715 490 4769 cap.
543 4698 600 4764 2,
651 4697 1005 4766 Dumnamus,
1038 4698 1113 4753 De
1146 4713 1361 4753 summa
1389 4698 1694 4766 Trinitate;
1744 4709 1801 4756 et
1824 4700 1942 4755 Au-

370 4862 494 4916 Iiter
529 4862 745 4934 positis.
770 4881 787 4914 ι
829 4862 1324 4934 δγιίοεὶεηιυείοιοίι
1357 4880 1371 4918 :

2069 651 2510 707 Christianorum
2542 650 2872 721 theologiam
2927 650 2980 703 in
3030 651 3218 705 divina
3274 652 3478 708 Triade
3511 655 3647 710 nihil

2068 743 2215 798 aliud
2248 753 2443 813 prmter
2481 744 2722 797 divinam
2772 743 3067 797 essentiam
3111 754 3163 797 et
3191 750 3519 813 hypostases
3548 763 3647 801 seu

2068 851 2330 904 personas
2388 850 2628 905 ponere;
2689 844 2744 887 et
2794 834 3115 904 hypostases
3145 836 3367 903 quidem
3404 844 3515 892 tres
3548 855 3649 891 nu-

2067 945 2218 983 mero
2275 940 2331 983 et
2387 930 2617 984 omnino
2671 930 2740 984 ab
2785 930 3026 983 invicem
3057 929 3371 995 distinctas,
3402 932 3647 988 divinam

2067 1037 2200 1077 vero
2242 1022 2537 1077 essentiam
2598 1036 2759 1075 unam
2787 1023 3152 1091 eamdemque
3207 1039 3465 1087 numero,
3498 1041 3649 1079 com—

2032 1174 2035 1177 _
2068 1131 2291 1171 munem
2320 1126 2381 1170 et
2411 1116 2645 1170 maxime
2671 1116 2889 1169 unicam
2924 1117 2977 1170 in
3019 1116 3126 1170 illis
3158 1118 3356 1181 tribus,
3385 1119 3437 1171 in
3460 1120 3647 1189 singu-

2066 1209 2137 1263 lis
2162 1224 2296 1263 vero
2329 1210 2491 1262 trium
2540 1223 2906 1276 personarum
2943 1208 3334 1263 subsistentem
3366 1212 3643 1271 euntitcri.

2067 1317 2297 1371 eamque
2361 1303 2671 1355 secundum
2738 1316 2853 1356 rem
2910 1317 3035 1356 cum
3097 1318 3426 1370 unaquaque
3474 1303 3649 1371 hypo-

2068 1395 2200 1450 stasi
2257 1396 2505 1451 eamdem
2543 1410 2683 1460 esse,
2725 1410 2790 1449 ac
2838 1393 3337 1479 ratinnc’duntaxat
3382 1393 3646 1461 distingui

2068 1486 2169 1556 (a),
2238 1496 2429 1541 contra
2479 1502 2644 1557 quam
2701 1486 2755 1539 in
2795 1485 2956 1539 nobis
3011 1494 3118 1539 est.
3156 1485 3369 1537 Etenim
3401 1500 3651 1538 commu-

2068 1580 2266 1634 nis'in
2321 1580 2499 1635 tribus
2564 1578 2887 1633 hominibus
2937 1578 3177 1632 humana
3235 1576 3475 1631 essentia
3548 1592 3648 1629 seu

2067 1672 2383 1726 humanitas
2437 1686 2563 1726 cum
2612 1687 2717 1725 una
2761 1671 2831 1725 sit
2861 1672 3068 1740 specie,
3106 1679 3216 1724 tres
3241 1684 3474 1723 numero
3496 1677 3647 1731 sunt,

2068 1765 2277 1819 idcirco
2333 1774 2390 1820 et
2450 1772 2562 1820 tres
2610 1765 2863 1819 homines
2897 1764 2995 1834 (li),
3032 1763 3145 1818 illic
3182 1772 3366 1816 autem
3404 1778 3509 1816 una
3546 1778 3651 1815 nu-

2069 1872 2223 1912 mero
2275 1865 2330 1911 et
2386 1872 2741 1927 summopere
2796 1872 2906 1910 una
2965 1864 3049 1910 est
3073 1856 3255 1910 divina
3279 1856 3519 1910 essentia
3548 1870 3647 1909 seu

2066 1948 2263 2013 deitas,
2314 1949 2523 2004 idcirco
2574 1965 2718 2005 unus
2752 1950 2897 2004 Deus
2934 1959 3042 2004 tres
3068 1963 3315 2018 personae
3335 1957 3484 2003 sunt.
3508 1947 3647 2002 Cum

2066 2056 2219 2105 vero,
2252 2041 2333 2094 uti
2370 2041 2579 2096 dictum
2603 2051 2708 2107 est,
2736 2042 2975 2095 essentia
3023 2050 3078 2095 et
3108 2056 3353 2111 persona:
3384 2041 3437 2094 in
3463 2040 3647 2095 divina

2066 2131 2338 2187 Trinitate
2388 2134 2841 2200 considerenlur,
2898 2135 2941 2188 si
2979 2134 3110 2202 quid
3142 2133 3290 2187 aliud
3315 2145 3370 2189 et
3392 2132 3538 2187 circa
3566 2133 3648 2202 ip-

2066 2240 2179 2280 sam
2216 2232 2274 2282 et
2301 2226 2538 2283 maxime
2571 2227 2637 2282 ad
2671 2228 2844 2297 ipsam
2903 2227 3131 2292 dicitur,
3163 2240 3287 2280 cum
3317 2226 3557 2281 essentia
3589 2225 3646 2279 in

2064 2317 2210 2373 idem
2267 2320 2466 2374 recidit
2528 2318 2891 2387 eamdemque
2944 2334 3068 2373 cum
3107 2333 3170 2373 ea
3202 2332 3316 2371 rem
3348 2316 3643 2387 signiﬁcat,

2062 2416 2120 2465 et
2146 2410 2323 2465 solum
2351 2409 2654 2465 secundum
2690 2410 2956 2463 rationem
3011 2407 3301 2462 din‘erunt.
3342 2406 3476 2462 Nam
3504 2406 3648 2460 divi-

2064 2517 2260 2557 norum
2322 2503 2607 2557 nominum
2669 2502 2775 2558 alia
2828 2501 3076 2557 absoluta
3118 2507 3248 2555 sunt
3275 2508 3330 2554 et
3355 2497 3648 2569 perfectio-

2063 2608 2188 2648 nem
2248 2593 2591 2654 denotantia.
2644 2609 2764 2664 quae
2806 2594 2978 2647 etiam
3019 2590 3086 2646 ad
3147 2591 3291 2645 intra
3344 2590 3641 2658 dicuntur;

2064 2682 2168 2737 alia
2221 2698 2352 2737 vero
2409 2698 2630 2737 rursum
2686 2683 2750 2735 ad
2806 2690 2958 2736 extra
3007 2680 3292 2745 dicuntur,
3325 2686 3385 2735 ut
3411 2679 3640 2744 bonum,

2064 2773 2313 2843 sapiens,
2363 2774 2498 2839 vita,
2524 2774 2824 2841 providens
2853 2783 2909 2829 et
2935 2784 3163 2829 caeteras
3188 2788 3309 2842 qua:
3341 2771 3648 2842 perfectio-

2064 2882 2191 2921 nem
2248 2867 2579 2937 signiticant.
2637 2865 2719 2920 Ad
2754 2880 2813 2920 se
2856 2866 3033 2935 ipsam
3058 2864 3263 2919 dicitur
3288 2863 3448 2917 beata
3472 2874 3527 2917 et
3561 2861 3646 2917 di-

2064 2959 2190 3013 vina
2226 2957 2463 3013 essentia
2491 2966 2551 3012 et
2577 2956 2821 3011 Trinitas
2852 2956 3005 3010 nulla
3038 2955 3104 3010 ad
3129 2963 3289 3011 extra
3325 2953 3646 3009 habitudine

2063 3050 2362 3106 intellecta.
2413 3047 2664 3115 Quorum
2708 3048 2826 3103 hmc
2875 3047 3096 3117 quidem
3138 3046 3461 3102 essentialia
3491 3052 3643 3112 sunt,

2065 3149 2123 3195 ut
2164 3140 2461 3211 sapientia,
2505 3141 2616 3194 vita
2651 3148 2706 3195 et
2730 3138 2952 3205 similia,
2985 3139 3092 3194 alia
3122 3154 3253 3194 vero
3278 3152 3644 3209 personarum

2063 3243 2304 3299 tesserae,
2333 3242 2394 3288 ut
2423 3233 2745 3303 patemitas,
2773 3232 3172 3288 innascibilitas
3196 3243 3251 3289 et
3280 3232 3323 3285 si
3345 3230 3475 3301 quid
3499 3232 3647 3301 ejus-

2064 3325 2236 3379 modi.
2267 3325 2421 3390 Quod
2451 3324 2519 3379 ad
2552 3326 2872 3380 essentialia
2926 3327 3146 3392 attinet,
3176 3324 3281 3379 alia
3311 3324 3642 3394 positionem

2063 3415 2397 3486 signiﬁcant,
2455 3423 2517 3469 nt
2580 3415 2801 3485 sapiens
2822 3424 2876 3470 et
2903 3417 3103 3482 bonus,
3131 3416 3237 3471 alia
3266 3418 3641 3487 negationem,

2066 3511 2127 3559 ut
2189 3502 2629 3573 ineorruptihilis
2685 3514 2744 3561 et
2803 3503 3152 3561 immortalis.
3211 3505 3279 3561 Et
3309 3521 3378 3561 ex
3421 3506 3488 3561 iis
3520 3520 3645 3577 qua:

2065 3597 2395 3667 positionem
2422 3611 2520 3651 seu
2548 3596 2969 3653 afﬁrmationcm
3025 3597 3357 3668 signiﬁcant,
3384 3598 3490 3653 alia
3518 3600 3647 3669 qui-

2064 3689 2187 3744 dem
2218 3689 2308 3745 uni
2334 3704 2583 3760 persona:
2614 3691 3000 3747 attribuuntur
3021 3692 3278 3757 seorsiin,
3310 3706 3419 3746 non
3458 3700 3641 3746 tamen

2064 3780 2241 3852 ipsius
2292 3790 2422 3836 sunt
2478 3782 2705 3852 propria
2756 3783 3047 3854 (sapientia
3107 3784 3255 3838 enim
3314 3783 3644 3840 attribuitur

2065 3872 2286 3943 quidem
2337 3872 2477 3928 Filio
2544 3875 2796 3942 seorsim,
2847 3890 2957 3929 non
2990 3884 3172 3930 tamen
3197 3874 3372 3946 ipsius
3394 3883 3481 3931 est
3510 3888 3642 3945 pro-

2066 3964 2273 4034 prium,
2349 3977 2477 4019 cum
2534 3964 2803 4020 universa:
2866 3964 3128 4021 Trinitati
3189 3979 3485 4022 commune
3531 3965 3640 4033 sit;

2127 4125 2209 4197 (5)
2237 4123 2509 4197 Kainpov
2531 4163 2548 4181 .
2580 4126 2913 4184 Addidimus
2947 4142 3015 4185 ex
3042 4124 3207 4181 Maso.
3239 4125 3277 4180 l'.
3315 4125 3386 4179 62
3406 4141 3473 4197 7a.

2126 4195 2201 4269 (6)
2230 4196 2288 4269 In
2321 4195 2598 4269 Marciano
2623 4197 2917 4267 posteriori
2948 4212 3111 4253 manu
3144 4198 3365 4251 additur
3393 4196 3473 4252 δέ.

2133 4267 2224 4339 (7)
2240 4267 2389 4322 Fort.
2452 4267 2707 4339 ἄρνησιν.

2043 4489 2351 4561 gustinum.
2373 4490 2412 4546 1.
2442 4507 2542 4556 vn,
2604 4493 2685 4549 De
2743 4493 3042 4551 Trinitate.
3075 4511 3128 4553 c.
3158 4496 3215 4552 b.
3252 4496 3487 4558 Uberius
3514 4499 3643 4557 illu-

2052 4559 2191 4642 SIrat
2212 4559 2595 4642 differentiam
2640 4566 2898 4642 humanae
2914 4575 2969 4619 et
2988 4566 3188 4642 divina:
3215 4578 3425 4642 natura:
3458 4573 3639 4642 quoad

2050 4630 2339 4755 Enistatem.
2369 4632 2528 4689 Juan.
2561 4634 2836 4703 Damasc.,
2866 4636 2942 4691 De
2992 4637 3098 4693 llde
3141 4630 3545 4712 orthodoxaﬂ.
3597 4659 3636 4707 ι,

1406 4864 1729 4941 Quaaﬂl'acla
1774 4875 1905 4919 sunt
1933 4879 2002 4919 ex
2048 4866 2206 4941 Patre
2237 4864 2377 4941 facta
2411 4872 2576 4941 sunt“;
2603 4863 2919 4941 sed_lii|ins
2964 4882 3072 4923 non
3106 4877 3193 4924 est
3238 4868 3453 4938 factus;
3506 4886 3642 4941 ergo

369 4933 796 5015 non_est.faetus
819 4933 886 4987 ex
920 4933 1097 5015 Patre.
1130 4952 1148 4984 ι
1187 4933 1499 4989 Secundum
1518 4934 1989 5015 Ephesium-ymo
2020 4936 2383 4990 concludetur
2413 4950 2429 4987 :
2474 4953 2492 4985 ι
2525 4934 2669 5006 Ergo
2704 4933 2878 4993 Filius
2908 4954 3017 4994 non
3048 4949 3135 4997 est
3175 4955 3244 4996 ex
3274 4933 3459 5009 Patre,
3493 4933 3639 5013 quod

367 5013 452 5057 est
487 5005 756 5074 impium;
790 5019 903 5058 non
935 5002 1139 5057 factum
1190 5019 1322 5059 vero
1355 5020 1475 5060 esse
1514 5002 1715 5059 Filium
1743 5021 1810 5060 ex
1835 5005 1994 5060 Patre
2022 5021 2213 5061 verum
2240 5017 2346 5063 est.
2394 5023 2413 5057 ι

442 5119 692 5174 Alterum
718 5120 943 5175 schema
976 5120 1232 5176 vitiosam
1267 5118 1433 5175 Marci
1465 5120 1941 5176 ratiocinationem
1976 5118 2384 5195 repraesentans
2424 5127 2531 5183 tale
2560 5138 2643 5184 est
2672 5146 2691 5184 :

1376 5228 1487 5267 non
1530 5212 1733 5267 factum

566 5213 609 5268 si
644 5227 740 5283 per
781 5211 982 5283 Filium

1246 5298 1358 5339 non
1403 5294 1486 5338 est
1512 5298 1613 5353 per
1645 5281 1850 5338 Filium
1906 5321 1914 5327 ς

582 5282 767 5338 omnia
818 5282 959 5337 facta

2186 5285 2198 5298 .
2270 5216 2513 5298 Spiritus
2546 5234 2657 5276 non

3015 5237 3124 5277 non
3166 5237 3296 5292 ergo
3334 5233 3420 5277 est

2321 5297 2406 5342 est
2439 5290 2619 5345 factus

3050 5308 3148 5363 per
3174 5292 3398 5346 Filium.

380 5360 3627 5457 WW

443 5516 596 5583 Vide,
630 5518 909 5585 quomodo
942 5516 1085 5571 idem
1118 5514 1423 5572 absurdum
1456 5517 1740 5587 colligitur
1767 5527 1821 5574 et
1850 5520 2033 5591 quoad
2068 5519 2269 5577 Filium
2306 5538 2321 5577 :

1383 5628 1495 5668 non
1526 5613 1729 5669 factum

1290 5697 1402 5739 non
1452 5695 1538 5740 eSt
1584 5701 1649 5741 ex
1700 5687 1861 5742 Patre

601 5610 656 5664 Si
691 5626 756 5665 ex
784 5611 948 5667 Patre

579 5681 764 5735 Omnia
814 5681 958 5737 facta

2318 5618 2493 5673 Filius
2523 5636 2660 5676 vero

2984 5621 3157 5679 Filius
3183 5637 3315 5692 ergo
3351 5639 3458 5692 non

2272 5704 2385 5745 non
2417 5701 2500 5745 est
2527 5691 2707 5746 factus

3021 5704 3104 5747 est
3128 5708 3193 5749 ex
3230 5692 3389 5750 Patre

376 5759 3625 5863 VM
