4132 6416
305 434 414 500 151
1332 432 1778 493 REFUTATIO
1822 431 2062 502 MAECI
2101 432 2250 493 EPII
2265 433 2488 495 ESINI.
3494 439 3594 504 158

309 551 523 607 τιθέναι
553 547 654 619 μὲν
690 543 872 612 οὐδὲν,
903 545 1114 616 φθοράν
1157 545 1346 617 μέντοι
1377 550 1472 602 καὶ
1505 549 1742 603 θάνατον
1772 550 1893 603 citae

2007 549 2190 604 emnia
2243 551 2551 606 secundum
2610 566 2724 606 rem
2779 551 2924 607 idem
2949 560 3081 607 sunt
3111 566 3238 606 cum
3287 551 3475 608 divina
3505 569 3594 608 es-

309 641 648 706 λείας.τινάς
678 640 810 694 ὄντα
837 642 1096 708 ἀφαιρεῖν
1125 640 1220 693 ἀπ’
1249 640 1471 710 ἐκείνης
1492 642 1593 711 τῆς
1622 642 1893 712 μακαρίας

2006 643 2220 709 sentia;
2247 652 2490 698 attamen
2519 644 2622 698 alia
2652 643 2938 712 (positive)
2967 644 3362 713 perfectionem
3393 661 3589 714 quam-

309 733 405 788 καὶ
425 731 586 795 θείας
614 730 849 800 arising)“
868 727 1043 792 οὕτως
1069 726 1163 783 οὖν
1189 731 1247 784 ἓν
1267 748 1319 784 τι
1343 733 1438 785 καὶ
1463 732 1660 786 ταυτὸν
1685 733 1904 786 ἅπαντα

308 823 488 878 ταῦτα
526 823 594 876 τὰ
618 821 864 892 ὀνόματα
896 821 1190 890 σημαίνειν
1221 823 1315 878 καὶ
1344 825 1541 878 ταυτδν
1568 823 1698 878 ὄντα
1722 825 1904 894 πράγ-

314 929 446 983 ματι
480 915 550 982 τῇ
588 911 710 982 θείᾳ
731 912 890 980 οὐσίᾳ
924 913 1007 974 είς
1037 914 1240 966 ταυτὸν
1271 913 1410 986 αὐτῇ
1435 914 1594 984 ἥκειν
1627 913 1770 984 λόγῳ
1803 915 1902 984 μό-

310 1019 398 1054 νον
425 1002 650 1071 ἐκείνης
677 1001 1093 1071 διακρινόμενα,
1117 1003 1376 1070 λέγεσθαι
1403 1007 1588 1074 μέντοι
1614 1005 1742 1074 περὶ
1764 1002 1900 1060 Θεοῦ

308 1095 376 1146 τά
424 1094 674 1147 τοσαῦτα
719 1094 814 1146 καὶ
863 1094 1114 1148 τοιαῦτα
1147 1095 1392 1166 ὀνόματα
1441 1097 1552 1150 οὐδ’
1588 1098 1898 1168 ὁμωνύμως

307 1187 428 1241 οὔτε
464 1188 804 1258 συνωνύμως
833 1185 958 1239 οὔτε
993 1187 1388 1256 πολυωνύμως,
1417 1188 1534 1241 ἀλλ’
1557 1189 1900 1258 ἀναλογικῶς

313 1281 504 1349 μόνον·
540 1279 600 1332 οὐ
633 1277 758 1332 καθ’
789 1277 850 1331 ὃν
881 1279 1085 1349 τρόπον
1114 1279 1208 1331 δύο
1231 1279 1351 1332 τινὰ
1385 1279 1416 1348 ἣ
1441 1281 1534 1332 καὶ
1565 1281 1736 1334 πλείω
1763 1282 1902 1352 πρὶς

308 1373 368 1424 ἓν
395 1391 448 1426 τι
498 1373 676 1425 κοινὸν
723 1372 1116 1443 ἀναφέρονται,
1166 1372 1302 1426 ἀλλᾶ
1356 1373 1480 1426 καθ’
1513 1373 1572 1426 ὃν
1620 1373 1712 1427 δύο
1738 1375 1900 1427 τινῶν

307 1465 464 1528 τάξις
511 1464 606 1517 καὶ
642 1463 932 1532 συστοιχία
961 1464 1465 1532 καταλαμϐάνεται,
1501 1466 1563 1518 οὐ
1604 1467 1736 1535 πρὸς
1782 1467 1898 1519 ἓτε-

311 1561 402 1626 ρίν
433 1573 512 1618 τι,
547 1554 684 1610 ἀλλὰ
733 1555 872 1625 πρὸς
903 1555 962 1608 τὸ
1012 1557 1201 1624 ἕτερον
1231 1556 1410 1608 αὐτῶν
1438 1572 1454 1588 ·
1482 1557 1670 1626 ὥσπερ
1714 1561 1773 1612 τὸ
1827 1559 1900 1614 ὃν

311 1647 451 1700 κατὰ
483 1645 583 1714 τῆς
617 1646 806 1708 οὐσίας
860 1646 959 1699 καὶ
1000 1646 1095 1698 τοῦ
1131 1646 1540 1716 συμϐεϐηκότος
1575 1654 1898 1720 κατηγορεῖ-

313 1754 420 1804 ται,
451 1738 687 1791 καθόσον
720 1738 780 1790 τὸ
815 1737 1170 1807 συμϐεϐηκὸς
1196 1738 1448 1804 σύνταξιν
1487 1739 1601 1809 ἔχει
1631 1742 1766 1812 πρὸς
1797 1743 1898 1811 τὴν

311 1835 520 1900 οὐσίαν,
555 1835 616 1888 οὐ
647 1834 880 1886 καθόσον
909 1834 940 1903 ἡ
979 1835 1140 1886 οὐσία
1175 1834 1352 1887 καὶτὸ
1383 1836 1736 1906 συμϐεϐηκὸς
1763 1837 1896 1888 ἀνα-

313 1923 580 1993 φέρονται
631 1921 770 1991 πρὸς
820 1921 950 1976 ἄλλο
1005 1939 1056 1974 τι
1108 1922 1312 1991 τρίτον.
1349 1903 1468 1976 Τοῦ
1507 1923 1564 1976 δὲ
1612 1903 1891 1988 τοσούτοις
1927 1903 1968 1962 Β

313 2015 542 2082 ὀνόμασι
571 2013 632 2066 τὸ
661 2011 720 2067 ἓν
753 2015 934 2066 ἐκεῖνο
958 2014 1055 2066 καὶ
1083 2013 1460 2068 ἁπλούστατον
1488 2017 1582 2068 καὶ
1619 2015 1804 2086 ἄκρως
1833 2016 1892 2071 ἒν

307 2099 698 2169 ὀνομάζεσθαι,
745 2104 846 2171 τήν
893 2099 941 2153 τ’
979 2102 1193 2168 ἐκείνου
1240 2105 1520 2173 ἀπειρίαν,
1558 2107 1660 2173 τήν
1699 2123 1758 2158 τε
1797 2107 1890 2160 τοῦ

313 2191 584 2262 ἡμετέρου
619 2192 712 2245 νοῦ
741 2191 1035 2245 ἀσθένειαν
1067 2193 1239 2246 αι’;ιον
1278 2191 1418 2249 εἶναι
1457 2197 1515 2249 ὃν
1566 2201 1667 2251 οὐκ
1717 2198 1892 2263 ἄλλως

318 2281 448 2334 αὐτὸ
477 2283 508 2352 ἢ
544 2283 631 2335 διὰ
665 2283 774 2336 τῶν
803 2284 1266 2354 ἀποτελεσμάτων
1297 2289 1627 2356 γιγνώσκειν
1661 2291 1894 2360 δυνάμε-

321 2389 412 2424 νον
444 2375 522 2444 (l)
548 2375 765 2444 ἀνάγκη
803 2377 1083 2446 διαφόροις
1131 2378 1396 2449 ὀνόμασιν
1435 2383 1498 2434 ἐκ
1541 2382 1649 2436 τῶν
1688 2386 1745 2436 ὲν
1779 2387 1893 2448 τοῖς

321 2462 598 2535 αίσθητοῖς
655 2467 1061 2538 εὑρισκομένων
1129 2469 1482 2541 τελειοτὴτων
1534 2473 1633 2543 τὴν
1685 2477 1892 2530 ἐκείνου

315 2556 632 2625 τελειότητα
661 2558 965 2632 σημαίνειν.
991 2559 1056 2612 Εἰ
1080 2563 1187 2630 γὰρ
1209 2561 1380 2632 αὐτὴν
1403 2561 1501 2634 τὴν
1528 2563 1678 2618 Θείαν
1705 2567 1894 2621 οὐσίαν

305 2645 503 2712 καθὼς
531 2649 702 2710 ἐστὶν,
728 2649 1053 2720 ἠδυνάμεθα
1089 2651 1438 2721 γιγνώσκειν,
1471 2655 1552 2708 ἐνὶ
1589 2660 1752 2725 μόνον
1780 2659 1894 2712 ὀνό-

314 2755 452 2807 ματι
479 2742 680 2810 ταύτην
711 2742 777 2794 ἄν
807 2740 1189 2812 ἐξεφαίνομεν,
1221 2743 1250 2796 ὃ
1277 2744 1340 2816 δὴ
1388 2748 1480 2798 καὶ
1513 2747 1894 2820 ὑπεσχημένον

317 2832 436 2885 ἐστὶ
465 2837 575 2897 τοῖς
608 2835 732 2888 κατ’
762 2837 952 2889 οὐσίαν
996 2837 1158 2889 αὑτὸν
1201 2838 1320 2908 ἦτοι
1369 2840 1660 2909 πρόσωπον
1691 2843 1894 2914 ὀψομέ-

319 2945 446 2990 νοις·
477 2932 534 2982 ὲν
560 2929 672 3001 γὰρ
701 2933 770 3000 τῇ
801 2933 989 3003 ἡμέρᾳ
1017 2933 1205 3006 ἐκείνῃ
1237 2933 1392 2987 ἔσται
1427 2935 1632 3007 Κύριος
1669 2932 1770 3003 εἷς,
1802 2940 1896 2992 καὶ

317 3020 377 3072 τὸ
401 3019 567 3091 ὄνομα
598 3023 766 3078 αὐτοῦ
798 3023 880 3088 ἓν,
917 3024 1084 3093 φησὶν
1121 3027 1147 3076 ὁ
1175 3028 1318 3090 θεῖος
1341 3028 1618 3098 Ζαχαρίας
1650 3029 1752 3101 (‘2).
1787 3032 1896 3084 Καὶ

317 3108 429 3165 οἶδα
487 3115 588 3184 μὲν
616 3115 700 3168 ὅτι
749 3115 886 3186 πρὸς
917 3115 1092 3170 ταῦτα
1127 3117 1488 3187 κεκράξονταί
1517 3137 1576 3173 τε
1609 3125 1704 3174 καὶ
1728 3122 1898 3190 βοῶν-

2017 733 2140 788 dam
2171 734 2228 788 in
2291 749 2355 789 ea
2387 743 2620 804 ponunt.
2651 737 2756 791 alia
2808 734 3102 807 (negativa)
3132 735 3587 806 imperfectiones

2005 824 2074 878 ab
2109 841 2172 879 ea
2208 835 2490 880 removent
2528 827 2680 896 (nam
2726 827 3230 896 incorruptibilitas
3271 836 3325 881 et
3351 828 3582 881 immoro

2005 917 2188 972 talitas
2219 917 2355 971 nihil
2407 926 2646 986 ponunt,
2687 918 3105 987 corruptionem
3130 926 3315 972 tamen
3350 925 3407 972 et
3429 933 3584 972 mor-

2007 1019 2138 1075 tem,
2193 1023 2316 1078 qua
2367 1017 2498 1064 sunt
2555 1008 3008 1079 impcrl‘ectiones
3053 1009 3326 1079 quredam,
3357 1023 3388 1062 a
3423 1010 3585 1064 beata

2005 1101 2095 1155 illa
2146 1112 2204 1155 et
2262 1099 2448 1154 divina
2499 1100 2812 1154 substantia
2855 1101 3201 1167 excludunt).
3258 1101 3374 1154 Tali
3414 1101 3585 1170 igitur

2004 1199 2164 1260 pacto
2223 1191 2410 1244 omnia
2463 1190 2568 1245 ista
2629 1191 2856 1246 nomina
2883 1207 3052 1245 unum
3087 1191 3344 1261 idemque
3375 1192 3584 1260 signifi-

2003 1292 2128 1336 cant
2159 1292 2214 1336 et
2246 1282 2388 1336 idem
2423 1296 2547 1336 cum
2580 1281 2888 1336 secundum
2953 1297 3068 1336 rem
3102 1281 3214 1336 sint
3241 1298 3363 1335 cum
3393 1283 3580 1338 divina

2003 1375 2352 1438 substantia,
2423 1375 2478 1428 in
2536 1375 2680 1429 idem
2743 1390 2870 1430 cum
2921 1391 2984 1430 ca
3025 1375 3302 1440 recidunt,
3363 1377 3580 1430 ratione

2005 1464 2386 1519 tantummodo
2437 1464 2506 1518 ab
2546 1479 2607 1518 ca
2640 1463 2936 1518 distincta.
2975 1464 3249 1518 Dicuntur
3285 1473 3472 1518 tamen
3509 1465 3580 1518 de

2000 1556 2114 1611 Deo
2171 1563 2250 1608 tot
2309 1564 2366 1610 et
2425 1554 2556 1609 talia
2598 1555 2824 1608 nomina
2860 1569 3038 1623 neque
3066 1555 3368 1623 tequivoce,
3399 1569 3582 1623 neque

2002 1649 2234 1702 univoce
2297 1663 2484 1716 neque
2542 1646 2862 1710 multivnce,
2897 1647 2994 1701 sed
3026 1648 3311 1716 analogice
3341 1655 3578 1709 tantum,

2003 1753 2110 1792 non
2171 1738 2476 1794 secundum
2533 1753 2662 1792 eum
2723 1738 2964 1802 modum.
3021 1753 3131 1808 quo
3185 1739 3296 1794 duo
3327 1739 3581 1808 quaedam

2003 1831 2086 1885 vel
2145 1831 2312 1886 etiam
2361 1832 2519 1902 plura
2583 1831 2651 1886 ad
2709 1847 2880 1884 unum
2936 1832 3214 1901 quoddam
3261 1830 3584 1886 referuntur

1996 1937 2314 1988 commune,
2343 1923 2438 1977 sed
2471 1921 2774 1978 secundum
2807 1937 2956 1988 eum,
3005 1937 3114 1989 quo
3145 1921 3382 1976 duorum
3442 1936 3584 1990 quo-

1997 2016 2244 2070 rumdam
2267 2015 2406 2070 ordo
2431 2024 2486 2070 et
2513 2015 2790 2070 connexio
2825 2014 3156 2085 intelligitur
3213 2030 3324 2069 non
3363 2013 3432 2068 ad
3461 2013 3580 2067 ali-

1994 2107 2126 2177 quid
2155 2105 2456 2170 diversum,
2490 2105 2586 2160 sed
2610 2106 2676 2160 ad
2715 2108 2946 2160 alterum
2978 2121 3192 2174 eorum,
3219 2105 3578 2175 quemadmo-

1995 2199 2122 2254 dum
2147 2216 2258 2254 βεδε
2296 2185 2624 2269 ριέἑιιὶςειιιτ
2655 2199 2724 2253 de
2749 2199 3056 2254 substantia
3089 2209 3144 2253 et
3175 2199 3244 2254 de
3275 2199 3584 2262 accidenti,

1994 2293 2050 2347 in
2085 2301 2354 2362 quantum
2387 2291 2646 2346 accidens
2685 2291 3132 2361 conjunctionem
3162 2291 3330 2346 habet
3353 2291 3418 2344 ad
3439 2295 3578 2346 sub-

1995 2386 2274 2450 stantiam,
2309 2399 2416 2438 non
2442 2385 2495 2437 in
2515 2391 2778 2452 quantum
2806 2383 3114 2437 substantia
3136 2393 3190 2438 et
3221 2382 3482 2438 accidens
3501 2382 3580 2438 ad-

1995 2477 2200 2546 aliqnid
2234 2479 2459 2530 tertium
2489 2476 2834 2544 referuntur.
2881 2474 3036 2539 Quod
3079 2485 3263 2528 autem
3294 2482 3372 2528 tot
3399 2475 3579 2528 nomi-

1997 2571 2160 2624 nibus
2210 2569 2342 2622 illud
2384 2583 2554 2623 unum
2614 2574 2670 2621 et
2695 2565 3164 2636 simplicissimum
3221 2573 3278 2620 et
3334 2566 3576 2620 maxime

1997 2676 2063 2716 ac
2122 2660 2475 2730 singulariter
2525 2673 2697 2712 unum
2729 2659 3074 2723 nominatur,
3117 2672 3281 2712 causa
3318 2666 3403 2712 est
3459 2667 3578 2714 tum

1997 2753 2144 2807 illius
2200 2750 2568 2812 immensitas,
2621 2760 2738 2802 tum
2793 2747 3086 2802 inﬁrmitas
3118 2748 3320 2802 mentis
3347 2757 3574 2814 nostrae,

1997 2859 2119 2913 quae
2173 2856 2299 2896 cum
2357 2841 2521 2895 aliter
2587 2840 2722 2894 illud
2751 2855 3090 2910 cognoscere
3134 2850 3378 2911 nequeat
3406 2857 3584 2912 quam:

1999 2949 2096 3003 per
2119 2933 2238 3002 ejus
2269 2929 2522 2992 eil'ectns,
2551 2929 2790 2984 diversis
2839 2927 3158 2983 nominibus
3189 2943 3256 2982 ex
3283 2928 3579 2997 perfectio-

1999 3025 2186 3086 nibus,
2213 3039 2334 3094 qua:
2366 3025 2419 3077 in
2451 3021 2619 3077 rebus
2657 3022 2847 3077 sensui
2896 3021 3162 3092 subjectis
3195 3022 3588 3089 inveniuntur,

2002 3116 2149 3170 illius
2177 3113 2576 3186 perfectionem
2625 3111 2876 3182 designet
2935 3127 3162 3166 necesse
3191 3123 3297 3166 est.
3339 3110 3392 3166 Si
3424 3113 3584 3168 enim

316 3221 405 3268 τες
464 3208 514 3260 οἱ
565 3209 804 3262 ἐναντίοι
843 3209 1330 3281 διαῤῥαγήσονται,
1372 3212 1466 3264 καὶ
1506 3213 1720 3282 μάλιστ’
1767 3217 1893 3268 ὅταν

2003 3208 2175 3278 ipsam
2231 3207 2474 3261 divinam
2524 3207 2847 3270 essentiam,
2915 3205 3078 3260 sicuti
3113 3213 3218 3270 est,
3244 3221 3584 3276 cognoscere

316 3296 382 3348 τά
403 3313 460 3348 τε
498 3297 767 3368 εἰρημένα
811 3298 1052 3369 ὀνόματα
1096 3299 1238 3370 λόγῳ
1294 3301 1463 3372 μόνῳ,
1508 3303 1567 3354 οὐ
1603 3303 1892 3375 πράγματι

314 3389 410 3456 τῆς
453 3389 606 3453 θείας
649 3390 842 3454 οὐσίας
885 3393 1129 3446 ἀκούωσι
1176 3393 1570 3464 διακρίνεσθαι,
1607 3398 1759 3452 αὐτοὶ
1799 3397 1894 3450 καὶ

313 3479 594 3550 πράγματι
625 3479 808 3542 ἀθέως
841 3482 983 3534 αὐτὰ
1009 3483 1398 3554 διακρίνοντες,
1439 3489 1532 3539 καὶ
1565 3486 1640 3551 ὼς
1669 3490 1728 3542 τὸ
1760 3506 1894 3560 προ-

312 3571 528 3624 ϐάλλειν
566 3571 628 3623 οὺ
676 3571 771 3624 τοῦ
821 3573 1034 3644 Πατρός
1065 3575 1216 3627 ἐστιν
1247 3575 1400 3640 ἴδιον,
1425 3577 1544 3629 οὐδὲ
1580 3579 1640 3630 τὸ
1668 3579 1890 3649 πρόσω·
1921 3633 1924 3636 ,

313 3681 410 3716 πον
437 3663 605 3718 αὑτοῦ
638 3665 929 3731 συνιστῶν,
959 3665 1095 3718 ἀλλὰ
1131 3666 1346 3737 [ἰατρὸς
1371 3669 1467 3720 καὶ
1497 3668 1652 3734 Υξοῦ,
1686 3671 1782 3724 καὶ
1817 3671 1892 3735 ὡς

312 3758 413 3828 ἥδη
484 3759 599 3822 τοῖς
673 3757 991 3829 προσώποις
1045 3759 1351 3827 ὑφεστῶσιν
1401 3760 1692 3830 ἑπόμενον,
1737 3764 1892 3817 αὐτοὶ

315 3851 440 3904 εδιόν
470 3867 530 3904 τε
563 3849 657 3904 τοῦ
690 3850 905 3922 Πατρὺς
952 3851 1046 3904 καὶ
1086 3850 1414 3904 συστατικὸν
1459 3852 1594 3905 αὐτὸ
1638 3855 1890 3924 νομίζον-

307 3960 396 4006 τες
547 3945 642 3996 καὶ
671 3945 820 4014 ἡμᾶς
858 3942 920 3996 τὸ
952 3941 1290 4012 ζητούμενον
1315 3943 1614 4014 λαμϐάνειν
1649 3946 1890 4016 οἰόμενοι

305 4040 404 4090 καὶ
429 4038 488 4088 τὸ
515 4037 574 4088 ὲν
606 4036 748 4106 ἀρχῇ
776 4035 1074 4088 αίτείσθαι.
1123 4032 1263 4086 Ἀλλ’
1292 4033 1466 4098 οὐδεὶς
1495 4035 1678 4090 αὐτῶν
1709 4036 1885 4103 λόγος·

305 4127 464 4195 ἡμεῖς
497 4143 557 4179 τε
587 4127 696 4196 γὰρ
721 4128 776 4178 ἐν
810 4125 994 4189 ἄλλοις
1026 4126 1154 4196 περὶ
1185 4125 1368 4179 αὐτῶν
1403 4127 1606 4188 ίκανῶς
1654 4127 1888 4194 διειλέγ-

308 4220 466 4287 μεθα,
495 4219 596 4272 οὐκ
628 4218 796 4286 ὀλίγοι
825 4235 884 4271 τε
915 4219 1025 4272 τῶν
1067 4217 1388 4288 φθασάντων
1417 4219 1566 4288 ἡμᾶς
1605 4220 1888 4289 μακαρίων

303 4309 398 4360 καὶ
447 4305 612 4358 θείων
639 4306 848 4376 ἀνδρῶν
885 4305 1090 4379 ἄριστά
1121 4323 1180 4360 τε
1215 4307 1310 4361 καὶ
1339 4309 1656 4378 σαφέστατα
1687 4309 1884 4376 ταῦτα,

302 4397 378 4461 ὡς
409 4397 536 4468 μηδ’
559 4399 757 4450 ἐνεῖναι
787 4397 924 4462 ὅλως
955 4399 1298 4468 ἀντιϐλέψαι,
1323 4399 1763 4470 ἀποδεδείχασιν,
1800 4399 1836 4453 ὃ.
1859 4401 1888 4452 ὁ

304 4489 632 4560 βουλόμενος
661 4489 904 4560 ζητήσας
933 4490 1181 4560 εὑρήσει.
1214 4489 1480 4544 Ἐνταῦθα
1512 4491 1586 4561 (4)
1617 4495 1724 4560 γὰρ
1753 4491 1888 4561 βρα-

2000 3313 2308 3371 possemus,
2363 3313 2480 3352 uno
2508 3297 2713 3358 .solum
2778 3297 3012 3351 nomine
3062 3312 3184 3352 eam
3215 3304 3618 3372 notaremus“

1993 3391 2142 3464 quod
2200 3399 2258 3445 et
2307 3390 2642 3460 promissum
2703 3395 2786 3443 est
2821 3387 2908 3454 iis,
2937 3388 3034 3458 qui
3067 3389 3239 3442 Deum
3269 3391 3576 3444 secundum

1993 3483 2295 3541 essentiam
2351 3481 2437 3538 vel
2481 3481 2622 3535 facie
2653 3479 2720 3534 ad
2753 3479 2948 3534 faciem
2985 3479 3155 3534 visuri
3192 3489 3376 3536 erunt.
3411 3481 3572 3544 Nam,
3647 3543 3660 3560 .

1993 3589 2054 3632 ut
2103 3577 2266 3631 divus
2317 3573 2615 3629 Zacharias
2667 3573 2768 3636 ait,
2800 3571 2864 3625 In
2896 3570 2994 3624 illa
3023 3572 3108 3626 die
3141 3570 3400 3626 Dominus
3435 3589 3582 3628 unus

1992 3673 2118 3734 erit,
2187 3679 2234 3722 et
2301 3683 2490 3723 nomen
2528 3668 2640 3737 ejus
2680 3681 2864 3718 unum.
2896 3663 3057 3731 Novi,
3085 3664 3229 3734 quod
3266 3664 3572 3720 adversarii

1993 3769 2185 3817 contra
2217 3761 2334 3816 haec
2367 3757 2742 3814 inclamabunt
2765 3770 2821 3810 et
2864 3755 2974 3809 alta
3001 3770 3132 3810 voce
3167 3757 3578 3811 tumultuantes

1991 3853 2335 3917 scindentur,
2385 3848 2693 3920 praesertim
2757 3847 2981 3916 quando
3013 3846 3260 3910 audiant,
3305 3849 3570 3917 pra-dicta

1990 3948 2213 4002 nomina
2244 3948 2458 4001 ratione
2489 3945 2774 4007 duntaxat,
2804 3959 2914 3997 non
2953 3958 3013 3997 re
3047 3957 3075 3996 a
3111 3943 3296 3998 divina
3327 3943 3578 3998 essentia

1990 4037 2277 4107 distingui,
2303 4035 2433 4090 dum
2468 4035 2571 4104 ipsi
2606 4045 2662 4089 et
2705 4051 2764 4090 re
2797 4049 2859 4088 ea
2882 4034 3048 4103 impie
3076 4033 3422 4104 distinguunt
3460 4035 3564 4104 (α),

1989 4141 2044 4186 et
2093 4130 2308 4200 spirare
2369 4143 2480 4182 non
2539 4141 2661 4181 esse
2718 4125 2898 4180 Patris
2949 4127 3235 4195 proprium
3297 4140 3400 4180 nec
3447 4127 3580 4196 ejus

1989 4235 2279 4292 personam
2340 4219 2706 4282 constituens,
2764 4231 2960 4272 verum
3013 4217 3196 4272 Patris
3251 4227 3308 4271 et
3333 4217 3478 4282 Fdii,
3511 4229 3574 4272 et

1985 4316 2096 4384 jam
2144 4313 2478 4368 constitutas
2511 4319 2568 4365 et
2625 4295 2990 4364 subsistentes
3018 4323 3279 4378 personas
3300 4323 3564 4378 sequens,

1989 4407 2120 4460 dum
2149 4405 2251 4475 ipsi
2273 4403 2406 4458 illud
2435 4411 2491 4457 et
2546 4402 2833 4471 prOprinm
2874 4401 3053 4454 Patris
3077 4393 3569 4470 etejus'constilus

1989 4499 2164 4552 tivum
2219 4495 2426 4550 habent
2455 4504 2616 4564 atque
2652 4508 2756 4547 nos
2799 4491 2853 4545 id
2881 4491 3028 4561 quod
3061 4491 3114 4545 in
3148 4492 3456 4561 quazstione
3479 4499 3564 4546 est

301 4581 402 4652 χύν
427 4599 554 4635 τινα
581 4583 780 4636 κανόνα
812 4583 1152 4652 παραδοῦναι
1177 4584 1555 4656 προῃρημένοι
1582 4582 1660 4655 (5)
1694 4585 1884 4656 ἐπίτη-

1995 4603 2276 4645 assumere
2326 4595 2384 4642 et
2435 4585 2584 4656 quod
2613 4586 2665 4639 in
2703 4584 2980 4654 principio
3007 4584 3287 4654 postulare
3326 4587 3567 4656 epinan-
3605 4661 3608 4664 Α

301 4676 390 4737 as;
439 4675 500 4728 τὸ
549 4673 726 4744 μῆκος
769 4675 879 4728 τῶν
917 4675 1094 4744 λόγων
1143 4676 1370 4728 ἐκείνων
1415 4677 1782 4746 ἐκφεύγοιμεν
1807 4677 1883 4741 ὡς

301 4765 718 4836 ὁμολογούμενα
761 4765 1418 4839 ταῦτωπροῡποθέμενοι
1451 4768 1650 4839 πλὴνῆ
1700 4786 1884 4840 παρα-

307 4859 504 4925 μυθίας
533 4858 630 4910 καὶ
665 4859 869 4928 μικρᾶς
899 4875 1044 4922 τινος
1077 4859 1244 4914 ἓνεκα
1277 4863 1406 4930 περὶ
1442 4859 1542 4930 μὲν
1575 4863 1683 4913 τῶν
1719 4861 1880 4914 θείων

303 4949 586 5018 ὀνομάτων
617 4947 777 5001 τοῦτο
805 4950 1020 5019 ῥητέον,
1047 4949 1123 5014 ὡς
1153 4951 1223 5003 τὰ
1259 4950 1319 5003 ’ἐν
1355 4968 1406 5004 τι
1437 4952 1528 5004 καὶ
1573 4951 1884 5004 ἁπλούστα-

303 5055 396 5092 τον
444 5041 681 5110 πρᾶγμα
716 5041 1077 5110 σημαίνοντα,
1118 5035 1206 5094 οἷά
1249 5045 1398 5094 ἐστιν
1442 5042 1475 5112 ἠ
1530 5041 1650 5094 θεία
1696 5041 1882 5105 οὐσία,

305 5132 366 5184 ἒν
397 5149 449 5186 τι
493 5137 588 5186 καὶ
617 5134 761 5186 αὐτὰ
818 5134 915 5186 καὶ
955 5133 1123 5187 ταυτὸ
1165 5134 1457 5204 πράγματι
1491 5127 1632 5186 εἶναι
1665 5131 1880 5203 ἀνάγκη

305 5225 406 5277 καὶ
434 5226 604 5280 ταυτὰ
643 5225 935 5296 πράγματι
971 5223 1109 5279 εἶναι
1147 5226 1287 5296 μετὰ.
1325 5224 1420 5278 τοῦ
1451 5225 1876 5296 σημαινομένου·

301 5319 478 5382 ἄλλως
503 5321 612 5390 γὰρ
643 5320 734 5371 καὶ
763 5319 798 5388 ἡ
839 5319 998 5371 οὐσία
1026 5319 1423 5389 συμμερὶζοιτο
1448 5319 1513 5370 ἂν
1547 5319 1660 5381 τοῖς
1704 5333 1886 5387 πραγ-

292 5526 322 5580 δ
368 5455 449 5529 (ι)
507 5456 601 5512 Sic
654 5457 822 5512 Marc.
873 5423 1017 5512 l'.65
1072 5457 1140 5524 1»;
1191 5455 1606 5512 Mouac.l‘.2?.8
1641 5453 1697 5509 b.
1731 5454 1880 5519 6;—

321 5545 627 5580 ξδναμενος.

321 5545 627 5596 σαναμενος.

369 5595 452 5668 (2)
476 5599 740 5654 Ζιιειι.ιιι
775 5601 836 5670 (ι.⁹
859 5595 1024 5670 XIV),
1057 5611 1108 5651 ν.
1137 5595 1194 5652 9.

366 5715 447 5786 (τι)
499 5713 614 5768 Hoc
667 5715 960 5770 I’alamitas
1009 5717 1252 5786 reSpicit,
1311 5730 1550 5784 quorum
1597 5715 1699 5770 hac
1743 5713 1798 5768 in
1821 5731 1880 5771 re

289 5801 548 5858 errorem
579 5788 880 5842 traducunt
903 5787 1335 5858 Georgﬁfrapcz.
1353 5788 1418 5858 ad
1435 5787 1874 5858 Joannﬁuniclcs.

297 5863 376 5912 De
439 5857 596 5909 l’roc.
665 5857 856 5922 Spirit.
912 5873 1109 5913 sancti.
1171 5857 1228 5913 οἱ
1269 5857 1609 5913 U.Gr.0rth.
1652 5859 1704 5910 Γ.
1739 5857 1779 5922 l,
1818 5871 1870 5924 ρ.

1990 4691 2106 4736 tur.
2155 4679 2264 4734 Sed
2311 4679 2457 4733 nulla
2491 4693 2716 4747 prorsus
2745 4686 2831 4733 est
2857 4692 3048 4731 eorum
3083 4677 3242 4730 ratio.
3273 4677 3408 4732 Nam
3446 4689 3559 4731 tum

1975 4789 2089 4830 nos
2111 4772 2244 4826 alibi
2278 4765 2454 4825 dehis
2482 4769 2818 4825 suﬂicienter
2847 4769 3080 4838 egimus,
3114 4777 3230 4822 tum
3256 4769 3422 4824 etiam
3451 4785 3566 4824 non

1988 4863 2146 4933 pauci
2212 4874 2406 4916 eorum
2463 4861 2566 4930 qui
2622 4875 2724 4914 nos
2799 4868 3209 4929 praecesserunt
3274 4859 3566 4914 beatorum

1993 4963 2421 5021 sanctorumque
2475 4953 2721 5006 virorum
2783 4954 2992 5021 optime
3053 4959 3112 5004 et
3170 4950 3478 5006 clarissime
3510 4951 3572 5006 id

1991 5043 2376 5105 ostenderunt,
2431 5041 2515 5095 ita.
2557 5051 2616 5094 ut
2673 5042 2825 5096 nullo
2859 5041 3022 5095 modo
3057 5040 3222 5095 liceat
3249 5040 3564 5106 adversari,

1989 5149 2111 5202 qua:
2163 5132 2256 5202 qui
2293 5117 2556 5198 voluerit,
2603 5133 2651 5188 si
2684 5132 2900 5201 quaerit,
2971 5131 3232 5185 inveniet.
3287 5131 3388 5184 llic
3417 5131 3572 5184 enim

1989 5223 2213 5277 brevem
2245 5221 2538 5291 quemdam
2591 5237 2858 5276 canonem
2905 5223 3122 5275 tradere
3153 5220 3335 5289 potius
3357 5219 3573 5272 haher

1993 5324 2075 5370 tes
2126 5313 2310 5369 studio
2359 5313 2742 5369 extensionem
2779 5313 3000 5366 illorum
3037 5323 3348 5367 sermonem
3385 5310 3572 5362 vitam

2067 5453 2146 5525 (5)
2186 5453 2355 5507 Marc.
2387 5451 2428 5507 Γ.
2459 5453 2526 5505 64
2551 5467 2604 5517 a,
2629 5451 3010 5525 ὀνομάζοντες.

2065 5524 2140 5596 (4)
2181 5525 2394 5577 Monac.
2432 5525 2473 5576 ί.
2513 5527 2617 5577 ‘22::
2641 5541 2694 5586 ιι,
2723 5524 2977 5596 ἐνταῦτα.

2069 5593 2146 5666 (ὅ)
2179 5597 2268 5649 διε
2299 5597 2498 5660 Marc.;
2524 5596 2736 5648 Monac.
2771 5595 2936 5646 habet
2963 5593 3386 5664 προειρημένον.

1987 5713 2346 5840 ῒθόιιιιίᾶιμιο,
2379 5714 2445 5768 de
2471 5713 2673 5784 qu'sbus
2709 5712 2903 5769 confer
2938 5713 3098 5768 Allat.
3139 5711 3315 5769 Graec.
3343 5709 3574 5766 orthod.

2113 5825 2126 5840 .
2157 5803 2182 5838 υ
2259 5796 2485 5838 catena.

1988 5787 2050 5836 Τ.
2089 5787 2126 5852 Ι,
2157 5791 2220 5840 ad
2259 5796 2485 5838 catena.
