  <div class='ocr_page' id='page_1' title='image "/cluster/home/n/w/nwhite01/storage/ocr_20150623/161/coo.31924054870666/170.png"; bbox 0 0 4132 6408; ppageno 0'>
   <div class='ocr_carea' id='block_1_1' title="bbox 411 321 2606 399">
    <p class='ocr_par' dir='ltr' id='par_1_1' title="bbox 411 321 2606 399">
     <span class='ocr_line' id='line_1_1' title="bbox 411 321 2606 399; baseline 0.005 -13"><span class='ocrx_word' id='word_1_1' title='bbox 411 321 506 387; x_wconf 72' lang='grc'><strong>161</strong></span> <span class='ocrx_word' id='word_1_2' title='bbox 1462 322 1897 388; x_wconf 79' lang='lat' dir='ltr'><strong>REFUTATIO</strong></span> <span class='ocrx_word' id='word_1_3' title='bbox 1935 327 2174 390; x_wconf 77' lang='lat' dir='ltr'><strong>MARCI</strong></span> <span class='ocrx_word' id='word_1_4' title='bbox 2211 330 2576 395; x_wconf 73' lang='lat' dir='ltr'><strong>EPHESINI</strong></span> <span class='ocrx_word' id='word_1_5' title='bbox 2590 384 2606 399; x_wconf 93' lang='lat'><strong>.</strong></span> 
     </span>
    </p>
   </div>
   <div class='ocr_carea' id='block_1_2' title="bbox 3554 346 3653 415">
    <p class='ocr_par' dir='ltr' id='par_1_2' title="bbox 3554 346 3653 415">
     <span class='ocr_line' id='line_1_2' title="bbox 3554 346 3653 415; baseline 0.03 -3"><span class='ocrx_word' id='word_1_6' title='bbox 3554 346 3653 415; x_wconf 69' lang='lat'><strong>162</strong></span> 
     </span>
    </p>
   </div>
   <div class='ocr_carea' id='block_1_3' title="bbox 405 427 1975 525">
    <p class='ocr_par' dir='ltr' id='par_1_3' title="bbox 405 427 1975 511">
     <span class='ocr_line' id='line_1_3' title="bbox 405 427 1975 511; baseline 0.001 -17"><span class='ocrx_word' id='word_1_7' title='bbox 405 442 500 494; x_wconf 67' lang='grc' dir='ltr'>καὶ</span> <span class='ocrx_word' id='word_1_8' title='bbox 551 438 777 502; x_wconf 71' lang='grc' dir='ltr'>ταύταις</span> <span class='ocrx_word' id='word_1_9' title='bbox 837 427 928 492; x_wconf 70' lang='grc' dir='ltr'><strong>δύο</strong></span> <span class='ocrx_word' id='word_1_10' title='bbox 980 439 1261 511; x_wconf 77' lang='grc' dir='ltr'>ἅνθρωποι</span> <span class='ocrx_word' id='word_1_11' title='bbox 1317 441 1468 506; x_wconf 79' lang='grc' dir='ltr'>ὄντες</span> <span class='ocrx_word' id='word_1_12' title='bbox 1518 443 1843 506; x_wconf 74' lang='grc' dir='ltr'>διδάσκαλος</span> <span class='ocrx_word' id='word_1_13' title='bbox 1881 443 1975 496; x_wconf 81' lang='grc' dir='ltr'>καὶ</span> 
     </span>
    </p>
   </div>
   <div class='ocr_carea' id='block_1_4' title="bbox 2078 427 3655 525">
    <p class='ocr_par' dir='ltr' id='par_1_4' title="bbox 2080 445 3655 525">
     <span class='ocr_line' id='line_1_4' title="bbox 2080 445 3655 525; baseline 0.01 -27"><span class='ocrx_word' id='word_1_14' title='bbox 2080 445 2272 516; x_wconf 90' lang='lat' dir='ltr'><strong>hisque</strong></span> <span class='ocrx_word' id='word_1_15' title='bbox 2301 449 2408 502; x_wconf 89' lang='lat' dir='ltr'><strong>duo</strong></span> <span class='ocrx_word' id='word_1_16' title='bbox 2435 459 2566 504; x_wconf 88' lang='lat' dir='ltr'><strong>sunt</strong></span> <span class='ocrx_word' id='word_1_17' title='bbox 2609 451 2862 505; x_wconf 83' lang='lat' dir='ltr'><strong>homines</strong></span> <span class='ocrx_word' id='word_1_18' title='bbox 2887 468 2902 517; x_wconf 91' lang='lat'><strong>;</strong></span> <span class='ocrx_word' id='word_1_19' title='bbox 2953 453 3213 525; x_wconf 83' lang='lat' dir='ltr'><strong>magister</strong></span> <span class='ocrx_word' id='word_1_20' title='bbox 3241 470 3372 512; x_wconf 87' lang='lat' dir='ltr'><strong>vero</strong></span> <span class='ocrx_word' id='word_1_21' title='bbox 3402 467 3462 512; x_wconf 84' lang='lat' dir='ltr'><strong>et</strong></span> <span class='ocrx_word' id='word_1_22' title='bbox 3489 459 3655 516; x_wconf 89' lang='lat' dir='ltr'><strong>disci-</strong></span> 
     </span>
    </p>
   </div>
   <div class='ocr_carea' id='block_1_5' title="bbox 409 531 1975 602">
    <p class='ocr_par' dir='ltr' id='par_1_5' title="bbox 409 531 1975 602">
     <span class='ocr_line' id='line_1_5' title="bbox 409 531 1975 602; baseline 0.003 -18"><span class='ocrx_word' id='word_1_23' title='bbox 409 531 656 602; x_wconf 64' lang='grc' dir='ltr'>μαθητὴς</span> <span class='ocrx_word' id='word_1_24' title='bbox 686 532 952 598; x_wconf 84' lang='grc' dir='ltr'>γίνονται.</span> <span class='ocrx_word' id='word_1_25' title='bbox 1006 533 1086 585; x_wconf 86' lang='grc' dir='ltr'><strong>Τὰ</strong></span> <span class='ocrx_word' id='word_1_26' title='bbox 1131 533 1188 586; x_wconf 82' lang='grc' dir='ltr'>δὲ</span> <span class='ocrx_word' id='word_1_27' title='bbox 1240 533 1360 587; x_wconf 84' lang='grc' dir='ltr'>θεῖα</span> <span class='ocrx_word' id='word_1_28' title='bbox 1407 537 1680 602; x_wconf 87' lang='grc' dir='ltr'>πρόσωπα</span> <span class='ocrx_word' id='word_1_29' title='bbox 1709 537 1831 597; x_wconf 84' lang='grc' dir='ltr'>ταῖς</span> <span class='ocrx_word' id='word_1_30' title='bbox 1881 535 1975 588; x_wconf 79' lang='grc' dir='ltr'><strong>οὗ·</strong></span> 
     </span>
    </p>
   </div>
   <div class='ocr_carea' id='block_1_6' title="bbox 408 619 1978 694">
    <p class='ocr_par' dir='ltr' id='par_1_6' title="bbox 408 619 1978 694">
     <span class='ocr_line' id='line_1_6' title="bbox 408 619 1978 694; baseline 0.004 -24"><span class='ocrx_word' id='word_1_31' title='bbox 408 621 552 680; x_wconf 85' lang='grc' dir='ltr'>σίαις</span> <span class='ocrx_word' id='word_1_32' title='bbox 585 621 664 691; x_wconf 75' lang='grc'><strong>(1)</strong></span> <span class='ocrx_word' id='word_1_33' title='bbox 695 619 944 690; x_wconf 78' lang='grc' dir='ltr'><strong>ἀλλήλων</strong></span> <span class='ocrx_word' id='word_1_34' title='bbox 972 621 1032 674; x_wconf 82' lang='grc' dir='ltr'><strong>οὐ</strong></span> <span class='ocrx_word' id='word_1_35' title='bbox 1065 621 1396 693; x_wconf 72' lang='grc' dir='ltr'>διαφέροντα</span> <span class='ocrx_word' id='word_1_36' title='bbox 1427 623 1552 693; x_wconf 90' lang='grc' dir='ltr'>(μία</span> <span class='ocrx_word' id='word_1_37' title='bbox 1593 625 1700 694; x_wconf 88' lang='grc' dir='ltr'><strong>γάρ</strong></span> <span class='ocrx_word' id='word_1_38' title='bbox 1730 625 1847 677; x_wconf 79' lang='grc' dir='ltr'>ἐστι</span> <span class='ocrx_word' id='word_1_39' title='bbox 1880 624 1978 678; x_wconf 63' lang='grc' dir='ltr'>καὶ.</span> 
     </span>
    </p>
   </div>
   <div class='ocr_carea' id='block_1_7' title="bbox 406 711 1974 793">
    <p class='ocr_par' dir='ltr' id='par_1_7' title="bbox 406 711 1974 793">
     <span class='ocr_line' id='line_1_7' title="bbox 406 711 1974 793; baseline 0.001 -28"><span class='ocrx_word' id='word_1_40' title='bbox 406 711 718 780; x_wconf 77' lang='grc' dir='ltr'><strong>ἀδιάκριτος</strong></span> <span class='ocrx_word' id='word_1_41' title='bbox 769 712 826 763; x_wconf 82' lang='grc' dir='ltr'>ὲν</span> <span class='ocrx_word' id='word_1_42' title='bbox 881 711 1069 775; x_wconf 76' lang='grc' dir='ltr'>αὐτοῖς</span> <span class='ocrx_word' id='word_1_43' title='bbox 1119 713 1214 764; x_wconf 78' lang='grc' dir='ltr'><strong>καὶ</strong></span> <span class='ocrx_word' id='word_1_44' title='bbox 1273 714 1306 783; x_wconf 78' lang='grc' dir='ltr'>ἡ</span> <span class='ocrx_word' id='word_1_45' title='bbox 1362 714 1499 784; x_wconf 76' lang='grc' dir='ltr'>αὑτὴ</span> <span class='ocrx_word' id='word_1_46' title='bbox 1546 714 1819 793; x_wconf 76' lang='grc' dir='ltr'>τάριθμῷ)</span> <span class='ocrx_word' id='word_1_47' title='bbox 1856 716 1974 775; x_wconf 79' lang='grc' dir='ltr'>ταῖς</span> 
     </span>
    </p>
   </div>
   <div class='ocr_carea' id='block_1_8' title="bbox 409 803 1978 878">
    <p class='ocr_par' dir='ltr' id='par_1_8' title="bbox 409 803 1978 878">
     <span class='ocr_line' id='line_1_8' title="bbox 409 803 1978 878; baseline 0.003 -23"><span class='ocrx_word' id='word_1_48' title='bbox 409 803 667 872; x_wconf 68' lang='grc' dir='ltr'>ἰδιότησιν</span> <span class='ocrx_word' id='word_1_49' title='bbox 716 804 1011 868; x_wconf 78' lang='grc' dir='ltr'>ὐποστᾶσι,</span> <span class='ocrx_word' id='word_1_50' title='bbox 1044 808 1110 876; x_wconf 85' lang='grc' dir='ltr'>τῇ</span> <span class='ocrx_word' id='word_1_51' title='bbox 1163 808 1468 877; x_wconf 84' lang='grc' dir='ltr'>πατρότητι</span> <span class='ocrx_word' id='word_1_52' title='bbox 1511 808 1714 878; x_wconf 78' lang='grc' dir='ltr'>δηλαδὴ</span> <span class='ocrx_word' id='word_1_53' title='bbox 1745 810 1838 861; x_wconf 75' lang='grc' dir='ltr'><strong>καὶ</strong></span> <span class='ocrx_word' id='word_1_54' title='bbox 1870 810 1978 861; x_wconf 70' lang='grc' dir='ltr'><strong>υἱό-</strong></span> 
     </span>
    </p>
   </div>
   <div class='ocr_carea' id='block_1_9' title="bbox 403 895 1975 970">
    <p class='ocr_par' dir='ltr' id='par_1_9' title="bbox 403 895 1975 970">
     <span class='ocr_line' id='line_1_9' title="bbox 403 895 1975 970; baseline 0.003 -23"><span class='ocrx_word' id='word_1_55' title='bbox 403 911 525 963; x_wconf 87' lang='grc' dir='ltr'>τητι</span> <span class='ocrx_word' id='word_1_56' title='bbox 580 898 676 948; x_wconf 72' lang='grc' dir='ltr'><strong>καὶ</strong></span> <span class='ocrx_word' id='word_1_57' title='bbox 741 895 1072 962; x_wconf 76' lang='grc' dir='ltr'>ἐκπορεύσει</span> <span class='ocrx_word' id='word_1_58' title='bbox 1133 897 1384 966; x_wconf 83' lang='grc' dir='ltr'><strong>ἀλλήλων</strong></span> <span class='ocrx_word' id='word_1_59' title='bbox 1441 898 1840 970; x_wconf 68' lang='grc' dir='ltr'>διακρίνονται,</span> <span class='ocrx_word' id='word_1_60' title='bbox 1879 899 1975 953; x_wconf 83' lang='grc' dir='ltr'>τοῦ</span> 
     </span>
    </p>
   </div>
   <div class='ocr_carea' id='block_1_10' title="bbox 403 987 1980 1061">
    <p class='ocr_par' dir='ltr' id='par_1_10' title="bbox 403 987 1980 1061">
     <span class='ocr_line' id='line_1_10' title="bbox 403 987 1980 1061; baseline 0.003 -23"><span class='ocrx_word' id='word_1_61' title='bbox 403 987 723 1056; x_wconf 63' lang='grc' dir='ltr'>προσώπου,</span> <span class='ocrx_word' id='word_1_62' title='bbox 754 987 851 1039; x_wconf 76' lang='grc' dir='ltr'><strong>καὶ</strong></span> <span class='ocrx_word' id='word_1_63' title='bbox 880 990 982 1057; x_wconf 76' lang='grc' dir='ltr'>τῆς</span> <span class='ocrx_word' id='word_1_64' title='bbox 1015 988 1278 1056; x_wconf 75' lang='grc' dir='ltr'><strong>ἰδιότητος</strong></span> <span class='ocrx_word' id='word_1_65' title='bbox 1321 989 1398 1058; x_wconf 82' lang='grc' dir='ltr'>τῷ</span> <span class='ocrx_word' id='word_1_66' title='bbox 1429 990 1614 1061; x_wconf 79' lang='grc' dir='ltr'>τρόπῳ</span> <span class='ocrx_word' id='word_1_67' title='bbox 1644 992 1741 1059; x_wconf 73' lang='grc' dir='ltr'><strong>τῆς</strong></span> <span class='ocrx_word' id='word_1_68' title='bbox 1779 991 1980 1061; x_wconf 80' lang='grc' dir='ltr'>ἡμετέ·</span> 
     </span>
    </p>
   </div>
   <div class='ocr_carea' id='block_1_11' title="bbox 405 1076 1976 1151">
    <p class='ocr_par' dir='ltr' id='par_1_11' title="bbox 405 1076 1976 1151">
     <span class='ocr_line' id='line_1_11' title="bbox 405 1076 1976 1151; baseline 0.005 -24"><span class='ocrx_word' id='word_1_69' title='bbox 405 1093 506 1140; x_wconf 68' lang='grc' dir='ltr'><strong>ρας</strong></span> <span class='ocrx_word' id='word_1_70' title='bbox 554 1076 799 1144; x_wconf 80' lang='grc' dir='ltr'><strong>νοήσεως</strong></span> <span class='ocrx_word' id='word_1_71' title='bbox 849 1077 996 1147; x_wconf 85' lang='grc' dir='ltr'>μόνῳ</span> <span class='ocrx_word' id='word_1_72' title='bbox 1046 1079 1436 1148; x_wconf 83' lang='grc' dir='ltr'>διαφερόντων,</span> <span class='ocrx_word' id='word_1_73' title='bbox 1469 1080 1550 1151; x_wconf 80' lang='grc' dir='ltr'>τῷ</span> <span class='ocrx_word' id='word_1_74' title='bbox 1581 1082 1640 1134; x_wconf 83' lang='grc' dir='ltr'><strong>τὸ</strong></span> <span class='ocrx_word' id='word_1_75' title='bbox 1678 1081 1781 1150; x_wconf 83' lang='grc' dir='ltr'><strong>μὲν</strong></span> <span class='ocrx_word' id='word_1_76' title='bbox 1811 1083 1976 1151; x_wconf 87' lang='grc' dir='ltr'>πρόσ-</span> 
     </span>
    </p>
   </div>
   <div class='ocr_carea' id='block_1_12' title="bbox 407 1165 1975 1244">
    <p class='ocr_par' dir='ltr' id='par_1_12' title="bbox 407 1165 1975 1244">
     <span class='ocr_line' id='line_1_12' title="bbox 407 1165 1975 1244; baseline 0.005 -27"><span class='ocrx_word' id='word_1_77' title='bbox 407 1183 560 1218; x_wconf 80' lang='grc' dir='ltr'>ωπον</span> <span class='ocrx_word' id='word_1_78' title='bbox 590 1165 665 1228; x_wconf 84' lang='grc' dir='ltr'><strong>ὡς</strong></span> <span class='ocrx_word' id='word_1_79' title='bbox 713 1168 837 1236; x_wconf 76' lang='grc' dir='ltr'>ἔχον</span> <span class='ocrx_word' id='word_1_80' title='bbox 884 1167 1148 1235; x_wconf 75' lang='grc' dir='ltr'><strong>νοεῖσθαι,</strong></span> <span class='ocrx_word' id='word_1_81' title='bbox 1175 1171 1276 1239; x_wconf 79' lang='grc' dir='ltr'>τὴν</span> <span class='ocrx_word' id='word_1_82' title='bbox 1306 1171 1363 1223; x_wconf 80' lang='grc' dir='ltr'><strong>δὲ</strong></span> <span class='ocrx_word' id='word_1_83' title='bbox 1395 1171 1634 1242; x_wconf 78' lang='grc' dir='ltr'>ἰδιότητα</span> <span class='ocrx_word' id='word_1_84' title='bbox 1667 1173 1743 1236; x_wconf 83' lang='grc' dir='ltr'>ὡς</span> <span class='ocrx_word' id='word_1_85' title='bbox 1777 1174 1975 1244; x_wconf 76' lang='grc' dir='ltr'>ἐχόμε-</span> 
     </span>
    </p>
   </div>
   <div class='ocr_carea' id='block_1_13' title="bbox 402 1259 1978 1333">
    <p class='ocr_par' dir='ltr' id='par_1_13' title="bbox 402 1259 1978 1333">
     <span class='ocr_line' id='line_1_13' title="bbox 402 1259 1978 1333; baseline 0.005 -25"><span class='ocrx_word' id='word_1_86' title='bbox 402 1273 515 1321; x_wconf 91' lang='grc' dir='ltr'>νον,</span> <span class='ocrx_word' id='word_1_87' title='bbox 549 1259 785 1326; x_wconf 78' lang='grc' dir='ltr'>πρᾶγμα</span> <span class='ocrx_word' id='word_1_88' title='bbox 824 1259 882 1311; x_wconf 82' lang='grc' dir='ltr'>δὲ</span> <span class='ocrx_word' id='word_1_89' title='bbox 937 1259 997 1312; x_wconf 80' lang='grc' dir='ltr'>τὸ</span> <span class='ocrx_word' id='word_1_90' title='bbox 1047 1260 1179 1314; x_wconf 76' lang='grc' dir='ltr'>αὐτὸ</span> <span class='ocrx_word' id='word_1_91' title='bbox 1211 1262 1408 1317; x_wconf 74' lang='grc' dir='ltr'>ὄντων.</span> <span class='ocrx_word' id='word_1_92' title='bbox 1471 1265 1533 1316; x_wconf 84' lang='lat' dir='ltr'><strong>El</strong></span> <span class='ocrx_word' id='word_1_93' title='bbox 1582 1263 1692 1333; x_wconf 81' lang='grc' dir='ltr'>γὰρ</span> <span class='ocrx_word' id='word_1_94' title='bbox 1727 1266 1823 1316; x_wconf 71' lang='grc' dir='ltr'><strong>καὶ</strong></span> <span class='ocrx_word' id='word_1_95' title='bbox 1857 1265 1978 1326; x_wconf 85' lang='grc' dir='ltr'>ταῖς</span> 
     </span>
    </p>
   </div>
   <div class='ocr_carea' id='block_1_14' title="bbox 405 1349 1979 1423">
    <p class='ocr_par' dir='ltr' id='par_1_14' title="bbox 405 1349 1979 1423">
     <span class='ocr_line' id='line_1_14' title="bbox 405 1349 1979 1423; baseline 0.005 -23"><span class='ocrx_word' id='word_1_96' title='bbox 405 1351 663 1418; x_wconf 89' lang='grc' dir='ltr'>προόδοις</span> <span class='ocrx_word' id='word_1_97' title='bbox 699 1349 767 1402; x_wconf 83' lang='grc' dir='ltr'>τὰ</span> <span class='ocrx_word' id='word_1_98' title='bbox 803 1351 1074 1421; x_wconf 83' lang='grc' dir='ltr'>πρόσωπά</span> <span class='ocrx_word' id='word_1_99' title='bbox 1127 1369 1213 1414; x_wconf 90' lang='grc' dir='ltr'><strong>τις</strong></span> <span class='ocrx_word' id='word_1_100' title='bbox 1266 1353 1643 1422; x_wconf 79' lang='grc' dir='ltr'>διακρίνεσθαι</span> <span class='ocrx_word' id='word_1_101' title='bbox 1692 1355 1866 1423; x_wconf 80' lang='grc' dir='ltr'>λέγοι,</span> <span class='ocrx_word' id='word_1_102' title='bbox 1899 1355 1979 1417; x_wconf 86' lang='grc' dir='ltr'>ὡς</span> 
     </span>
    </p>
   </div>
   <div class='ocr_carea' id='block_1_15' title="bbox 404 1439 1975 1517">
    <p class='ocr_par' dir='ltr' id='par_1_15' title="bbox 404 1439 1975 1517">
     <span class='ocr_line' id='line_1_15' title="bbox 404 1439 1975 1517; baseline 0.005 -26"><span class='ocrx_word' id='word_1_103' title='bbox 404 1439 499 1492; x_wconf 76' lang='grc' dir='ltr'>τὸν</span> <span class='ocrx_word' id='word_1_104' title='bbox 539 1440 768 1510; x_wconf 72' lang='grc' dir='ltr'>Πατέρα</span> <span class='ocrx_word' id='word_1_105' title='bbox 819 1443 880 1493; x_wconf 85' lang='grc' dir='ltr'>οὑ</span> <span class='ocrx_word' id='word_1_106' title='bbox 930 1445 996 1512; x_wconf 83' lang='grc' dir='ltr'>τῇ</span> <span class='ocrx_word' id='word_1_107' title='bbox 1032 1444 1338 1514; x_wconf 86' lang='grc' dir='ltr'>πατρότητι</span> <span class='ocrx_word' id='word_1_108' title='bbox 1373 1446 1561 1513; x_wconf 84' lang='grc' dir='ltr'>μόνον,</span> <span class='ocrx_word' id='word_1_109' title='bbox 1614 1446 1748 1498; x_wconf 72' lang='grc' dir='ltr'><strong>ἀλλὰ</strong></span> <span class='ocrx_word' id='word_1_110' title='bbox 1782 1447 1876 1500; x_wconf 70' lang='grc' dir='ltr'><strong>καὶ</strong></span> <span class='ocrx_word' id='word_1_111' title='bbox 1911 1449 1975 1517; x_wconf 83' lang='grc' dir='ltr'>τῇ</span> 
     </span>
    </p>
   </div>
   <div class='ocr_carea' id='block_1_16' title="bbox 405 1532 1977 1608">
    <p class='ocr_par' dir='ltr' id='par_1_16' title="bbox 405 1532 1977 1608">
     <span class='ocr_line' id='line_1_16' title="bbox 405 1532 1977 1608; baseline 0.006 -26"><span class='ocrx_word' id='word_1_112' title='bbox 405 1532 731 1602; x_wconf 77' lang='grc' dir='ltr'>ὲνεργητικῇ</span> <span class='ocrx_word' id='word_1_113' title='bbox 765 1535 1046 1604; x_wconf 79' lang='grc' dir='ltr'><strong>γεννήσει,</strong></span> <span class='ocrx_word' id='word_1_114' title='bbox 1083 1535 1180 1588; x_wconf 74' lang='grc' dir='ltr'><strong>κειιῖ¹</strong></span> <span class='ocrx_word' id='word_1_115' title='bbox 1215 1537 1306 1588; x_wconf 66' lang='grc' dir='ltr'>τὸν</span> <span class='ocrx_word' id='word_1_116' title='bbox 1357 1537 1485 1590; x_wconf 82' lang='grc' dir='ltr'>Υἱὸν</span> <span class='ocrx_word' id='word_1_117' title='bbox 1547 1539 1608 1590; x_wconf 87' lang='grc' dir='ltr'><strong>οὺ</strong></span> <span class='ocrx_word' id='word_1_118' title='bbox 1664 1541 1730 1608; x_wconf 77' lang='grc' dir='ltr'>τῇ</span> <span class='ocrx_word' id='word_1_119' title='bbox 1769 1538 1977 1606; x_wconf 80' lang='grc' dir='ltr'>υίότητι</span> 
     </span>
    </p>
   </div>
   <div class='ocr_carea' id='block_1_17' title="bbox 409 1625 1977 1701">
    <p class='ocr_par' dir='ltr' id='par_1_17' title="bbox 409 1625 1977 1701">
     <span class='ocr_line' id='line_1_17' title="bbox 409 1625 1977 1701; baseline 0.005 -25"><span class='ocrx_word' id='word_1_120' title='bbox 409 1625 614 1694; x_wconf 85' lang='grc' dir='ltr'>μόνον,</span> <span class='ocrx_word' id='word_1_121' title='bbox 656 1625 792 1679; x_wconf 82' lang='grc' dir='ltr'><strong>ἀλλὰ</strong></span> <span class='ocrx_word' id='word_1_122' title='bbox 841 1628 935 1679; x_wconf 76' lang='grc' dir='ltr'>καὶ</span> <span class='ocrx_word' id='word_1_123' title='bbox 973 1630 1039 1697; x_wconf 81' lang='grc' dir='ltr'>τῇ</span> <span class='ocrx_word' id='word_1_124' title='bbox 1095 1630 1372 1699; x_wconf 80' lang='grc' dir='ltr'>παθητικῇ</span> <span class='ocrx_word' id='word_1_125' title='bbox 1427 1631 1680 1698; x_wconf 81' lang='grc' dir='ltr'><strong>γεννήσει</strong></span> <span class='ocrx_word' id='word_1_126' title='bbox 1733 1630 1977 1701; x_wconf 66' lang='grc' dir='ltr'><strong>ἀλλήλων</strong></span> 
     </span>
    </p>
   </div>
   <div class='ocr_carea' id='block_1_18' title="bbox 369 1717 1976 1790">
    <p class='ocr_par' dir='ltr' id='par_1_18' title="bbox 369 1717 1976 1790">
     <span class='ocr_line' id='line_1_18' title="bbox 369 1717 1976 1790; baseline 0.004 -21"><span class='ocrx_word' id='word_1_127' title='bbox 369 1717 806 1788; x_wconf 79' lang='grc' dir='ltr'>’διακρίνεσθαι,</span> <span class='ocrx_word' id='word_1_128' title='bbox 839 1719 954 1772; x_wconf 68' lang='grc' dir='ltr'><strong>ἀλλ’</strong></span> <span class='ocrx_word' id='word_1_129' title='bbox 993 1719 1125 1773; x_wconf 74' lang='grc' dir='ltr'>ἵστω</span> <span class='ocrx_word' id='word_1_130' title='bbox 1155 1723 1181 1774; x_wconf 87' lang='grc' dir='ltr'>ὁ</span> <span class='ocrx_word' id='word_1_131' title='bbox 1229 1721 1491 1786; x_wconf 75' lang='grc' dir='ltr'>τοιοῦτος,</span> <span class='ocrx_word' id='word_1_132' title='bbox 1534 1722 1608 1790; x_wconf 79' lang='grc' dir='ltr'><strong>μὴ</strong></span> <span class='ocrx_word' id='word_1_133' title='bbox 1655 1723 1720 1776; x_wconf 86' lang='grc' dir='ltr'><strong>ἂν</strong></span> <span class='ocrx_word' id='word_1_134' title='bbox 1759 1724 1976 1786; x_wconf 80' lang='grc' dir='ltr'>οἰκείως</span> 
     </span>
    </p>
   </div>
   <div class='ocr_carea' id='block_1_19' title="bbox 2079 538 3744 618">
    <p class='ocr_par' dir='ltr' id='par_1_19' title="bbox 2079 538 3744 618">
     <span class='ocr_line' id='line_1_19' title="bbox 2079 538 3744 618; baseline 0.013 -30"><span class='ocrx_word' id='word_1_135' title='bbox 2079 538 2240 606; x_wconf 87' lang='lat' dir='ltr'><strong>pulus</strong></span> <span class='ocrx_word' id='word_1_136' title='bbox 2266 551 2452 608; x_wconf 90' lang='lat' dir='ltr'><strong>postea</strong></span> <span class='ocrx_word' id='word_1_137' title='bbox 2485 542 2750 597; x_wconf 85' lang='lat' dir='ltr'><strong>evadunt.</strong></span> <span class='ocrx_word' id='word_1_138' title='bbox 2791 543 2859 597; x_wconf 91' lang='lat' dir='ltr'><strong>At</strong></span> <span class='ocrx_word' id='word_1_139' title='bbox 2889 559 3136 613; x_wconf 65' lang='lat' dir='ltr'><strong>personae</strong></span> <span class='ocrx_word' id='word_1_140' title='bbox 3167 547 3369 603; x_wconf 74' lang='lat' dir='ltr'><strong>divina:</strong></span> <span class='ocrx_word' id='word_1_141' title='bbox 3395 565 3518 618; x_wconf 67' lang='lat' dir='ltr'><strong>quae</strong></span> <span class='ocrx_word' id='word_1_142' title='bbox 3541 569 3653 608; x_wconf 90' lang='lat' dir='ltr'><strong>non</strong></span> <span class='ocrx_word' id='word_1_143' title='bbox 3735 586 3744 608; x_wconf 83' lang='grc' dir='ltr'><strong>ι</strong></span> 
     </span>
    </p>
   </div>
   <div class='ocr_carea' id='block_1_20' title="bbox 2079 629 3752 704">
    <p class='ocr_par' dir='ltr' id='par_1_20' title="bbox 2079 629 3752 704">
     <span class='ocr_line' id='line_1_20' title="bbox 2079 629 3752 704; baseline 0.01 -21"><span class='ocrx_word' id='word_1_144' title='bbox 2079 629 2340 686; x_wconf 81' lang='lat' dir='ltr'><strong>dill‘crunt</strong></span> <span class='ocrx_word' id='word_1_145' title='bbox 2368 633 2508 688; x_wconf 84' lang='lat' dir='ltr'><strong>inter</strong></span> <span class='ocrx_word' id='word_1_146' title='bbox 2535 649 2591 688; x_wconf 88' lang='lat' dir='ltr'><strong>se</strong></span> <span class='ocrx_word' id='word_1_147' title='bbox 2619 637 2872 690; x_wconf 87' lang='lat' dir='ltr'><strong>cssentiis</strong></span> <span class='ocrx_word' id='word_1_148' title='bbox 2903 637 3050 704; x_wconf 85' lang='lat' dir='ltr'><strong>(nam</strong></span> <span class='ocrx_word' id='word_1_149' title='bbox 3077 654 3182 692; x_wconf 89' lang='lat' dir='ltr'><strong>una</strong></span> <span class='ocrx_word' id='word_1_150' title='bbox 3229 648 3285 694; x_wconf 91' lang='lat' dir='ltr'><strong>et</strong></span> <span class='ocrx_word' id='word_1_151' title='bbox 3325 641 3561 698; x_wconf 85' lang='lat' dir='ltr'><strong>indivisa</strong></span> <span class='ocrx_word' id='word_1_152' title='bbox 3598 646 3652 699; x_wconf 91' lang='lat' dir='ltr'><strong>iu</strong></span> <span class='ocrx_word' id='word_1_153' title='bbox 3747 645 3752 652; x_wconf 84' lang='grc'><em>’</em></span> 
     </span>
    </p>
   </div>
   <div class='ocr_carea' id='block_1_21' title="bbox 2079 720 3652 800">
    <p class='ocr_par' dir='ltr' id='par_1_21' title="bbox 2079 720 3652 800">
     <span class='ocr_line' id='line_1_21' title="bbox 2079 720 3652 800; baseline 0.011 -27"><span class='ocrx_word' id='word_1_154' title='bbox 2079 720 2212 789; x_wconf 86' lang='lat' dir='ltr'><strong>ipsis</strong></span> <span class='ocrx_word' id='word_1_155' title='bbox 2241 733 2320 778; x_wconf 88' lang='lat' dir='ltr'><strong>est</strong></span> <span class='ocrx_word' id='word_1_156' title='bbox 2352 727 2589 779; x_wconf 77' lang='lat' dir='ltr'><strong>essentia</strong></span> <span class='ocrx_word' id='word_1_157' title='bbox 2613 727 2915 796; x_wconf 89' lang='lat' dir='ltr'><strong>eademque</strong></span> <span class='ocrx_word' id='word_1_158' title='bbox 2939 729 3192 797; x_wconf 82' lang='lat' dir='ltr'><strong>numero)</strong></span> <span class='ocrx_word' id='word_1_159' title='bbox 3219 733 3652 800; x_wconf 71' lang='lat' dir='ltr'><strong>proprietatibus</strong></span> 
     </span>
    </p>
   </div>
   <div class='ocr_carea' id='block_1_22' title="bbox 2077 811 3656 891">
    <p class='ocr_par' dir='ltr' id='par_1_22' title="bbox 2077 811 3656 891">
     <span class='ocr_line' id='line_1_22' title="bbox 2077 811 3656 891; baseline 0.01 -28"><span class='ocrx_word' id='word_1_160' title='bbox 2077 811 2525 891; x_wconf 54' lang='lat' dir='ltr'><strong>subsisterltihus,</strong></span> <span class='ocrx_word' id='word_1_161' title='bbox 2576 814 2835 870; x_wconf 76' lang='lat' dir='ltr'><strong>videlicet</strong></span> <span class='ocrx_word' id='word_1_162' title='bbox 2902 819 3250 884; x_wconf 88' lang='lat' dir='ltr'><strong>paternitate,</strong></span> <span class='ocrx_word' id='word_1_163' title='bbox 3304 820 3565 878; x_wconf 87' lang='lat' dir='ltr'><strong>tiliatione</strong></span> <span class='ocrx_word' id='word_1_164' title='bbox 3597 835 3656 878; x_wconf 89' lang='lat' dir='ltr'><strong>et</strong></span> 
     </span>
    </p>
   </div>
   <div class='ocr_carea' id='block_1_23' title="bbox 2078 902 3653 981">
    <p class='ocr_par' dir='ltr' id='par_1_23' title="bbox 2078 902 3653 981">
     <span class='ocr_line' id='line_1_23' title="bbox 2078 902 3653 981; baseline 0.01 -29"><span class='ocrx_word' id='word_1_165' title='bbox 2078 902 2430 968; x_wconf 89' lang='lat' dir='ltr'><strong>processione</strong></span> <span class='ocrx_word' id='word_1_166' title='bbox 2459 903 2525 957; x_wconf 90' lang='lat' dir='ltr'><strong>ah</strong></span> <span class='ocrx_word' id='word_1_167' title='bbox 2547 904 2780 959; x_wconf 86' lang='lat' dir='ltr'><strong>invicem</strong></span> <span class='ocrx_word' id='word_1_168' title='bbox 2825 905 3233 975; x_wconf 88' lang='lat' dir='ltr'><strong>discernuntur,</strong></span> <span class='ocrx_word' id='word_1_169' title='bbox 3252 925 3375 963; x_wconf 89' lang='lat' dir='ltr'><strong>cum</strong></span> <span class='ocrx_word' id='word_1_170' title='bbox 3416 927 3653 981; x_wconf 79' lang='lat' dir='ltr'><strong>persona</strong></span> 
     </span>
    </p>
   </div>
   <div class='ocr_carea' id='block_1_24' title="bbox 2077 992 3652 1068">
    <p class='ocr_par' dir='ltr' id='par_1_24' title="bbox 2077 992 3652 1068">
     <span class='ocr_line' id='line_1_24' title="bbox 2077 992 3652 1068; baseline 0.011 -27"><span class='ocrx_word' id='word_1_171' title='bbox 2077 992 2448 1058; x_wconf 84' lang='lat' dir='ltr'><strong>etproprietas</strong></span> <span class='ocrx_word' id='word_1_172' title='bbox 2463 1003 2652 1049; x_wconf 89' lang='lat' dir='ltr'><strong>nostro</strong></span> <span class='ocrx_word' id='word_1_173' title='bbox 2673 995 2934 1050; x_wconf 80' lang='lat' dir='ltr'><strong>duntaxat</strong></span> <span class='ocrx_word' id='word_1_174' title='bbox 2953 998 3288 1068; x_wconf 83' lang='lat' dir='ltr'><strong>intelligendi</strong></span> <span class='ocrx_word' id='word_1_175' title='bbox 3313 1003 3474 1056; x_wconf 90' lang='lat' dir='ltr'><strong>modo</strong></span> <span class='ocrx_word' id='word_1_176' title='bbox 3497 1003 3652 1058; x_wconf 82' lang='lat' dir='ltr'><strong>ditl‘e-</strong></span> 
     </span>
    </p>
   </div>
   <div class='ocr_carea' id='block_1_25' title="bbox 2079 1080 3654 1159">
    <p class='ocr_par' dir='ltr' id='par_1_25' title="bbox 2079 1080 3654 1159">
     <span class='ocr_line' id='line_1_25' title="bbox 2079 1080 3654 1159; baseline 0.009 -29"><span class='ocrx_word' id='word_1_177' title='bbox 2079 1090 2203 1132; x_wconf 90' lang='lat' dir='ltr'><strong>rant</strong></span> <span class='ocrx_word' id='word_1_178' title='bbox 2230 1080 2362 1150; x_wconf 91' lang='lat' dir='ltr'><strong>(quo</strong></span> <span class='ocrx_word' id='word_1_179' title='bbox 2389 1083 2600 1138; x_wconf 85' lang='lat' dir='ltr'><strong>scilicet</strong></span> <span class='ocrx_word' id='word_1_180' title='bbox 2639 1100 2872 1154; x_wconf 87' lang='lat' dir='ltr'><strong>persona</strong></span> <span class='ocrx_word' id='word_1_181' title='bbox 2902 1087 3125 1156; x_wconf 88' lang='lat' dir='ltr'><strong>quidem</strong></span> <span class='ocrx_word' id='word_1_182' title='bbox 3155 1099 3214 1142; x_wconf 91' lang='lat' dir='ltr'><strong>ut</strong></span> <span class='ocrx_word' id='word_1_183' title='bbox 3234 1090 3287 1143; x_wconf 92' lang='lat' dir='ltr'><strong>id</strong></span> <span class='ocrx_word' id='word_1_184' title='bbox 3315 1091 3460 1159; x_wconf 92' lang='lat' dir='ltr'><strong>quod</strong></span> <span class='ocrx_word' id='word_1_185' title='bbox 3487 1093 3654 1146; x_wconf 83' lang='lat' dir='ltr'><strong>habet</strong></span> 
     </span>
    </p>
   </div>
   <div class='ocr_carea' id='block_1_26' title="bbox 2080 1168 3652 1251">
    <p class='ocr_par' dir='ltr' id='par_1_26' title="bbox 2080 1168 3652 1251">
     <span class='ocr_line' id='line_1_26' title="bbox 2080 1168 3652 1251; baseline 0.01 -29"><span class='ocrx_word' id='word_1_186' title='bbox 2080 1168 2426 1240; x_wconf 76' lang='lat' dir='ltr'><strong>intelligitur,</strong></span> <span class='ocrx_word' id='word_1_187' title='bbox 2451 1176 2756 1244; x_wconf 83' lang='lat' dir='ltr'><strong>proprietas</strong></span> <span class='ocrx_word' id='word_1_188' title='bbox 2781 1192 2915 1231; x_wconf 83' lang='lat' dir='ltr'><strong>vero</strong></span> <span class='ocrx_word' id='word_1_189' title='bbox 2939 1188 2994 1231; x_wconf 90' lang='lat' dir='ltr'><strong>ut</strong></span> <span class='ocrx_word' id='word_1_190' title='bbox 3012 1178 3063 1232; x_wconf 85' lang='lat' dir='ltr'><strong>id</strong></span> <span class='ocrx_word' id='word_1_191' title='bbox 3087 1181 3232 1250; x_wconf 91' lang='lat' dir='ltr'><strong>quod</strong></span> <span class='ocrx_word' id='word_1_192' title='bbox 3255 1181 3535 1251; x_wconf 89' lang='lat' dir='ltr'><strong>habetur),</strong></span> <span class='ocrx_word' id='word_1_193' title='bbox 3565 1199 3652 1239; x_wconf 87' lang='lat' dir='ltr'><strong>res</strong></span> 
     </span>
    </p>
   </div>
   <div class='ocr_carea' id='block_1_27' title="bbox 2080 1261 3651 1343">
    <p class='ocr_par' dir='ltr' id='par_1_27' title="bbox 2080 1261 3651 1343">
     <span class='ocr_line' id='line_1_27' title="bbox 2080 1261 3651 1343; baseline 0.009 -29"><span class='ocrx_word' id='word_1_194' title='bbox 2080 1275 2214 1315; x_wconf 82' lang='lat' dir='ltr'><strong>vero</strong></span> <span class='ocrx_word' id='word_1_195' title='bbox 2244 1263 2406 1330; x_wconf 88' lang='lat' dir='ltr'><strong>plane</strong></span> <span class='ocrx_word' id='word_1_196' title='bbox 2441 1265 2632 1321; x_wconf 84' lang='lat' dir='ltr'><strong>eadem</strong></span> <span class='ocrx_word' id='word_1_197' title='bbox 2665 1268 2957 1323; x_wconf 81' lang='lat' dir='ltr'><strong>exsistant.</strong></span> <span class='ocrx_word' id='word_1_198' title='bbox 3001 1269 3057 1324; x_wconf 90' lang='lat' dir='ltr'><strong>Si</strong></span> <span class='ocrx_word' id='word_1_199' title='bbox 3083 1275 3206 1339; x_wconf 91' lang='lat' dir='ltr'><strong>quis</strong></span> <span class='ocrx_word' id='word_1_200' title='bbox 3235 1261 3398 1326; x_wconf 74' lang='lat' dir='ltr'><strong>etiam</strong></span> <span class='ocrx_word' id='word_1_201' title='bbox 3433 1290 3651 1343; x_wconf 71' lang='lat' dir='ltr'><strong>proccs~</strong></span> 
     </span>
    </p>
   </div>
   <div class='ocr_carea' id='block_1_28' title="bbox 2079 1351 3652 1434">
    <p class='ocr_par' dir='ltr' id='par_1_28' title="bbox 2079 1351 3652 1434">
     <span class='ocr_line' id='line_1_28' title="bbox 2079 1351 3652 1434; baseline 0.007 -27"><span class='ocrx_word' id='word_1_202' title='bbox 2079 1351 2329 1408; x_wconf 85' lang='lat' dir='ltr'><strong>sionibus</strong></span> <span class='ocrx_word' id='word_1_203' title='bbox 2352 1370 2612 1424; x_wconf 85' lang='lat' dir='ltr'><strong>personas</strong></span> <span class='ocrx_word' id='word_1_204' title='bbox 2635 1358 2871 1414; x_wconf 86' lang='lat' dir='ltr'><strong>discerni</strong></span> <span class='ocrx_word' id='word_1_205' title='bbox 2900 1372 3130 1427; x_wconf 81' lang='lat' dir='ltr'><strong>asserat,</strong></span> <span class='ocrx_word' id='word_1_206' title='bbox 3157 1362 3229 1418; x_wconf 89' lang='lat' dir='ltr'><strong>ita</strong></span> <span class='ocrx_word' id='word_1_207' title='bbox 3263 1373 3319 1416; x_wconf 89' lang='lat' dir='ltr'><strong>ut</strong></span> <span class='ocrx_word' id='word_1_208' title='bbox 3339 1381 3392 1418; x_wconf 73' lang='grc' dir='ltr'>γ.</span> <span class='ocrx_word' id='word_1_209' title='bbox 3419 1381 3472 1434; x_wconf 88' lang='lat' dir='ltr'><strong>g.</strong></span> <span class='ocrx_word' id='word_1_210' title='bbox 3494 1365 3652 1421; x_wconf 85' lang='lat' dir='ltr'><strong>Pater</strong></span> 
     </span>
    </p>
   </div>
   <div class='ocr_carea' id='block_1_29' title="bbox 2079 1445 3649 1525">
    <p class='ocr_par' dir='ltr' id='par_1_29' title="bbox 2079 1445 3649 1525">
     <span class='ocr_line' id='line_1_29' title="bbox 2079 1445 3649 1525; baseline 0.01 -28"><span class='ocrx_word' id='word_1_211' title='bbox 2079 1460 2190 1498; x_wconf 88' lang='lat' dir='ltr'><strong>non</strong></span> <span class='ocrx_word' id='word_1_212' title='bbox 2225 1449 2554 1514; x_wconf 86' lang='lat' dir='ltr'><strong>paternitate</strong></span> <span class='ocrx_word' id='word_1_213' title='bbox 2581 1459 2818 1521; x_wconf 81' lang='lat' dir='ltr'><strong>tantum,</strong></span> <span class='ocrx_word' id='word_1_214' title='bbox 2855 1454 2948 1507; x_wconf 90' lang='lat' dir='ltr'><strong>sed</strong></span> <span class='ocrx_word' id='word_1_215' title='bbox 2991 1463 3046 1508; x_wconf 92' lang='lat' dir='ltr'><strong>et</strong></span> <span class='ocrx_word' id='word_1_216' title='bbox 3071 1456 3246 1510; x_wconf 89' lang='lat' dir='ltr'><strong>activa</strong></span> <span class='ocrx_word' id='word_1_217' title='bbox 3272 1445 3649 1525; x_wconf 84' lang='lat' dir='ltr'><strong>generatione,</strong></span> 
     </span>
    </p>
   </div>
   <div class='ocr_carea' id='block_1_30' title="bbox 2081 1535 3646 1616">
    <p class='ocr_par' dir='ltr' id='par_1_30' title="bbox 2081 1535 3646 1616">
     <span class='ocr_line' id='line_1_30' title="bbox 2081 1535 3646 1616; baseline 0.009 -26"><span class='ocrx_word' id='word_1_218' title='bbox 2081 1535 2252 1592; x_wconf 88' lang='lat' dir='ltr'><strong>Filius</strong></span> <span class='ocrx_word' id='word_1_219' title='bbox 2281 1553 2391 1592; x_wconf 90' lang='lat' dir='ltr'><strong>non</strong></span> <span class='ocrx_word' id='word_1_220' title='bbox 2443 1540 2707 1597; x_wconf 78' lang='lat' dir='ltr'><strong>ﬁliatione</strong></span> <span class='ocrx_word' id='word_1_221' title='bbox 2755 1551 2988 1608; x_wconf 90' lang='lat' dir='ltr'><strong>tantum,</strong></span> <span class='ocrx_word' id='word_1_222' title='bbox 3045 1544 3141 1599; x_wconf 83' lang='lat' dir='ltr'><strong>sed</strong></span> <span class='ocrx_word' id='word_1_223' title='bbox 3185 1555 3240 1600; x_wconf 91' lang='lat' dir='ltr'><strong>et</strong></span> <span class='ocrx_word' id='word_1_224' title='bbox 3291 1549 3646 1616; x_wconf 80' lang='lat' dir='ltr'><strong>generatimie</strong></span> 
     </span>
    </p>
   </div>
   <div class='ocr_carea' id='block_1_31' title="bbox 2079 1629 3646 1706">
    <p class='ocr_par' dir='ltr' id='par_1_31' title="bbox 2079 1629 3646 1706">
     <span class='ocr_line' id='line_1_31' title="bbox 2079 1629 3646 1706; baseline 0.008 -24"><span class='ocrx_word' id='word_1_225' title='bbox 2079 1629 2292 1698; x_wconf 87' lang='lat' dir='ltr'><strong>passiva</strong></span> <span class='ocrx_word' id='word_1_226' title='bbox 2342 1632 2410 1686; x_wconf 85' lang='lat' dir='ltr'><strong>ab</strong></span> <span class='ocrx_word' id='word_1_227' title='bbox 2454 1633 2688 1688; x_wconf 83' lang='lat' dir='ltr'><strong>invicem</strong></span> <span class='ocrx_word' id='word_1_228' title='bbox 2746 1634 3199 1706; x_wconf 83' lang='lat' dir='ltr'><strong>distinguantur,</strong></span> <span class='ocrx_word' id='word_1_229' title='bbox 3252 1643 3470 1695; x_wconf 87' lang='lat' dir='ltr'><strong>noverit</strong></span> <span class='ocrx_word' id='word_1_230' title='bbox 3522 1643 3646 1703; x_wconf 83' lang='lat' dir='ltr'><strong>iste,</strong></span> 
     </span>
    </p>
   </div>
   <div class='ocr_carea' id='block_1_32' title="bbox 2081 1719 3651 1800">
    <p class='ocr_par' dir='ltr' id='par_1_32' title="bbox 2081 1719 3651 1800">
     <span class='ocr_line' id='line_1_32' title="bbox 2081 1719 3651 1800; baseline 0.01 -28"><span class='ocrx_word' id='word_1_231' title='bbox 2081 1719 2227 1775; x_wconf 86' lang='lat' dir='ltr'><strong>haud</strong></span> <span class='ocrx_word' id='word_1_232' title='bbox 2278 1729 2500 1793; x_wconf 90' lang='lat' dir='ltr'><strong>pr0prie</strong></span> <span class='ocrx_word' id='word_1_233' title='bbox 2547 1725 2711 1780; x_wconf 88' lang='lat' dir='ltr'><strong>dictis</strong></span> <span class='ocrx_word' id='word_1_234' title='bbox 2742 1730 3188 1796; x_wconf 81' lang='lat' dir='ltr'><strong>processionibus</strong></span> <span class='ocrx_word' id='word_1_235' title='bbox 3219 1746 3486 1800; x_wconf 82' lang='lat' dir='ltr'><strong>personas</strong></span> <span class='ocrx_word' id='word_1_236' title='bbox 3537 1734 3651 1788; x_wconf 87' lang='lat' dir='ltr'><strong>dis-</strong></span> 
     </span>
    </p>
   </div>
   <div class='ocr_carea' id='block_1_33' title="bbox 405 1808 1975 1884">
    <p class='ocr_par' dir='ltr' id='par_1_33' title="bbox 405 1808 1975 1884">
     <span class='ocr_line' id='line_1_33' title="bbox 405 1808 1975 1884; baseline 0.004 -25"><span class='ocrx_word' id='word_1_237' title='bbox 405 1808 509 1871; x_wconf 66' lang='lat' dir='ltr'><strong>ea;</strong></span> <span class='ocrx_word' id='word_1_238' title='bbox 540 1811 839 1879; x_wconf 78' lang='grc' dir='ltr'><strong>εἰρημένας</strong></span> <span class='ocrx_word' id='word_1_239' title='bbox 867 1811 1128 1881; x_wconf 78' lang='grc' dir='ltr'>προόδους</span> <span class='ocrx_word' id='word_1_240' title='bbox 1165 1813 1233 1865; x_wconf 84' lang='grc' dir='ltr'><strong>τὰ</strong></span> <span class='ocrx_word' id='word_1_241' title='bbox 1270 1813 1540 1884; x_wconf 79' lang='grc' dir='ltr'>πρόσωπα</span> <span class='ocrx_word' id='word_1_242' title='bbox 1567 1815 1887 1884; x_wconf 78' lang='grc' dir='ltr'>διακρίνειν.</span> <span class='ocrx_word' id='word_1_243' title='bbox 1921 1815 1975 1866; x_wconf 81' lang='lat' dir='ltr'><strong>El</strong></span> 
     </span>
    </p>
   </div>
   <div class='ocr_carea' id='block_1_34' title="bbox 2078 1808 3647 1884">
    <p class='ocr_par' dir='ltr' id='par_1_34' title="bbox 2080 1814 3647 1879">
     <span class='ocr_line' id='line_1_34' title="bbox 2080 1814 3647 1879; baseline 0.008 -13"><span class='ocrx_word' id='word_1_244' title='bbox 2080 1814 2256 1868; x_wconf 87' lang='lat' dir='ltr'><strong>cerni.</strong></span> <span class='ocrx_word' id='word_1_245' title='bbox 2311 1814 2365 1869; x_wconf 89' lang='lat' dir='ltr'><strong>Si</strong></span> <span class='ocrx_word' id='word_1_246' title='bbox 2397 1818 2600 1871; x_wconf 90' lang='lat' dir='ltr'><strong>etenim</strong></span> <span class='ocrx_word' id='word_1_247' title='bbox 2649 1819 2798 1874; x_wconf 90' lang='lat' dir='ltr'><strong>idem</strong></span> <span class='ocrx_word' id='word_1_248' title='bbox 2844 1831 2973 1877; x_wconf 89' lang='lat' dir='ltr'><strong>sunt</strong></span> <span class='ocrx_word' id='word_1_249' title='bbox 3002 1824 3301 1877; x_wconf 89' lang='lat' dir='ltr'><strong>secundum</strong></span> <span class='ocrx_word' id='word_1_250' title='bbox 3353 1840 3468 1878; x_wconf 89' lang='lat' dir='ltr'><strong>rem</strong></span> <span class='ocrx_word' id='word_1_251' title='bbox 3533 1835 3647 1879; x_wconf 91' lang='lat' dir='ltr'><strong>tum</strong></span> 
     </span>
    </p>
   </div>
   <div class='ocr_carea' id='block_1_35' title="bbox 405 1901 1977 1977">
    <p class='ocr_par' dir='ltr' id='par_1_35' title="bbox 405 1901 1977 1977">
     <span class='ocr_line' id='line_1_35' title="bbox 405 1901 1977 1977; baseline 0.004 -26"><span class='ocrx_word' id='word_1_252' title='bbox 405 1901 515 1970; x_wconf 74' lang='grc' dir='ltr'><strong>γὰρ</strong></span> <span class='ocrx_word' id='word_1_253' title='bbox 559 1902 653 1954; x_wconf 75' lang='grc' dir='ltr'><strong>καὶ</strong></span> <span class='ocrx_word' id='word_1_254' title='bbox 699 1901 761 1954; x_wconf 84' lang='grc' dir='ltr'>τὸ</span> <span class='ocrx_word' id='word_1_255' title='bbox 808 1901 941 1955; x_wconf 84' lang='grc' dir='ltr'>αὑτό</span> <span class='ocrx_word' id='word_1_256' title='bbox 991 1906 1108 1957; x_wconf 79' lang='grc' dir='ltr'>ἐστι</span> <span class='ocrx_word' id='word_1_257' title='bbox 1149 1905 1296 1958; x_wconf 74' lang='grc' dir='ltr'>κατὰ</span> <span class='ocrx_word' id='word_1_258' title='bbox 1325 1904 1386 1957; x_wconf 83' lang='grc' dir='ltr'>τὸ</span> <span class='ocrx_word' id='word_1_259' title='bbox 1424 1907 1660 1975; x_wconf 76' lang='grc' dir='ltr'>πρᾶγμα</span> <span class='ocrx_word' id='word_1_260' title='bbox 1691 1906 1750 1958; x_wconf 81' lang='grc' dir='ltr'><strong>τὸ</strong></span> <span class='ocrx_word' id='word_1_261' title='bbox 1781 1907 1977 1977; x_wconf 79' lang='grc' dir='ltr'>γεννᾷν</span> 
     </span>
    </p>
   </div>
   <div class='ocr_carea' id='block_1_36' title="bbox 403 1991 1976 2063">
    <p class='ocr_par' dir='ltr' id='par_1_36' title="bbox 403 1991 1976 2063">
     <span class='ocr_line' id='line_1_36' title="bbox 403 1991 1976 2063; baseline 0.002 -19"><span class='ocrx_word' id='word_1_262' title='bbox 403 1991 563 2062; x_wconf 77' lang='grc' dir='ltr'>καὶή</span> <span class='ocrx_word' id='word_1_263' title='bbox 600 1992 914 2062; x_wconf 81' lang='grc' dir='ltr'>πατρότης,</span> <span class='ocrx_word' id='word_1_264' title='bbox 964 1995 1058 2046; x_wconf 72' lang='grc' dir='ltr'>καὶ</span> <span class='ocrx_word' id='word_1_265' title='bbox 1103 1994 1164 2047; x_wconf 77' lang='grc' dir='ltr'>τὸ</span> <span class='ocrx_word' id='word_1_266' title='bbox 1210 1994 1505 2062; x_wconf 79' lang='grc' dir='ltr'>γεννᾶσθαι</span> <span class='ocrx_word' id='word_1_267' title='bbox 1535 1996 1630 2048; x_wconf 83' lang='grc' dir='ltr'><strong>καὶ</strong></span> <span class='ocrx_word' id='word_1_268' title='bbox 1686 1996 1718 2063; x_wconf 82' lang='grc' dir='ltr'><strong>ὴ</strong></span> <span class='ocrx_word' id='word_1_269' title='bbox 1768 1994 1976 2062; x_wconf 78' lang='grc' dir='ltr'>οῐότης,</span> 
     </span>
    </p>
   </div>
   <div class='ocr_carea' id='block_1_37' title="bbox 404 2083 1972 2156">
    <p class='ocr_par' dir='ltr' id='par_1_37' title="bbox 404 2083 1972 2156">
     <span class='ocr_line' id='line_1_37' title="bbox 404 2083 1972 2156; baseline 0 -19"><span class='ocrx_word' id='word_1_270' title='bbox 404 2083 542 2137; x_wconf 69' lang='grc' dir='ltr'><strong>ἀλλὰ</strong></span> <span class='ocrx_word' id='word_1_271' title='bbox 575 2084 720 2136; x_wconf 85' lang='grc' dir='ltr'>κατὰ</span> <span class='ocrx_word' id='word_1_272' title='bbox 747 2084 838 2136; x_wconf 79' lang='grc' dir='ltr'><strong>τὸν</strong></span> <span class='ocrx_word' id='word_1_273' title='bbox 870 2084 1075 2153; x_wconf 81' lang='grc' dir='ltr'><strong>τρόπον</strong></span> <span class='ocrx_word' id='word_1_274' title='bbox 1121 2085 1223 2153; x_wconf 80' lang='grc' dir='ltr'><strong>τῆς</strong></span> <span class='ocrx_word' id='word_1_275' title='bbox 1257 2087 1536 2155; x_wconf 70' lang='grc' dir='ltr'>ἡμετέρας</span> <span class='ocrx_word' id='word_1_276' title='bbox 1571 2086 1814 2156; x_wconf 82' lang='grc' dir='ltr'>νοήσεως</span> <span class='ocrx_word' id='word_1_277' title='bbox 1848 2085 1972 2137; x_wconf 66' lang='grc' dir='ltr'>διας</span> 
     </span>
    </p>
   </div>
   <div class='ocr_carea' id='block_1_38' title="bbox 403 2169 1978 2244">
    <p class='ocr_par' dir='ltr' id='par_1_38' title="bbox 403 2169 1978 2244">
     <span class='ocr_line' id='line_1_38' title="bbox 403 2169 1978 2244; baseline -0.001 -18"><span class='ocrx_word' id='word_1_278' title='bbox 403 2173 584 2243; x_wconf 74' lang='grc' dir='ltr'>φέρει.</span> <span class='ocrx_word' id='word_1_279' title='bbox 606 2173 680 2226; x_wconf 81' lang='grc' dir='ltr'><strong>Τὸ</strong></span> <span class='ocrx_word' id='word_1_280' title='bbox 709 2173 812 2242; x_wconf 83' lang='grc' dir='ltr'>μὲν</span> <span class='ocrx_word' id='word_1_281' title='bbox 839 2175 949 2244; x_wconf 75' lang='grc' dir='ltr'>γὰρ</span> <span class='ocrx_word' id='word_1_282' title='bbox 985 2177 1280 2241; x_wconf 81' lang='grc' dir='ltr'>γεννᾶσθαι</span> <span class='ocrx_word' id='word_1_283' title='bbox 1315 2175 1415 2227; x_wconf 84' lang='grc' dir='ltr'><strong>οὐκ</strong></span> <span class='ocrx_word' id='word_1_284' title='bbox 1455 2169 1601 2235; x_wconf 81' lang='grc' dir='ltr'>εἶδός</span> <span class='ocrx_word' id='word_1_285' title='bbox 1630 2191 1682 2226; x_wconf 91' lang='grc' dir='ltr'><strong>τι</strong></span> <span class='ocrx_word' id='word_1_286' title='bbox 1724 2173 1978 2242; x_wconf 77' lang='grc' dir='ltr'>σημαίνει</span> 
     </span>
    </p>
   </div>
   <div class='ocr_carea' id='block_1_39' title="bbox 402 2263 1977 2334">
    <p class='ocr_par' dir='ltr' id='par_1_39' title="bbox 402 2263 1977 2334">
     <span class='ocr_line' id='line_1_39' title="bbox 402 2263 1977 2334; baseline -0.002 -17"><span class='ocrx_word' id='word_1_287' title='bbox 402 2266 524 2318; x_wconf 76' lang='grc' dir='ltr'>ἐνὸν</span> <span class='ocrx_word' id='word_1_288' title='bbox 553 2264 630 2334; x_wconf 84' lang='grc' dir='ltr'><strong>τῷ</strong></span> <span class='ocrx_word' id='word_1_289' title='bbox 665 2266 1018 2334; x_wconf 82' lang='grc' dir='ltr'>γεννωμένῳ,</span> <span class='ocrx_word' id='word_1_290' title='bbox 1046 2265 1163 2317; x_wconf 73' lang='grc' dir='ltr'>ἀλλ’</span> <span class='ocrx_word' id='word_1_291' title='bbox 1198 2264 1350 2317; x_wconf 78' lang='grc' dir='ltr'>ἔστιν</span> <span class='ocrx_word' id='word_1_292' title='bbox 1393 2263 1584 2332; x_wconf 82' lang='grc' dir='ltr'>ὥσπερ</span> <span class='ocrx_word' id='word_1_293' title='bbox 1614 2279 1700 2324; x_wconf 90' lang='grc' dir='ltr'><strong>τις</strong></span> <span class='ocrx_word' id='word_1_294' title='bbox 1729 2263 1847 2324; x_wconf 72' lang='grc' dir='ltr'>ὁδὸς</span> <span class='ocrx_word' id='word_1_295' title='bbox 1885 2264 1977 2314; x_wconf 77' lang='grc' dir='ltr'>ἐπὶ</span> 
     </span>
    </p>
   </div>
   <div class='ocr_carea' id='block_1_40' title="bbox 405 2354 1976 2428">
    <p class='ocr_par' dir='ltr' id='par_1_40' title="bbox 405 2354 1976 2428">
     <span class='ocr_line' id='line_1_40' title="bbox 405 2354 1976 2428; baseline 0 -20"><span class='ocrx_word' id='word_1_296' title='bbox 405 2356 468 2408; x_wconf 77' lang='grc' dir='ltr'><strong>τὸ</strong></span> <span class='ocrx_word' id='word_1_297' title='bbox 500 2355 843 2426; x_wconf 81' lang='grc' dir='ltr'>γεννώμενον</span> <span class='ocrx_word' id='word_1_298' title='bbox 867 2356 963 2409; x_wconf 79' lang='grc' dir='ltr'><strong>καὶ</strong></span> <span class='ocrx_word' id='word_1_299' title='bbox 992 2355 1084 2409; x_wconf 74' lang='grc' dir='ltr'><strong>τὸν</strong></span> <span class='ocrx_word' id='word_1_300' title='bbox 1117 2356 1267 2421; x_wconf 77' lang='grc' dir='ltr'>Υίὸν,</span> <span class='ocrx_word' id='word_1_301' title='bbox 1297 2359 1330 2428; x_wconf 82' lang='grc' dir='ltr'>ἠ</span> <span class='ocrx_word' id='word_1_302' title='bbox 1360 2357 1418 2409; x_wconf 83' lang='grc' dir='ltr'>δὲ</span> <span class='ocrx_word' id='word_1_303' title='bbox 1461 2357 1650 2424; x_wconf 84' lang='grc' dir='ltr'>υίότης</span> <span class='ocrx_word' id='word_1_304' title='bbox 1695 2354 1883 2425; x_wconf 80' lang='grc' dir='ltr'>ὥσπερ</span> <span class='ocrx_word' id='word_1_305' title='bbox 1923 2372 1976 2408; x_wconf 88' lang='grc' dir='ltr'><strong>τι</strong></span> 
     </span>
    </p>
   </div>
   <div class='ocr_carea' id='block_1_41' title="bbox 407 2443 1976 2518">
    <p class='ocr_par' dir='ltr' id='par_1_41' title="bbox 407 2443 1976 2518">
     <span class='ocr_line' id='line_1_41' title="bbox 407 2443 1976 2518; baseline -0.001 -18"><span class='ocrx_word' id='word_1_306' title='bbox 407 2443 546 2510; x_wconf 75' lang='grc' dir='ltr'>εἶδός</span> <span class='ocrx_word' id='word_1_307' title='bbox 584 2450 763 2512; x_wconf 76' lang='grc' dir='ltr'>ἐστιν,</span> <span class='ocrx_word' id='word_1_308' title='bbox 795 2450 923 2518; x_wconf 81' lang='grc' dir='ltr'>ὅρος</span> <span class='ocrx_word' id='word_1_309' title='bbox 969 2447 1106 2502; x_wconf 78' lang='grc' dir='ltr'>οὖσα</span> <span class='ocrx_word' id='word_1_310' title='bbox 1151 2448 1248 2502; x_wconf 80' lang='grc' dir='ltr'>τοῦ</span> <span class='ocrx_word' id='word_1_311' title='bbox 1286 2449 1605 2514; x_wconf 81' lang='grc' dir='ltr'>γεννᾶσθαι.</span> <span class='ocrx_word' id='word_1_312' title='bbox 1651 2449 1772 2501; x_wconf 83' lang='grc' dir='ltr'>Ἔτι</span> <span class='ocrx_word' id='word_1_313' title='bbox 1819 2464 1879 2500; x_wconf 83' lang='grc' dir='ltr'><strong>τε</strong></span> <span class='ocrx_word' id='word_1_314' title='bbox 1916 2447 1976 2499; x_wconf 80' lang='grc' dir='ltr'>τὸ</span> 
     </span>
    </p>
   </div>
   <div class='ocr_carea' id='block_1_42' title="bbox 410 2540 1976 2611">
    <p class='ocr_par' dir='ltr' id='par_1_42' title="bbox 410 2540 1976 2611">
     <span class='ocr_line' id='line_1_42' title="bbox 410 2540 1976 2611; baseline -0.001 -19"><span class='ocrx_word' id='word_1_315' title='bbox 410 2540 514 2609; x_wconf 84' lang='grc' dir='ltr'>μὲν</span> <span class='ocrx_word' id='word_1_316' title='bbox 552 2541 744 2610; x_wconf 82' lang='grc' dir='ltr'>γεννᾷν</span> <span class='ocrx_word' id='word_1_317' title='bbox 789 2541 888 2611; x_wconf 68' lang='grc' dir='ltr'>ἤδη</span> <span class='ocrx_word' id='word_1_318' title='bbox 933 2541 1335 2610; x_wconf 79' lang='grc' dir='ltr'>προῦποτίθησι</span> <span class='ocrx_word' id='word_1_319' title='bbox 1385 2541 1446 2594; x_wconf 79' lang='grc' dir='ltr'><strong>τὸ</strong></span> <span class='ocrx_word' id='word_1_320' title='bbox 1500 2540 1777 2610; x_wconf 78' lang='grc' dir='ltr'>πατρικὸν</span> <span class='ocrx_word' id='word_1_321' title='bbox 1806 2541 1976 2609; x_wconf 88' lang='grc' dir='ltr'>πρόσ-</span> 
     </span>
    </p>
   </div>
   <div class='ocr_carea' id='block_1_43' title="bbox 405 2630 1975 2702">
    <p class='ocr_par' dir='ltr' id='par_1_43' title="bbox 405 2630 1975 2702">
     <span class='ocr_line' id='line_1_43' title="bbox 405 2630 1975 2702; baseline 0.001 -20"><span class='ocrx_word' id='word_1_322' title='bbox 405 2645 588 2682; x_wconf 82' lang='grc' dir='ltr'>ωπον’</span> <span class='ocrx_word' id='word_1_323' title='bbox 621 2631 682 2683; x_wconf 79' lang='grc' dir='ltr'>τὺ</span> <span class='ocrx_word' id='word_1_324' title='bbox 729 2631 787 2684; x_wconf 84' lang='grc' dir='ltr'>δὲ</span> <span class='ocrx_word' id='word_1_325' title='bbox 835 2633 1131 2700; x_wconf 72' lang='grc' dir='ltr'>γεννᾶσθαι</span> <span class='ocrx_word' id='word_1_326' title='bbox 1181 2638 1436 2702; x_wconf 76' lang='grc' dir='ltr'>σημαίνει</span> <span class='ocrx_word' id='word_1_327' title='bbox 1487 2633 1652 2702; x_wconf 81' lang='grc' dir='ltr'>μήπω</span> <span class='ocrx_word' id='word_1_328' title='bbox 1703 2631 1796 2684; x_wconf 78' lang='grc' dir='ltr'><strong>τὸν</strong></span> <span class='ocrx_word' id='word_1_329' title='bbox 1847 2630 1975 2684; x_wconf 81' lang='grc' dir='ltr'>Υἱὸν</span> 
     </span>
    </p>
   </div>
   <div class='ocr_carea' id='block_1_44' title="bbox 405 2722 1975 2795">
    <p class='ocr_par' dir='ltr' id='par_1_44' title="bbox 405 2722 1975 2795">
     <span class='ocr_line' id='line_1_44' title="bbox 405 2722 1975 2795; baseline 0.003 -21"><span class='ocrx_word' id='word_1_330' title='bbox 405 2722 744 2790; x_wconf 65' lang='grc' dir='ltr'>ὑφεστάναν</span> <span class='ocrx_word' id='word_1_331' title='bbox 773 2725 860 2776; x_wconf 72' lang='grc' dir='ltr'>διὰ</span> <span class='ocrx_word' id='word_1_332' title='bbox 911 2724 1070 2777; x_wconf 77' lang='grc' dir='ltr'>τοῦτο</span> <span class='ocrx_word' id='word_1_333' title='bbox 1116 2725 1148 2795; x_wconf 81' lang='grc' dir='ltr'>ἡ</span> <span class='ocrx_word' id='word_1_334' title='bbox 1211 2726 1394 2794; x_wconf 76' lang='grc' dir='ltr'>υίότης</span> <span class='ocrx_word' id='word_1_335' title='bbox 1439 2725 1561 2795; x_wconf 70' lang='grc' dir='ltr'>οὐχὶ</span> <span class='ocrx_word' id='word_1_336' title='bbox 1589 2725 1650 2777; x_wconf 77' lang='grc' dir='ltr'>τὸ</span> <span class='ocrx_word' id='word_1_337' title='bbox 1680 2727 1975 2792; x_wconf 77' lang='grc' dir='ltr'>γεννᾶσθαι</span> 
     </span>
    </p>
   </div>
   <div class='ocr_carea' id='block_1_45' title="bbox 402 2815 1975 2891">
    <p class='ocr_par' dir='ltr' id='par_1_45' title="bbox 402 2815 1975 2891">
     <span class='ocr_line' id='line_1_45' title="bbox 402 2815 1975 2891; baseline 0.002 -25"><span class='ocrx_word' id='word_1_338' title='bbox 402 2815 671 2886; x_wconf 84' lang='grc' dir='ltr'>διακρίνει</span> <span class='ocrx_word' id='word_1_339' title='bbox 707 2816 741 2888; x_wconf 79' lang='grc' dir='ltr'>ἢ</span> <span class='ocrx_word' id='word_1_340' title='bbox 797 2817 1060 2886; x_wconf 81' lang='grc' dir='ltr'>ὑφίστησι</span> <span class='ocrx_word' id='word_1_341' title='bbox 1103 2817 1196 2870; x_wconf 74' lang='grc' dir='ltr'><strong>τὸν</strong></span> <span class='ocrx_word' id='word_1_342' title='bbox 1241 2818 1392 2884; x_wconf 66' lang='grc' dir='ltr'>ἶῐὸν,</span> <span class='ocrx_word' id='word_1_343' title='bbox 1446 2820 1494 2872; x_wconf 89' lang='grc' dir='ltr'><strong>εί</strong></span> <span class='ocrx_word' id='word_1_344' title='bbox 1547 2820 1622 2891; x_wconf 81' lang='grc' dir='ltr'>μὴ</span> <span class='ocrx_word' id='word_1_345' title='bbox 1656 2820 1886 2872; x_wconf 76' lang='grc' dir='ltr'>καθόσον</span> <span class='ocrx_word' id='word_1_346' title='bbox 1916 2817 1975 2884; x_wconf 77' lang='grc' dir='ltr'><strong>ἐξ</strong></span> 
     </span>
    </p>
   </div>
   <div class='ocr_carea' id='block_1_46' title="bbox 401 2905 1974 2979">
    <p class='ocr_par' dir='ltr' id='par_1_46' title="bbox 401 2905 1974 2979">
     <span class='ocr_line' id='line_1_46' title="bbox 401 2905 1974 2979; baseline 0.003 -22"><span class='ocrx_word' id='word_1_347' title='bbox 401 2905 653 2974; x_wconf 81' lang='grc' dir='ltr'>ἀνάγκης</span> <span class='ocrx_word' id='word_1_348' title='bbox 683 2905 878 2959; x_wconf 80' lang='grc' dir='ltr'>ἕπεται</span> <span class='ocrx_word' id='word_1_349' title='bbox 914 2907 1147 2977; x_wconf 83' lang='grc' dir='ltr'>τούτῳὴ</span> <span class='ocrx_word' id='word_1_350' title='bbox 1181 2909 1386 2977; x_wconf 80' lang='grc' dir='ltr'>υἰότης’</span> <span class='ocrx_word' id='word_1_351' title='bbox 1424 2910 1626 2979; x_wconf 77' lang='grc' dir='ltr'>ὁμοίως</span> <span class='ocrx_word' id='word_1_352' title='bbox 1668 2911 1724 2962; x_wconf 86' lang='grc' dir='ltr'>δὲ</span> <span class='ocrx_word' id='word_1_353' title='bbox 1757 2913 1849 2962; x_wconf 65' lang='grc' dir='ltr'>καὶ</span> <span class='ocrx_word' id='word_1_354' title='bbox 1882 2911 1974 2962; x_wconf 72' lang='grc' dir='ltr'><strong>ἐπὶ</strong></span> 
     </span>
    </p>
   </div>
   <div class='ocr_carea' id='block_1_47' title="bbox 398 2995 1964 3070">
    <p class='ocr_par' dir='ltr' id='par_1_47' title="bbox 398 2995 1964 3070">
     <span class='ocr_line' id='line_1_47' title="bbox 398 2995 1964 3070; baseline 0.001 -21"><span class='ocrx_word' id='word_1_355' title='bbox 398 2997 494 3050; x_wconf 81' lang='grc' dir='ltr'>τοῦ</span> <span class='ocrx_word' id='word_1_356' title='bbox 531 2995 856 3068; x_wconf 76' lang='grc' dir='ltr'>προϐάλλειν</span> <span class='ocrx_word' id='word_1_357' title='bbox 886 2999 981 3051; x_wconf 76' lang='grc' dir='ltr'><strong>καὶ</strong></span> <span class='ocrx_word' id='word_1_358' title='bbox 1011 2997 1438 3068; x_wconf 71' lang='grc' dir='ltr'>προϐάλλεσθαι.</span> <span class='ocrx_word' id='word_1_359' title='bbox 1471 2999 1708 3070; x_wconf 68' lang='lat' dir='ltr'><strong>&quot;primo;</strong></span> <span class='ocrx_word' id='word_1_360' title='bbox 1737 2996 1830 3053; x_wconf 69' lang='grc' dir='ltr'><strong>οὖν</strong></span> <span class='ocrx_word' id='word_1_361' title='bbox 1862 3001 1964 3052; x_wconf 69' lang='grc' dir='ltr'><strong>καὶ</strong></span> 
     </span>
    </p>
   </div>
   <div class='ocr_carea' id='block_1_48' title="bbox 405 3089 1970 3161">
    <p class='ocr_par' dir='ltr' id='par_1_48' title="bbox 405 3089 1970 3161">
     <span class='ocr_line' id='line_1_48' title="bbox 405 3089 1970 3161; baseline 0.002 -20"><span class='ocrx_word' id='word_1_362' title='bbox 405 3089 608 3160; x_wconf 81' lang='grc' dir='ltr'>κυρίως</span> <span class='ocrx_word' id='word_1_363' title='bbox 658 3091 715 3142; x_wconf 80' lang='grc' dir='ltr'>αἱ</span> <span class='ocrx_word' id='word_1_364' title='bbox 757 3089 1034 3161; x_wconf 76' lang='grc' dir='ltr'>ἀναφοραὶ</span> <span class='ocrx_word' id='word_1_365' title='bbox 1099 3091 1372 3158; x_wconf 79' lang='grc' dir='ltr'>ὑφιστῶσι</span> <span class='ocrx_word' id='word_1_366' title='bbox 1421 3091 1520 3144; x_wconf 69' lang='grc' dir='ltr'><strong>καὶ</strong></span> <span class='ocrx_word' id='word_1_367' title='bbox 1567 3092 1970 3161; x_wconf 79' lang='grc' dir='ltr'>διακρίνουσιν,</span> 
     </span>
    </p>
   </div>
   <div class='ocr_carea' id='block_1_49' title="bbox 2082 1907 3650 1986">
    <p class='ocr_par' dir='ltr' id='par_1_49' title="bbox 2082 1907 3650 1986">
     <span class='ocr_line' id='line_1_49' title="bbox 2082 1907 3650 1986; baseline 0.006 -26"><span class='ocrx_word' id='word_1_368' title='bbox 2082 1907 2366 1976; x_wconf 77' lang='lat' dir='ltr'><strong>generatio</strong></span> <span class='ocrx_word' id='word_1_369' title='bbox 2427 1911 2602 1964; x_wconf 84' lang='lat' dir='ltr'><strong>activa</strong></span> <span class='ocrx_word' id='word_1_370' title='bbox 2672 1920 2729 1965; x_wconf 89' lang='lat' dir='ltr'><strong>et</strong></span> <span class='ocrx_word' id='word_1_371' title='bbox 2809 1915 3147 1982; x_wconf 84' lang='lat' dir='ltr'><strong>paternitas,</strong></span> <span class='ocrx_word' id='word_1_372' title='bbox 3195 1925 3309 1969; x_wconf 90' lang='lat' dir='ltr'><strong>tum</strong></span> <span class='ocrx_word' id='word_1_373' title='bbox 3369 1919 3650 1986; x_wconf 76' lang='lat' dir='ltr'><strong>generatio</strong></span> 
     </span>
    </p>
   </div>
   <div class='ocr_carea' id='block_1_50' title="bbox 2081 1999 3650 2067">
    <p class='ocr_par' dir='ltr' id='par_1_50' title="bbox 2081 1999 3650 2067">
     <span class='ocr_line' id='line_1_50' title="bbox 2081 1999 3650 2067; baseline 0.008 -17"><span class='ocrx_word' id='word_1_374' title='bbox 2081 1999 2292 2065; x_wconf 88' lang='lat' dir='ltr'><strong>passiva</strong></span> <span class='ocrx_word' id='word_1_375' title='bbox 2313 2009 2370 2053; x_wconf 91' lang='lat' dir='ltr'><strong>et</strong></span> <span class='ocrx_word' id='word_1_376' title='bbox 2401 2000 2612 2067; x_wconf 82' lang='lat' dir='ltr'><strong>liliatio,</strong></span> <span class='ocrx_word' id='word_1_377' title='bbox 2641 2012 2881 2058; x_wconf 83' lang='lat' dir='ltr'><strong>attamen</strong></span> <span class='ocrx_word' id='word_1_378' title='bbox 2922 2007 3223 2060; x_wconf 88' lang='lat' dir='ltr'><strong>secundum</strong></span> <span class='ocrx_word' id='word_1_379' title='bbox 3256 2017 3457 2063; x_wconf 72' lang='lat' dir='ltr'><strong>nostra:</strong></span> <span class='ocrx_word' id='word_1_380' title='bbox 3491 2009 3650 2064; x_wconf 46' lang='lat' dir='ltr'><strong>intelé</strong></span> 
     </span>
    </p>
   </div>
   <div class='ocr_carea' id='block_1_51' title="bbox 2080 2081 3652 2166">
    <p class='ocr_par' dir='ltr' id='par_1_51' title="bbox 2080 2081 3652 2166">
     <span class='ocr_line' id='line_1_51' title="bbox 2080 2081 3652 2166; baseline 0.007 -25"><span class='ocrx_word' id='word_1_381' title='bbox 2080 2088 2316 2158; x_wconf 66' lang='lat' dir='ltr'><strong>ligentiac</strong></span> <span class='ocrx_word' id='word_1_382' title='bbox 2342 2092 2563 2143; x_wconf 87' lang='lat' dir='ltr'><strong>modum</strong></span> <span class='ocrx_word' id='word_1_383' title='bbox 2593 2081 2875 2147; x_wconf 79' lang='lat' dir='ltr'><strong>diﬂ&#39;eruut.</strong></span> <span class='ocrx_word' id='word_1_384' title='bbox 2918 2093 3051 2148; x_wconf 83' lang='lat' dir='ltr'><strong>Nam</strong></span> <span class='ocrx_word' id='word_1_385' title='bbox 3083 2097 3334 2165; x_wconf 90' lang='lat' dir='ltr'><strong>generari</strong></span> <span class='ocrx_word' id='word_1_386' title='bbox 3383 2112 3492 2151; x_wconf 91' lang='lat' dir='ltr'><strong>non</strong></span> <span class='ocrx_word' id='word_1_387' title='bbox 3525 2112 3652 2166; x_wconf 85' lang='lat' dir='ltr'><strong>spe-</strong></span> 
     </span>
    </p>
   </div>
   <div class='ocr_carea' id='block_1_52' title="bbox 2079 2179 3650 2256">
    <p class='ocr_par' dir='ltr' id='par_1_52' title="bbox 2079 2179 3650 2256">
     <span class='ocr_line' id='line_1_52' title="bbox 2079 2179 3650 2256; baseline 0.004 -22"><span class='ocrx_word' id='word_1_388' title='bbox 2079 2179 2220 2234; x_wconf 89' lang='lat' dir='ltr'><strong>ciem</strong></span> <span class='ocrx_word' id='word_1_389' title='bbox 2254 2185 2546 2249; x_wconf 88' lang='lat' dir='ltr'><strong>quamdam</strong></span> <span class='ocrx_word' id='word_1_390' title='bbox 2579 2183 2872 2252; x_wconf 88' lang='lat' dir='ltr'><strong>signilicat,</strong></span> <span class='ocrx_word' id='word_1_391' title='bbox 2903 2200 3023 2254; x_wconf 68' lang='lat' dir='ltr'><strong>qua:</strong></span> <span class='ocrx_word' id='word_1_392' title='bbox 3055 2187 3237 2256; x_wconf 86' lang='lat' dir='ltr'><strong>genito</strong></span> <span class='ocrx_word' id='word_1_393' title='bbox 3265 2188 3416 2253; x_wconf 86' lang='lat' dir='ltr'><strong>insit,</strong></span> <span class='ocrx_word' id='word_1_394' title='bbox 3443 2189 3538 2242; x_wconf 86' lang='lat' dir='ltr'><strong>sed</strong></span> <span class='ocrx_word' id='word_1_395' title='bbox 3566 2197 3650 2243; x_wconf 84' lang='lat' dir='ltr'><strong>est</strong></span> 
     </span>
    </p>
   </div>
   <div class='ocr_carea' id='block_1_53' title="bbox 2078 2270 3650 2344">
    <p class='ocr_par' dir='ltr' id='par_1_53' title="bbox 2078 2270 3650 2344">
     <span class='ocr_line' id='line_1_53' title="bbox 2078 2270 3650 2344; baseline 0.007 -22"><span class='ocrx_word' id='word_1_396' title='bbox 2078 2270 2248 2325; x_wconf 90' lang='lat' dir='ltr'><strong>veluti</strong></span> <span class='ocrx_word' id='word_1_397' title='bbox 2300 2272 2546 2339; x_wconf 56' lang='lat' dir='ltr'><strong>quredam</strong></span> <span class='ocrx_word' id='word_1_398' title='bbox 2579 2274 2662 2326; x_wconf 88' lang='lat' dir='ltr'><strong>via</strong></span> <span class='ocrx_word' id='word_1_399' title='bbox 2706 2275 2773 2328; x_wconf 88' lang='lat' dir='ltr'><strong>ad</strong></span> <span class='ocrx_word' id='word_1_400' title='bbox 2807 2276 3052 2344; x_wconf 89' lang='lat' dir='ltr'><strong>genitum</strong></span> <span class='ocrx_word' id='word_1_401' title='bbox 3088 2287 3144 2331; x_wconf 89' lang='lat' dir='ltr'><strong>et</strong></span> <span class='ocrx_word' id='word_1_402' title='bbox 3187 2275 3423 2342; x_wconf 84' lang='lat' dir='ltr'><strong>Filium;</strong></span> <span class='ocrx_word' id='word_1_403' title='bbox 3457 2279 3650 2332; x_wconf 80' lang='lat' dir='ltr'><strong>liiiatio</strong></span> 
     </span>
    </p>
   </div>
   <div class='ocr_carea' id='block_1_54' title="bbox 2078 2361 3649 2433">
    <p class='ocr_par' dir='ltr' id='par_1_54' title="bbox 2078 2361 3649 2433">
     <span class='ocr_line' id='line_1_54' title="bbox 2078 2361 3649 2433; baseline 0.004 -19"><span class='ocrx_word' id='word_1_404' title='bbox 2078 2375 2210 2415; x_wconf 89' lang='lat' dir='ltr'><strong>vero</strong></span> <span class='ocrx_word' id='word_1_405' title='bbox 2239 2361 2406 2414; x_wconf 89' lang='lat' dir='ltr'><strong>veluti</strong></span> <span class='ocrx_word' id='word_1_406' title='bbox 2439 2363 2683 2432; x_wconf 71' lang='lat' dir='ltr'><strong>quaedam</strong></span> <span class='ocrx_word' id='word_1_407' title='bbox 2709 2365 2922 2433; x_wconf 84' lang='lat' dir='ltr'><strong>species</strong></span> <span class='ocrx_word' id='word_1_408' title='bbox 2960 2375 3065 2432; x_wconf 90' lang='lat' dir='ltr'><strong>est,</strong></span> <span class='ocrx_word' id='word_1_409' title='bbox 3092 2381 3218 2420; x_wconf 90' lang='lat' dir='ltr'><strong>cum</strong></span> <span class='ocrx_word' id='word_1_410' title='bbox 3247 2368 3341 2421; x_wconf 63' lang='lat' dir='ltr'><strong>‘sit</strong></span> <span class='ocrx_word' id='word_1_411' title='bbox 3383 2369 3649 2422; x_wconf 85' lang='lat' dir='ltr'><strong>terminus</strong></span> 
     </span>
    </p>
   </div>
   <div class='ocr_carea' id='block_1_55' title="bbox 2079 2452 3650 2530">
    <p class='ocr_par' dir='ltr' id='par_1_55' title="bbox 2079 2452 3650 2530">
     <span class='ocr_line' id='line_1_55' title="bbox 2079 2452 3650 2530; baseline 0.004 -25"><span class='ocrx_word' id='word_1_412' title='bbox 2079 2452 2470 2520; x_wconf 86' lang='lat' dir='ltr'><strong>generationis.</strong></span> <span class='ocrx_word' id='word_1_413' title='bbox 2510 2454 2778 2509; x_wconf 79' lang='lat' dir='ltr'><strong>Praeterea</strong></span> <span class='ocrx_word' id='word_1_414' title='bbox 2831 2471 3092 2527; x_wconf 86' lang='lat' dir='ltr'><strong>generare</strong></span> <span class='ocrx_word' id='word_1_415' title='bbox 3117 2459 3229 2526; x_wconf 83' lang='lat' dir='ltr'><strong>jam</strong></span> <span class='ocrx_word' id='word_1_416' title='bbox 3275 2460 3650 2530; x_wconf 78' lang='lat' dir='ltr'><strong>pra:supponit</strong></span> 
     </span>
    </p>
   </div>
   <div class='ocr_carea' id='block_1_56' title="bbox 2078 2549 3645 2618">
    <p class='ocr_par' dir='ltr' id='par_1_56' title="bbox 2078 2549 3645 2618">
     <span class='ocr_line' id='line_1_56' title="bbox 2078 2549 3645 2618; baseline 0.006 -22"><span class='ocrx_word' id='word_1_417' title='bbox 2078 2551 2360 2612; x_wconf 84' lang='lat' dir='ltr'><strong>paternam</strong></span> <span class='ocrx_word' id='word_1_418' title='bbox 2387 2560 2672 2614; x_wconf 89' lang='lat' dir='ltr'><strong>personam</strong></span> <span class='ocrx_word' id='word_1_419' title='bbox 2693 2565 2706 2609; x_wconf 87' lang='lat'>;</span> <span class='ocrx_word' id='word_1_420' title='bbox 2727 2549 2978 2618; x_wconf 89' lang='lat' dir='ltr'><strong>generari</strong></span> <span class='ocrx_word' id='word_1_421' title='bbox 3009 2565 3138 2604; x_wconf 91' lang='lat' dir='ltr'><strong>vero</strong></span> <span class='ocrx_word' id='word_1_422' title='bbox 3170 2550 3368 2604; x_wconf 88' lang='lat' dir='ltr'><strong>Filium</strong></span> <span class='ocrx_word' id='word_1_423' title='bbox 3403 2553 3645 2606; x_wconf 89' lang='lat' dir='ltr'><strong>nondum</strong></span> 
     </span>
    </p>
   </div>
   <div class='ocr_carea' id='block_1_57' title="bbox 2079 2634 3646 2706">
    <p class='ocr_par' dir='ltr' id='par_1_57' title="bbox 2079 2634 3646 2706">
     <span class='ocr_line' id='line_1_57' title="bbox 2079 2634 3646 2706; baseline 0.001 -16"><span class='ocrx_word' id='word_1_424' title='bbox 2079 2634 2380 2690; x_wconf 85' lang='lat' dir='ltr'><strong>subsistere</strong></span> <span class='ocrx_word' id='word_1_425' title='bbox 2433 2638 2735 2706; x_wconf 83' lang='lat' dir='ltr'><strong>signiﬁcat,</strong></span> <span class='ocrx_word' id='word_1_426' title='bbox 2788 2637 2992 2693; x_wconf 88' lang='lat' dir='ltr'><strong>idcirco</strong></span> <span class='ocrx_word' id='word_1_427' title='bbox 3028 2639 3220 2694; x_wconf 87' lang='lat' dir='ltr'><strong>liliatio</strong></span> <span class='ocrx_word' id='word_1_428' title='bbox 3247 2639 3516 2695; x_wconf 87' lang='lat' dir='ltr'><strong>discernit</strong></span> <span class='ocrx_word' id='word_1_429' title='bbox 3561 2644 3646 2695; x_wconf 86' lang='lat' dir='ltr'><strong>vel</strong></span> 
     </span>
    </p>
   </div>
   <div class='ocr_carea' id='block_1_58' title="bbox 2078 2725 3646 2798">
    <p class='ocr_par' dir='ltr' id='par_1_58' title="bbox 2078 2725 3646 2798">
     <span class='ocr_line' id='line_1_58' title="bbox 2078 2725 3646 2798; baseline 0.003 -21"><span class='ocrx_word' id='word_1_430' title='bbox 2078 2725 2366 2778; x_wconf 90' lang='lat' dir='ltr'><strong>constituit</strong></span> <span class='ocrx_word' id='word_1_431' title='bbox 2407 2725 2629 2788; x_wconf 79' lang='lat' dir='ltr'><strong>Filium,</strong></span> <span class='ocrx_word' id='word_1_432' title='bbox 2663 2742 2773 2780; x_wconf 91' lang='lat' dir='ltr'><strong>non</strong></span> <span class='ocrx_word' id='word_1_433' title='bbox 2805 2741 2933 2782; x_wconf 88' lang='lat' dir='ltr'><strong>vero</strong></span> <span class='ocrx_word' id='word_1_434' title='bbox 2974 2729 3188 2798; x_wconf 81' lang='lat' dir='ltr'><strong>passiva</strong></span> <span class='ocrx_word' id='word_1_435' title='bbox 3209 2729 3512 2798; x_wconf 80' lang='lat' dir='ltr'><strong>generatio,</strong></span> <span class='ocrx_word' id='word_1_436' title='bbox 3543 2729 3646 2782; x_wconf 84' lang='lat' dir='ltr'><strong>nisi</strong></span> 
     </span>
    </p>
   </div>
   <div class='ocr_carea' id='block_1_59' title="bbox 2078 2803 3684 2889">
    <p class='ocr_par' dir='ltr' id='par_1_59' title="bbox 2078 2803 3684 2889">
     <span class='ocr_line' id='line_1_59' title="bbox 2078 2803 3684 2889; baseline 0.005 -23"><span class='ocrx_word' id='word_1_437' title='bbox 2078 2813 2133 2867; x_wconf 91' lang='lat' dir='ltr'><strong>in</strong></span> <span class='ocrx_word' id='word_1_438' title='bbox 2157 2824 2420 2884; x_wconf 91' lang='lat' dir='ltr'><strong>quantum</strong></span> <span class='ocrx_word' id='word_1_439' title='bbox 2445 2816 2586 2871; x_wconf 90' lang='lat' dir='ltr'><strong>hanc</strong></span> <span class='ocrx_word' id='word_1_440' title='bbox 2612 2817 2799 2872; x_wconf 83' lang='lat' dir='ltr'><strong>liliatio</strong></span> <span class='ocrx_word' id='word_1_441' title='bbox 2825 2819 3208 2888; x_wconf 90' lang='lat' dir='ltr'><strong>consequitur.</strong></span> <span class='ocrx_word' id='word_1_442' title='bbox 3225 2819 3492 2874; x_wconf 83' lang='lat' dir='ltr'><strong>Similiter</strong></span> <span class='ocrx_word' id='word_1_443' title='bbox 3515 2803 3684 2889; x_wconf 35' lang='lat' dir='ltr'><strong>quoo&#39;</strong></span> 
     </span>
    </p>
   </div>
   <div class='ocr_carea' id='block_1_60' title="bbox 2078 2907 3644 2978">
    <p class='ocr_par' dir='ltr' id='par_1_60' title="bbox 2078 2907 3644 2978">
     <span class='ocr_line' id='line_1_60' title="bbox 2078 2907 3644 2978; baseline 0.003 -21"><span class='ocrx_word' id='word_1_444' title='bbox 2078 2921 2184 2974; x_wconf 89' lang='lat' dir='ltr'><strong>que</strong></span> <span class='ocrx_word' id='word_1_445' title='bbox 2221 2921 2308 2960; x_wconf 88' lang='lat' dir='ltr'><strong>res</strong></span> <span class='ocrx_word' id='word_1_446' title='bbox 2338 2921 2396 2960; x_wconf 90' lang='lat' dir='ltr'><strong>se</strong></span> <span class='ocrx_word' id='word_1_447' title='bbox 2429 2907 2594 2960; x_wconf 84' lang='lat' dir='ltr'><strong>habet</strong></span> <span class='ocrx_word' id='word_1_448' title='bbox 2631 2922 2756 2962; x_wconf 92' lang='lat' dir='ltr'><strong>cum</strong></span> <span class='ocrx_word' id='word_1_449' title='bbox 2786 2908 2962 2962; x_wconf 83' lang='lat' dir='ltr'><strong>activa</strong></span> <span class='ocrx_word' id='word_1_450' title='bbox 2989 2920 3047 2963; x_wconf 90' lang='lat' dir='ltr'><strong>et</strong></span> <span class='ocrx_word' id='word_1_451' title='bbox 3072 2909 3288 2978; x_wconf 85' lang='lat' dir='ltr'><strong>passiva</strong></span> <span class='ocrx_word' id='word_1_452' title='bbox 3322 2909 3644 2977; x_wconf 80' lang='lat' dir='ltr'><strong>spiratione.</strong></span> 
     </span>
    </p>
   </div>
   <div class='ocr_carea' id='block_1_61' title="bbox 2078 2996 3650 3072">
    <p class='ocr_par' dir='ltr' id='par_1_61' title="bbox 2078 2996 3650 3072">
     <span class='ocr_line' id='line_1_61' title="bbox 2078 2996 3650 3072; baseline 0.003 -20"><span class='ocrx_word' id='word_1_453' title='bbox 2078 2996 2350 3072; x_wconf 64' lang='lat' dir='ltr'><strong>Primaijo</strong></span> <span class='ocrx_word' id='word_1_454' title='bbox 2378 2997 2542 3068; x_wconf 87' lang='lat' dir='ltr'><strong>igitur</strong></span> <span class='ocrx_word' id='word_1_455' title='bbox 2576 3007 2632 3053; x_wconf 90' lang='lat' dir='ltr'><strong>et</strong></span> <span class='ocrx_word' id='word_1_456' title='bbox 2655 3001 2876 3068; x_wconf 79' lang='lat' dir='ltr'><strong>proprie</strong></span> <span class='ocrx_word' id='word_1_457' title='bbox 2903 3000 3196 3056; x_wconf 87' lang='lat' dir='ltr'><strong>relationes</strong></span> <span class='ocrx_word' id='word_1_458' title='bbox 3221 3001 3570 3056; x_wconf 86' lang='lat' dir='ltr'><strong>constituunt</strong></span> <span class='ocrx_word' id='word_1_459' title='bbox 3593 3012 3650 3056; x_wconf 80' lang='lat' dir='ltr'><strong>et</strong></span> 
     </span>
    </p>
   </div>
   <div class='ocr_carea' id='block_1_62' title="bbox 2079 3077 3650 3162">
    <p class='ocr_par' dir='ltr' id='par_1_62' title="bbox 2079 3077 3650 3162">
     <span class='ocr_line' id='line_1_62' title="bbox 2079 3077 3650 3162; baseline 0.001 -18"><span class='ocrx_word' id='word_1_460' title='bbox 2079 3089 2448 3162; x_wconf 88' lang='lat' dir='ltr'><strong>distinguunt,</strong></span> <span class='ocrx_word' id='word_1_461' title='bbox 2484 3077 2887 3158; x_wconf 80' lang='lat' dir='ltr'><strong>consequenter</strong></span> <span class='ocrx_word' id='word_1_462' title='bbox 2927 3106 3054 3146; x_wconf 91' lang='lat' dir='ltr'><strong>vero</strong></span> <span class='ocrx_word' id='word_1_463' title='bbox 3085 3100 3140 3146; x_wconf 88' lang='lat' dir='ltr'><strong>et</strong></span> <span class='ocrx_word' id='word_1_464' title='bbox 3166 3091 3568 3161; x_wconf 82' lang='lat' dir='ltr'><strong>processioncs,</strong></span> <span class='ocrx_word' id='word_1_465' title='bbox 3593 3094 3650 3147; x_wconf 90' lang='lat' dir='ltr'><strong>in</strong></span> 
     </span>
    </p>
   </div>
   <div class='ocr_carea' id='block_1_63' title="bbox 404 3167 1975 3254">
    <p class='ocr_par' dir='ltr' id='par_1_63' title="bbox 404 3181 1970 3254">
     <span class='ocr_line' id='line_1_63' title="bbox 404 3181 1970 3254; baseline 0.001 -18"><span class='ocrx_word' id='word_1_466' title='bbox 404 3181 692 3252; x_wconf 76' lang='grc' dir='ltr'>ιπομένως</span> <span class='ocrx_word' id='word_1_467' title='bbox 723 3181 778 3235; x_wconf 78' lang='grc' dir='ltr'><strong>δὲ</strong></span> <span class='ocrx_word' id='word_1_468' title='bbox 821 3183 917 3235; x_wconf 82' lang='grc' dir='ltr'>καὶ</span> <span class='ocrx_word' id='word_1_469' title='bbox 957 3184 1012 3235; x_wconf 78' lang='grc' dir='ltr'><strong>αἱ</strong></span> <span class='ocrx_word' id='word_1_470' title='bbox 1073 3183 1316 3254; x_wconf 82' lang='grc' dir='ltr'>πρόοδοι,</span> <span class='ocrx_word' id='word_1_471' title='bbox 1356 3183 1590 3237; x_wconf 77' lang='grc' dir='ltr'>καθόσον</span> <span class='ocrx_word' id='word_1_472' title='bbox 1639 3185 1835 3238; x_wconf 78' lang='grc' dir='ltr'>ταντόν</span> <span class='ocrx_word' id='word_1_473' title='bbox 1863 3185 1970 3237; x_wconf 86' lang='grc' dir='ltr'>είσι</span> 
     </span>
    </p>
   </div>
   <div class='ocr_carea' id='block_1_64' title="bbox 2078 3167 3650 3254">
    <p class='ocr_par' dir='ltr' id='par_1_64' title="bbox 2080 3180 3650 3252">
     <span class='ocr_line' id='line_1_64' title="bbox 2080 3180 3650 3252; baseline 0.003 -18"><span class='ocrx_word' id='word_1_474' title='bbox 2080 3192 2340 3252; x_wconf 83' lang='lat' dir='ltr'><strong>quantum</strong></span> <span class='ocrx_word' id='word_1_475' title='bbox 2372 3181 2595 3236; x_wconf 89' lang='lat' dir='ltr'><strong>realiter</strong></span> <span class='ocrx_word' id='word_1_476' title='bbox 2624 3181 2768 3236; x_wconf 87' lang='lat' dir='ltr'><strong>idctn</strong></span> <span class='ocrx_word' id='word_1_477' title='bbox 2799 3191 2927 3236; x_wconf 84' lang='lat' dir='ltr'><strong>sunt</strong></span> <span class='ocrx_word' id='word_1_478' title='bbox 2951 3195 3077 3236; x_wconf 89' lang='lat' dir='ltr'><strong>cum</strong></span> <span class='ocrx_word' id='word_1_479' title='bbox 3103 3180 3484 3237; x_wconf 86' lang='lat' dir='ltr'><strong>relationibus.</strong></span> <span class='ocrx_word' id='word_1_480' title='bbox 3502 3183 3650 3250; x_wconf 44' lang='lat' dir='ltr'><strong>Quos</strong></span> 
     </span>
    </p>
   </div>
   <div class='ocr_carea' id='block_1_65' title="bbox 405 3273 2004 3343">
    <p class='ocr_par' dir='ltr' id='par_1_65' title="bbox 405 3273 2004 3343">
     <span class='ocr_line' id='line_1_65' title="bbox 405 3273 2004 3343; baseline 0.002 -17"><span class='ocrx_word' id='word_1_481' title='bbox 405 3273 695 3342; x_wconf 80' lang='grc' dir='ltr'>πράγματι</span> <span class='ocrx_word' id='word_1_482' title='bbox 746 3276 867 3334; x_wconf 83' lang='grc' dir='ltr'>ταῖς</span> <span class='ocrx_word' id='word_1_483' title='bbox 916 3275 1239 3343; x_wconf 76' lang='grc' dir='ltr'>ἀναφοραῖς.</span> <span class='ocrx_word' id='word_1_484' title='bbox 1279 3275 1436 3327; x_wconf 79' lang='grc' dir='ltr'>Ἐπεὶ</span> <span class='ocrx_word' id='word_1_485' title='bbox 1477 3275 1524 3327; x_wconf 85' lang='grc' dir='ltr'>δ’</span> <span class='ocrx_word' id='word_1_486' title='bbox 1575 3276 1736 3339; x_wconf 75' lang='grc' dir='ltr'>εἰσὶν,</span> <span class='ocrx_word' id='word_1_487' title='bbox 1784 3274 1835 3328; x_wconf 80' lang='grc' dir='ltr'>οἳ</span> <span class='ocrx_word' id='word_1_488' title='bbox 1882 3275 2004 3339; x_wconf 23' lang='grc' dir='ltr'>τδνς</span> 
     </span>
    </p>
   </div>
   <div class='ocr_carea' id='block_1_66' title="bbox 403 3364 1975 3436">
    <p class='ocr_par' dir='ltr' id='par_1_66' title="bbox 403 3364 1975 3436">
     <span class='ocr_line' id='line_1_66' title="bbox 403 3364 1975 3436; baseline 0 -18"><span class='ocrx_word' id='word_1_489' title='bbox 403 3366 628 3435; x_wconf 80' lang='grc' dir='ltr'>Πατέρα</span> <span class='ocrx_word' id='word_1_490' title='bbox 663 3365 758 3418; x_wconf 75' lang='grc' dir='ltr'><strong>καὶ</strong></span> <span class='ocrx_word' id='word_1_491' title='bbox 790 3364 921 3418; x_wconf 79' lang='grc' dir='ltr'>Υίὸν</span> <span class='ocrx_word' id='word_1_492' title='bbox 960 3369 1081 3428; x_wconf 84' lang='grc' dir='ltr'>ταῖς</span> <span class='ocrx_word' id='word_1_493' title='bbox 1128 3366 1490 3436; x_wconf 79' lang='grc' dir='ltr'>ἀναφορικαίς</span> <span class='ocrx_word' id='word_1_494' title='bbox 1535 3367 1782 3436; x_wconf 81' lang='grc' dir='ltr'>προόδοις</span> <span class='ocrx_word' id='word_1_495' title='bbox 1811 3367 1975 3436; x_wconf 59' lang='lat' dir='ltr'><strong>dini}-</strong></span> 
     </span>
    </p>
   </div>
   <div class='ocr_carea' id='block_1_67' title="bbox 396 3457 1975 3528">
    <p class='ocr_par' dir='ltr' id='par_1_67' title="bbox 396 3457 1975 3528">
     <span class='ocr_line' id='line_1_67' title="bbox 396 3457 1975 3528; baseline 0.001 -17"><span class='ocrx_word' id='word_1_496' title='bbox 396 3460 509 3512; x_wconf 84' lang='grc' dir='ltr'>λων</span> <span class='ocrx_word' id='word_1_497' title='bbox 539 3457 916 3528; x_wconf 84' lang='grc' dir='ltr'>διακρίνεσθαι</span> <span class='ocrx_word' id='word_1_498' title='bbox 945 3457 1389 3527; x_wconf 76' lang='grc' dir='ltr'>συγχωροῦντες,</span> <span class='ocrx_word' id='word_1_499' title='bbox 1409 3459 1501 3512; x_wconf 79' lang='grc' dir='ltr'><strong>τὸν</strong></span> <span class='ocrx_word' id='word_1_500' title='bbox 1521 3459 1645 3513; x_wconf 82' lang='grc' dir='ltr'>Υἰὸν</span> <span class='ocrx_word' id='word_1_501' title='bbox 1672 3460 1765 3513; x_wconf 82' lang='grc' dir='ltr'>τοῦ</span> <span class='ocrx_word' id='word_1_502' title='bbox 1801 3459 1975 3513; x_wconf 80' lang='grc' dir='ltr'>Πνεύ-</span> 
     </span>
    </p>
   </div>
   <div class='ocr_carea' id='block_1_68' title="bbox 403 3547 1974 3620">
    <p class='ocr_par' dir='ltr' id='par_1_68' title="bbox 403 3547 1974 3620">
     <span class='ocr_line' id='line_1_68' title="bbox 403 3547 1974 3620; baseline 0.003 -21"><span class='ocrx_word' id='word_1_503' title='bbox 403 3564 572 3616; x_wconf 85' lang='grc' dir='ltr'>ματος</span> <span class='ocrx_word' id='word_1_504' title='bbox 616 3547 717 3600; x_wconf 86' lang='grc' dir='ltr'><strong>οὐκ</strong></span> <span class='ocrx_word' id='word_1_505' title='bbox 777 3548 1066 3616; x_wconf 79' lang='grc' dir='ltr'>ἀνέχονται</span> <span class='ocrx_word' id='word_1_506' title='bbox 1112 3547 1190 3619; x_wconf 83' lang='grc' dir='ltr'>τῷ</span> <span class='ocrx_word' id='word_1_507' title='bbox 1252 3549 1400 3618; x_wconf 74' lang='grc' dir='ltr'>αὐτῷ</span> <span class='ocrx_word' id='word_1_508' title='bbox 1435 3550 1816 3620; x_wconf 76' lang='grc' dir='ltr'>διακρίνεσθαι</span> <span class='ocrx_word' id='word_1_509' title='bbox 1847 3549 1974 3620; x_wconf 85' lang='grc' dir='ltr'>τρό-</span> 
     </span>
    </p>
   </div>
   <div class='ocr_carea' id='block_1_69' title="bbox 402 3639 1974 3710">
    <p class='ocr_par' dir='ltr' id='par_1_69' title="bbox 402 3639 1974 3710">
     <span class='ocr_line' id='line_1_69' title="bbox 402 3639 1974 3710; baseline 0.001 -17"><span class='ocrx_word' id='word_1_510' title='bbox 402 3657 512 3708; x_wconf 86' lang='grc' dir='ltr'><strong>πῳ,</strong></span> <span class='ocrx_word' id='word_1_511' title='bbox 540 3639 678 3692; x_wconf 66' lang='grc' dir='ltr'><strong>ἀλλὰ</strong></span> <span class='ocrx_word' id='word_1_512' title='bbox 703 3641 825 3702; x_wconf 86' lang='grc' dir='ltr'>ταῖς</span> <span class='ocrx_word' id='word_1_513' title='bbox 849 3641 958 3692; x_wconf 72' lang='grc' dir='ltr'>ἀπὸ</span> <span class='ocrx_word' id='word_1_514' title='bbox 989 3640 1202 3708; x_wconf 69' lang='grc' dir='ltr'>Πατρός</span> <span class='ocrx_word' id='word_1_515' title='bbox 1238 3641 1520 3710; x_wconf 75' lang='grc' dir='ltr'>διαφόροις</span> <span class='ocrx_word' id='word_1_516' title='bbox 1551 3643 1822 3710; x_wconf 80' lang='grc' dir='ltr'>προόδοις,</span> <span class='ocrx_word' id='word_1_517' title='bbox 1849 3642 1974 3696; x_wconf 84' lang='grc' dir='ltr'>καθ’</span> 
     </span>
    </p>
   </div>
   <div class='ocr_carea' id='block_1_70' title="bbox 400 3732 1969 3806">
    <p class='ocr_par' dir='ltr' id='par_1_70' title="bbox 400 3732 1969 3806">
     <span class='ocr_line' id='line_1_70' title="bbox 400 3732 1969 3806; baseline 0.002 -19"><span class='ocrx_word' id='word_1_518' title='bbox 400 3732 466 3796; x_wconf 76' lang='grc' dir='ltr'><strong>ἃς</strong></span> <span class='ocrx_word' id='word_1_519' title='bbox 501 3733 748 3798; x_wconf 66' lang='grc' dir='ltr'>δηλονότι</span> <span class='ocrx_word' id='word_1_520' title='bbox 785 3733 846 3785; x_wconf 86' lang='grc' dir='ltr'><strong>τὸ</strong></span> <span class='ocrx_word' id='word_1_521' title='bbox 882 3733 982 3804; x_wconf 83' lang='grc' dir='ltr'>μὲν</span> <span class='ocrx_word' id='word_1_522' title='bbox 1015 3734 1362 3803; x_wconf 80' lang='grc' dir='ltr'>γεγέννηται,</span> <span class='ocrx_word' id='word_1_523' title='bbox 1391 3735 1452 3788; x_wconf 79' lang='grc' dir='ltr'>τὸ</span> <span class='ocrx_word' id='word_1_524' title='bbox 1481 3736 1538 3788; x_wconf 85' lang='grc' dir='ltr'>δὲ</span> <span class='ocrx_word' id='word_1_525' title='bbox 1564 3738 1932 3806; x_wconf 77' lang='grc' dir='ltr'>ἐκπορεύεται</span> <span class='ocrx_word' id='word_1_526' title='bbox 1954 3779 1969 3802; x_wconf 85' lang='grc'><strong>,</strong></span> 
     </span>
    </p>
   </div>
   <div class='ocr_carea' id='block_1_71' title="bbox 400 3828 1973 3900">
    <p class='ocr_par' dir='ltr' id='par_1_71' title="bbox 400 3828 1973 3900">
     <span class='ocr_line' id='line_1_71' title="bbox 400 3828 1973 3900; baseline 0.001 -20"><span class='ocrx_word' id='word_1_527' title='bbox 400 3829 704 3899; x_wconf 78' lang='grc' dir='ltr'>ὲρωτητέον</span> <span class='ocrx_word' id='word_1_528' title='bbox 738 3829 936 3889; x_wconf 78' lang='grc' dir='ltr'>αὐτοὺς</span> <span class='ocrx_word' id='word_1_529' title='bbox 968 3830 1084 3890; x_wconf 83' lang='grc' dir='ltr'>πῶς</span> <span class='ocrx_word' id='word_1_530' title='bbox 1132 3828 1380 3899; x_wconf 78' lang='grc' dir='ltr'>διάφοροι</span> <span class='ocrx_word' id='word_1_531' title='bbox 1419 3829 1672 3898; x_wconf 78' lang='grc' dir='ltr'>λέγονται</span> <span class='ocrx_word' id='word_1_532' title='bbox 1717 3832 1774 3884; x_wconf 74' lang='grc' dir='ltr'>αἱ</span> <span class='ocrx_word' id='word_1_533' title='bbox 1821 3831 1973 3900; x_wconf 70' lang='grc' dir='ltr'>παρὰ</span> 
     </span>
    </p>
   </div>
   <div class='ocr_carea' id='block_1_72' title="bbox 399 3919 1962 3990">
    <p class='ocr_par' dir='ltr' id='par_1_72' title="bbox 399 3919 1962 3990">
     <span class='ocr_line' id='line_1_72' title="bbox 399 3919 1962 3990; baseline -0.001 -16"><span class='ocrx_word' id='word_1_534' title='bbox 399 3919 494 3974; x_wconf 83' lang='grc' dir='ltr'>τοῦ</span> <span class='ocrx_word' id='word_1_535' title='bbox 555 3920 768 3990; x_wconf 81' lang='grc' dir='ltr'>Πατρὸς</span> <span class='ocrx_word' id='word_1_536' title='bbox 801 3919 879 3989; x_wconf 74' lang='lat'><strong>(2,</strong></span> <span class='ocrx_word' id='word_1_537' title='bbox 911 3919 1238 3990; x_wconf 69' lang='grc' dir='ltr'>ἀμφοτέροιν</span> <span class='ocrx_word' id='word_1_538' title='bbox 1299 3921 1543 3990; x_wconf 75' lang='grc' dir='ltr'>πρόοδοι.</span> <span class='ocrx_word' id='word_1_539' title='bbox 1593 3922 1653 3974; x_wconf 80' lang='lat' dir='ltr'><strong>El</strong></span> <span class='ocrx_word' id='word_1_540' title='bbox 1709 3921 1807 3990; x_wconf 79' lang='grc' dir='ltr'>μὲν</span> <span class='ocrx_word' id='word_1_541' title='bbox 1854 3925 1962 3990; x_wconf 65' lang='grc' dir='ltr'>γὰρ</span> 
     </span>
    </p>
   </div>
   <div class='ocr_carea' id='block_1_73' title="bbox 398 4011 1974 4082">
    <p class='ocr_par' dir='ltr' id='par_1_73' title="bbox 398 4011 1974 4082">
     <span class='ocr_line' id='line_1_73' title="bbox 398 4011 1974 4082; baseline -0.001 -17"><span class='ocrx_word' id='word_1_542' title='bbox 398 4013 535 4066; x_wconf 86' lang='grc' dir='ltr'>διότι</span> <span class='ocrx_word' id='word_1_543' title='bbox 583 4014 616 4082; x_wconf 81' lang='grc' dir='ltr'>ὴ</span> <span class='ocrx_word' id='word_1_544' title='bbox 657 4013 756 4082; x_wconf 80' lang='grc' dir='ltr'>μὲν</span> <span class='ocrx_word' id='word_1_545' title='bbox 782 4016 1042 4082; x_wconf 66' lang='grc' dir='ltr'>γέννησις</span> <span class='ocrx_word' id='word_1_546' title='bbox 1068 4014 1220 4081; x_wconf 79' lang='grc' dir='ltr'><strong>παρὰ</strong></span> <span class='ocrx_word' id='word_1_547' title='bbox 1249 4011 1343 4064; x_wconf 76' lang='grc' dir='ltr'>τοῦ</span> <span class='ocrx_word' id='word_1_548' title='bbox 1384 4013 1598 4082; x_wconf 76' lang='grc' dir='ltr'>Πατρδς</span> <span class='ocrx_word' id='word_1_549' title='bbox 1635 4013 1803 4081; x_wconf 86' lang='grc' dir='ltr'>μόνου</span> <span class='ocrx_word' id='word_1_550' title='bbox 1837 4013 1974 4082; x_wconf 81' lang='grc' dir='ltr'>ἁμέ-</span> 
     </span>
    </p>
   </div>
   <div class='ocr_carea' id='block_1_74' title="bbox 401 4101 1974 4173">
    <p class='ocr_par' dir='ltr' id='par_1_74' title="bbox 401 4101 1974 4173">
     <span class='ocr_line' id='line_1_74' title="bbox 401 4101 1974 4173; baseline -0.001 -17"><span class='ocrx_word' id='word_1_551' title='bbox 401 4121 528 4170; x_wconf 87' lang='grc' dir='ltr'>σως,</span> <span class='ocrx_word' id='word_1_552' title='bbox 554 4104 587 4171; x_wconf 76' lang='grc' dir='ltr'>ἡ</span> <span class='ocrx_word' id='word_1_553' title='bbox 617 4102 672 4155; x_wconf 80' lang='grc' dir='ltr'>δὲ</span> <span class='ocrx_word' id='word_1_554' title='bbox 700 4103 940 4173; x_wconf 69' lang='grc' dir='ltr'>προϐολὴ</span> <span class='ocrx_word' id='word_1_555' title='bbox 970 4103 1057 4155; x_wconf 79' lang='grc' dir='ltr'><strong>διὰ</strong></span> <span class='ocrx_word' id='word_1_556' title='bbox 1084 4101 1185 4172; x_wconf 83' lang='grc' dir='ltr'>τῆς</span> <span class='ocrx_word' id='word_1_557' title='bbox 1217 4105 1551 4173; x_wconf 75' lang='grc' dir='ltr'>γεννήσεως,</span> <span class='ocrx_word' id='word_1_558' title='bbox 1591 4106 1689 4156; x_wconf 80' lang='grc' dir='ltr'>καὶ</span> <span class='ocrx_word' id='word_1_559' title='bbox 1717 4104 1776 4155; x_wconf 76' lang='grc' dir='ltr'>τὸ</span> <span class='ocrx_word' id='word_1_560' title='bbox 1805 4102 1974 4155; x_wconf 65' lang='grc' dir='ltr'>Πιιεῦ-</span> 
     </span>
    </p>
   </div>
   <div class='ocr_carea' id='block_1_75' title="bbox 402 4193 1973 4265">
    <p class='ocr_par' dir='ltr' id='par_1_75' title="bbox 402 4193 1973 4265">
     <span class='ocr_line' id='line_1_75' title="bbox 402 4193 1973 4265; baseline -0.001 -17"><span class='ocrx_word' id='word_1_561' title='bbox 402 4213 502 4265; x_wconf 83' lang='grc' dir='ltr'><strong>μα,</strong></span> <span class='ocrx_word' id='word_1_562' title='bbox 552 4195 644 4248; x_wconf 83' lang='grc' dir='ltr'>διὰ</span> <span class='ocrx_word' id='word_1_563' title='bbox 693 4195 790 4247; x_wconf 78' lang='grc' dir='ltr'>τοῦ</span> <span class='ocrx_word' id='word_1_564' title='bbox 843 4194 999 4259; x_wconf 80' lang='grc' dir='ltr'><strong>Υίοῦ,</strong></span> <span class='ocrx_word' id='word_1_565' title='bbox 1043 4195 1180 4265; x_wconf 66' lang='grc' dir='ltr'>προς</span> <span class='ocrx_word' id='word_1_566' title='bbox 1231 4194 1391 4265; x_wconf 81' lang='grc' dir='ltr'>ἡμῶν</span> <span class='ocrx_word' id='word_1_567' title='bbox 1424 4194 1450 4245; x_wconf 84' lang='grc' dir='ltr'>ὁ</span> <span class='ocrx_word' id='word_1_568' title='bbox 1486 4194 1665 4262; x_wconf 78' lang='grc' dir='ltr'>λόγος’</span> <span class='ocrx_word' id='word_1_569' title='bbox 1699 4195 1748 4245; x_wconf 84' lang='grc' dir='ltr'>εἰ</span> <span class='ocrx_word' id='word_1_570' title='bbox 1794 4193 1840 4244; x_wconf 90' lang='grc' dir='ltr'>δ’</span> <span class='ocrx_word' id='word_1_571' title='bbox 1889 4195 1973 4246; x_wconf 82' lang='grc' dir='ltr'>ὃτι</span> 
     </span>
    </p>
   </div>
   <div class='ocr_carea' id='block_1_76' title="bbox 398 4268 1971 4357">
    <p class='ocr_par' dir='ltr' id='par_1_76' title="bbox 398 4285 1971 4357">
     <span class='ocr_line' id='line_1_76' title="bbox 398 4285 1971 4357; baseline -0.002 -18"><span class='ocrx_word' id='word_1_572' title='bbox 398 4287 637 4357; x_wconf 70' lang='grc' dir='ltr'>ἑκάτερα</span> <span class='ocrx_word' id='word_1_573' title='bbox 669 4286 820 4357; x_wconf 74' lang='grc' dir='ltr'>παρὰ</span> <span class='ocrx_word' id='word_1_574' title='bbox 859 4285 954 4338; x_wconf 83' lang='grc' dir='ltr'>τοῦ</span> <span class='ocrx_word' id='word_1_575' title='bbox 1001 4287 1218 4355; x_wconf 71' lang='grc' dir='ltr'>Πατρός</span> <span class='ocrx_word' id='word_1_576' title='bbox 1255 4286 1444 4356; x_wconf 68' lang='grc' dir='ltr'>μόνον,</span> <span class='ocrx_word' id='word_1_577' title='bbox 1487 4286 1748 4349; x_wconf 71' lang='grc' dir='ltr'>εστωσαν,</span> <span class='ocrx_word' id='word_1_578' title='bbox 1777 4285 1971 4337; x_wconf 77' lang='grc' dir='ltr'>τούτου</span> 
     </span>
    </p>
   </div>
   <div class='ocr_carea' id='block_1_77' title="bbox 399 4375 1974 4448">
    <p class='ocr_par' dir='ltr' id='par_1_77' title="bbox 399 4375 1974 4448">
     <span class='ocr_line' id='line_1_77' title="bbox 399 4375 1974 4448; baseline -0.002 -17"><span class='ocrx_word' id='word_1_579' title='bbox 399 4378 765 4448; x_wconf 74' lang='grc' dir='ltr'>ὑποκειμένου</span> <span class='ocrx_word' id='word_1_580' title='bbox 830 4377 905 4446; x_wconf 81' lang='grc' dir='ltr'>μὴ</span> <span class='ocrx_word' id='word_1_581' title='bbox 980 4376 1242 4429; x_wconf 81' lang='grc' dir='ltr'>δύνασθαι</span> <span class='ocrx_word' id='word_1_582' title='bbox 1303 4377 1549 4446; x_wconf 74' lang='grc' dir='ltr'><strong>ἀλλήλων</strong></span> <span class='ocrx_word' id='word_1_583' title='bbox 1598 4375 1974 4447; x_wconf 81' lang='grc' dir='ltr'>διακρίνεσθαι</span> 
     </span>
    </p>
   </div>
   <div class='ocr_carea' id='block_1_78' title="bbox 397 4467 1972 4543">
    <p class='ocr_par' dir='ltr' id='par_1_78' title="bbox 397 4467 1972 4543">
     <span class='ocr_line' id='line_1_78' title="bbox 397 4467 1972 4543; baseline -0.002 -20"><span class='ocrx_word' id='word_1_584' title='bbox 397 4471 491 4522; x_wconf 69' lang='grc' dir='ltr'>τὸν</span> <span class='ocrx_word' id='word_1_585' title='bbox 527 4469 655 4523; x_wconf 67' lang='grc' dir='ltr'>Υιδν</span> <span class='ocrx_word' id='word_1_586' title='bbox 687 4470 783 4522; x_wconf 72' lang='grc' dir='ltr'><strong>καὶ</strong></span> <span class='ocrx_word' id='word_1_587' title='bbox 835 4471 896 4543; x_wconf 56' lang='grc' dir='ltr'><strong>τό</strong></span> <span class='ocrx_word' id='word_1_588' title='bbox 939 4468 1183 4537; x_wconf 80' lang='grc' dir='ltr'>Πνεῦμα.</span> <span class='ocrx_word' id='word_1_589' title='bbox 1246 4469 1309 4521; x_wconf 84' lang='grc' dir='ltr'>Δί</span> <span class='ocrx_word' id='word_1_590' title='bbox 1350 4468 1459 4539; x_wconf 71' lang='grc' dir='ltr'><strong>γὰρ</strong></span> <span class='ocrx_word' id='word_1_591' title='bbox 1512 4467 1761 4537; x_wconf 69' lang='grc' dir='ltr'>διάφοροί</span> <span class='ocrx_word' id='word_1_592' title='bbox 1810 4483 1972 4520; x_wconf 82' lang='grc' dir='ltr'>τινων</span> 
     </span>
    </p>
   </div>
   <div class='ocr_carea' id='block_1_79' title="bbox 399 4559 1970 4634">
    <p class='ocr_par' dir='ltr' id='par_1_79' title="bbox 399 4559 1970 4634">
     <span class='ocr_line' id='line_1_79' title="bbox 399 4559 1970 4634; baseline -0.004 -18"><span class='ocrx_word' id='word_1_593' title='bbox 399 4563 620 4632; x_wconf 67' lang='grc' dir='ltr'>πρόοδοι</span> <span class='ocrx_word' id='word_1_594' title='bbox 656 4563 690 4634; x_wconf 71' lang='grc' dir='ltr'>ἦ</span> <span class='ocrx_word' id='word_1_595' title='bbox 724 4563 874 4633; x_wconf 71' lang='grc' dir='ltr'>παρὰ</span> <span class='ocrx_word' id='word_1_596' title='bbox 911 4562 968 4614; x_wconf 75' lang='grc' dir='ltr'>τὸ</span> <span class='ocrx_word' id='word_1_597' title='bbox 999 4561 1172 4614; x_wconf 80' lang='grc' dir='ltr'>αἴτιόν</span> <span class='ocrx_word' id='word_1_598' title='bbox 1201 4563 1342 4616; x_wconf 82' lang='grc' dir='ltr'>εἰσιν</span> <span class='ocrx_word' id='word_1_599' title='bbox 1371 4561 1403 4630; x_wconf 76' lang='grc' dir='ltr'><strong>ἢ</strong></span> <span class='ocrx_word' id='word_1_600' title='bbox 1435 4560 1584 4628; x_wconf 76' lang='grc' dir='ltr'>παρὰ</span> <span class='ocrx_word' id='word_1_601' title='bbox 1611 4560 1672 4612; x_wconf 79' lang='grc' dir='ltr'>τὸ</span> <span class='ocrx_word' id='word_1_602' title='bbox 1702 4559 1970 4622; x_wconf 73' lang='grc' dir='ltr'>αἰτιατόν,</span> 
     </span>
    </p>
   </div>
   <div class='ocr_carea' id='block_1_80' title="bbox 399 4652 1972 4724">
    <p class='ocr_par' dir='ltr' id='par_1_80' title="bbox 399 4652 1972 4724">
     <span class='ocr_line' id='line_1_80' title="bbox 399 4652 1972 4724; baseline -0.002 -16"><span class='ocrx_word' id='word_1_603' title='bbox 399 4656 496 4708; x_wconf 77' lang='grc' dir='ltr'>καὶ</span> <span class='ocrx_word' id='word_1_604' title='bbox 540 4654 693 4724; x_wconf 71' lang='grc' dir='ltr'>παρὰ</span> <span class='ocrx_word' id='word_1_605' title='bbox 733 4655 794 4706; x_wconf 76' lang='grc' dir='ltr'><strong>τὸ</strong></span> <span class='ocrx_word' id='word_1_606' title='bbox 845 4652 1092 4706; x_wconf 76' lang='grc' dir='ltr'>αίτιατὸν</span> <span class='ocrx_word' id='word_1_607' title='bbox 1133 4653 1297 4723; x_wconf 80' lang='grc' dir='ltr'>διχῶς</span> <span class='ocrx_word' id='word_1_608' title='bbox 1320 4668 1333 4684; x_wconf 89' lang='grc'><strong>·</strong></span> <span class='ocrx_word' id='word_1_609' title='bbox 1366 4653 1398 4722; x_wconf 87' lang='grc' dir='ltr'>ἢ</span> <span class='ocrx_word' id='word_1_610' title='bbox 1432 4653 1544 4722; x_wconf 80' lang='grc' dir='ltr'><strong>γὰρ</strong></span> <span class='ocrx_word' id='word_1_611' title='bbox 1582 4653 1670 4705; x_wconf 76' lang='grc' dir='ltr'><strong>διὰ</strong></span> <span class='ocrx_word' id='word_1_612' title='bbox 1705 4653 1861 4718; x_wconf 34' lang='grc' dir='ltr'>τὸκτὰ</span> <span class='ocrx_word' id='word_1_613' title='bbox 1887 4654 1972 4705; x_wconf 84' lang='grc' dir='ltr'><strong>αἱ·</strong></span> 
     </span>
    </p>
   </div>
   <div class='ocr_carea' id='block_1_81' title="bbox 400 4739 1973 4815">
    <p class='ocr_par' dir='ltr' id='par_1_81' title="bbox 400 4739 1973 4815">
     <span class='ocr_line' id='line_1_81' title="bbox 400 4739 1973 4815; baseline -0.002 -16"><span class='ocrx_word' id='word_1_614' title='bbox 400 4747 561 4799; x_wconf 79' lang='grc' dir='ltr'>τιατᾶ</span> <span class='ocrx_word' id='word_1_615' title='bbox 597 4744 875 4814; x_wconf 72' lang='grc' dir='ltr'>διαφόρων</span> <span class='ocrx_word' id='word_1_616' title='bbox 922 4743 1080 4796; x_wconf 85' lang='grc' dir='ltr'>εἰδῶν</span> <span class='ocrx_word' id='word_1_617' title='bbox 1117 4739 1258 4797; x_wconf 84' lang='grc' dir='ltr'>εἶναι</span> <span class='ocrx_word' id='word_1_618' title='bbox 1291 4743 1324 4815; x_wconf 79' lang='grc' dir='ltr'>ἢ</span> <span class='ocrx_word' id='word_1_619' title='bbox 1363 4743 1451 4796; x_wconf 78' lang='grc' dir='ltr'>διὰ</span> <span class='ocrx_word' id='word_1_620' title='bbox 1502 4744 1564 4795; x_wconf 77' lang='grc' dir='ltr'>τὸ</span> <span class='ocrx_word' id='word_1_621' title='bbox 1612 4743 1690 4805; x_wconf 84' lang='grc' dir='ltr'><strong>είς</strong></span> <span class='ocrx_word' id='word_1_622' title='bbox 1734 4743 1973 4812; x_wconf 78' lang='grc' dir='ltr'>διάφορα</span> 
     </span>
    </p>
   </div>
   <div class='ocr_carea' id='block_1_82' title="bbox 399 4833 1972 4912">
    <p class='ocr_par' dir='ltr' id='par_1_82' title="bbox 399 4833 1972 4912">
     <span class='ocr_line' id='line_1_82' title="bbox 399 4833 1972 4912; baseline -0.006 -18"><span class='ocrx_word' id='word_1_623' title='bbox 399 4838 678 4912; x_wconf 74' lang='grc' dir='ltr'>ὁρίζεσθαι</span> <span class='ocrx_word' id='word_1_624' title='bbox 707 4837 906 4907; x_wconf 79' lang='grc' dir='ltr'>ἄτομα.</span> <span class='ocrx_word' id='word_1_625' title='bbox 933 4836 1018 4890; x_wconf 76' lang='grc' dir='ltr'><strong>Τὰ</strong></span> <span class='ocrx_word' id='word_1_626' title='bbox 1065 4837 1123 4889; x_wconf 76' lang='grc' dir='ltr'>δὲ</span> <span class='ocrx_word' id='word_1_627' title='bbox 1169 4839 1288 4902; x_wconf 64' lang='lat' dir='ltr'><strong>Usi;</strong></span> <span class='ocrx_word' id='word_1_628' title='bbox 1339 4835 1507 4889; x_wconf 76' lang='grc' dir='ltr'>ταῦτα</span> <span class='ocrx_word' id='word_1_629' title='bbox 1539 4835 1812 4904; x_wconf 87' lang='grc' dir='ltr'>πρόσωπα</span> <span class='ocrx_word' id='word_1_630' title='bbox 1843 4833 1972 4886; x_wconf 79' lang='grc' dir='ltr'>Υίοῠ</span> 
     </span>
    </p>
   </div>
   <div class='ocr_carea' id='block_1_83' title="bbox 399 4922 1976 5000">
    <p class='ocr_par' dir='ltr' id='par_1_83' title="bbox 399 4922 1976 5000">
     <span class='ocr_line' id='line_1_83' title="bbox 399 4922 1976 5000; baseline -0.004 -15"><span class='ocrx_word' id='word_1_631' title='bbox 399 4949 457 4985; x_wconf 87' lang='grc' dir='ltr'><strong>τε</strong></span> <span class='ocrx_word' id='word_1_632' title='bbox 489 4934 581 4985; x_wconf 66' lang='grc' dir='ltr'><strong>καὶ</strong></span> <span class='ocrx_word' id='word_1_633' title='bbox 611 4931 928 5000; x_wconf 75' lang='grc' dir='ltr'>[Ιντύματος</span> <span class='ocrx_word' id='word_1_634' title='bbox 959 4929 1110 4999; x_wconf 76' lang='grc' dir='ltr'>παρὰ</span> <span class='ocrx_word' id='word_1_635' title='bbox 1147 4928 1248 4999; x_wconf 78' lang='grc' dir='ltr'><strong>μὲν</strong></span> <span class='ocrx_word' id='word_1_636' title='bbox 1288 4929 1349 4979; x_wconf 74' lang='grc' dir='ltr'>τὸ</span> <span class='ocrx_word' id='word_1_637' title='bbox 1380 4922 1520 4988; x_wconf 76' lang='grc' dir='ltr'>εἶδος</span> <span class='ocrx_word' id='word_1_638' title='bbox 1550 4928 1650 4978; x_wconf 78' lang='grc' dir='ltr'><strong>οὐκ</strong></span> <span class='ocrx_word' id='word_1_639' title='bbox 1687 4926 1753 4979; x_wconf 82' lang='grc' dir='ltr'><strong>ἂν</strong></span> <span class='ocrx_word' id='word_1_640' title='bbox 1784 4927 1976 4994; x_wconf 78' lang='grc' dir='ltr'>διαφέ·</span> 
     </span>
    </p>
   </div>
   <div class='ocr_carea' id='block_1_84' title="bbox 403 5017 1973 5093">
    <p class='ocr_par' dir='ltr' id='par_1_84' title="bbox 403 5017 1973 5093">
     <span class='ocr_line' id='line_1_84' title="bbox 403 5017 1973 5093; baseline -0.002 -19"><span class='ocrx_word' id='word_1_641' title='bbox 403 5039 547 5093; x_wconf 71' lang='grc' dir='ltr'>ρυιεν</span> <span class='ocrx_word' id='word_1_642' title='bbox 575 5019 844 5090; x_wconf 75' lang='grc' dir='ltr'>ἀλλήλων,</span> <span class='ocrx_word' id='word_1_643' title='bbox 880 5021 1012 5086; x_wconf 79' lang='grc' dir='ltr'>μίαν</span> <span class='ocrx_word' id='word_1_644' title='bbox 1054 5021 1150 5072; x_wconf 72' lang='grc' dir='ltr'><strong>καὶ</strong></span> <span class='ocrx_word' id='word_1_645' title='bbox 1179 5019 1280 5090; x_wconf 83' lang='grc' dir='ltr'>τὴν</span> <span class='ocrx_word' id='word_1_646' title='bbox 1313 5019 1489 5090; x_wconf 78' lang='grc' dir='ltr'>αὐτὴν</span> <span class='ocrx_word' id='word_1_647' title='bbox 1538 5017 1761 5089; x_wconf 79' lang='grc' dir='ltr'>ἀριθμῷ</span> <span class='ocrx_word' id='word_1_648' title='bbox 1806 5018 1973 5088; x_wconf 84' lang='grc' dir='ltr'>φύσιν</span> 
     </span>
    </p>
   </div>
   <div class='ocr_carea' id='block_1_85' title="bbox 400 5113 1973 5186">
    <p class='ocr_par' dir='ltr' id='par_1_85' title="bbox 400 5113 1973 5186">
     <span class='ocr_line' id='line_1_85' title="bbox 400 5113 1973 5186; baseline -0.001 -15"><span class='ocrx_word' id='word_1_649' title='bbox 400 5134 460 5172; x_wconf 80' lang='grc' dir='ltr'><strong>τε</strong></span> <span class='ocrx_word' id='word_1_650' title='bbox 514 5117 804 5170; x_wconf 72' lang='grc' dir='ltr'>καὶοθείαν</span> <span class='ocrx_word' id='word_1_651' title='bbox 868 5116 1060 5177; x_wconf 75' lang='grc' dir='ltr'>οὐσίαν</span> <span class='ocrx_word' id='word_1_652' title='bbox 1119 5114 1272 5186; x_wconf 65' lang='grc' dir='ltr'>παρὰ</span> <span class='ocrx_word' id='word_1_653' title='bbox 1327 5113 1423 5167; x_wconf 66' lang='grc' dir='ltr'>τοῦ</span> <span class='ocrx_word' id='word_1_654' title='bbox 1491 5115 1707 5184; x_wconf 79' lang='grc' dir='ltr'>Πατρδς</span> <span class='ocrx_word' id='word_1_655' title='bbox 1773 5118 1832 5168; x_wconf 78' lang='grc' dir='ltr'>ἐν</span> <span class='ocrx_word' id='word_1_656' title='bbox 1895 5115 1973 5185; x_wconf 83' lang='grc' dir='ltr'>τῷ</span> 
     </span>
    </p>
   </div>
   <div class='ocr_carea' id='block_1_86' title="bbox 403 5203 1978 5280">
    <p class='ocr_par' dir='ltr' id='par_1_86' title="bbox 403 5203 1978 5280">
     <span class='ocr_line' id='line_1_86' title="bbox 403 5203 1978 5280; baseline 0.001 -19"><span class='ocrx_word' id='word_1_657' title='bbox 403 5209 651 5280; x_wconf 77' lang='grc' dir='ltr'>προῖέναι</span> <span class='ocrx_word' id='word_1_658' title='bbox 677 5208 1053 5278; x_wconf 71' lang='grc' dir='ltr'>λαμϐάνοντα·</span> <span class='ocrx_word' id='word_1_659' title='bbox 1089 5203 1213 5260; x_wconf 75' lang='grc' dir='ltr'>οὔτε</span> <span class='ocrx_word' id='word_1_660' title='bbox 1258 5206 1366 5276; x_wconf 74' lang='grc' dir='ltr'>μὴν</span> <span class='ocrx_word' id='word_1_661' title='bbox 1414 5207 1568 5277; x_wconf 78' lang='grc' dir='ltr'>παρὰ</span> <span class='ocrx_word' id='word_1_662' title='bbox 1611 5208 1710 5275; x_wconf 70' lang='grc' dir='ltr'>τὴν</span> <span class='ocrx_word' id='word_1_663' title='bbox 1739 5208 1882 5260; x_wconf 86' lang='grc' dir='ltr'><strong>κατά</strong></span> <span class='ocrx_word' id='word_1_664' title='bbox 1907 5208 1978 5262; x_wconf 76' lang='grc' dir='ltr'>τὰ</span> 
     </span>
    </p>
   </div>
   <div class='ocr_carea' id='block_1_87' title="bbox 400 5297 1977 5372">
    <p class='ocr_par' dir='ltr' id='par_1_87' title="bbox 400 5297 1977 5372">
     <span class='ocr_line' id='line_1_87' title="bbox 400 5297 1977 5372; baseline -0.004 -14"><span class='ocrx_word' id='word_1_665' title='bbox 400 5303 582 5372; x_wconf 76' lang='grc' dir='ltr'>ἄτομα</span> <span class='ocrx_word' id='word_1_666' title='bbox 604 5300 907 5370; x_wconf 75' lang='grc' dir='ltr'>διαφοράν·</span> <span class='ocrx_word' id='word_1_667' title='bbox 951 5298 1149 5370; x_wconf 77' lang='grc' dir='ltr'>πρῶτα</span> <span class='ocrx_word' id='word_1_668' title='bbox 1196 5298 1296 5366; x_wconf 84' lang='grc' dir='ltr'>μὲν</span> <span class='ocrx_word' id='word_1_669' title='bbox 1322 5297 1412 5351; x_wconf 79' lang='grc' dir='ltr'><strong>διὰ</strong></span> <span class='ocrx_word' id='word_1_670' title='bbox 1446 5297 1507 5350; x_wconf 85' lang='grc' dir='ltr'>τὸ</span> <span class='ocrx_word' id='word_1_671' title='bbox 1536 5297 1812 5368; x_wconf 82' lang='grc' dir='ltr'>μηδεμίαν</span> <span class='ocrx_word' id='word_1_672' title='bbox 1844 5297 1977 5370; x_wconf 79' lang='grc' dir='ltr'>ὓλην</span> 
     </span>
    </p>
   </div>
   <div class='ocr_carea' id='block_1_88' title="bbox 400 5383 1977 5465">
    <p class='ocr_par' dir='ltr' id='par_1_88' title="bbox 400 5383 1977 5465">
     <span class='ocr_line' id='line_1_88' title="bbox 400 5383 1977 5465; baseline -0.004 -15"><span class='ocrx_word' id='word_1_673' title='bbox 400 5392 544 5450; x_wconf 75' lang='grc' dir='ltr'>εἶναι</span> <span class='ocrx_word' id='word_1_674' title='bbox 578 5396 697 5448; x_wconf 72' lang='grc' dir='ltr'>ἐκεῖ</span> <span class='ocrx_word' id='word_1_675' title='bbox 737 5395 880 5465; x_wconf 84' lang='grc' dir='ltr'>μήτε</span> <span class='ocrx_word' id='word_1_676' title='bbox 917 5408 969 5444; x_wconf 90' lang='grc' dir='ltr'><strong>τι</strong></span> <span class='ocrx_word' id='word_1_677' title='bbox 1004 5390 1105 5460; x_wconf 75' lang='grc' dir='ltr'><strong>ὕλῃ</strong></span> <span class='ocrx_word' id='word_1_678' title='bbox 1146 5388 1473 5459; x_wconf 81' lang='grc' dir='ltr'>ἀναλογοῦν,</span> <span class='ocrx_word' id='word_1_679' title='bbox 1579 5389 1645 5442; x_wconf 79' lang='grc' dir='ltr'>τὰ</span> <span class='ocrx_word' id='word_1_680' title='bbox 1676 5389 1774 5458; x_wconf 77' lang='grc' dir='ltr'>τῆς</span> <span class='ocrx_word' id='word_1_681' title='bbox 1805 5390 1977 5460; x_wconf 79' lang='grc' dir='ltr'>αὐτῆς</span> 
     </span>
    </p>
   </div>
   <div class='ocr_carea' id='block_1_89' title="bbox 401 5481 1978 5561">
    <p class='ocr_par' dir='ltr' id='par_1_89' title="bbox 401 5481 1978 5561">
     <span class='ocr_line' id='line_1_89' title="bbox 401 5481 1978 5561; baseline -0.005 -18"><span class='ocrx_word' id='word_1_682' title='bbox 401 5491 620 5561; x_wconf 79' lang='grc' dir='ltr'>φύσεως</span> <span class='ocrx_word' id='word_1_683' title='bbox 666 5486 845 5556; x_wconf 76' lang='grc' dir='ltr'>ἄτομα</span> <span class='ocrx_word' id='word_1_684' title='bbox 875 5483 1125 5552; x_wconf 75' lang='grc' dir='ltr'>ἀλλήλων</span> <span class='ocrx_word' id='word_1_685' title='bbox 1169 5482 1520 5553; x_wconf 75' lang='grc' dir='ltr'>χωρίζονται·</span> <span class='ocrx_word' id='word_1_686' title='bbox 1561 5481 1738 5534; x_wconf 77' lang='grc' dir='ltr'>ἔπειθ’</span> <span class='ocrx_word' id='word_1_687' title='bbox 1765 5483 1847 5534; x_wconf 82' lang='grc' dir='ltr'><strong>ὅτι</strong></span> <span class='ocrx_word' id='word_1_688' title='bbox 1884 5483 1978 5536; x_wconf 71' lang='grc' dir='ltr'>καὶ</span> 
     </span>
    </p>
   </div>
   <div class='ocr_carea' id='block_1_90' title="bbox 399 5572 1978 5646">
    <p class='ocr_par' dir='ltr' id='par_1_90' title="bbox 399 5572 1978 5646">
     <span class='ocr_line' id='line_1_90' title="bbox 399 5572 1978 5646; baseline -0.005 -12"><span class='ocrx_word' id='word_1_689' title='bbox 399 5583 457 5634; x_wconf 79' lang='lat' dir='ltr'><strong>al</strong></span> <span class='ocrx_word' id='word_1_690' title='bbox 535 5579 648 5633; x_wconf 84' lang='grc' dir='ltr'><strong>τῶν</strong></span> <span class='ocrx_word' id='word_1_691' title='bbox 716 5577 938 5646; x_wconf 81' lang='grc' dir='ltr'>ἀτόμων</span> <span class='ocrx_word' id='word_1_692' title='bbox 1010 5576 1073 5626; x_wconf 76' lang='grc' dir='ltr'>ὲκ</span> <span class='ocrx_word' id='word_1_693' title='bbox 1123 5573 1232 5629; x_wconf 81' lang='grc' dir='ltr'>τῶν</span> <span class='ocrx_word' id='word_1_694' title='bbox 1281 5573 1460 5627; x_wconf 77' lang='grc' dir='ltr'>αὐτῶν</span> <span class='ocrx_word' id='word_1_695' title='bbox 1515 5573 1705 5626; x_wconf 70' lang='grc' dir='ltr'>αἰτίων</span> <span class='ocrx_word' id='word_1_696' title='bbox 1758 5572 1978 5644; x_wconf 84' lang='grc' dir='ltr'>πρόοδοι</span> 
     </span>
    </p>
   </div>
   <div class='ocr_carea' id='block_1_91' title="bbox 442 5688 1978 5798">
    <p class='ocr_par' dir='ltr' id='par_1_91' title="bbox 442 5688 1978 5798">
     <span class='ocr_line' id='line_1_91' title="bbox 442 5688 1978 5798; baseline -0.008 -45"><span class='ocrx_word' id='word_1_697' title='bbox 442 5694 552 5798; x_wconf 43' lang='grc' dir='ltr'><strong>,(ξ)</strong></span> <span class='ocrx_word' id='word_1_698' title='bbox 588 5693 679 5748; x_wconf 75' lang='lat' dir='ltr'><strong>Sic</strong></span> <span class='ocrx_word' id='word_1_699' title='bbox 736 5703 882 5746; x_wconf 84' lang='lat' dir='ltr'><strong>recte</strong></span> <span class='ocrx_word' id='word_1_700' title='bbox 951 5688 1147 5755; x_wconf 63' lang='lat' dir='ltr'><strong>Marc;</strong></span> <span class='ocrx_word' id='word_1_701' title='bbox 1207 5689 1415 5744; x_wconf 79' lang='lat' dir='ltr'><strong>Monac.</strong></span> <span class='ocrx_word' id='word_1_702' title='bbox 1489 5688 1526 5744; x_wconf 72' lang='grc' dir='ltr'><strong>Γ.</strong></span> <span class='ocrx_word' id='word_1_703' title='bbox 1580 5688 1688 5744; x_wconf 61' lang='grc' dir='ltr'>εις)</span> <span class='ocrx_word' id='word_1_704' title='bbox 1749 5689 1830 5745; x_wconf 86' lang='lat' dir='ltr'><strong>h:</strong></span> <span class='ocrx_word' id='word_1_705' title='bbox 1883 5689 1978 5762; x_wconf 72' lang='grc' dir='ltr'>τῆς</span> 
     </span>
    </p>
   </div>
   <div class='ocr_carea' id='block_1_92' title="bbox 401 5781 612 5829">
    <p class='ocr_par' dir='ltr' id='par_1_92' title="bbox 401 5781 612 5829">
     <span class='ocr_line' id='line_1_92' title="bbox 401 5781 612 5829; baseline -0.009 -11"><span class='ocrx_word' id='word_1_706' title='bbox 401 5781 612 5829; x_wconf 64' lang='lat' dir='ltr'><strong>suam.</strong></span> 
     </span>
    </p>
   </div>
   <div class='ocr_carea' id='block_1_93' title="bbox 645 5855 1319 5919">
    <p class='ocr_par' dir='ltr' id='par_1_93' title="bbox 645 5855 1319 5919">
     <span class='ocr_line' id='line_1_93' title="bbox 645 5855 1319 5919; baseline -0.009 -1"><span class='ocrx_word' id='word_1_707' title='bbox 645 5855 916 5918; x_wconf 70' lang='grc' dir='ltr'>ΡΑτιιοι..</span> <span class='ocrx_word' id='word_1_708' title='bbox 962 5857 1078 5919; x_wconf 78' lang='lat' dir='ltr'><strong>Gn.</strong></span> <span class='ocrx_word' id='word_1_709' title='bbox 1119 5857 1319 5916; x_wconf 55' lang='grc' dir='ltr'>(ωλι.</span> 
     </span>
    </p>
   </div>
   <div class='ocr_carea' id='block_1_94' title="bbox 2077 3271 3651 3341">
    <p class='ocr_par' dir='ltr' id='par_1_94' title="bbox 2077 3271 3651 3341">
     <span class='ocr_line' id='line_1_94' title="bbox 2077 3271 3651 3341; baseline 0.001 -15"><span class='ocrx_word' id='word_1_710' title='bbox 2077 3272 2225 3326; x_wconf 88' lang='lat' dir='ltr'><strong>niam</strong></span> <span class='ocrx_word' id='word_1_711' title='bbox 2259 3280 2439 3326; x_wconf 91' lang='lat' dir='ltr'><strong>autem</strong></span> <span class='ocrx_word' id='word_1_712' title='bbox 2472 3280 2620 3337; x_wconf 89' lang='lat' dir='ltr'><strong>sunt,</strong></span> <span class='ocrx_word' id='word_1_713' title='bbox 2666 3271 2762 3341; x_wconf 89' lang='lat' dir='ltr'><strong>qui</strong></span> <span class='ocrx_word' id='word_1_714' title='bbox 2807 3271 2938 3324; x_wconf 91' lang='lat' dir='ltr'><strong>dum</strong></span> <span class='ocrx_word' id='word_1_715' title='bbox 2981 3271 3293 3327; x_wconf 90' lang='lat' dir='ltr'><strong>concedunt</strong></span> <span class='ocrx_word' id='word_1_716' title='bbox 3336 3273 3554 3327; x_wconf 81' lang='lat' dir='ltr'><strong>Patrem</strong></span> <span class='ocrx_word' id='word_1_717' title='bbox 3595 3284 3651 3327; x_wconf 80' lang='lat' dir='ltr'><strong>et</strong></span> 
     </span>
    </p>
   </div>
   <div class='ocr_carea' id='block_1_95' title="bbox 2079 3362 3650 3435">
    <p class='ocr_par' dir='ltr' id='par_1_95' title="bbox 2079 3362 3650 3435">
     <span class='ocr_line' id='line_1_95' title="bbox 2079 3362 3650 3435; baseline 0 -17"><span class='ocrx_word' id='word_1_718' title='bbox 2079 3363 2276 3418; x_wconf 85' lang='lat' dir='ltr'><strong>Filium</strong></span> <span class='ocrx_word' id='word_1_719' title='bbox 2308 3362 2552 3418; x_wconf 88' lang='lat' dir='ltr'><strong>relativis</strong></span> <span class='ocrx_word' id='word_1_720' title='bbox 2583 3362 3036 3435; x_wconf 79' lang='lat' dir='ltr'><strong>proccssiouihus</strong></span> <span class='ocrx_word' id='word_1_721' title='bbox 3088 3364 3156 3418; x_wconf 86' lang='lat' dir='ltr'><strong>ab</strong></span> <span class='ocrx_word' id='word_1_722' title='bbox 3185 3364 3417 3418; x_wconf 82' lang='lat' dir='ltr'><strong>invicem</strong></span> <span class='ocrx_word' id='word_1_723' title='bbox 3451 3363 3650 3420; x_wconf 82' lang='lat' dir='ltr'><strong>distiu-</strong></span> 
     </span>
    </p>
   </div>
   <div class='ocr_carea' id='block_1_96' title="bbox 2077 3455 3653 3530">
    <p class='ocr_par' dir='ltr' id='par_1_96' title="bbox 2077 3455 3653 3530">
     <span class='ocr_line' id='line_1_96' title="bbox 2077 3455 3653 3530; baseline 0 -18"><span class='ocrx_word' id='word_1_724' title='bbox 2077 3457 2408 3530; x_wconf 87' lang='lat' dir='ltr'><strong>gui,Filium</strong></span> <span class='ocrx_word' id='word_1_725' title='bbox 2435 3473 2464 3511; x_wconf 90' lang='lat' dir='ltr'><strong>a</strong></span> <span class='ocrx_word' id='word_1_726' title='bbox 2498 3455 2705 3526; x_wconf 80' lang='lat' dir='ltr'><strong>Spiritu</strong></span> <span class='ocrx_word' id='word_1_727' title='bbox 2738 3457 2932 3510; x_wconf 89' lang='lat' dir='ltr'><strong>eodem</strong></span> <span class='ocrx_word' id='word_1_728' title='bbox 2966 3456 3127 3510; x_wconf 87' lang='lat' dir='ltr'><strong>modo</strong></span> <span class='ocrx_word' id='word_1_729' title='bbox 3155 3457 3390 3512; x_wconf 84' lang='lat' dir='ltr'><strong>discerni</strong></span> <span class='ocrx_word' id='word_1_730' title='bbox 3422 3473 3528 3512; x_wconf 92' lang='lat' dir='ltr'><strong>non</strong></span> <span class='ocrx_word' id='word_1_731' title='bbox 3557 3457 3653 3512; x_wconf 57' lang='lat' dir='ltr'><strong>add</strong></span> 
     </span>
    </p>
   </div>
   <div class='ocr_carea' id='block_1_97' title="bbox 2078 3549 3653 3622">
    <p class='ocr_par' dir='ltr' id='par_1_97' title="bbox 2078 3549 3653 3622">
     <span class='ocr_line' id='line_1_97' title="bbox 2078 3549 3653 3622; baseline -0.001 -16"><span class='ocrx_word' id='word_1_732' title='bbox 2078 3552 2324 3616; x_wconf 87' lang='lat' dir='ltr'><strong>mittunt,</strong></span> <span class='ocrx_word' id='word_1_733' title='bbox 2377 3566 2568 3605; x_wconf 80' lang='lat' dir='ltr'><strong>verum</strong></span> <span class='ocrx_word' id='word_1_734' title='bbox 2629 3550 2862 3606; x_wconf 63' lang='grc' dir='ltr'><strong>(ἣκει-εἱς</strong></span> <span class='ocrx_word' id='word_1_735' title='bbox 2907 3567 2936 3604; x_wconf 89' lang='lat' dir='ltr'><strong>a</strong></span> <span class='ocrx_word' id='word_1_736' title='bbox 2969 3549 3130 3606; x_wconf 88' lang='lat' dir='ltr'><strong>Patre</strong></span> <span class='ocrx_word' id='word_1_737' title='bbox 3170 3551 3653 3622; x_wconf 81' lang='lat' dir='ltr'><strong>progressionibus</strong></span> 
     </span>
    </p>
   </div>
   <div class='ocr_carea' id='block_1_98' title="bbox 2076 3641 3649 3712">
    <p class='ocr_par' dir='ltr' id='par_1_98' title="bbox 2076 3641 3649 3712">
     <span class='ocr_line' id='line_1_98' title="bbox 2076 3641 3649 3712; baseline -0.003 -16"><span class='ocrx_word' id='word_1_738' title='bbox 2076 3641 2338 3712; x_wconf 86' lang='lat' dir='ltr'><strong>distingui</strong></span> <span class='ocrx_word' id='word_1_739' title='bbox 2365 3642 2570 3707; x_wconf 90' lang='lat' dir='ltr'><strong>volunt,</strong></span> <span class='ocrx_word' id='word_1_740' title='bbox 2600 3642 2902 3696; x_wconf 82' lang='lat' dir='ltr'><strong>secundum</strong></span> <span class='ocrx_word' id='word_1_741' title='bbox 2951 3655 3088 3710; x_wconf 87' lang='lat' dir='ltr'><strong>quas</strong></span> <span class='ocrx_word' id='word_1_742' title='bbox 3136 3641 3275 3694; x_wconf 91' lang='lat' dir='ltr'><strong>alter</strong></span> <span class='ocrx_word' id='word_1_743' title='bbox 3299 3641 3515 3710; x_wconf 86' lang='lat' dir='ltr'><strong>genitus</strong></span> <span class='ocrx_word' id='word_1_744' title='bbox 3543 3651 3649 3707; x_wconf 82' lang='lat' dir='ltr'><strong>est,</strong></span> 
     </span>
    </p>
   </div>
   <div class='ocr_carea' id='block_1_99' title="bbox 2076 3733 3652 3804">
    <p class='ocr_par' dir='ltr' id='par_1_99' title="bbox 2076 3733 3652 3804">
     <span class='ocr_line' id='line_1_99' title="bbox 2076 3733 3652 3804; baseline -0.002 -15"><span class='ocrx_word' id='word_1_745' title='bbox 2076 3737 2217 3790; x_wconf 90' lang='lat' dir='ltr'><strong>alter</strong></span> <span class='ocrx_word' id='word_1_746' title='bbox 2245 3733 2516 3804; x_wconf 90' lang='lat' dir='ltr'><strong>procedit,</strong></span> <span class='ocrx_word' id='word_1_747' title='bbox 2546 3736 2900 3803; x_wconf 75' lang='lat' dir='ltr'><strong>quznrendum</strong></span> <span class='ocrx_word' id='word_1_748' title='bbox 2947 3744 3030 3789; x_wconf 92' lang='lat' dir='ltr'><strong>est</strong></span> <span class='ocrx_word' id='word_1_749' title='bbox 3060 3749 3127 3789; x_wconf 83' lang='lat' dir='ltr'><strong>ex</strong></span> <span class='ocrx_word' id='word_1_750' title='bbox 3161 3733 3262 3798; x_wconf 87' lang='lat' dir='ltr'><strong>iis,</strong></span> <span class='ocrx_word' id='word_1_751' title='bbox 3295 3749 3530 3802; x_wconf 88' lang='lat' dir='ltr'><strong>quanam</strong></span> <span class='ocrx_word' id='word_1_752' title='bbox 3561 3749 3652 3786; x_wconf 85' lang='lat' dir='ltr'><strong>ra-</strong></span> 
     </span>
    </p>
   </div>
   <div class='ocr_carea' id='block_1_100' title="bbox 2081 3825 3654 3894">
    <p class='ocr_par' dir='ltr' id='par_1_100' title="bbox 2081 3825 3654 3894">
     <span class='ocr_line' id='line_1_100' title="bbox 2081 3825 3654 3894; baseline -0.002 -13"><span class='ocrx_word' id='word_1_753' title='bbox 2081 3828 2228 3882; x_wconf 90' lang='lat' dir='ltr'><strong>tione</strong></span> <span class='ocrx_word' id='word_1_754' title='bbox 2279 3827 2509 3880; x_wconf 71' lang='lat' dir='ltr'><strong>diversas</strong></span> <span class='ocrx_word' id='word_1_755' title='bbox 2557 3825 2815 3880; x_wconf 87' lang='lat' dir='ltr'><strong>dicantur</strong></span> <span class='ocrx_word' id='word_1_756' title='bbox 2863 3827 3150 3881; x_wconf 87' lang='lat' dir='ltr'><strong>amborum</strong></span> <span class='ocrx_word' id='word_1_757' title='bbox 3196 3841 3261 3880; x_wconf 78' lang='lat' dir='ltr'><strong>ex</strong></span> <span class='ocrx_word' id='word_1_758' title='bbox 3306 3825 3468 3879; x_wconf 84' lang='lat' dir='ltr'><strong>Patre</strong></span> <span class='ocrx_word' id='word_1_759' title='bbox 3524 3839 3654 3894; x_wconf 85' lang='lat' dir='ltr'><strong>pro-</strong></span> 
     </span>
    </p>
   </div>
   <div class='ocr_carea' id='block_1_101' title="bbox 2077 3916 3649 3989">
    <p class='ocr_par' dir='ltr' id='par_1_101' title="bbox 2077 3916 3649 3989">
     <span class='ocr_line' id='line_1_101' title="bbox 2077 3916 3649 3989; baseline -0.001 -19"><span class='ocrx_word' id='word_1_760' title='bbox 2077 3917 2409 3989; x_wconf 68' lang='lat' dir='ltr'><strong>gres-siones.</strong></span> <span class='ocrx_word' id='word_1_761' title='bbox 2435 3917 2490 3972; x_wconf 92' lang='lat' dir='ltr'><strong>Si</strong></span> <span class='ocrx_word' id='word_1_762' title='bbox 2509 3918 2658 3972; x_wconf 88' lang='lat' dir='ltr'><strong>enim</strong></span> <span class='ocrx_word' id='word_1_763' title='bbox 2683 3918 2936 3981; x_wconf 61' lang='lat' dir='ltr'><strong>diversae,</strong></span> <span class='ocrx_word' id='word_1_764' title='bbox 2965 3919 3093 3988; x_wconf 91' lang='lat' dir='ltr'><strong>quia</strong></span> <span class='ocrx_word' id='word_1_765' title='bbox 3124 3917 3406 3986; x_wconf 82' lang='lat' dir='ltr'><strong>generatio</strong></span> <span class='ocrx_word' id='word_1_766' title='bbox 3428 3916 3649 3985; x_wconf 91' lang='lat' dir='ltr'><strong>quidem</strong></span> 
     </span>
    </p>
   </div>
   <div class='ocr_carea' id='block_1_102' title="bbox 2079 4010 3652 4081">
    <p class='ocr_par' dir='ltr' id='par_1_102' title="bbox 2079 4010 3652 4081">
     <span class='ocr_line' id='line_1_102' title="bbox 2079 4010 3652 4081; baseline -0.002 -16"><span class='ocrx_word' id='word_1_767' title='bbox 2079 4012 2392 4066; x_wconf 87' lang='lat' dir='ltr'><strong>immediate</strong></span> <span class='ocrx_word' id='word_1_768' title='bbox 2413 4027 2479 4066; x_wconf 80' lang='lat' dir='ltr'><strong>ex</strong></span> <span class='ocrx_word' id='word_1_769' title='bbox 2501 4012 2684 4075; x_wconf 87' lang='lat' dir='ltr'><strong>Patre,</strong></span> <span class='ocrx_word' id='word_1_770' title='bbox 2706 4013 2934 4081; x_wconf 81' lang='lat' dir='ltr'><strong>spiratio</strong></span> <span class='ocrx_word' id='word_1_771' title='bbox 2961 4027 3092 4065; x_wconf 89' lang='lat' dir='ltr'><strong>vero</strong></span> <span class='ocrx_word' id='word_1_772' title='bbox 3115 4026 3211 4080; x_wconf 91' lang='lat' dir='ltr'><strong>per</strong></span> <span class='ocrx_word' id='word_1_773' title='bbox 3239 4010 3652 4081; x_wconf 86' lang='lat' dir='ltr'><strong>generationem</strong></span> 
     </span>
    </p>
   </div>
   <div class='ocr_carea' id='block_1_103' title="bbox 2076 4100 3652 4170">
    <p class='ocr_par' dir='ltr' id='par_1_103' title="bbox 2076 4100 3652 4170">
     <span class='ocr_line' id='line_1_103' title="bbox 2076 4100 3652 4170; baseline -0.001 -15"><span class='ocrx_word' id='word_1_774' title='bbox 2076 4111 2131 4155; x_wconf 84' lang='lat' dir='ltr'><strong>et</strong></span> <span class='ocrx_word' id='word_1_775' title='bbox 2165 4100 2406 4170; x_wconf 89' lang='lat' dir='ltr'><strong>Spiritus</strong></span> <span class='ocrx_word' id='word_1_776' title='bbox 2433 4116 2530 4170; x_wconf 91' lang='lat' dir='ltr'><strong>per</strong></span> <span class='ocrx_word' id='word_1_777' title='bbox 2584 4101 2813 4166; x_wconf 87' lang='lat' dir='ltr'><strong>Filium,</strong></span> <span class='ocrx_word' id='word_1_778' title='bbox 2850 4101 2904 4158; x_wconf 82' lang='lat' dir='ltr'><strong>id</strong></span> <span class='ocrx_word' id='word_1_779' title='bbox 2941 4116 3041 4170; x_wconf 90' lang='lat' dir='ltr'><strong>pro</strong></span> <span class='ocrx_word' id='word_1_780' title='bbox 3082 4101 3243 4156; x_wconf 89' lang='lat' dir='ltr'><strong>nobis</strong></span> <span class='ocrx_word' id='word_1_781' title='bbox 3273 4107 3401 4166; x_wconf 88' lang='lat' dir='ltr'><strong>est;</strong></span> <span class='ocrx_word' id='word_1_782' title='bbox 3435 4100 3480 4153; x_wconf 90' lang='lat' dir='ltr'><strong>si</strong></span> <span class='ocrx_word' id='word_1_783' title='bbox 3520 4114 3652 4154; x_wconf 85' lang='lat' dir='ltr'><strong>vero</strong></span> 
     </span>
    </p>
   </div>
   <div class='ocr_carea' id='block_1_104' title="bbox 2076 4191 3651 4263">
    <p class='ocr_par' dir='ltr' id='par_1_104' title="bbox 2076 4191 3651 4263">
     <span class='ocr_line' id='line_1_104' title="bbox 2076 4191 3651 4263; baseline -0.003 -16"><span class='ocrx_word' id='word_1_784' title='bbox 2076 4195 2203 4262; x_wconf 90' lang='lat' dir='ltr'><strong>quia</strong></span> <span class='ocrx_word' id='word_1_785' title='bbox 2230 4203 2460 4263; x_wconf 87' lang='lat' dir='ltr'><strong>utraque</strong></span> <span class='ocrx_word' id='word_1_786' title='bbox 2482 4208 2509 4247; x_wconf 89' lang='lat' dir='ltr'><strong>a</strong></span> <span class='ocrx_word' id='word_1_787' title='bbox 2539 4194 2697 4248; x_wconf 86' lang='lat' dir='ltr'><strong>Patre</strong></span> <span class='ocrx_word' id='word_1_788' title='bbox 2723 4195 2860 4257; x_wconf 91' lang='lat' dir='ltr'><strong>solo,</strong></span> <span class='ocrx_word' id='word_1_789' title='bbox 2890 4193 3066 4246; x_wconf 87' lang='lat' dir='ltr'><strong>sciant</strong></span> <span class='ocrx_word' id='word_1_790' title='bbox 3094 4192 3198 4246; x_wconf 90' lang='lat' dir='ltr'><strong>hoc</strong></span> <span class='ocrx_word' id='word_1_791' title='bbox 3227 4191 3514 4260; x_wconf 91' lang='lat' dir='ltr'><strong>supposito</strong></span> <span class='ocrx_word' id='word_1_792' title='bbox 3538 4203 3651 4243; x_wconf 89' lang='lat' dir='ltr'><strong>non</strong></span> 
     </span>
    </p>
   </div>
   <div class='ocr_carea' id='block_1_105' title="bbox 2076 4279 3653 4356">
    <p class='ocr_par' dir='ltr' id='par_1_105' title="bbox 2076 4279 3653 4356">
     <span class='ocr_line' id='line_1_105' title="bbox 2076 4279 3653 4356; baseline -0.003 -18"><span class='ocrx_word' id='word_1_793' title='bbox 2076 4301 2236 4356; x_wconf 91' lang='lat' dir='ltr'><strong>posse</strong></span> <span class='ocrx_word' id='word_1_794' title='bbox 2261 4286 2496 4354; x_wconf 89' lang='lat' dir='ltr'><strong>amplius</strong></span> <span class='ocrx_word' id='word_1_795' title='bbox 2525 4286 2592 4339; x_wconf 87' lang='lat' dir='ltr'><strong>ab</strong></span> <span class='ocrx_word' id='word_1_796' title='bbox 2636 4285 2866 4339; x_wconf 81' lang='lat' dir='ltr'><strong>invicem</strong></span> <span class='ocrx_word' id='word_1_797' title='bbox 2911 4282 3174 4353; x_wconf 84' lang='lat' dir='ltr'><strong>distingui</strong></span> <span class='ocrx_word' id='word_1_798' title='bbox 3208 4283 3405 4337; x_wconf 87' lang='lat' dir='ltr'><strong>Filium</strong></span> <span class='ocrx_word' id='word_1_799' title='bbox 3443 4289 3499 4336; x_wconf 89' lang='lat' dir='ltr'><strong>et</strong></span> <span class='ocrx_word' id='word_1_800' title='bbox 3527 4279 3653 4349; x_wconf 86' lang='lat' dir='ltr'><strong>Spi-</strong></span> 
     </span>
    </p>
   </div>
   <div class='ocr_carea' id='block_1_106' title="bbox 2076 4373 3650 4445">
    <p class='ocr_par' dir='ltr' id='par_1_106' title="bbox 2076 4373 3650 4445">
     <span class='ocr_line' id='line_1_106' title="bbox 2076 4373 3650 4445; baseline -0.003 -15"><span class='ocrx_word' id='word_1_801' title='bbox 2076 4377 2266 4431; x_wconf 90' lang='lat' dir='ltr'><strong>ritum.</strong></span> <span class='ocrx_word' id='word_1_802' title='bbox 2323 4377 2457 4430; x_wconf 84' lang='lat' dir='ltr'><strong>Nam</strong></span> <span class='ocrx_word' id='word_1_803' title='bbox 2498 4376 2729 4430; x_wconf 79' lang='lat' dir='ltr'><strong>diversae</strong></span> <span class='ocrx_word' id='word_1_804' title='bbox 2782 4375 3145 4445; x_wconf 76' lang='lat' dir='ltr'><strong>quorumdam</strong></span> <span class='ocrx_word' id='word_1_805' title='bbox 3207 4373 3650 4444; x_wconf 85' lang='lat' dir='ltr'><strong>progressionem</strong></span> 
     </span>
    </p>
   </div>
   <div class='ocr_carea' id='block_1_107' title="bbox 2078 4458 3651 4540">
    <p class='ocr_par' dir='ltr' id='par_1_107' title="bbox 2078 4458 3651 4540">
     <span class='ocr_line' id='line_1_107' title="bbox 2078 4458 3651 4540; baseline -0.003 -17"><span class='ocrx_word' id='word_1_806' title='bbox 2078 4471 2161 4524; x_wconf 88' lang='lat' dir='ltr'><strong>vel</strong></span> <span class='ocrx_word' id='word_1_807' title='bbox 2211 4471 2390 4540; x_wconf 87' lang='lat' dir='ltr'><strong>quoad</strong></span> <span class='ocrx_word' id='word_1_808' title='bbox 2429 4483 2648 4523; x_wconf 86' lang='lat' dir='ltr'><strong>causam</strong></span> <span class='ocrx_word' id='word_1_809' title='bbox 2702 4469 2784 4521; x_wconf 85' lang='lat' dir='ltr'><strong>vel</strong></span> <span class='ocrx_word' id='word_1_810' title='bbox 2845 4467 3026 4537; x_wconf 81' lang='lat' dir='ltr'><strong>quoad</strong></span> <span class='ocrx_word' id='word_1_811' title='bbox 3075 4458 3361 4520; x_wconf 85' lang='lat' dir='ltr'><strong>causatum</strong></span> <span class='ocrx_word' id='word_1_812' title='bbox 3417 4465 3651 4520; x_wconf 66' lang='lat' dir='ltr'><strong>diversa}</strong></span> 
     </span>
    </p>
   </div>
   <div class='ocr_carea' id='block_1_108' title="bbox 2079 4558 3654 4632">
    <p class='ocr_par' dir='ltr' id='par_1_108' title="bbox 2079 4558 3654 4632">
     <span class='ocr_line' id='line_1_108' title="bbox 2079 4558 3654 4632; baseline -0.004 -16"><span class='ocrx_word' id='word_1_813' title='bbox 2079 4571 2226 4626; x_wconf 91' lang='lat' dir='ltr'><strong>sunt,</strong></span> <span class='ocrx_word' id='word_1_814' title='bbox 2261 4571 2318 4616; x_wconf 94' lang='lat' dir='ltr'><strong>et</strong></span> <span class='ocrx_word' id='word_1_815' title='bbox 2343 4562 2522 4632; x_wconf 88' lang='lat' dir='ltr'><strong>quoad</strong></span> <span class='ocrx_word' id='word_1_816' title='bbox 2546 4571 2830 4616; x_wconf 85' lang='lat' dir='ltr'><strong>causatum</strong></span> <span class='ocrx_word' id='word_1_817' title='bbox 2865 4559 3156 4628; x_wconf 84' lang='lat' dir='ltr'><strong>dupliciter</strong></span> <span class='ocrx_word' id='word_1_818' title='bbox 3191 4575 3204 4611; x_wconf 88' lang='lat'><strong>:</strong></span> <span class='ocrx_word' id='word_1_819' title='bbox 3237 4558 3320 4612; x_wconf 89' lang='lat' dir='ltr'><strong>vel</strong></span> <span class='ocrx_word' id='word_1_820' title='bbox 3353 4559 3480 4626; x_wconf 91' lang='lat' dir='ltr'><strong>quia</strong></span> <span class='ocrx_word' id='word_1_821' title='bbox 3524 4573 3654 4611; x_wconf 87' lang='lat' dir='ltr'><strong>cau-</strong></span> 
     </span>
    </p>
   </div>
   <div class='ocr_carea' id='block_1_109' title="bbox 2078 4648 3650 4719">
    <p class='ocr_par' dir='ltr' id='par_1_109' title="bbox 2078 4648 3650 4719">
     <span class='ocr_line' id='line_1_109' title="bbox 2078 4648 3650 4719; baseline -0.004 -12"><span class='ocrx_word' id='word_1_822' title='bbox 2078 4664 2194 4707; x_wconf 80' lang='lat' dir='ltr'><strong>sata</strong></span> <span class='ocrx_word' id='word_1_823' title='bbox 2222 4654 2560 4708; x_wconf 79' lang='lat' dir='ltr'><strong>diversarum</strong></span> <span class='ocrx_word' id='word_1_824' title='bbox 2595 4663 2722 4706; x_wconf 89' lang='lat' dir='ltr'><strong>sunt</strong></span> <span class='ocrx_word' id='word_1_825' title='bbox 2754 4652 3082 4716; x_wconf 80' lang='lat' dir='ltr'><strong>specierum,</strong></span> <span class='ocrx_word' id='word_1_826' title='bbox 3106 4650 3188 4704; x_wconf 91' lang='lat' dir='ltr'><strong>vel</strong></span> <span class='ocrx_word' id='word_1_827' title='bbox 3207 4649 3332 4719; x_wconf 82' lang='lat' dir='ltr'><strong>quia</strong></span> <span class='ocrx_word' id='word_1_828' title='bbox 3353 4648 3408 4703; x_wconf 72' lang='lat' dir='ltr'><strong>in</strong></span> <span class='ocrx_word' id='word_1_829' title='bbox 3435 4649 3650 4703; x_wconf 81' lang='lat' dir='ltr'><strong>diversi</strong></span> 
     </span>
    </p>
   </div>
   <div class='ocr_carea' id='block_1_110' title="bbox 2080 4743 3652 4812">
    <p class='ocr_par' dir='ltr' id='par_1_110' title="bbox 2080 4743 3652 4812">
     <span class='ocr_line' id='line_1_110' title="bbox 2080 4743 3652 4812; baseline -0.002 -13"><span class='ocrx_word' id='word_1_830' title='bbox 2080 4746 2363 4800; x_wconf 86' lang='lat' dir='ltr'><strong>individua</strong></span> <span class='ocrx_word' id='word_1_831' title='bbox 2393 4747 2782 4800; x_wconf 89' lang='lat' dir='ltr'><strong>terminantur.</strong></span> <span class='ocrx_word' id='word_1_832' title='bbox 2816 4743 2908 4798; x_wconf 79' lang='lat' dir='ltr'><strong>[lae</strong></span> <span class='ocrx_word' id='word_1_833' title='bbox 2951 4753 3133 4798; x_wconf 90' lang='lat' dir='ltr'><strong>autem</strong></span> <span class='ocrx_word' id='word_1_834' title='bbox 3163 4743 3363 4797; x_wconf 62' lang='lat' dir='ltr'><strong>divinae</strong></span> <span class='ocrx_word' id='word_1_835' title='bbox 3403 4756 3652 4812; x_wconf 64' lang='lat' dir='ltr'><strong>personas</strong></span> 
     </span>
    </p>
   </div>
   <div class='ocr_carea' id='block_1_111' title="bbox 2079 4836 3652 4908">
    <p class='ocr_par' dir='ltr' id='par_1_111' title="bbox 2079 4836 3652 4908">
     <span class='ocr_line' id='line_1_111' title="bbox 2079 4836 3652 4908; baseline -0.001 -16"><span class='ocrx_word' id='word_1_836' title='bbox 2079 4839 2200 4893; x_wconf 82' lang='lat' dir='ltr'><strong>Filii</strong></span> <span class='ocrx_word' id='word_1_837' title='bbox 2232 4846 2282 4892; x_wconf 90' lang='lat' dir='ltr'><strong>et</strong></span> <span class='ocrx_word' id='word_1_838' title='bbox 2308 4838 2546 4908; x_wconf 90' lang='lat' dir='ltr'><strong>Spiritus</strong></span> <span class='ocrx_word' id='word_1_839' title='bbox 2574 4839 2747 4892; x_wconf 87' lang='lat' dir='ltr'><strong>sancti</strong></span> <span class='ocrx_word' id='word_1_840' title='bbox 2801 4837 2982 4907; x_wconf 92' lang='lat' dir='ltr'><strong>quoad</strong></span> <span class='ocrx_word' id='word_1_841' title='bbox 3020 4838 3260 4906; x_wconf 85' lang='lat' dir='ltr'><strong>speciem</strong></span> <span class='ocrx_word' id='word_1_842' title='bbox 3298 4836 3368 4890; x_wconf 88' lang='lat' dir='ltr'><strong>ab</strong></span> <span class='ocrx_word' id='word_1_843' title='bbox 3415 4837 3652 4890; x_wconf 82' lang='lat' dir='ltr'><strong>invicem</strong></span> 
     </span>
    </p>
   </div>
   <div class='ocr_carea' id='block_1_112' title="bbox 2079 4928 3653 4999">
    <p class='ocr_par' dir='ltr' id='par_1_112' title="bbox 2079 4928 3653 4999">
     <span class='ocr_line' id='line_1_112' title="bbox 2079 4928 3653 4999; baseline -0.001 -17"><span class='ocrx_word' id='word_1_844' title='bbox 2079 4944 2188 4982; x_wconf 91' lang='lat' dir='ltr'><strong>non</strong></span> <span class='ocrx_word' id='word_1_845' title='bbox 2221 4929 2450 4999; x_wconf 81' lang='lat' dir='ltr'><strong>possunt</strong></span> <span class='ocrx_word' id='word_1_846' title='bbox 2496 4929 2740 4993; x_wconf 69' lang='lat' dir='ltr'><strong>differre,</strong></span> <span class='ocrx_word' id='word_1_847' title='bbox 2782 4945 2908 4982; x_wconf 90' lang='lat' dir='ltr'><strong>eum</strong></span> <span class='ocrx_word' id='word_1_848' title='bbox 2946 4945 3109 4982; x_wconf 89' lang='lat' dir='ltr'><strong>unam</strong></span> <span class='ocrx_word' id='word_1_849' title='bbox 3151 4928 3514 4997; x_wconf 87' lang='lat' dir='ltr'><strong>eamdemque</strong></span> <span class='ocrx_word' id='word_1_850' title='bbox 3550 4941 3653 4980; x_wconf 49' lang='lat' dir='ltr'><strong>nu-‘</strong></span> 
     </span>
    </p>
   </div>
   <div class='ocr_carea' id='block_1_113' title="bbox 2081 5006 3650 5076">
    <p class='ocr_par' dir='ltr' id='par_1_113' title="bbox 2081 5006 3650 5076">
     <span class='ocr_line' id='line_1_113' title="bbox 2081 5006 3650 5076; baseline -0.003 -1"><span class='ocrx_word' id='word_1_851' title='bbox 2081 5036 2234 5075; x_wconf 89' lang='lat' dir='ltr'><strong>mero</strong></span> <span class='ocrx_word' id='word_1_852' title='bbox 2277 5031 2530 5074; x_wconf 85' lang='lat' dir='ltr'><strong>naturam</strong></span> <span class='ocrx_word' id='word_1_853' title='bbox 2563 5006 2619 5075; x_wconf 82' lang='lat' dir='ltr'><strong>et</strong></span> <span class='ocrx_word' id='word_1_854' title='bbox 2654 5021 2898 5074; x_wconf 87' lang='lat' dir='ltr'><strong>divinam</strong></span> <span class='ocrx_word' id='word_1_855' title='bbox 2944 5021 3238 5076; x_wconf 82' lang='lat' dir='ltr'><strong>essentiam</strong></span> <span class='ocrx_word' id='word_1_856' title='bbox 3297 5035 3327 5072; x_wconf 92' lang='lat' dir='ltr'><strong>a</strong></span> <span class='ocrx_word' id='word_1_857' title='bbox 3379 5020 3537 5074; x_wconf 86' lang='lat' dir='ltr'><strong>Patre</strong></span> <span class='ocrx_word' id='word_1_858' title='bbox 3596 5019 3650 5072; x_wconf 90' lang='lat' dir='ltr'><strong>in</strong></span> 
     </span>
    </p>
   </div>
   <div class='ocr_carea' id='block_1_114' title="bbox 2078 5109 3654 5181">
    <p class='ocr_par' dir='ltr' id='par_1_114' title="bbox 2078 5109 3654 5181">
     <span class='ocr_line' id='line_1_114' title="bbox 2078 5109 3654 5181; baseline -0.002 -17"><span class='ocrx_word' id='word_1_859' title='bbox 2078 5111 2428 5181; x_wconf 90' lang='lat' dir='ltr'><strong>procedendo</strong></span> <span class='ocrx_word' id='word_1_860' title='bbox 2479 5122 2650 5166; x_wconf 72' lang='lat' dir='ltr'><strong>nacta:</strong></span> <span class='ocrx_word' id='word_1_861' title='bbox 2690 5113 2912 5176; x_wconf 81' lang='lat' dir='ltr'><strong>fuerint,</strong></span> <span class='ocrx_word' id='word_1_862' title='bbox 2960 5127 3138 5180; x_wconf 90' lang='lat' dir='ltr'><strong>neque</strong></span> <span class='ocrx_word' id='word_1_863' title='bbox 3175 5113 3353 5181; x_wconf 88' lang='lat' dir='ltr'><strong>quoad</strong></span> <span class='ocrx_word' id='word_1_864' title='bbox 3399 5109 3654 5164; x_wconf 78' lang='lat' dir='ltr'><strong>dill‘ereu-</strong></span> 
     </span>
    </p>
   </div>
   <div class='ocr_carea' id='block_1_115' title="bbox 2082 5204 3652 5274">
    <p class='ocr_par' dir='ltr' id='par_1_115' title="bbox 2082 5204 3652 5274">
     <span class='ocr_line' id='line_1_115' title="bbox 2082 5204 3652 5274; baseline -0.002 -16"><span class='ocrx_word' id='word_1_865' title='bbox 2082 5204 2248 5269; x_wconf 91' lang='lat' dir='ltr'><strong>tiam,</strong></span> <span class='ocrx_word' id='word_1_866' title='bbox 2280 5219 2402 5273; x_wconf 61' lang='lat' dir='ltr'><strong>qum</strong></span> <span class='ocrx_word' id='word_1_867' title='bbox 2444 5213 2529 5258; x_wconf 90' lang='lat' dir='ltr'><strong>est</strong></span> <span class='ocrx_word' id='word_1_868' title='bbox 2581 5207 2885 5259; x_wconf 88' lang='lat' dir='ltr'><strong>secundum</strong></span> <span class='ocrx_word' id='word_1_869' title='bbox 2935 5205 3262 5271; x_wconf 85' lang='lat' dir='ltr'><strong>individua;</strong></span> <span class='ocrx_word' id='word_1_870' title='bbox 3299 5205 3478 5274; x_wconf 90' lang='lat' dir='ltr'><strong>primo</strong></span> <span class='ocrx_word' id='word_1_871' title='bbox 3522 5205 3652 5272; x_wconf 87' lang='lat' dir='ltr'><strong>quia</strong></span> 
     </span>
    </p>
   </div>
   <div class='ocr_carea' id='block_1_116' title="bbox 2081 5295 3654 5367">
    <p class='ocr_par' dir='ltr' id='par_1_116' title="bbox 2081 5295 3654 5367">
     <span class='ocr_line' id='line_1_116' title="bbox 2081 5295 3654 5367; baseline -0.002 -18"><span class='ocrx_word' id='word_1_872' title='bbox 2081 5296 2229 5349; x_wconf 89' lang='lat' dir='ltr'><strong>nulla</strong></span> <span class='ocrx_word' id='word_1_873' title='bbox 2259 5295 2334 5349; x_wconf 88' lang='lat' dir='ltr'><strong>ibi</strong></span> <span class='ocrx_word' id='word_1_874' title='bbox 2373 5296 2602 5350; x_wconf 87' lang='lat' dir='ltr'><strong>materia</strong></span> <span class='ocrx_word' id='word_1_875' title='bbox 2637 5305 2722 5351; x_wconf 90' lang='lat' dir='ltr'><strong>est</strong></span> <span class='ocrx_word' id='word_1_876' title='bbox 2764 5312 2944 5366; x_wconf 88' lang='lat' dir='ltr'><strong>neque</strong></span> <span class='ocrx_word' id='word_1_877' title='bbox 2977 5298 3110 5367; x_wconf 89' lang='lat' dir='ltr'><strong>quid</strong></span> <span class='ocrx_word' id='word_1_878' title='bbox 3151 5296 3394 5351; x_wconf 71' lang='lat' dir='ltr'><strong>materias</strong></span> <span class='ocrx_word' id='word_1_879' title='bbox 3428 5309 3654 5363; x_wconf 87' lang='lat' dir='ltr'><strong>respon-</strong></span> 
     </span>
    </p>
   </div>
   <div class='ocr_carea' id='block_1_117' title="bbox 2081 5387 3650 5459">
    <p class='ocr_par' dir='ltr' id='par_1_117' title="bbox 2081 5387 3650 5459">
     <span class='ocr_line' id='line_1_117' title="bbox 2081 5387 3650 5459; baseline -0.002 -17"><span class='ocrx_word' id='word_1_880' title='bbox 2081 5387 2237 5453; x_wconf 88' lang='lat' dir='ltr'><strong>dens,</strong></span> <span class='ocrx_word' id='word_1_881' title='bbox 2277 5404 2384 5458; x_wconf 86' lang='lat' dir='ltr'><strong>qua</strong></span> <span class='ocrx_word' id='word_1_882' title='bbox 2439 5390 2684 5459; x_wconf 88' lang='lat' dir='ltr'><strong>ejusdem</strong></span> <span class='ocrx_word' id='word_1_883' title='bbox 2727 5400 2942 5444; x_wconf 72' lang='lat' dir='ltr'><strong>natura:</strong></span> <span class='ocrx_word' id='word_1_884' title='bbox 2992 5389 3276 5446; x_wconf 82' lang='lat' dir='ltr'><strong>individua</strong></span> <span class='ocrx_word' id='word_1_885' title='bbox 3307 5388 3375 5442; x_wconf 81' lang='lat' dir='ltr'><strong>ab</strong></span> <span class='ocrx_word' id='word_1_886' title='bbox 3414 5388 3650 5442; x_wconf 87' lang='lat' dir='ltr'><strong>invicem</strong></span> 
     </span>
    </p>
   </div>
   <div class='ocr_carea' id='block_1_118' title="bbox 2081 5479 3656 5550">
    <p class='ocr_par' dir='ltr' id='par_1_118' title="bbox 2081 5479 3656 5550">
     <span class='ocr_line' id='line_1_118' title="bbox 2081 5479 3656 5550; baseline 0 -17"><span class='ocrx_word' id='word_1_887' title='bbox 2081 5489 2437 5548; x_wconf 85' lang='lat' dir='ltr'><strong>separantur;</strong></span> <span class='ocrx_word' id='word_1_888' title='bbox 2499 5480 2698 5536; x_wconf 88' lang='lat' dir='ltr'><strong>deinde</strong></span> <span class='ocrx_word' id='word_1_889' title='bbox 2755 5483 2882 5550; x_wconf 89' lang='lat' dir='ltr'><strong>quia</strong></span> <span class='ocrx_word' id='word_1_890' title='bbox 2928 5482 3091 5536; x_wconf 85' lang='lat' dir='ltr'><strong>etiam</strong></span> <span class='ocrx_word' id='word_1_891' title='bbox 3145 5479 3554 5535; x_wconf 81' lang='lat' dir='ltr'><strong>individuorum</strong></span> <span class='ocrx_word' id='word_1_892' title='bbox 3585 5494 3656 5533; x_wconf 72' lang='lat' dir='ltr'><strong>ex</strong></span> 
     </span>
    </p>
   </div>
   <div class='ocr_carea' id='block_1_119' title="bbox 2082 5571 3654 5643">
    <p class='ocr_par' dir='ltr' id='par_1_119' title="bbox 2082 5571 3654 5643">
     <span class='ocr_line' id='line_1_119' title="bbox 2082 5571 3654 5643; baseline -0.001 -17"><span class='ocrx_word' id='word_1_893' title='bbox 2082 5571 2276 5628; x_wconf 79' lang='lat' dir='ltr'><strong>iisdem</strong></span> <span class='ocrx_word' id='word_1_894' title='bbox 2312 5573 2493 5627; x_wconf 68' lang='lat' dir='ltr'><strong>causis</strong></span> <span class='ocrx_word' id='word_1_895' title='bbox 2524 5575 2940 5642; x_wconf 88' lang='lat' dir='ltr'><strong>progressiones</strong></span> <span class='ocrx_word' id='word_1_896' title='bbox 2969 5571 3217 5643; x_wconf 86' lang='lat' dir='ltr'><strong>ejusdem</strong></span> <span class='ocrx_word' id='word_1_897' title='bbox 3260 5579 3387 5627; x_wconf 87' lang='lat' dir='ltr'><strong>sunt</strong></span> <span class='ocrx_word' id='word_1_898' title='bbox 3427 5571 3654 5642; x_wconf 83' lang='lat' dir='ltr'><strong>speciei,</strong></span> 
     </span>
    </p>
   </div>
   <div class='ocr_carea' id='block_1_120' title="bbox 2169 5684 3260 5758">
    <p class='ocr_par' dir='ltr' id='par_1_120' title="bbox 2169 5684 3260 5758">
     <span class='ocr_line' id='line_1_120' title="bbox 2169 5684 3260 5758; baseline -0.001 -18"><span class='ocrx_word' id='word_1_899' title='bbox 2169 5686 2246 5758; x_wconf 72' lang='lat' dir='ltr'><strong>t2)</strong></span> <span class='ocrx_word' id='word_1_900' title='bbox 2279 5686 2489 5756; x_wconf 75' lang='grc' dir='ltr'>Πατρὸς</span> <span class='ocrx_word' id='word_1_901' title='bbox 2519 5685 2722 5742; x_wconf 88' lang='lat' dir='ltr'><strong>omittit</strong></span> <span class='ocrx_word' id='word_1_902' title='bbox 2754 5685 2966 5742; x_wconf 78' lang='lat' dir='ltr'><strong>Monac.</strong></span> <span class='ocrx_word' id='word_1_903' title='bbox 2997 5684 3036 5741; x_wconf 79' lang='grc' dir='ltr'>ι’.</span> <span class='ocrx_word' id='word_1_904' title='bbox 3067 5684 3174 5740; x_wconf 69' lang='grc' dir='ltr'>εδο</span> <span class='ocrx_word' id='word_1_905' title='bbox 3206 5700 3260 5740; x_wconf 78' lang='lat' dir='ltr'><strong>a.</strong></span> 
     </span>
    </p>
   </div>
   <div class='ocr_carea' id='block_1_121' title="bbox 3231 5841 3268 5909">
    <p class='ocr_par' dir='ltr' id='par_1_121' title="bbox 3231 5841 3268 5909">
     <span class='ocr_line' id='line_1_121' title="bbox 3231 5841 3268 5909; baseline 0 0"><span class='ocrx_word' id='word_1_906' title='bbox 3231 5841 3268 5909; x_wconf 72' lang='grc' dir='ltr'><strong>ὃ</strong></span> 
     </span>
    </p>
   </div>
  </div>
