4132 6418
494 362 601 460 iss
1869 384 2092 449 BESSA

2197 384 2386 447 iONIS
3640 373 3765 437 πει

497 512 594 567 hic
626 518 810 567 autem
833 520 1013 580 neque
1042 506 1218 563 ambae
1253 512 1384 563 sunt
1431 504 1844 578 generationes,
1896 511 2087 573 neque

2197 496 2445 568 ίμοειδεῖς
2481 479 2644 559 εἰσιν,
2671 490 2909 547 ἐνταῦθα
2944 489 3022 563 (Ι)
3049 488 3105 544 δὲ
3137 487 3251 545 οὔτἹ
3277 460 3445 560 άμφω
3481 489 3772 561 γεννήσεις

496 604 670 660 ambae
692 601 1090 674 processiones.
1118 598 1472 669 Relinquitur
1507 612 1642 670 ergo
1681 595 1860 667 quoad
1891 610 2075 651 causae

2197 587 2304 643 οὔτ’
2353 588 2523 657 ἄμφω
2549 584 2935 658 ὲκπορεύσεις.
2985 583 3249 638 Λείπεται
3280 583 3462 636 τοίνυν
3494 582 3647 653 παρὰ
3676 583 3772 636 τὸν

497 694 766 750 rationem
794 692 1240 765 progressionum
1272 690 1640 746 differentiam
1668 689 1852 744 locum
1875 687 2079 742 habere

2197 682 2282 736 τοῦ
2314 682 2486 735 αἰτίου
2521 680 2680 746 λόγον
2712 674 2852 732 εῖναι
2900 676 2998 749 τὴν
3030 677 3139 729 τῶν
3178 677 3425 744 προόδων
3472 675 3768 746 διαφοράν.

497 800 658 856 posse
702 795 932 839 tantum.
962 785 1032 839 At
1063 785 1109 838 si
1140 784 1291 837 solus
1321 784 1483 838 Pater
1524 797 1689 838 causa
1734 781 1862 843 erit.
1901 794 2079 849 neque

498 875 799 931 secundum
827 876 967 931 hanc
988 877 1260 931 rationem
1288 875 1601 930 diﬂ'erentia
1625 873 1851 931 habebit
1874 873 2078 927 locum.

497 968 689 1024 Abibit
739 983 870 1039 ergo
901 969 1025 1023 Filii
1078 976 1136 1024 et
1188 968 1365 1023 sancti
1424 966 1667 1037 Spiritus
1703 965 1996 1020 distinctio
2025 970 2083 1018 et

498 1062 650 1116 nulla
709 1060 766 1115 in
818 1061 906 1116 liis
964 1061 1074 1116 erit
1102 1057 1459 1123 diﬂ‘erentia,
1515 1071 1705 1111 verum
1782 1065 2082 1124 utrumque

500 1153 669 1209 unius
703 1167 954 1222 personae
990 1152 1138 1218 erit;
1169 1151 1275 1206 hoc
1307 1159 1492 1205 autem
1541 1146 1844 1204 absurdum
1895 1156 1980 1201 est
2027 1154 2084 1200 ct

500 1244 633 1300 tidei
665 1259 1003 1314 repugnans.
1035 1243 1270 1298 Necesse
1308 1242 1477 1313 igitur
1505 1247 1608 1306 est,
1655 1238 1701 1294 si
1733 1238 1932 1294 divina:
1955 1252 2082 1307 per-

501 1352 651 1393 sonae
683 1337 751 1391 ab
783 1335 1017 1390 invicem
1048 1332 1453 1403 distinguendae
1504 1342 1670 1395 sunt,
1723 1328 2085 1402 liypostaticis

405 1490 410 1495 θ
500 1426 868 1481 relationibus
930 1440 1025 1481 eas
1075 1434 1128 1479 et
1186 1424 1447 1479 constitui
1484 1432 1540 1478 et
1584 1423 1871 1493 distingui,
1918 1431 2084 1490 atque

502 1516 853 1587 oppositione
887 1515 953 1569 ad
986 1515 1221 1574 invicem
1248 1530 1371 1585 quae
1423 1522 1506 1569 est
1555 1513 1699 1582 sicut
1758 1513 2079 1580 relatorum,

503 1617 556 1663 et
579 1622 647 1662 ex
677 1607 762 1661 his
792 1606 1016 1676 quidem
1049 1621 1112 1662 ea
1147 1622 1269 1676 qua:
1305 1615 1391 1660 est
1421 1605 1724 1660 secundum
1770 1619 1991 1659 causam
2027 1612 2086 1660 et

505 1707 812 1758 causatum,
844 1708 1010 1767 atque
1043 1697 1245 1752 Filium
1276 1696 1496 1766 quidem
1536 1711 1566 1751 a
1614 1695 1776 1751 Patre
1816 1696 2083 1768 distingui

507 1787 773 1841 ﬁliatione
823 1795 878 1841 et
918 1787 1270 1855 paternitate,
1325 1785 1593 1854 Spiritum
1653 1800 1809 1851 vero,
1863 1787 2007 1842 sicut
2053 1802 2083 1841 a

2201 774 2342 826 Ἀλλ’
2375 775 2421 827 εἰ
2473 772 2632 841 μόνος
2672 774 2699 824 ό
2732 772 2922 842 Πατὴρ
2978 768 3154 831 α’τιος
3207 766 3363 821 ἔσται
3398 807 3414 833 ,
3449 767 3577 820 οὐδὲ
3635 767 3771 842 παρ’

2185 868 2401 919 ἐκεῖνον
2450 840 2627 919 ἔσται’
2660 840 2950 934 οἰχήσεται
2999 861 3110 932 ἄρα
3158 863 3191 932 ἡ
3231 860 3326 914 τοῦ
3364 859 3495 913 Υἱοῦ
3540 860 3635 913 καὶ
3668 840 3769 913 τοῦ

2190 957 2348 1024 ἁγίου
2390 954 2718 1025 Πνεὺματος
2754 954 3058 1023 διάκρισις,
3093 952 3191 1006 καὶ
3241 952 3471 1019 οὐδεμία
3523 952 3582 1003 ὲν
3637 950 3772 1004 τοὺ-

2188 1042 2495 1110 τοις’ἔσ;αι
2527 1046 2785 1116 διαφορὰ,
2836 1042 2960 1097 ἀλλ’
2993 1042 3112 1106 ένδς
3151 1044 3367 1096 ἔσονται
3396 1043 3564 1111 ἄμφω
3599 1058 3773 1112 πΡ⁰⁶⁹

2189 1135 2340 1190 ώπου
2365 1154 2378 1168 ·
2412 1136 2572 1190 τοῦτο
2623 1136 2679 1189 δὲ
2737 1135 2946 1188 ἄτοπον
3000 1134 3095 1186 καὶ
3124 1135 3188 1201 τῇ
3215 1130 3394 1183 πίστει
3433 1128 3768 1198 μαχόμενον.

2203 1228 2445 1296 Ἀνάγκη
2472 1227 2603 1296 ἄρα,
2642 1228 2690 1279 εἰ
2723 1225 2970 1296 μέλλοιεν
3004 1222 3257 1293 ἀλλήλων
3283 1222 3350 1275 τὰ
3403 1220 3525 1277 θεῖα
3553 1219 3773 1288 διακρί-

2189 1318 2379 1371 νεσθαι
2409 1318 2702 1388 πρόσωπα,
2747 1319 2870 1380 ταῖς
2899 1316 3292 1377 ὐποστατικαῖς
3328 1312 3635 1383 ἀναφοραῖς
3668 1311 3773 1380 ὑφ·

2199 1408 2454 1463 ίστασθαί
2506 1424 2567 1460 τε
2613 1409 2709 1460 καὶ
2752 1406 3153 1477 διακρίνεσθαι,
3192 1405 3287 1458 καὶ
3318 1407 3385 1474 τῇ
3415 1404 3490 1467 ὡς
3533 1406 3602 1457 τὰ
3627 1402 3773 1474 πρός

2190 1516 2245 1553 τι
2280 1501 2416 1570 πρὸς
2451 1499 2662 1570 ἄλληλα
2712 1498 3014 1560 ἀντιθέσει,
3063 1498 3160 1551 καὶ
3200 1495 3406 1550 τούτων
3438 1498 3504 1566 τῇ
3539 1496 3682 1547 κατὰ
3711 1494 3775 1547 τὸ

2190 1589 2375 1643 αἴτιον
2406 1592 2504 1643 καὶ
2538 1590 2805 1654 αἰτιατὸν,
2847 1589 2942 1642 καὶ
2979 1587 3069 1641 τὸν
3111 1588 3210 1657 μὲν
3251 1586 3381 1639 Υἰδν
3418 1585 3513 1639 τοῦ
3559 1584 3775 1655 Πατρδς

2190 1684 2401 1754 υἱότητι
2456 1683 2552 1736 καὶ
2611 1683 2936 1753 πατρότητι,
2987 1680 3049 1732 τὸ
3088 1679 3144 1732 δὲ
3198 1679 3422 1745 Πνεῦμα
3452 1676 3642 1748 ὥσπερ
3670 1674 3769 1729 τοῦ

2195 1775 2434 1846 Πατρὸς,
2470 1774 2614 1827 οὕτω
2659 1775 2750 1825 καὶ
2782 1772 2875 1824 τοῦ
2908 1770 3040 1823 Υἱοῦ
3079 1771 3144 1840 τῇ
3187 1768 3281 1821 τοῦ
3325 1767 3779 1838 προϐαλλομένου

505 1880 692 1942 Patre,
719 1880 791 1933 ita
813 1881 976 1934 etiam
1012 1894 1042 1932 a
1074 1878 1234 1943 Filio,
1268 1878 1535 1933 relatione
1580 1877 1776 1947 Spirati
1808 1877 1876 1932 ad
1908 1878 2087 1947 spira-

2197 1867 2327 1936 πρὸς
2357 1867 2448 1919 τὸν
2482 1864 2860 1935 προϐάλλοντα
2893 1862 3163 1932 ἀναφορᾷ,
3211 1861 3308 1913 καὶ
3341 1860 3419 1931 μὴ
3453 1858 3624 1922 ἄλλως
3650 1861 3767 1914 δια·

507 1983 684 2028 torem
711 1988 727 2034 ;
760 1962 937 2039 neque
964 1970 1072 2024 alio
1098 1971 1262 2025 modo
1293 1968 1557 2040 distingui
1591 1977 1850 2040 poterunt
1882 1970 1980 2039 (a).

580 2064 635 2119 ’5.
684 2062 1082 2131 Disputandum
1137 2076 1270 2116 vero
1321 2060 1388 2115 ad
1428 2060 1531 2116 bos
1574 2070 1631 2115 et
1686 2061 1842 2128 illud,
1886 2070 2089 2131 quotu-

507 2154 724 2225 pliciter
773 2153 1201 2223 uniuscujusque
1262 2152 1341 2207 rei
1393 2152 1727 2222 principium
1802 2162 1858 2207 et
1921 2168 2085 2209 causa

508 2243 837 2314 accipiatur,
871 2258 935 2297 ae
962 2243 1282 2310 dicendum,
1316 2243 1651 2313 principium
1697 2243 1895 2314 duplex
1929 2260 2087 2312 esse;

508 2337 741 2392 alterum
771 2336 939 2392 veluti
969 2336 1022 2390 id
1056 2351 1121 2390 ex
1153 2353 1254 2406 quo
1281 2337 1365 2390 vel
1414 2353 1444 2389 a
1470 2352 1570 2404 quo
1605 2346 1661 2389 et
1691 2337 1918 2391 omnino
1944 2336 2089 2391 unde

508 2443 620 2492 res,
646 2428 729 2483 vel
762 2427 909 2497 quod
958 2427 1101 2482 idem
1152 2439 1237 2482 est
1291 2428 1612 2498 principium
1651 2430 1820 2499 quod;
1857 2443 1944 2482 ex.
2002 2446 2089 2500 gr.

509 2519 601 2575 hic
630 2519 827 2575 artifex
858 2529 914 2574 et
936 2519 1239 2574 universim
1274 2518 1509 2588 id‘quod
1538 2521 1682 2591 agit;
1705 2522 1936 2576 alterum
1961 2538 2091 2577 vero

508 2609 843 2679 principium
876 2609 1026 2663 velut
1066 2608 1119 2663 id
1153 2623 1248 2679 per
1271 2609 1410 2677 quod
1448 2608 1531 2661 vel
1582 2625 1685 2679 quo
1722 2618 1780 2663 ut
1828 2611 2088 2678 speciem,

510 2714 633 2768 qua:
673 2701 884 2772 agentis
922 2700 1106 2754 animo
1136 2700 1317 2765 inest,
1354 2699 1440 2753 cui
1483 2700 1661 2753 simile
1692 2700 1821 2754 facit
1854 2701 1906 2755 id
1941 2702 2091 2771 quod

510 2794 658 2862 agit;
698 2807 861 2847 omne
889 2792 1037 2846 enim
1063 2806 1229 2861 agens
1260 2790 1438 2845 simile
1461 2790 1565 2844 sibi
1607 2791 1857 2859 producit
1889 2807 2091 2847 secun-

512 2885 644 2938 dum
712 2883 972 2954 speciem,
1003 2898 1111 2952 qua
1169 2882 1281 2952 agit
1330 2881 1430 2949 (b).
1482 2882 1647 2939 Verbi
1700 2884 1873 2953 gratia
1931 2899 2091 2939 causa

512 2974 681 3044 hujus
710 2973 968 3041 imaginis
994 2983 1079 3029 est
1102 2983 1158 3027 et
1184 2972 1301 3043 ipse
1327 2973 1501 3041 pictor
1529 2982 1787 3043 tanquam
1812 2975 1864 3029 id
1895 2991 1960 3029 ex
1984 2991 2093 3045 quo

2191 1957 2483 2027 κρίνεσθαι
2512 1953 2645 2009 εἶεν.

2261 2047 2331 2118 γ’.
2365 2051 2687 2103 Διαλεκτὲον
2737 2048 2793 2102 δὲ
2850 2048 2989 2119 προς
3053 2045 3280 2111 τοῦτους
3321 2047 3413 2100 καὶ
3467 2046 3684 2116 ὁσαχῶς

2192 2145 2423 2198 ἑκάστου
2448 2143 2777 2212 πράγματος
2811 2141 2955 2211 ἀρχὴ
2987 2141 3082 2194 καὶ
3110 2140 3264 2193 αἰτία
3288 2139 3635 2209 λαμϐάνεται
3666 2138 3768 2209 (Ξ).

2190 2233 2407 2300 Ταύτην
2429 2231 2520 2286 οὖν
2539 2232 2724 2301 διττὴν
2751 2227 2910 2295 εῖναι,
2942 2235 3038 2284 καὶ
3072 2230 3170 2300 τὴν
3205 2230 3303 2300 μὲν
3342 2231 3416 2289 ὡς
3442 2230 3501 2283 τὸ
3526 2229 3596 2294 ἐξ
3619 2225 3691 2284 οὗ
3724 2228 3764 2299 ἣ

2188 2326 2292 2390 ὑφ’
2316 2319 2388 2380 οὗ
2432 2316 2598 2389 εἶναι,
2630 2324 2725 2375 καὶ
2753 2322 2889 2384 ὅλως
2916 2322 2954 2389 ἠ
2988 2320 3147 2389 ἀρχὴ
3192 2321 3278 2391 (5)
3314 2320 3454 2374 ὅθεν
3496 2321 3558 2373 τὸ
3591 2321 3771 2389 πρᾶγ-

2195 2438 2295 2490 μα,
2326 2416 2491 2471 ταυτδ
2518 2416 2564 2470 δ’
2588 2408 2785 2479 εἰπεῖν,
2816 2415 2870 2478 ὃ,
2904 2409 3018 2467 οἷον
3047 2414 3133 2467 ὅδε
3157 2414 3187 2467 ὁ
3212 2414 3466 2484 τεχνίτης
3492 2414 3593 2467 καὶ
3625 2414 3767 2476 ὅλως

2190 2516 2251 2566 τὸ
2278 2510 2491 2565 ποιοῦν·
2528 2509 2630 2578 τὴν
2663 2508 2710 2562 δ’
2741 2507 2816 2570 ὡς
2848 2508 2908 2560 τὸ
2932 2500 3001 2574 ᾧ,
3033 2501 3144 2559 οἷον
3184 2506 3244 2559 τὸ
3279 2506 3397 2559 ὲνδν
3423 2510 3488 2576 τῇ
3521 2505 3616 2559 τοῦ
3651 2522 3775 2558 ποι-

2191 2603 2380 2665 οῦντος
2431 2602 2577 2672 ψυχῇ
2612 2597 2773 2664 εἶδος,
2822 2593 2866 2668 ᾧ
2909 2600 3098 2668 ὅμοιον
3130 2599 3278 2651 ποιεῖ
3301 2599 3361 2651 τὸ
3398 2597 3606 2651 ποιοῦνο
3660 2598 3774 2651 πᾶν

2192 2698 2303 2765 γὰρ
2350 2695 2538 2747 ποιοῦν
2591 2695 2779 2763 ὅμοιον
2814 2693 2994 2762 ἑαυτῷ
3040 2693 3276 2762 προάγει
3323 2692 3466 2744 κατὰ
3513 2692 3574 2745 τὸ
3606 2686 3770 2758 εἶδος,

2192 2780 2236 2854 ᾧ
2280 2785 2358 2856 (4)
2411 2787 2578 2838 ποιεῖ.
2620 2785 2795 2850 Λόγου
2828 2785 2995 2853 χάριν
3025 2784 3186 2854 τῆσδε
3236 2783 3338 2854 τῆς
3382 2783 3588 2847 εἰκόνος
3615 2782 3770 2839 αἰτία

2194 2881 2288 2932 καὶ
2339 2878 2500 2940 αὐτὸς
2556 2879 2584 2930 ὁ
2645 2876 2957 2946 ζωγράφος,
2998 2875 3072 2939 ὡς
3107 2877 3168 2929 τὸ
3218 2876 3277 2941 ἐξ
3328 2870 3390 2929 οὒ
3450 2877 3544 2931 καὶ
3582 2876 3769 2948 ὅθενή

2193 2968 2360 3039 ἀρχὴ,
2392 2968 2485 3021 καὶ
2514 2967 2649 3032 ὅλως
2681 2968 2742 3020 τὸ
2777 2967 2808 3021 ὃ
2841 2969 2937 3021 καὶ
2965 2969 3024 3021 τὸ
3054 2969 3113 3020 ὲν
3146 2970 3209 3038 τῇ
3245 2967 3388 3040 ψυχῇ
3418 2968 3513 3023 τοῦ
3547 2969 3773 3041 ζωγράο

513 3076 572 3122 et
602 3066 748 3121 unde
794 3065 1127 3136 principium
1168 3075 1224 3119 et
1260 3065 1563 3120 universim
1594 3068 1750 3135 quod,
1799 3078 1854 3123 et
1883 3072 2092 3139 species

2197 3080 2297 3133 φου
2343 3060 2482 3127 εῐδος
2527 3062 2601 3125 ὡς
2628 3061 2690 3115 τὸ
2734 3056 2802 3131 ᾧ,
2836 3055 2880 3131 ᾧ
2913 3061 3102 3126 ὁμοίαν
3134 3064 3401 3131 πεποίηκε
3438 3061 3535 3133 τὴν
3560 3064 3774 3139 εἰκόνα.

510 3173 634 3229 quae
680 3156 908 3228 pictoris
957 3157 1140 3210 animo
1176 3156 1502 3211 obversatur
1535 3158 1686 3212 velut
1738 3158 1791 3213 id
1830 3138 1954 3231 quo,
1998 3163 2090 3217 cui

2197 3157 2285 3225 Τῷ
2319 3157 2364 3209 δ’
2394 3157 2545 3227 αὐτῷ
2573 3158 2757 3227 τρόπῳ
2778 3155 2874 3210 καὶ
2902 3158 2960 3209 ὲν
2988 3158 3101 3217 τοῖς
3131 3154 3299 3219 θείοις
3335 3157 3648 3226 προσώποις
3679 3156 3774 3209 τὸν

2246 3250 2259 3262 .
2349 3251 2390 3262 η
2481 3250 2491 3262 .
2797 3248 2807 3262 .
2970 3246 2983 3262 .
3063 3246 3088 3262 ι.
3134 3247 3146 3262 .
3310 3243 3325 3262 .
3406 3246 3433 3259 ...
3490 3248 3502 3262 .
3572 3249 3583 3262 .

510 3250 751 3306 similem
786 3246 918 3302 fecit
938 3246 1253 3318 imaginem.
1280 3246 1485 3300 Eodem
1514 3262 1645 3301 vero
1667 3248 1830 3304 modo
1855 3251 2092 3308 dicimus

2203 3250 2302 3319 μὲν
2349 3250 2595 3320 Πατέρα,
2649 3248 2906 3303 τουτέστι
2933 3246 3031 3319 τὴν
3062 3246 3219 3301 θείαν
3266 3243 3435 3301 αὑτοῦ
3482 3248 3781 3302 ὑπόστασιν

512 3351 572 3397 et
627 3340 683 3394 in
739 3338 942 3393 divinis
981 3337 1233 3406 personis
1263 3337 1505 3403 l’atrem,
1551 3338 1656 3393 hoc
1708 3350 1795 3396 est
1847 3322 2094 3399 divinam

512 3434 636 3505 ejus
694 3431 1015 3502 liypostasin
1064 3444 1287 3485 causam
1328 3446 1452 3488 esse
1486 3441 1744 3502 tanquam
1775 3436 2096 3508 principium

515 3522 656 3594 quod
676 3522 791 3579 sive
816 3537 879 3575 ea:
915 3526 1039 3591 quo,
1070 3521 1307 3576 divinam
1340 3538 1475 3579 vero
1505 3523 1626 3592 ejus
1646 3526 1946 3580 essentiam
1982 3536 2100 3582 tan-

515 3630 682 3686 quam
731 3614 1054 3684 principium
1085 3629 1209 3683 quo.
1259 3615 1377 3683 Ipsa
1413 3615 1559 3670 enim
1609 3626 1693 3671 est
1748 3617 2098 3686 species,'cui

520 3705 724 3761 similia
779 3704 1163 3775 producuntur
1217 3720 1339 3774 quae
1381 3722 1450 3762 ex
1498 3707 1619 3777 ipso
1681 3710 2096 3777 producuntur;

518 3796 669 3852 unde
695 3805 752 3852 et
801 3795 975 3850 Filius
1021 3805 1077 3851 et
1122 3796 1366 3866 Spiritus
1420 3798 1934 3856 consubstantiales.
1972 3810 2100 3856 sunt

518 3890 651 3961 ipsi,
681 3890 808 3961 quia
845 3904 1006 3944 omne
1038 3889 1351 3959 producens
1381 3890 1560 3947 simile
1595 3892 1849 3962 producit
1873 3896 2096 3965 speciei,

517 3995 626 4051 qua
681 3979 974 4049 producit;
1028 3977 1171 4033 Deus
1227 3995 1358 4034 vero
1410 3981 1573 4037 Pater
1616 3982 1804 4037 divina
1865 3985 2101 4040 essentia

515 4070 775 4141 producit
814 4069 1017 4124 Filium
1062 4083 1118 4125 et
1169 4070 1436 4141 Spiritum
1468 4081 1524 4127 et
1574 4072 1781 4129 idcirco
1811 4074 1916 4130 sibi
1965 4092 2097 4131 con-

518 4162 911 4218 substantiales
938 4162 1217 4232 producit.
1246 4162 1402 4218 Unde
1445 4165 1651 4230 evenit,
1686 4180 1810 4219 cum
1860 4169 2101 4224 essentia

521 4254 833 4309 communis
861 4254 934 4308 sit
966 4253 1270 4324 eademque
1311 4269 1544 4309 numero
1588 4254 1732 4310 l‘atri
1774 4266 1830 4311 et
1865 4257 2003 4314 Filio
2047 4268 2103 4315 et

521 4346 776 4417 Spiritui,
805 4357 970 4416 atque
1004 4347 1061 4401 in
1101 4346 1347 4417 qualibet
1392 4347 1702 4402 divinarum
1739 4363 2100 4419 personarum

524 4438 810 4503 subsistat,
847 4445 1011 4507 prout
1046 4436 1254 4491 dictum
1279 4444 1386 4503 est,
1412 4444 1472 4491 ut
1505 4437 1553 4491 si
1579 4437 1714 4507 quid
1738 4454 1804 4493 ex
1834 4439 2103 4497 ambobus

2200 3342 2378 3395 αἰτίαν
2412 3338 2554 3394 εἶναι
2585 3341 2663 3404 ὡς
2692 3340 2750 3393 τὸ
2784 3339 2837 3403 ὃ,
2873 3341 2986 3393 εἴτε
3024 3339 3094 3405 ἐξ
3123 3334 3218 3407 οὗ,
3254 3339 3354 3411 τὴν
3396 3340 3453 3394 δὲ
3501 3340 3652 3396 θείαν
3679 3341 3777 3395 αὖ·

2198 3435 2291 3487 τοῦ
2322 3436 2516 3488 οὐσίαν
2572 3435 2647 3496 ὡς
2697 3434 2755 3485 τὸ
2893 3430 3033 3501 αὕτη
3084 3432 3193 3502 γάρ
3255 3432 3374 3485 ἐστι
3420 3433 3483 3486 τὸ
3540 3425 3702 3497 εἶδος,
3731 3426 3778 3501 ᾧ

2197 3525 2360 3595 ὅμοια
2390 3527 2694 3595 προάγεται
2727 3523 2796 3576 τὰ
2830 3523 2889 3587 ἐξ
2918 3523 3085 3575 αὑτοῦ
3122 3523 3500 3592 προαγόμενω
3530 3522 3654 3576 ὅθεν
3679 3522 3779 3577 καὶ

2201 3617 2293 3672 τὸν
2319 3618 2448 3670 Υἱὸν
2500 3618 2597 3671 καὶ
2644 3617 2705 3669 τὸ
2741 3615 2970 3684 Πνεῦμα
3003 3615 3270 3684 ὀμοούσια
3301 3611 3441 3668 εἶναι
3480 3615 3649 3687 αὐτῷ,
3688 3616 3782 3669 διὰ

2199 3710 2263 3765 τὸ
2290 3711 2400 3764 πᾶν
2437 3710 2515 3779 (5)
2555 3710 2617 3761 τὸ
2646 3708 2900 3779 παράγον
2926 3709 3113 3777 ὅμοιον
3145 3710 3418 3778 παράγειν
3446 3708 3523 3779 τῷ
3557 3709 3705 3772 εἴδει,
3735 3704 3782 3780 ᾧ

2202 3803 2464 3870 παράγει.
2499 3802 2606 3855 Τὸν
2635 3802 2691 3854 δὲ
2716 3801 2851 3854 Θεὸν
2881 3800 2976 3853 καὶ
3011 3801 3231 3870 Πατέρα
3263 3804 3329 3870 τῇ
3356 3802 3478 3873 θείᾳ
3505 3804 3663 3874 οὐσίᾳ
3692 3805 3787 3856 τὴν

2201 3893 2329 3947 Υίὸν
2356 3893 2535 3947 καὶτὸ
2561 3892 2790 3961 Πνεῦμα
2831 3892 3117 3963 προάγειν,
3156 3894 3249 3947 καὶ
3276 3894 3365 3947 διὰ
3391 3893 3548 3947 τοῦτο
3578 3895 3787 3965 ὀμ.οοῦ-

2204 3978 2297 4037 σια
2328 3983 2508 4054 ἑαυτῷ
2541 3986 2837 4054 προάγειν,
2871 3984 3018 4037 ὥστε
3075 3983 3424 4053 συμϐαίνειν,
3461 3985 3559 4053 τῆς
3599 3985 3789 4049 οὐσίας

2202 4070 2393 4140 κοινῆς
2429 4070 2524 4123 καὶ
2554 4071 2646 4140 τῆς
2683 4070 2858 4140 αὐτῆς
2896 4070 3151 4143 τάριθμῷ
3206 4073 3381 4144 Ilath
3414 4074 3509 4125 mi.
3542 4073 3657 4144 Υίῷ
3688 4077 3785 4130 καὶ

2200 4164 2484 4233 Πνεύματι
2527 4162 2694 4235 οὔσης
2723 4165 2854 4230 ,Ἔτι
2899 4181 2958 4217 τε
3012 4167 3069 4218 ἐν
3101 4167 3309 4238 ἑκάστῃ
3345 4166 3430 4234 (6)
3461 4167 3568 4220 τῶν
3618 4167 3782 4222 θείων

2202 4253 2516 4324 προσώπων
2547 4254 2940 4324 ὐφεστηιιυίας,
2971 4254 3048 4318 ὡς
3090 4254 3340 4326 εἴρηται,
3389 4259 3443 4309 εἴ
3478 4273 3529 4308 τι
3582 4256 3639 4324 ἐξ
3674 4259 3783 4327 άμ-

2203 4346 2326 4415 φοῖν
2365 4345 2569 4415 προῖοι,
2599 4347 2662 4399 οὐ
2699 4346 2904 4415 μᾶλλον
2939 4348 3014 4408 ὡς
3045 4346 3107 4399 ὲκ
3129 4346 3276 4401 δυοῖν
3307 4348 3338 4418 ἦ
3376 4346 3435 4413 ἐξ
3463 4349 3582 4411 ἑνὸς
3631 4353 3786 4418 προῖ-

2204 4436 2342 4501 ἑναι,
2379 4435 2468 4490 διὰ
2498 4438 2559 4490 τὸ
2585 4437 2687 4506 τὴν
2718 4435 2796 4499 ὡς
2822 4434 2962 4500 εἶδος
2989 4436 3163 4508 ἀρχὴν
3201 4437 3332 4508 μίαν
3359 4435 3501 4491 εἶναι
3539 4439 3638 4493 καὶ
3679 4439 3781 4509 τὴν

525 4530 774 4599 prodeat,
806 4528 863 4583 id
906 4542 1016 4583 non
1050 4526 1222 4597 magis
1256 4537 1312 4581 ut
1355 4542 1423 4582 ex
1455 4527 1670 4583 duobus
1700 4544 1862 4598 quam
1892 4543 1960 4584 ex
1992 4545 2092 4587 unc

2212 4526 2383 4598 αὐτὴν
2415 4527 2635 4599 ἀριθμῷ
2669 4528 2760 4581 καὶ
2793 4527 2978 4598 ἄκρως
3033 4528 3186 4597 μίαν.

525 4624 778 4694 prodeat,
803 4622 932 4704 quia
965 4622 1326 4692 principium,
1362 4621 1509 4691 quod
1546 4622 1699 4677 velut
1727 4622 1940 4693 species
1996 4634 2102 4693 est,
2135 4638 2308 4681 unum
2369 4623 2627 4694 idemque
2685 4637 2917 4677 numero
2968 4629 3024 4676 et
3072 4636 3234 4691 quam
3313 4622 3549 4675 maxime
3613 4637 3785 4677 unum

527 4725 631 4771 85L

599 4806 726 4861 llaec
766 4806 911 4861 dicta
940 4815 1068 4862 sunt
1097 4804 1164 4860 ad
1214 4813 1287 4871 te,
1326 4805 1665 4860 sanctissime
1716 4803 1936 4861 domine
1960 4848 1976 4873 ,
2011 4806 2105 4876 qui

528 4898 728 4952 melius
758 4899 916 4957 nobis
965 4913 1029 4952 ea
1082 4898 1225 4953 nosti
1274 4912 1337 4951 ac
1389 4897 1559 4951 multa
1590 4912 1689 4965 pro
1722 4895 1825 4952 hac
1878 4898 2107 4953 veritate

527 4990 767 5045 libenter
813 5006 1008 5062 passus
1061 5006 1162 5055 es;
1210 4990 1349 5044 dicta
1412 5004 1544 5044 vero
1588 5000 1719 5044 sunt
1776 4991 2105 5045 obedientlaa

528 5096 697 5137 causa
727 5091 782 5136 et
815 5086 941 5152 quia
986 5096 1214 5153 prorsus
1258 5080 1412 5135 nefas
1446 5082 1757 5150 putavimus
1791 5082 1900 5137 tuis
1951 5098 2103 5137 man-

599 5247 677 5318 (1)
710 5247 922 5303 Monac.
958 5244 996 5300 f.
1019 5244 1146 5318 230,
1185 5245 1240 5318 b_,
1278 5243 1534 5318 ἐνταῦτα.

596 5313 676 5401 (2)
702 5319 781 5401 ῥά
814 5331 984 5401 marg.
1019 5316 1173 5370 rubr.
1199 5315 1273 5379 ὡς
1301 5315 1462 5383 διχῶς
1497 5317 1531 5385 ἡ
1572 5313 1715 5386 ἁρχὴ
1740 5314 1816 5377 ὡς
1846 5315 1907 5369 τὸ
1947 5314 1979 5369 ὃ
2008 5316 2101 5369 καὶ

524 5392 587 5446 τὸ
606 5386 679 5458 ti».
708 5386 903 5443 Κανὼν
927 5392 996 5453 γ’.

598 5464 674 5531 (3)
709 5459 799 5531 Sic
821 5458 987 5531 eodd.

596 5523 673 5601 (4)
702 5530 794 5585 Sic
819 5526 1031 5583 Monac.
1065 5525 1103 5582 f.
1128 5525 1233 5580 230
1272 5523 1343 5590 b;
1373 5525 1537 5580 Marc.
1576 5524 1614 5580 f.
1644 5524 1711 5581 66
1741 5524 1794 5592 b,
1832 5526 1884 5580 ὁ.

547 5757 558 5768 _
594 5687 672 5760 (a)
698 5690 992 5773 Eidepost
1020 5687 1076 5745 S.
1109 5687 1399 5773 'l‘homa‘m2
1444 5698 1500 5753 p.
1533 5698 1570 5749 ι,
1603 5696 1658 5752 q.
1689 5681 1759 5737 56
1788 5694 1817 5736 a
1843 5681 1898 5749 2,
1924 5681 2101 5738 Plate-

524 5755 664 5812 liuin'
698 5755 889 5815 Tlieol'.
929 5777 980 5829 p.
1017 5776 1054 5822 ι,
1093 5774 1211 5826 cap.
1240 5757 1293 5821 5,
1317 5755 1343 5827 §
1371 5758 1424 5810 5.

605 5830 677 5899 (b)
715 5830 844 5887 Vide
898 5832 965 5886 ιι.
1020 5831 1204 5886 Kilbcr
1260 5829 1312 5882 in
1367 5823 1560 5882 Tlieol.
1599 5821 2047 5894 Wirceburgensi
2081 5861 2097 5891 ,

2288 4802 2479 4858 Ταῦτα
2514 4801 2734 4872 εἴρηται
2775 4799 2872 4868 μὲν
2918 4797 3056 4868 πρὸς
3089 4797 3170 4863 σὲ,
3226 4797 3471 4851 θειότατε
3522 4799 3784 4863 δέσποτα,

2213 4895 2304 4951 τὸν
2328 4894 2530 4965 μᾶλλόν
2550 4911 2607 4946 τε
2635 4892 2794 4962 ἡμῶν
2821 4892 3007 4944 εἰδότα
3034 4894 3130 4944 καὶ
3159 4891 3327 4944 πολλὰ
3360 4893 3500 4961 ὑπὲρ
3525 4893 3621 4962 τῆς
3652 4893 3787 4962 ἀλη-
3897 4881 3907 4888 ’

2216 4988 2368 5051 θείας
2415 4987 2621 5056 ταύτης
2671 4985 2909 5053 ἄσμενον
2954 4982 3031 5054 (7)
3092 4983 3445 5054 πεπονθότατ
3477 4983 3695 5053 εἴρηται
3727 4984 3789 5037 δὲ

2213 5066 2459 5150 ὑπατιοῆς
2492 5078 2680 5132 εἵνεκα
2713 5076 2808 5130 καὶ
2859 5075 2951 5128 τοῦ
3005 5075 3083 5147 μὴ
3141 5076 3353 5130 οἴεσθαι
3398 5075 3622 5163 θεμειτόν
3648 5076 3790 5136 ὅλως

2283 5246 2361 5326 (ξ)
2392 5247 2507 5326 Μεν
2534 5244 2661 5326 add.
2685 5244 2895 5299 Monac.
3001 5240 3129 5326 2'59,
3153 5242 3209 5298 b.

2283 5311 2385 5389 (6)
2444 5317 2522 5372 Ac
2578 5316 2624 5371 si
2687 5323 3014 5385 sequeretur
3068 5313 3459 5372 Ozooricswv.‘
3522 5311 3586 5367 L.
3654 5315 3790 5370 ἑκά.

2212 5403 2388 5529 σῖ(δεῖ)
2447 5455 2610 5511 Marc.
2667 5455 2705 5510 l‘.
2769 5455 2878 5523 67,
2936 5470 2964 5509 a
3014 5470 3027 5508 :
3081 5454 3361 5526 ἄσμενοςο
3423 5453 3551 5510 fort.
3611 5455 3787 5529 ἀσμέ-

2209 5545 2336 5592 νως.

2200 5692 2362 5810 ειξξι.
2406 5684 2480 5742 De
2514 5682 2623 5741 Deo
2657 5681 2824 5752 trino,
2857 5690 2895 5739 t.
2938 5678 3004 5746 ll,
3043 5694 3164 5750 cup.
3210 5683 3261 5750 l,
3306 5686 3413 5734 art.
3461 5678 3530 5748 Ξ,
3566 5696 3624 5737 n.
3657 5679 3786 5751 368,

2200 5770 2230 5810 ο
2312 5793 2325 5808 .

2200 5770 2325 5814 ουν.
