4132 6406
479 395 578 458 167

1843 373 2346 437 BESSARIONIS

3630 368 3789 459 ιιι,

477 500 716 572 Spiritus
741 494 965 562 dicitur,
996 506 1095 565 per
1130 488 1327 551 Filium
1372 487 1642 544 creaturis
1677 481 2038 557 suppeditari,

2151 484 2502 554 μιγνύτωσαν
2539 486 2675 555 ὁμοῦ
2708 487 2885 542 πάντα
2930 487 3208 557 χρήματαο
3256 485 3322 539 δι’
3355 482 3483 538 Υίοῦ
3538 484 3729 553 προϊέ-

476 594 535 650 in
588 590 726 647 Filio
774 599 1020 652 manere,
1068 584 1123 637 in
1155 582 1292 637 Filio
1335 580 1718 650 requiescere,
1751 582 1883 631 non
1911 589 2041 629 vero

474 683 681 741 dicitur
709 694 809 750 per
836 677 1057 733 Patrem
1104 673 1348 746 prodire,
1381 687 1485 727 nec
1530 686 1628 742 per
1653 671 1870 725 Patrem
1915 682 2044 735 sup-

475 772 732 849 peditari,
764 786 868 828 nec
899 772 957 825 in
1002 769 1163 824 Patre
1202 780 1449 829 manere,
1478 779 1581 819 nec
1638 764 1695 818 in
1743 760 1905 817 Patre
1955 774 2046 813 re-

475 868 781 940 quiescere,
812 863 908 919 sed
929 877 997 916 ex
1021 859 1181 937 Patre
1210 856 1538 943 procedere.
1569 854 1831 908 Dicentur
1858 852 2046 919 itaque

474 974 597 1030 quae
626 965 756 1013 sunt
796 954 1018 1017 tradita,
1045 965 1167 1021 qua:
1194 942 1327 1005 Vero
1376 946 1598 1003 silentio
1650 942 2042 1015 praetermissa,

474 1053 776 1115 sileantur;
815 1057 872 1103 et
896 1044 1226 1116 propositio,
1250 1055 1371 1111 quae
1409 1039 1674 1109 Spiritum
1707 1043 1953 1091 sanctum
1980 1048 2046 1087 ex

474 1143 615 1198 Filio
659 1140 796 1196 dicit
846 1137 1149 1209 procedere
1198 1146 1454 1203 tanquam
1505 1130 1682 1185 aliena
1724 1136 1780 1182 et
1831 1125 2047 1181 insolita

392 1218 397 1223 ’
475 1230 673 1303 procul
704 1230 1010 1300 ablegctur.
1189 1298 1195 1304 ~

902 1337 1226 1398 NleENUS
1277 1335 1637 1394 ANTISTES.

549 1460 681 1526 Quae
707 1457 889 1513 Latini
923 1455 1137 1520 dicunt,
1165 1468 1228 1509 ea
1260 1463 1317 1508 et
1345 1437 1615 1521 probant;
1661 1457 1716 1502 tu
1765 1462 1900 1501 vero
1939 1445 2050 1499 fru-

2144 593 2232 631 ναι
2275 577 2515 647 λέγεται,
2562 578 2630 632 δι’
2692 578 2823 633 Υίοῦ
2877 580 3238 649 χορηγεῖσθαι
3293 580 3358 647 τῇ
3401 574 3611 638 κτίσει,
3669 576 3730 627 ἒν

2145 668 2261 739 Υἱῷ
2292 670 2498 741 μένειν,
2534 671 2590 724 ὲν
2618 671 2733 743 Υίῷ
2765 671 3167 737 ἀναπαύεσθαι,
3203 669 3323 723 οὐδὲ
3368 669 3446 738 (l)
3476 668 3565 722 διὰ
3608 668 3720 721 llat-

2142 760 2275 829 τρδς
2306 762 2574 832 προϊέναι,
2616 761 2739 816 οὔτε
2791 762 2879 815 διὰ
2936 760 3154 831 Πατρδς
3209 758 3567 830 χορηγεῖσθαι
3597 755 3721 810 οὔτε

2145 852 2202 905 ὲν
2230 853 2405 922 Πατρὶ
2434 854 2637 923 μένειν,
2674 853 2801 907 οὔτε
2831 855 2890 908 ὲν
2942 854 3118 922 lla.th
3160 851 3561 914 ἀναπαύεσθαι,
3607 847 3724 903 ἀλλ’

2146 944 2210 997 ὲκ
2236 945 2330 998 τοῦ
2357 946 2571 1016 Πατρὸς
2594 945 3016 1015 ἐκπορεύεσθαιο
3048 944 3293 1012 λεγέσθω
3333 943 3517 997 τοίνυν
3543 941 3612 995 τὰ
3636 958 3727 994 κε-

2146 1031 2508 1105 κηρυγμένα,
2533 1038 2629 1091 καὶ
2653 1037 2719 1091 τὰ
2776 1037 3113 1108 σεσιγημένα
3156 1035 3422 1103 σιγάσθω,
3450 1035 3545 1089 καὶ
3582 1036 3642 1090 τὸ
3669 1036 3729 1101 ἐξ

2149 1130 2275 1183 Υἱοῦ
2303 1132 2367 1184 τὸ
2391 1130 2616 1201 Πνεῦμα
2650 1131 2713 1185 τὸ
2746 1130 2901 1200 ἅγιον
2941 1130 3344 1202 ἐκπορεύεσθαι
3390 1129 3465 1194 ὡς
3496 1129 3729 1200 ἔκφυλόν

2143 1237 2205 1273 τε
2240 1222 2332 1275 καὶ
2359 1220 2526 1292 ἄηθες
2557 1221 3042 1291 ἀπεσκορακίσθω.

2676 1334 2858 1404 (ΤΟΥ)
2894 1334 3204 1389 ΝΙΚΑΙΑΣ.

2227 1449 2292 1500 Ἀ
2327 1447 2425 1516 μὲν
2455 1446 2678 1501 Λατῖνοί
2708 1464 2863 1515 φασι,
2888 1448 2983 1502 καὶ
3007 1444 3338 1500 δεικνύουσιο
3372 1445 3436 1500 σὺ
3462 1445 3519 1500 δὲ
3554 1445 3731 1516 μάτην

479 1562 594 1608 stra
634 1553 785 1620 ipsos
817 1546 1181 1603 incriminans
1211 1544 1349 1598 nihil
1381 1542 1570 1598 ellicis.
1601 1537 2044 1609 Prmpositionem

2152 1540 2335 1603 αὐτοῖς
2364 1539 2615 1608 ἐγκαλῶν
2640 1541 2927 1609 περαίνεις
2950 1539 3128 1594 οὐδέν.
3154 1538 3279 1592 Ὅτι
3311 1538 3412 1608 μὲν
3444 1539 3555 1606 γάρ
3582 1541 3730 1592 ἐστιν

481 1645 627 1701 enim
646 1660 740 1715 per
760 1644 880 1698 loco
897 1638 1299 1711 przepositionis
1323 1652 1387 1690 ea:
1412 1634 1685 1706 usurpari,
1718 1641 1832 1687 tum
1865 1630 2044 1686 multis

2152 1632 2240 1699 ἐφ’
2258 1625 2333 1686 ὧν
2364 1633 2397 1703 ἡ
2424 1630 2523 1687 διὰ
2548 1632 2669 1685 ἀντὶ
2695 1631 2795 1694 τῆς
2819 1632 2886 1686 ἐκ
2922 1631 3264 1702 λαμδάνεται
3295 1629 3515 1692 πολλαῖς
3539 1646 3599 1680 τε
3624 1629 3733 1682 τῶν

480 1739 766 1794 doctorum
800 1731 1129 1789 testimoniis
1160 1729 1470 1784 ostenditur
1512 1736 1625 1782 tum
1676 1724 1908 1779 Basilius
1942 1731 2044 1789 est,

2154 1724 2496 1779 διδασκάλων
2560 1724 2898 1796 μαρτυρίαις
2962 1724 3276 1777 δείκνυται·
3318 1723 3414 1776 καὶ
3455 1721 3730 1784 Βασίλειός

480 1830 575 1901 qui
603 1830 813 1900 primus
843 1826 949 1881 hoc
979 1822 1256 1894 perspexit
1294 1829 1350 1875 et
1378 1821 1434 1873 in
1481 1819 1636 1874 libris
1666 1816 1733 1871 ad
1764 1808 2044 1885 Amphilo-

2152 1818 2300 1871 ἐστιν
2318 1821 2342 1870 6
2359 1818 2548 1886 Μέγας
2565 1820 2594 1871 6
2612 1817 2826 1888 πρῶτος
2841 1816 3000 1871 τοῦτο
3021 1816 3466 1885 διανοησάμενος,
3491 1815 3596 1868 κάν
3618 1815 3730 1876 τοίς

481 1923 667 1978 chium
699 1920 899 1989 sapius
922 1916 1083 1979 dixit,
1118 1928 1228 1968 non
1267 1926 1486 1982 semper
1512 1910 1609 1964 bas
1633 1906 2044 1979 prmpositiones

2155 1912 2293 1982 πρὶς
2329 1909 2677 1982 ’Δμφιλόχιον
2734 1910 3001 1972 πολλάκις
3030 1907 3203 1962 είπὼν
3234 1908 3335 1961 οὐκ
3358 1909 3448 1962 ἀεὶ
3468 1906 3568 1970 τὰς
3595 1923 3733 1977 προ·

481 2015 549 2069 ad
585 2012 818 2067 invicem
849 2006 1199 2065 commutari.
1233 2003 1389 2070 Quod
1411 2017 1543 2057 vero
1574 1998 1932 2069 interrogatio
1955 2008 2044 2051 tua

2154 2001 2330 2065 θέσεις
2357 2001 2561 2065 ταύτας
2605 2001 2867 2071 ἀλλήλαις
2906 2000 3420 2071 ἀντιμεθίστασθαι.
3462 1999 3586 2053 Ὀτι
3615 1997 3660 2052 δ’
3693 1999 3727 2069 ἠ

481 2108 630 2162 haud
664 2102 1003 2159 rationabilis
1032 2106 1135 2166 est,
1171 2113 1277 2168 qua
1318 2112 1349 2151 a
1387 2095 1546 2152 nobis
1573 2092 1788 2149 ostendi
1846 2089 2044 2162 poscis,

2155 2093 2222 2164 σὴ
2250 2094 2523 2165 ἐρώτησις
2549 2094 2647 2146 οὐκ
2686 2094 2908 2161 εὔλογος
2941 2092 3303 2156 ἀπαιτοῦντος
3350 2092 3502 2162 ἡμᾶς
3536 2090 3727 2156 δεῖξαι,

481 2208 665 2254 utrum
711 2205 768 2252 et
799 2211 893 2267 per
942 2193 1160 2248 Patrem
1186 2190 1423 2261 Spiritus
1474 2197 1696 2243 sanctus
1751 2183 2044 2256 procedere

2151 2183 2202 2236 εί
2229 2184 2323 2237 καὶ
2351 2183 2448 2239 διὰ
2484 2183 2592 2238 τοῦ
2635 2184 2865 2253 Πατρός
2903 2183 3133 2254 εὖρηταί
3195 2199 3299 2236 που
3351 2182 3641 2253 εἰρημένον
3667 2181 3732 2239 τὸ

480 2290 663 2347 dictus
716 2287 885 2343 fuerit
928 2285 1153 2351 alicubi,
1201 2297 1268 2337 ex
1315 2282 1405 2336 liis
1453 2279 1825 2334 manifestum.
1859 2276 2044 2346 Neque

2153 2274 2379 2347 Πνεῦμα
2423 2276 2484 2330 τδ
2532 2274 2688 2343 ἆγιον
2733 2276 3175 2348 ἐκπορεύεσθαι,
3224 2276 3387 2346 δῆλον
3443 2275 3728 2330 ἐντεῦθεν.

479 2385 628 2443 enim
664 2384 710 2439 si
742 2384 796 2437 in
826 2381 1180 2454 quibusdam,
1207 2378 1318 2448 jam
1348 2386 1405 2434 et
1438 2377 1491 2431 in
1522 2376 1780 2433 omnibus
1808 2392 1825 2441 ;
1872 2387 2044 2444 neque

2153 2367 2230 2421 οὐ
2264 2368 2373 2439 γὰρ
2404 2367 2454 2420 εί
2483 2368 2576 2420 ὲπί
2598 2382 2781 2433 τινων,
2806 2368 2901 2421 καὶ
2926 2367 3021 2421 ἐπὶ
3039 2368 3260 2421 πάντων
3289 2367 3413 2438 ηδτγ
3438 2367 3551 2420 οὐδ’
3577 2367 3627 2421 εί
3655 2364 3731 2437 μὴ

479 2478 524 2533 si
558 2490 668 2534 non
706 2476 761 2530 in
795 2473 1073 2539 omnibus,
1099 2472 1212 2542 jam
1246 2484 1425 2540 neque
1454 2468 1510 2524 in
1557 2467 1885 2538 quibusdam
1933 2483 2053 2522 om-

480 2569 634 2634 nino,
677 2566 723 2622 si
785 2573 981 2620 tamem
1035 2561 1337 2632 logicarum
1395 2559 1711 2629 regularum
1758 2572 1818 2612 es
1867 2556 2051 2611 adhuc

477 2673 710 2715 memor.
760 2656 931 2712 Nobis
969 2654 1139 2725 igitur
1196 2652 1252 2707 in
1317 2651 1607 2723 praesentia
1642 2648 1861 2715 suilieit,
1895 2649 1940 2703 si
1992 2648 2047 2702 in

477 2748 803 2822 quibusdam
836 2748 942 2803 hoc
971 2747 1045 2802 ita
1081 2761 1138 2801 se
1167 2744 1371 2800 habere
1412 2743 1789 2798 invenerimus
1823 2751 1879 2796 et
1909 2740 1963 2795 in
1993 2740 2048 2795 id

477 2841 684 2912 ipsum,
736 2838 883 2910 quod
940 2835 1233 2907 quaeritur,
1287 2833 1423 2890 illud
1474 2834 1684 2903 aptari,
1745 2832 2048 2903 prtesertitn

479 2932 702 3005 quando
752 2931 871 3002 ipse
910 2943 1106 2984 sensus
1153 2926 1429 2982 dictorum
1476 2926 1883 2993 verborumque
1924 2923 2055 2994 jun-

479 3035 639 3080 ctura
689 3037 755 3077 ac
802 3022 1074 3078 connexio
1105 3029 1272 3089 atque
1321 3032 1505 3075 rerum
1556 3017 1949 3086 consequentia
1992 3015 2049 3071 id

480 3117 662 3188 ipsum
694 3113 912 3169 suadet.
946 3112 1140 3168 Nonne
1178 3119 1234 3166 et
1259 3119 1339 3177 tu,
1371 3110 1502 3165 dum
1535 3122 1632 3179 per
1667 3107 1870 3163 Filium
1910 3106 2049 3162 dicis

2153 2460 2247 2513 ἐπὶ
2274 2461 2515 2527 πάντων,
2545 2460 2657 2513 οὐδ’
2683 2459 2777 2515 ἐπί
2802 2476 2967 2514 τινων
2996 2460 3158 2527 ὅλως,
3191 2459 3247 2513 εί
3266 2476 3330 2529 γε
3359 2459 3599 2515 κανόνων
3621 2458 3734 2514 τῶν

2153 2551 2388 2619 λογικῶν
2419 2551 2720 2623 μέμνησαι.
2762 2550 2929 2623 Ἡμῖν
2962 2551 3057 2606 οὖν
3085 2553 3220 2623 πρὸς
3254 2568 3316 2622 γε
3344 2551 3405 2606 τὸ
3434 2551 3730 2624 προκείμε-

2151 2661 2241 2698 νον
2272 2644 2456 2698 ἱκανὸν
2487 2646 2580 2698 ἐπί
2608 2661 2772 2699 τινων
2801 2643 2951 2699 τοῦθ’
2999 2643 3174 2710 οὕτως
3204 2645 3329 2716 ἔχον
3368 2643 3589 2716 εὑροῦσι
3633 2646 3730 2698 καὶ

2152 2734 2243 2787 ἐπὶ
2267 2733 2328 2786 τὸ
2359 2732 2711 2805 ζητούμενον.
2756 2735 2890 2789 αὐτὸ
2953 2736 3314 2806 ἐφαρμόζειν,
3361 2736 3456 2789 καὶ
3508 2733 3730 2805 μάλισθ’

2151 2825 2279 2878 ὅταν
2309 2826 2474 2889 αὐτός
2500 2842 2559 2878 τε
2592 2825 2698 2879 τῶν
2739 2825 3053 2897 λεγομένων
3084 2831 3111 2881 ὁ
3135 2827 3262 2892 νοῦς
3292 2830 3412 2883 ,καὶ
3458 2828 3488 2880 6
3537 2826 3731 2897 είρμδς

2152 2916 2264 2970 τῶν
2290 2917 2575 2987 ῥημάτων,
2602 2918 2714 2971 τῶν
2742 2934 2802 2971 τε
2827 2921 3171 2989 πραγμάτων
3195 2922 3228 2991 ἡ
3255 2919 3552 2974 ἀκολουθία
3581 2917 3731 2973 τοῦτ’

2124 3008 2287 3063 -αὐτὸ
2334 3008 2520 3081 πείθῃ.
2588 3009 2661 3063 “ll
2714 3009 2780 3063 ab
2837 3010 2905 3067 δι’
2954 3012 3085 3066 Υίοῦ
3151 3012 3401 3083 προϊέναι
3443 3011 3621 3081 λέγων
3657 3012 3722 3071 τὸ

2155 3099 2383 3172 Πνεῦμα
2408 3101 2470 3154 τὸ
2507 3102 2663 3171 ἆγιον
2682 3101 2909 3172 πρόοδον
2940 3104 3040 3175 τὴν
3067 3104 3330 3175 χρονικὴν
3358 3105 3566 3176 ταύτην
3594 3105 3730 3159 ἀπο-

440 3182 747 3278 ~§piritum
823 3212 1076 3261 sanctum
1125 3202 1349 3273 prodire
1418 3199 1857 3271 progressionem
1905 3198 2044 3254 hanc

2155 3193 2346 3263 στολὴν
2376 3193 2623 3263 οἰόμενος
2657 3196 2781 3265 ούχὶ
2816 3196 2912 3251 καὶ
2934 3197 2993 3263 ἐξ
3017 3197 3150 3251 Υίοῠ
3194 3197 3340 3251 τοῦτ’
3377 3199 3511 3253 αὐτὸ
3546 3198 3726 3269 προϊέ-

480 3296 839 3368 tetuporalem
871 3293 1188 3350 missionem
1242 3292 1582 3359 existimans,
1615 3291 1782 3345 etiam
1809 3305 1877 3346 ex
1908 3289 2046 3351 Filio

478 3403 606 3446 eum
666 3384 890 3457 prodire
949 3382 1200 3438 diceres?
1250 3378 1487 3438 Omnino
1520 3380 1768 3452 quidem.
1812 3381 1860 3436 si
1915 3395 2046 3436 vera

477 3477 731 3549 proferre
759 3475 865 3531 vis.
898 3474 969 3530 Et
1000 3487 1102 3528 nos
1135 3473 1303 3544 igitur
1334 3487 1365 3527 a
1400 3471 1605 3528 sanctis
1635 3470 1923 3527 audientes
1948 3485 2047 3541 per

472 3570 676 3645 ‘Filium
716 3582 843 3623 eum
900 3563 1202 3638 procedere
1257 3572 1314 3619 et
1355 3578 1455 3634 per
1488 3563 1687 3618 Filium
1731 3577 1874 3625 esse,
1925 3577 2046 3633 quae

477 3661 716 3718 maxime
741 3672 854 3730 pra!
880 3658 1139 3715 omnibus
1171 3663 1228 3712 et
1264 3656 1571 3712 secundum
1597 3670 1697 3711 vos
1741 3655 2048 3726 Itypostati-

478 3768 599 3809 eam
632 3750 804 3822 ipsius
835 3758 892 3806 et
935 3750 994 3804 in
1033 3748 1447 3803 subsistentiam
1477 3748 1920 3818 progressionem
1952 3748 2048 3803 de-

476 3843 727 3921 clarant,‘
746 3839 892 3896 idem
922 3852 1044 3894 esse
1071 3836 1470 3900 existimamus,
1489 3851 1555 3891 ae
1581 3851 1648 3891 ex
1669 3835 1809 3891 Filio
1836 3835 2042 3903 dicere,

474 3934 710 3990 maxime
741 3947 865 3988 cum
892 3940 945 3987 et
969 3931 1173 3986 multos
1210 3929 1348 3984 alios
1373 3929 1625 3984 doctores
1657 3928 1948 4005 audiamus
1978 3944 2046 3984 ex

475 4024 615 4080 Filio
654 4026 832 4094 ipsum
858 4036 982 4078 esse
1012 4021 1261 4076 dicentes
1288 4026 1344 4075 et
1371 4035 1440 4075 ex
1490 4018 1653 4074 Patre
1699 4035 1798 4091 per
1845 4019 2043 4075 Filium

423 4135 429 4141 ·
472 4118 560 4174 vel
585 4132 654 4172 ex
691 4114 957 4171 ambobus
994 4128 1135 4170 esse.
1165 4113 1246 4167 'l‘u
1286 4127 1419 4168 vero
1463 4112 1736 4168 absurdus
1775 4112 2046 4183 quodam.

473 4210 640 4265 modo
685 4224 748 4265 es
799 4208 984 4263 statim
1042 4207 1111 4262 ab
1148 4206 1365 4261 initioa
1419 4205 1696 4262 calumnia
1724 4205 2043 4273 exordiens,

474 4302 605 4359 dum
635 4300 785 4375 quod
818 4299 994 4369 Latini
1025 4298 1436 4369 partieulariter
1485 4297 1715 4364 dicunt,
1753 4297 1859 4352 hoc
1885 4298 2042 4368 quasi

473 4394 806 4466 generaliter
830 4407 926 4448 eos
956 4390 1205 4445 dicentes
1246 4389 1565 4445 traducens.
1613 4387 1763 4443 Nihil
1800 4389 1947 4444 enim
1976 4390 2042 4444 in

472 4485 758 4541 nonnullis
784 4483 1009 4538 diﬂ‘erre
1037 4482 1137 4537 bas
1171 4482 1579 4551 propositiones
1616 4480 1703 4535 isti
1735 4479 1928 4536 dicunt
1957 4495 2043 4535 re-

472 4590 603 4630 vera
628 4584 685 4628 et
711 4583 768 4627 tu
798 4571 916 4640 ipse
977 4571 1033 4626 id
1064 4572 1315 4626 declaras
1356 4572 1445 4638 iis,
1505 4571 1706 4642 quibus
1762 4586 1897 4626 usus
1960 4586 2041 4636 es,

473 4664 781 4732 exemplis;
808 4662 942 4716 nihil
964 4669 1147 4715 autem
1171 4654 1395 4715 omnino
1425 4677 1519 4716 eas
1555 4663 1799 4731 dill‘erre,
1831 4664 2044 4734 simpli-

475 4755 615 4809 citer
642 4768 704 4809 ea
728 4767 858 4807 voce
894 4762 1131 4822 sumpta,
1151 4751 1259 4807 hoc
1289 4762 1441 4807 tuum
1473 4754 1905 4818 additamentum
1938 4764 2040 4810 est.

473 4846 691 4902 Etenim
715 4844 895 4914 quoad
925 4845 1015 4898 illa
1041 4844 1311 4900 duntaxat
1359 4845 1411 4900 id
1452 4860 1647 4901 verum
1678 4857 1783 4914 est,
1823 4850 1877 4903 in
1923 4850 2046 4917 qni-

472 4937 580 4992 bus
615 4945 672 4991 et
694 4934 955 4990 mediatio
993 4935 1243 5005 quaedam
1279 4936 1509 5007 intelligi
1563 4950 1763 5008 queat;
1801 4955 1908 4994 non
1942 4940 2041 5006 ita,

473 5037 534 5083 ut
576 5027 634 5083 itt
686 5035 941 5081 creatura
988 5027 1208 5096 quidem
1252 5027 1626 5098 intelligatur,
1673 5045 1784 5085 non
1824 5046 1956 5085 vero
1985 5035 2040 5085 in

472 5118 699 5183 deitate,
719 5131 820 5171 nec
845 5116 899 5170 in
923 5117 1124 5172 deitate
1149 5117 1215 5173 de
1246 5119 1384 5176 Filio
1405 5120 1651 5190 quidem,
1684 5136 1791 5176 non
1816 5140 1947 5178 vero
1975 5124 2041 5178 de

448 5211 635 5274 .Patre
677 5209 817 5278 (haec
842 5223 951 5262 non
982 5217 1066 5263 est
1096 5211 1364 5266 sententia
1393 5226 1585 5265 eorum
1612 5215 1705 5282 qui
1736 5222 1883 5267 recta
1914 5229 2040 5271 sen-

472 5303 666 5373 tiunt).
694 5291 886 5380 verum
921 5299 975 5355 in
1008 5300 1120 5365 his,
1169 5300 1285 5356 sive
1311 5302 1571 5357 deitatem
1605 5303 1879 5374 intelligas
1921 5306 2040 5362 sive

469 5402 802 5458 creaturam,
818 5391 911 5446 ubi
941 5392 1199 5447 mediatio
1227 5393 1474 5463 quasdam
1491 5392 1569 5466 (a)
1588 5395 1814 5466 intelligi
1842 5399 2039 5468 possit,

471 5491 533 5537 ut
562 5490 619 5538 et
660 5482 905 5553 exempla
940 5491 1228 5539 testantur.
1265 5481 1420 5549 Quod
1454 5499 1520 5539 ex
1554 5488 1914 5556 sequentibus
1944 5505 2040 5560 pa-

541 5595 621 5666 (l)
652 5594 795 5650 Mon.
826 5593 928 5651 27:
958 5594 1109 5652 οὔτε.

539 5704 616 5774 (a)
668 5707 767 5784 De-
793 5709 1177 5784 praepositione
1231 5726 1326 5784 per
1367 5711 1553 5767 confer
1611 5713 1671 5771 S.
1724 5686 2034 5784 Thomam,

468 5787 525 5841 ι).
555 5788 594 5841 t,
623 5790 677 5845 q.
703 5774 874 5845 56,a.
908 5774 941 5832 3
970 5774 1242 5844 ;llieron.'
1268 5781 1486 5848 Donati,
1517 5784 1614 5841 lib.
1644 5801 1727 5853 ιιι,
1777 5787 1849 5842 De
1875 5774 2029 5858 proc.

2153 3298 2243 3337 ναι
2275 3282 2441 3353 φαίης
2473 3282 2560 3347 ἂν,
2592 3285 2811 3349 πάντως
2834 3302 2897 3354 γε
2917 3288 3125 3359 τάληθῆ
3153 3290 3480 3359 πρεσϐεύειν
3507 3292 3729 3346 ἐθέλων.

2154 3382 2268 3436 Καὶ
2294 3383 2454 3453 ἡμεῖς
2476 3382 2570 3437 οὖν
2592 3383 2658 3436 δι’
2683 3383 2816 3438 Υίοῦ
2841 3385 2973 3440 αὐτὸ
2998 3386 3397 3455 ἐκπορεύεσθαί
3420 3388 3530 3442 τῶν
3558 3388 3729 3459 ἁγίων

2154 3471 2469 3538 ἀκούοντες,
2499 3475 2595 3529 καὶ
2613 3475 2680 3529 δι’
2706 3475 2836 3529 Υίοῦ
2864 3470 3028 3542 εἶναι,
3060 3476 3097 3532 ἃ
3125 3479 3344 3532 πάντων
3375 3480 3613 3550 μάλιστα
3640 3488 3728 3538 καὶ

2154 3566 2280 3622 καθ’
2312 3568 2451 3637 ὑμᾶς
2485 3567 2561 3641 (2)
2590 3569 2689 3639 τὴν
2719 3569 3093 3641 ὑποστατικὴν
3130 3571 3295 3625 αὑτοῦ
3316 3574 3429 3626 καὶ
3457 3578 3728 3645 ὐπαρκτι-

2153 3659 2256 3729 κὴν
2281 3658 2431 3731 δηλοί
2459 3656 2706 3730 πρόοδον,
2749 3660 2946 3715 ταυτὸν
2973 3662 3050 3733 τῷ
3098 3661 3155 3729 ἐξ
3190 3662 3318 3717 Υίοῦ
3351 3659 3487 3718 εῖναι
3515 3668 3728 3738 νομίζοι

2157 3766 2277 3821 μεν,
2308 3751 2547 3822 μάλιστα
2580 3755 2676 3808 καὶ
2701 3753 2912 3810 πολλῶν
2939 3754 3116 3809 ἄλλων
3139 3755 3480 3810 διδασκάλων
3507 3758 3567 3824 ἐξ
3600 3760 3725 3825 Tini

2153 3845 2286 3897 αὐτὸ
2328 3841 2472 3899 εἶναι
2523 3845 2793 3917 λεγόντων
2828 3848 3117 3912 ἀκούοντες
3169 3851 3262 3903 καὶ
3291 3851 3357 3905 ἐκ
3408 3853 3618 3923 Πατρὸς
3654 3854 3726 3907 ,δι’

2155 3935 2284 3990 Υἱοῦ
2320 3937 2489 4007 ἤγουν
2521 3937 2581 4002 ἐξ
2609 3939 2815 4009 ἀμφοῖν
2851 3936 3014 3997 εῖναι.
3062 3942 3135 3996 Σὺ
3168 3942 3225 3996 δὲ
3269 3944 3364 3997 καὶ
3407 3944 3610 4011 ἄτοπός
3642 3964 3723 4011 τις

2151 4022 2205 4081 εί
2260 4028 2423 4091 εὐθὺς
2453 4029 2512 4096 ἐξ
2568 4031 2746 4101 ἀρχῆς
2798 4033 2909 4087 ἀπὸ
2964 4036 3337 4105 συκοφαντίας
3368 4039 3723 4108 ἀρχόμενοςί

2152 4134 2319 4186 φασιν
2341 4120 2389 4172 oi
2420 4122 2640 4175 Λατῖνοι
2671 4122 2764 4175 ἐπὶ
2800 4124 3026 4194 μέρους,
3058 4127 3225 4191 αὐτὸς
3262 4127 3337 4190 ὠς
3366 4129 3602 4182 καθόλου
3627 4130 3722 4184 αὐ-

2150 4210 2277 4274 τοὺς
2298 4211 2557 4279 λέγοντας
2598 4213 2924 4270 διαϐάλλων·
2956 4217 3125 4288 μηδὲν
3155 4219 3255 4287 μὲν
3286 4220 3396 4293 γὰρ
3425 4224 3519 4277 ἐπί
3566 4239 3728 4277 τινων

2151 4299 2430 4372 διαφέρειν
2478 4303 2580 4366 τὰς
2630 4304 2921 4373 προθέσεις
2975 4308 3183 4372 ταύτας
3225 4312 3320 4365 καὶ
3387 4312 3535 4381 μάλα
3566 4317 3723 4383 φασὶ,

2148 4394 2332 4464 δηλοῖς
2377 4394 2433 4447 δὲ
2461 4395 2556 4449 καὶ
2608 4397 2770 4460 αὐτὸς
2806 4393 2889 4462 οἷς
2940 4398 3208 4471 κέχρησαι
3256 4400 3723 4475 παραδείγμασιἾ

2153 4485 2323 4556 μηδὲν
2358 4486 2407 4539 δ’
2449 4486 2587 4550 ὅλως
2632 4487 2916 4559 διαφέρειν
2964 4493 3135 4557 αὐτὰς
3182 4494 3370 4560 ἁπλῶς
3415 4497 3511 4549 τοῦ
3567 4497 3722 4568 λόγου
3794 4556 3797 4561 ,

2152 4577 2588 4648 λαμϐανομένου,
2618 4579 2780 4634 τοῦτο
2808 4582 2865 4634 δὲ
2895 4584 2974 4654 (ἡ)
3004 4584 3070 4655 σὴ
3117 4586 3406 4660 προσθήκη
3449 4589 3587 4644 ἐστί.
3615 4593 3722 4645 Καὶ

2151 4668 2262 4738 γὰρ
2290 4668 2377 4720 ἐπ’
2405 4670 2631 4724 ἐκείνων
2654 4672 2799 4724 τοῦτ’
2830 4673 3027 4745 ἀληθὲς
3054 4679 3244 4742 μόνον,
3280 4680 3368 4748 ἐφ’
3414 4675 3490 4735 ιῖιν
3516 4681 3610 4735 καί
3638 4699 3722 4746 τις

2152 4760 2400 4829 μεσιτεία
2455 4761 2657 4815 δύναιτ’
2714 4763 2779 4815 ἂν
2835 4766 3096 4837 νοηθῆναι
3154 4769 3255 4822 οὐκ
3311 4769 3405 4822 ἐπὶ
3453 4772 3554 4841 τῆς
3607 4773 3722 4825 κτίι

2152 4866 2289 4913 σεως
2348 4852 2467 4921 μὲν,
2506 4855 2600 4907 ἐπὶ
2624 4855 2686 4919 δὲ
2735 4854 2990 4926 θεότητος
3035 4858 3121 4923 οὓ,
3174 4862 3293 4915 οὐδὲ
3322 4863 3419 4933 τῆς
3467 4865 3720 4932 Βεότητος

2147 4942 2240 4995 ἐπὶ
2271 4942 2366 4997 τοῦ
2393 4943 2523 4996 Υίοῦ
2555 4947 2676 5014 μὲν,
2724 4948 2819 5001 ἐπὶ
2865 4950 2960 5001 τοῦ
2991 4951 3202 5020 Πατρὸς
3228 4952 3274 5006 δ’
3306 4951 3367 5006 οὓ
3403 4954 3524 5025 (οὐχ
3576 4954 3717 5025 αὕτη

2144 5034 2253 5087 τῶν
2278 5035 2346 5088 τὰ
2398 5036 2532 5104 ὀρθὰ
2565 5040 2906 5119 φρονούντων
2951 5042 3120 5112 δόξα),
3180 5044 3297 5097 ἀλλ’
3348 5047 3435 5115 ἐφ’
3480 5044 3556 5100 ἀν
3608 5048 3718 5100 εἴτε

2146 5124 2376 5197 θεότητα
2408 5129 2518 5180 εἴτε
2550 5131 2728 5183 κτίσιν
2764 5134 3039 5202 νοήσειας,
3089 5136 3183 5188 καί
3215 5153 3298 5200 τις
3344 5140 3591 5208 μεσιτεία
3627 5137 3718 5190 δύο

2143 5217 2281 5269 ναιτ⁹
2313 5217 2378 5270 ἂν
2422 5221 2863 5292 παραληφθῆναι,
2902 5225 2977 5289 ὡς
3003 5225 3072 5278 τὰ
3124 5229 3544 5298 παραδείγματα
3578 5246 3721 5302 μορ-

2142 5311 2317 5379 τυρεί.
2362 5312 2472 5365 Καὶ
2497 5312 2655 5383 δῆλον
2684 5315 2957 5373 ἐντεῦθεν.
3007 5318 3463 5391 Αὑτεξουσιότητι
3491 5338 3719 5393 τετιμη-

2142 5399 2254 5464 κὼς
2286 5404 2433 5471 ἡμᾶς
2463 5404 2491 5456 6
2515 5404 2670 5468 Θεὸς,
2693 5408 2787 5460 καὶ
2804 5406 3086 5477 βνυληθεὶς
3114 5412 3180 5482 τῇ
3207 5412 3385 5484 οίκείᾳ
3415 5413 3713 5485 ἀγαθότητι

2138 5492 2251 5545 τῶν
2288 5494 2463 5562 ὀρθῶς
2501 5496 2568 5549 ἂν
2593 5498 2725 5568 ἡμῖν
2774 5499 3244 5572 πραχθησομένων
3281 5503 3516 5574 ἀμοιῦὰς
3567 5506 3708 5558 ἁπο-

2211 5606 2288 5680 (2)
2329 5607 2418 5664 Sic
2441 5608 2607 5665 Mare.
2633 5609 2676 5666 ί.
2716 5611 2850 5678 676;
2884 5613 3033 5669 Mon.
3061 5614 3102 5670 ί.
3123 5615 3230 5671 232
3252 5631 3303 5683 a,
3328 5617 3497 5688 ἡμᾶς.

2138 5721 2327 5803 Spi-rit.
2356 5733 2556 5803 sanct.,
2587 5739 2642 5803 c._
2668 5725 2740 5793 9;
2791 5725 3108 5803 Patavium,
3128 5729 3202 5786 De
3225 5730 3449 5803 Trinit.,
3482 5731 3579 5786 lib.
3605 5747 3706 5803 vn,

2138 5808 2188 5847 c.
2226 5792 2325 5857 l7;
2350 5805 2405 5847 et
2437 5792 2809 5851 Bcssarionem
2842 5798 3041 5868 ipsum.
3073 5799 3226 5855 Orat.
3255 5792 3465 5872 degun,
3497 5819 3548 5858 ρ.
3582 5803 3635 5859 Β.
