4132 6408
481 368 588 439 171

1853 375 2365 443 BESSARIONIS

3618 383 3731 451 1Ἱὲ

483 484 751 540 denotat?
778 483 980 542 Verum
1025 484 1151 556 quia
1185 483 1503 541 Latinorum
1539 485 1756 556 quidem
1802 487 2039 556 theologi

2150 494 2419 565 υατέρες,
2475 493 2522 545 εί
2561 491 2793 560 τάληθὲς
2819 491 3056 546 ἐθέλοιτε
3107 493 3312 563 λέγειν,
3343 493 3439 549 ἅτε
3491 496 3599 565 πρὸ
3626 497 3723 550 τοῦ

485 579 642 646 (sunt
682 593 814 633 vero
845 578 1009 633 iidem
1055 589 1112 634 et
1150 579 1317 634 vestri
1350 578 1591 649 magistri
1637 595 1700 634 ac
1729 580 1939 644 Patres,
1994 580 2039 633 si

484 687 675 726 verum
706 673 888 727 dieere
932 673 1097 727 vultis
1137 674 1335 741 quippe
1393 673 1485 742 qui
1522 682 1645 726 ante
1678 674 1913 727 schisma
1941 673 2039 725 ﬂo-

484 767 737 831 ruerunt)
793 763 1063 817 rarissime
1105 779 1198 832 per
1243 763 1439 817 Filium
1482 780 1547 816 ea:
1591 763 1772 826 Patre,
1827 780 2041 832 semper

486 867 666 912 autem
697 871 759 909 ea:
788 856 950 908 Patre
993 864 1041 909 et
1093 854 1233 909 Filio
1261 855 1538 925 Spiritum
1576 854 1829 915 sanctuui
1857 872 2048 923 pret-e-

472 947 617 1001 odere
669 947 1237 1014 dicunt;0rientales
1266 964 1395 1007 vero
1438 964 1566 1003 raro
1614 964 1746 1003 voce
1796 964 1859 1002 ea:
1889 948 2046 1012 Filio,

485 1038 684 1107 saepius
719 1048 900 1094 tamen
934 1041 1174 1095 dictione
1221 1058 1314 1103 per
1351 1042 1551 1096 Filium
1604 1051 1853 1106 utuntur,
1904 1041 2046 1096 baud

486 1128 693 1183 absona
724 1130 975 1192 facimus,
1008 1132 1137 1187 dum
1184 1134 1274 1189 hic
1325 1134 1429 1189 loci
1487 1135 1923 1204 pra‘positionem
1953 1152 2051 1203 per

484 1234 610 1272 cum
636 1222 1018 1289 pra-positione
1048 1237 1111 1275 ex
1147 1225 1199 1277 in
1252 1224 1393 1278 idem
1440 1226 1688 1280 recidere
1733 1228 2044 1292 statuimus,

485 1307 829 1363 invenientes
848 1327 915 1364 ex
943 1328 1045 1365 una
1072 1314 1289 1382 quidem
1319 1328 1471 1383 parte
1492 1326 1543 1371 et
1575 1317 1724 1385 ipsos
1752 1318 2051 1386 aliquando

484 1410 552 1450 ex
592 1396 727 1452 Filio
770 1398 1032 1467 Spiritum
1056 1417 1180 1473 esse
1222 1414 1573 1473 asserentes,
1604 1397 1672 1461 ex
1712 1407 1882 1461 altera
1919 1423 2049 1462 vero

487 1488 897 1544 consentientes
932 1472 1471 1559 ipsis\0ccidentales
1524 1497 1713 1550 Patres
1747 1495 2047 1563 saepissime

486 1576 634 1631 idem
663 1582 970 1646 tradentes;
1006 1585 1305 1649 praesertim
1342 1586 1562 1654 quando
1592 1588 1899 1656 reperimus
1925 1602 2051 1656 per-

484 1672 676 1738 spicue
702 1671 769 1725 de
797 1674 1136 1744 bypostatica
1167 1684 1223 1730 et
1254 1677 1569 1731 subsistenti
1595 1677 1831 1746 Spiritus
1868 1679 2044 1734 sancti

485 1765 870 1835 progressione
898 1767 981 1820 vel
1010 1769 1359 1835 processioue
1391 1785 1525 1824 voce
1556 1786 1649 1838 per
1685 1785 1782 1824 eos
1808 1781 2043 1825 utentes.

2168 584 2469 653 σχίσματος
2499 584 2805 650 γεγονότες)
2844 584 3198 639 σπανιώτατα
3226 585 3301 640 δι’
3337 585 3473 641 Υἱοῦ
3505 589 3574 643 ἐκ
3607 592 3724 643 Πα-

2158 673 2317 738 τρός,
2352 674 2440 726 ἀεὶ
2464 673 2510 727 δ’
2536 674 2605 726 ἐκ
2637 675 2865 743 Πατρός
2902 676 2999 731 καὶ
3054 677 3187 730 Υίυῦ
3217 678 3612 745 ἐκπορεύεσθαι
3642 679 3727 750 (ἱ)

2160 763 2382 831 λέγουσι
2412 765 2472 817 τὸ
2514 765 2739 835 Πνεῦμα
2795 767 2854 819 τὸ
2881 766 3039 833 ἆγιον
3065 783 3078 797 ·
3129 770 3177 821 oi
3229 771 3275 823 δ’
3301 758 3612 824 ἀνατολικοὶ
3641 774 3723 841 τῲ

2167 855 2266 923 μὲν
2295 854 2364 918 ἐξ
2414 855 2550 908 ΥΙοῦ
2602 857 2865 920 σπανίοις,
2896 857 2973 928 τῷ
3016 858 3073 911 δὲ
3111 860 3186 913 δι’
3236 861 3372 916 Υιοῦ
3432 863 3722 928 πλεονάκις

2163 944 2420 1013 χρῶνται,
2456 946 2556 998 οὐκ
2591 947 2855 1000 ἀπεικότα
2906 950 3167 1019 ποιοῦμεν
3197 956 3277 1016 είς
3316 955 3510 1008 ταυτὸν
3565 957 3729 1026 ἥκειν

2156 1036 2387 1089 ἐνταῦθα
2410 1039 2478 1107 τῇ
2523 1037 2592 1090 ἐκ
2628 1036 2904 1109 τιθέμενοι
2959 1040 3059 1111 τὴν
3114 1040 3236 1106 διὰ,
3270 1044 3429 1099 τοῦτο
3485 1048 3583 1115 μὲν
3622 1049 3718 1101 καὶ

2154 1128 2351 1191 αὐτοὺς
2405 1127 2554 1182 ἔστιν
2610 1130 2698 1182 ὅτε
2754 1130 2813 1194 ἐξ
2874 1130 3002 1184 Υίοῦ
3061 1134 3192 1187 αὐτὸ
3246 1132 3386 1189 εἶναι
3434 1137 3721 1205 λέγοντας,

2156 1213 2312 1265 τοῦτο
2374 1215 2431 1268 δὲ
2485 1218 2579 1270 καὶ
2634 1219 2761 1280 τοὺς
2818 1222 3130 1291 ὁμόφρονας
3183 1224 3367 1288 αὐτοῖς
3418 1228 3541 1289 τοὺς
3605 1230 3719 1280 llat-

2154 1308 2320 1377 τέρας
2353 1310 2481 1375 τοὺς
2508 1310 2765 1375 δυτικοὺς
2800 1315 3119 1378 πλειστάκις
3143 1314 3286 1370 οὕτω
3334 1316 3724 1387 θεολογοῦντας

2155 1400 2525 1469 εὑρίσκοντες,
2568 1405 2664 1458 καὶ
2715 1405 2950 1474 μάλιστα
3008 1407 3138 1461 ὅταν
3180 1410 3429 1479 φανερῶς
3481 1413 3572 1465 ἐπὶ
3620 1416 3719 1482 τῆς

2155 1491 2526 1562 ὑποστατικῆς
2577 1511 2638 1548 τε
2696 1500 2789 1549 καὶ
2845 1499 3195 1570 ὑπαρκτικῆς
3256 1500 3352 1554 τοῦ
3409 1503 3720 1573 Πνεύματος

2154 1582 2382 1650 προόδου
2414 1582 2594 1636 εἶτουν
2621 1586 3000 1653 ὲκπορεύσεως
3030 1591 3096 1659 τῇ
3147 1589 3247 1643 διὰ
3274 1593 3598 1661 χρωμένους
3632 1596 3718 1648 sb-

2157 1673 2455 1741 ρίσκωμεν.
2506 1675 2575 1726 Ἢ
2601 1675 2653 1727 τί
2687 1692 2768 1729 σοι
2817 1680 2949 1739 νοεῖ,
2985 1678 3072 1733 ἵνα
3131 1681 3303 1736 τᾶλλα
3360 1684 3533 1737 πολλὰ
3591 1686 3718 1740 ὄντα

2154 1762 2295 1830 ἀφῶ,
2330 1764 2390 1815 τὸ
2420 1764 2511 1817 τοῦ
2545 1766 2692 1818 θείου
2724 1770 3090 1838 Δαμασκηνοῦ
3118 1772 3176 1824 ὲν
3219 1775 3283 1844 τῇ
3337 1775 3471 1845 πρὸς
3519 1778 3720 1844 Ἰορδά-

481 1854 591 1907 Aut
628 1855 759 1923 quid
785 1855 882 1910 tibi
911 1857 1202 1927 signiﬁcat,
1232 1870 1291 1914 ut
1335 1862 1440 1915 alia
1485 1877 1659 1931 caque
1708 1864 1875 1917 multa
1911 1879 2042 1932 prae-

2155 1869 2253 1921 νην
2292 1854 2547 1926 ἐπιστολῇ
2573 1856 2649 1928 (2)
2679 1875 2693 1923 ;
2752 1860 2924 1928 Ἡμῖν
2958 1855 3046 1926 εἷς
3081 1840 3282 1929 Cede,“
3309 1840 3494 1936 φησὶν,
3530 1870 3563 1922 ὁ
3594 1840 3715 1923 ’Πα-

485 1947 800 2010 termittam,
852 1951 998 2018 quod
1046 1953 1101 2005 in
1152 1952 1379 2020 epistola
1433 1954 1499 2007 ad
1553 1954 1845 2010 Jordauem
1885 1956 2046 2011 divus

483 2035 682 2091 eifatur
763 2038 1175 2096 Damasceuus?
1237 2043 1438 2110 Nobis,
1488 2046 1703 2116 inquit,
1770 2063 1908 2099 unus
1969 2054 2049 2101 est

483 2124 667 2190 Deus,
723 2127 887 2182 Pater
952 2139 1002 2184 et
1063 2130 1288 2188 Verbum
1345 2136 1481 2206 ejus,
1538 2144 1588 2190 et
1644 2135 1875 2207 Spiritus
1913 2136 2047 2205 ejus.

491 2212 722 2272 Verbum
759 2236 882 2275 vero
922 2222 1093 2290 [actus
1140 2227 1489 2291 personaliter
1523 2228 1810 2281 subsistens
1851 2238 1898 2280 et
1930 2228 2048 2294 Spi-

481 2309 615 2361 ritus
650 2311 978 2378 spiraculum
1005 2317 1355 2382 personaliter
1393 2318 1702 2379 subsistens,
1737 2336 1829 2388 per
1849 2318 2045 2375 Filium

480 2414 624 2466 vero,
660 2410 711 2455 et
760 2420 861 2456 nou
913 2420 977 2458 ea:
1015 2404 1175 2460 Filio.
1207 2408 1275 2463 Et
1308 2411 1500 2464 iterum
1532 2413 1583 2464 iu
1636 2412 1848 2466 decimo
1885 2414 2046 2467 tertio

481 2491 910 2563 tlteologicorum
941 2498 1178 2565 capitum
1213 2516 1227 2552 :
1264 2499 1410 2565 Filii,
1454 2502 1652 2568 inquit,
1685 2512 1759 2555 est
1792 2501 2042 2573 Spiritus.

482 2598 587 2635 non
611 2599 675 2637 ea:
706 2585 837 2654 ipso,
874 2587 966 2638 sed
1001 2597 1054 2639 ut
1084 2604 1177 2657 per
1205 2590 1373 2658 ipsum
1398 2592 1714 2660 procedens;
1744 2594 1886 2645 solus
1908 2595 2046 2646 enim

480 2688 642 2725 causa
678 2672 861 2727 Pater.
906 2675 1031 2730 llaec
1059 2677 1302 2731 doctoris
1336 2679 1494 2731 istius
1527 2680 1838 2733 testimonia
1867 2696 1930 2733 ex
1962 2680 2047 2733 iu-

483 2764 693 2819 dustria
719 2767 812 2820 tibi
833 2768 1055 2836 protuli,
1084 2785 1148 2822 ex
1177 2786 1281 2822 una
1306 2770 1525 2837 quidem
1559 2780 1709 2841 parte
1727 2771 1851 2840 quia
1876 2771 2046 2840 magis

479 2856 540 2907 iu
567 2872 631 2909 co
668 2857 899 2910 conﬁdis
926 2874 1101 2926 eoque
1134 2861 1404 2932 gloriaris,
1438 2878 1503 2916 ex
1555 2863 1726 2916 altera
1754 2878 1881 2917 vero
1919 2865 2044 2933 quia

479 2945 597 3009 inec
626 2948 872 3023 ‘maxime
904 2964 967 3002 ex
1021 2949 1139 3019 ejus
1172 2951 1333 3005 dictis
1373 2965 1559 3007 contra
1601 2969 1700 3009 nos
1744 2946 1931 3022 urges.
1986 2954 2043 3010 Si

477 3039 624 3091 enim
651 3039 765 3093 haec
798 3055 895 3107 pro
924 3041 1080 3096 nobis
1106 3051 1249 3097 stare
1278 3054 1494 3099 ostensa
1527 3045 1753 3113 fuerint,
1785 3063 1904 3117 qua:
1933 3063 2045 3107 ma-

480 3128 628 3182 xime
665 3140 855 3184 contra
887 3148 986 3187 uos
1024 3124 1171 3187 essc'
1215 3145 1407 3202 putas,
1461 3137 1606 3191 nulla
1644 3138 1738 3193 tibi
1775 3140 2046 3207 supererit

481 3221 643 3273 ratio.
669 3220 806 3285 Quid
839 3222 1002 3290 igitur
1029 3226 1345 3293 praipositio
1373 3244 1467 3294 per
1498 3228 1585 3283 hic
1607 3228 1912 3299 signiﬁcare
1945 3232 2041 3286 tibi

480 3318 537 3362 et
569 3309 636 3364 de
661 3326 767 3381 quo
794 3312 963 3381 accipi
996 3313 1255 3368 videtur?
1303 3317 1542 3372 Evidcns
1583 3330 1683 3386 est,
1719 3337 1818 3390 pro
1838 3323 2046 3392 sempi-

483 3410 640 3456 terna
699 3402 937 3472 Spiritus
968 3406 1137 3460 sancti
1174 3410 1442 3476 personali
1486 3413 1804 3467 cxsistentta
1837 3425 1892 3468 et
1918 3431 2044 3484 pro-

481 3492 730 3547 cessioue
759 3510 876 3548 cam
906 3511 1190 3562 usurpare.
1223 3499 1391 3555 Nemo
1423 3504 1567 3556 enim
1600 3505 1734 3559 adeo
1758 3508 2045 3576 impudens

481 3593 592 3646 est,
629 3594 688 3637 ut
718 3587 991 3641 contraria
1018 3586 1183 3643 dicat.
1218 3590 1351 3644 Nam
1377 3592 1710 3661 spiraculum
1742 3606 1797 3651 et
1833 3600 2044 3668 produ-

484 3686 632 3731 ctum
662 3680 1026 3748 personaliter
1055 3683 1357 3738 subsistens
1396 3700 1491 3752 per
1518 3685 1715 3740 Filium
1746 3689 1900 3754 dicit,
1936 3707 2044 3746 non

482 3781 549 3820 ex
577 3766 736 3821 Filio.
770 3768 992 3823 Frustra
1024 3769 1192 3840 igitur
1227 3771 1295 3825 ab
1328 3768 1465 3842 ipso
1516 3777 1804 3845 projicitur
1838 3795 2045 3850 praepo-

478 3857 606 3912 sitio
656 3874 768 3928 per,
807 3858 889 3912 vel
940 3861 1072 3929 quid
1124 3861 1433 3932 significat;
1478 3866 1745 3936 signiﬁcat
1798 3872 2041 3940 quidem,

476 3949 604 4004 licet
645 3951 759 4020 ipse
789 3966 899 4007 non
927 3940 1113 4019 dicas;
1139 3956 1271 4025 quid
1309 3971 1442 4012 vero
1471 3959 1619 4015 aliud
1658 3963 2044 4033 signiﬁcaverit

477 4040 582 4094 nisi
613 4050 668 4093 et
700 4041 894 4097 Filium
930 4059 1047 4098 cum
1092 4045 1251 4101 Patre
1282 4062 1404 4104 esse
1442 4064 1662 4106 causam
1707 4056 2044 4113 exsistentiae

480 4130 767 4201 Spiritus?
791 4134 943 4201 Quod
976 4152 1107 4193 vero
1135 4148 1348 4210 spectat
1380 4141 1449 4200 ad
1492 4143 1665 4199 illud:
1696 4140 1854 4202 Solus
1879 4165 2042 4203 causa

475 4224 667 4290 Pater,
682 4237 739 4281 et
759 4230 901 4298 quod
933 4229 1050 4300 ipse
1067 4232 1202 4287 dicit
1228 4249 1338 4289 non
1361 4249 1427 4289 ex
1444 4235 1583 4292 Filio
1608 4252 1727 4293 esse
1748 4238 2038 4309 Spiritum,

474 4332 581 4384 qua
614 4320 824 4374 ratione
853 4330 908 4375 et
935 4337 1100 4391 quam
1141 4324 1212 4379 ob
1246 4339 1464 4382 causam
1492 4327 1700 4384 dictum
1756 4340 1859 4398 est,
1906 4333 2037 4388 alibi

473 4409 805 4466 sufﬁcienter
844 4412 1241 4483 disputavimus
1292 4426 1350 4473 et
1409 4419 1609 4475 exinde
1654 4422 1749 4491 qui
1803 4426 2040 4482 voluerit

2150 1942 2286 2010 τὶιρ,
2320 1944 2418 1996 καὶ
2450 1944 2481 1998 ὁ
2508 1948 2699 2016 Λόγος
2731 1951 2940 2016 αὑτοῦ,
2974 1952 3164 2006 καὶτὸ
3204 1955 3448 2025 Πνεῦμα
3486 1961 3672 2014 αὐτοῦ
3697 1977 3713 1992 ο

2149 2036 2340 2103 Λόγος
2363 2035 2431 2089 δὲ
2449 2037 2872 2095 ἐνυπόστατον
2899 2044 3187 2114 γέννημα,
3215 2046 3306 2099 διὸ
3333 2047 3716 2117 καίκΥῐὸςιὸ),

2149 2127 2247 2179 καί
2296 2128 2539 2189 Πνεῦμα
2567 2131 2994 2187 ἐνυπόστατον
3036 2135 3383 2206 ἑκπόρευμα
3435 2140 3531 2193 καί
3574 2145 3716 2210 πρό-

2150 2219 2369 2287 ϐλημα,
2401 2219 2475 2274 δι’
2508 2223 2648 2276 Υίοῦ
2676 2223 2746 2277 δὲ
2775 2225 2872 2278 καὶ
2905 2227 3013 2279 οὐκ
3051 2225 3121 2291 ἐξ
3192 2228 3329 2283 Υίοῦ
3360 2245 3374 2259 ⁸
3411 2234 3505 2284 καὶ
3533 2229 3598 2288 αὖ
3654 2236 3714 2288 τὸ

2149 2309 2206 2361 ἐν
2238 2309 2764 2382 τῷτρισκαιδεκάτῳ
2806 2314 2971 2368 αὑτοῦ
3024 2318 3132 2370 τῶν
3168 2320 3495 2389 θεολογικῶν
3545 2342 3714 2392 κεφα-

2149 2400 2318 2454 λαίων
2345 2418 2361 2432 ο
2402 2402 2510 2456 Καὶ
2554 2404 2692 2458 Υἱοῦ
2715 2404 2782 2457 δὲ
2803 2407 3070 2476 Πνεῦμα,
3097 2412 3213 2481 οὐχ
3269 2413 3352 2478 ὡς
3387 2415 3456 2479 ἐξ
3501 2419 3712 2482 αὐτοῦ,

2147 2494 2285 2547 ἀλλ’
2314 2494 2394 2558 ὡς
2419 2493 2495 2546 δι’
2542 2497 2731 2550 αὑτοῦ
2805 2497 3300 2570 ἐκπορευόμενον
3358 2507 3544 2574 μόνος
3605 2511 3715 2579 qv‘rp

2148 2582 2342 2649 αἴτιος
2369 2587 2401 2638 ό
2432 2586 2637 2655 Πατήρ
2690 2588 2795 2657 (4).
2842 2590 2949 2643 Καὶ
2998 2591 3250 2663 ἐπίτηδες
3297 2599 3497 2662 ταύτας
3535 2599 3593 2651 τέ
3629 2616 3712 2654 σοι

2151 2673 2246 2726 καὶ⁹
2287 2674 2387 2736 τὰς
2432 2675 2625 2729 τούτου
2670 2678 2765 2730 τοῦ
2815 2678 3138 2735 διδασκάλου
3199 2690 3503 2756 μαρτυρίας
3541 2694 3714 2760 προη-

2150 2782 2339 2832 νεγκα,
2365 2766 2522 2820 τοῦτο
2563 2770 2660 2838 μὲν
2687 2770 2759 2833 ὡς
2785 2772 2876 2826 ὲπὶ
2906 2775 3081 2845 τούτῳ
3121 2776 3215 2829 σοῦ
3248 2781 3449 2847 μᾶλλον
3501 2784 3713 2851 ἰσχυρι-

2149 2854 2403 2925 ζομένου,
2431 2858 2592 2913 τοῦτο
2625 2860 2671 2913 δ’
2724 2861 2800 2926 ὡς
2850 2864 3058 2930 ταύτας
3113 2869 3348 2937 μάλιστα
3384 2874 3488 2924 τῶν
3546 2875 3711 2928 αὑτοῦ

2148 2948 2280 3017 ἡμῖν
2312 2949 2645 3013 ἐπισείοντος
2672 2968 2686 2983 ο
2747 2954 2955 3009 τούτων
3000 2959 3114 3027 γὰρ
3173 2961 3312 3029 πρὸς
3355 2963 3514 3033 ἡμῶν
3568 2963 3709 3021 εἷναι

2147 3029 2484 3110 δειχθεισῶν,
2514 3043 2581 3107 ἃς
2614 3045 2851 3114 μάλιστα
2873 3048 2993 3101 καθ’
3015 3051 3172 3120 ἡμῶν
3197 3053 3354 3115 αὐτὸς
3386 3056 3505 3117 οἴει,
3537 3056 3711 3121 οὐδεὶς

2149 3133 2228 3184 ἔτι
2254 3148 2347 3184 σου
2378 3133 2731 3203 λειφθήσεται
2764 3137 2824 3189 λό
2839 3154 2944 3204 (0;.
2969 3140 3035 3191 Τί
3056 3141 3237 3193 τοίνυν
3273 3143 3307 3212 ἡ
3333 3144 3430 3197 διὰ
3462 3145 3608 3198 δοκεῖ
3626 3163 3710 3199 σοι

2149 3225 2437 3294 σημαίνειν
2465 3216 2718 3294 ἐνταῦθα,
2754 3231 2893 3282 κάπὶ
2943 3232 3085 3296 τίνος
3147 3235 3711 3306 παραλαμϐάνεσθαι;

2149 3315 2222 3368 ’Ἠ
2249 3316 2430 3386 δῆλον»
2460 3317 2535 3380 ὡς
2567 3318 2659 3371 ἐπὶ
2684 3320 2784 3386 τῆς
2812 3321 2984 3375 ἀϊδίου
3007 3323 3099 3376 τοῦ
3133 3324 3449 3394 Πνεύματος
3477 3330 3709 3384 ὑποστα-

2144 3410 2301 3478 τικῆς
2335 3408 2625 3477 ὑπάρξεώς
2663 3426 2722 3463 τε
2770 3413 2864 3464 κα)⁸
2921 3414 3335 3482 ὲκπορεύσεως·
3392 3419 3563 3483 οὐδεὶς
3598 3423 3707 3490 γὰρ

2144 3500 2254 3570 γὰρ
2314 3499 2486 3564 οὓτως
2523 3501 2896 3572 ἁναίτχυντος,
2950 3506 3026 3568 ὡς
3082 3510 3342 3564 τάναντία
3391 3515 3585 3568 εἰπεῖν.
3633 3518 3706 3570 Τὸ

2143 3591 2250 3662 γὰρ
2281 3593 2646 3646 ὲνυπόστατον
2679 3597 2995 3667 ὲκπὸρευμα
3023 3601 3115 3652 καὶ
3140 3602 3437 3672 πρόϐλημα
3478 3606 3548 3659 δι’
3573 3607 3703 3661 Υίίιῦ

2145 3699 2330 3750 φησιν,
2354 3683 2454 3737 οὐκ
2485 3684 2544 3749 ἐξ
2581 3685 2734 3741 Υίοῦ.
2763 3686 2956 3757 Μάτην
3007 3684 3100 3744 οὖν
3118 3692 3268 3762 αὐτῷ
3304 3696 3703 3768 προσέῥριπται

2143 3774 2176 3842 ἡ
2206 3772 2334 3837 διὰ,
2364 3774 2396 3845 ἢ
2425 3775 2516 3827 καὶ
2538 3776 2589 3827 τὶ
2613 3776 2900 3846 σημαίνει·
2929 3780 3179 3849 σημαίνει
3207 3800 3268 3852 γε
3293 3785 3396 3855 (5),
3421 3786 3522 3840 κᾶν
3544 3790 3706 3854 αὐτὸς

2146 3868 2221 3936 μὴ
2256 3868 2441 3947 φαίηςσ
2479 3869 2532 3921 τί
2560 3868 2604 3920 δ’
2628 3869 2760 3922 ἄλλο
2782 3871 3078 3940 σημάνειεν
3104 3873 3135 3944 ἢ
3163 3877 3258 3928 καὶ
3288 3877 3379 3930 τὸν
3404 3878 3536 3933 Υίὸν
3567 3884 3706 3949 μετὰ

2143 3957 2236 4011 τοῦ
2269 3944 2482 4028 Πατρὶς
2513 3961 2691 4015 αἰτίαν
2719 3957 2861 4016 εἶναι
2904 3965 3000 4033 τῆς
3028 3967 3120 4019 τοῦ
3170 3969 3485 4038 Ιινεύματος
3531 3974 3709 4044 ὑπάρ-

2145 4048 2314 4117 ξεως;
2342 4049 2422 4104 ’Τὸ
2459 4051 2513 4105 δὲ
2533 4055 2723 4122 μόνος
2750 4054 2942 4120 αἴτιος
2985 4056 3016 4110 ὁ
3044 4059 3249 4127 Πατὴρ
3281 4062 3376 4115 καὶ
3425 4064 3485 4116 τὸ
3533 4065 3605 4136 μὴ
3646 4067 3706 4131 ἐξ

2142 4142 2274 4197 Υἱοῦ
2307 4142 2469 4196 αὐτὸν
2500 4146 2677 4198 εἰπεῖν
2709 4143 2849 4199 εἶναι
2906 4151 2967 4201 τὸ
3013 4150 3256 4221 Πνεῦμα,
3304 4155 3453 4218 ὅπως
3512 4174 3573 4211 τε
3608 4160 3702 4211 καὶ

2141 4234 2228 4289 διὰ
2249 4236 2371 4289 τίνα
2399 4237 2579 4290 αἰτίαν
2613 4236 2854 4309 εἴρηται,
2901 4242 2962 4294 ὲν
3000 4242 3184 4308 ἄλλοις
3233 4246 3435 4310 ἱκανῶς
3470 4249 3704 4319 διειλέγ-

2143 4325 2305 4395 μεθα,
2348 4329 2600 4381 κζκεῖθεν
2625 4332 2652 4382 ὁ
2682 4330 3008 4399 βουλόμενος
3038 4334 3403 4403 ἁναλεξάσθω,
3433 4339 3567 4394 ὅπου
3604 4343 3703 4406 τὰς

2140 4417 2396 4480 τοιαύτας
2420 4419 2729 4485 ἀντιθέσεις
2786 4423 2985 4489 ίκανῶς
3044 4424 3426 4497 διαλυσάμενοι
3467 4433 3705 4496 συμϐαί-

473 4502 700 4571 relegat,
722 4504 814 4557 ubi
851 4506 986 4558 tales
1015 4506 1238 4575 quidem
1272 4511 1649 4579 oppositiones
1677 4513 1897 4569 abunde
1927 4515 2037 4571 dis-

2147 4526 2335 4574 νοντας
2386 4514 2511 4574 τοὺς
2556 4512 2745 4579 ἁγίους
2804 4515 3056 4585 ἀλλήλοις
3126 4519 3408 4588 ἐδείξαμεν
3463 4525 3558 4576 καὶ
3613 4525 3704 4579 διὰ

473 4595 740 4649 solvimus
802 4606 1132 4666 sanctosque
1183 4600 1520 4657 ostendimus
1547 4604 1769 4661 sibimet
1806 4622 2037 4663 concor-

472 4684 668 4738 dantes
696 4695 753 4739 et
776 4701 875 4755 per
902 4689 1083 4742 omnia
1115 4687 1170 4742 in
1201 4690 1459 4747 omnibus
1489 4706 1874 4753 consonantes.
1906 4698 2039 4765 Quae

471 4786 657 4829 autem
690 4777 900 4844 profers
928 4777 996 4832 de
1023 4794 1112 4845 eo,
1155 4780 1301 4849 quod
1333 4798 1441 4837 non
1466 4786 1669 4850 omnia,
1699 4802 1820 4858 qua:
1859 4790 1928 4845 de
1956 4791 2040 4846 di-

469 4867 600 4921 vino
631 4868 838 4937 Spiritu
862 4869 1138 4938 dicuntur,
1157 4873 1408 4928 similiter
1426 4875 1493 4929 ad
1516 4878 1733 4933 Patrem
1760 4889 1816 4934 et
1836 4881 2034 4937 Filium

473 4957 803 5024 referuntur,
844 4959 912 5014 ab
954 4960 1303 5019 auditoribus
1345 4967 1577 5034 gratiam
1631 4986 1865 5040 poscens
1895 4975 2035 5033 dicis

468 5050 753 5120 pleraque.
793 5051 981 5123 Neque
1031 5055 1176 5110 enim
1241 5056 1477 5115 adducta
1520 5078 1551 5117 a
1611 5074 1663 5118 te
1723 5067 2033 5122 testimonia

468 5143 650 5194 omnia
683 5141 785 5197 hoc
818 5144 1070 5223 probant,
1098 5146 1208 5201 imo
1235 5151 1500 5205 nonnulla
1544 5153 1779 5223 probant
1806 5162 2032 5215 oumiuo

465 5225 823 5310 contrarium.
850 5218 1004 5288 'Nam
1042 5251 1139 5304 per
1164 5236 1386 5303 ,Patrem
1415 5218 1636 5309 prodire
1682 5256 1737 5300 ct
1768 5250 2033 5317 suppedi-

468 5324 593 5387 tari,
638 5325 782 5381 sicut
810 5334 866 5381 et
912 5341 1011 5396 per
1065 5327 1297 5396 Filium,
1341 5330 1485 5386 haud
1530 5333 1742 5390 dicetur
1792 5338 2029 5409 Spiritus

463 5424 689 5483 propter
733 5416 1029 5486 praedicta;
1089 5417 1147 5472 in
1206 5419 1364 5475 Patre
1425 5436 1557 5495 vero
1591 5438 1812 5482 ntanere
1868 5440 1925 5485 et
1974 5431 2028 5485 in

535 5569 611 5640 (l)
651 5571 922 5650 [δέ-(εσθαι
948 5575 1274 5650 οόόὶιᾷᾈῐοιι.
1306 5576 1344 5650 r,
1382 5575 1508 5650 2372,
1533 5576 1753 5650 b,quod
1790 5583 1941 5640 deest
1971 5587 2025 5641 in

464 5634 631 5717 mare}
655 5642 702 5717 ι,
735 5634 824 5704 es.
854 5644 919 5717 b,
942 5654 997 5698 et
1030 5647 1083 5700 in
1114 5648 1283 5706 Vatic.
1313 5634 1352 5717 r',
1390 5634 1519 5715 185;.
1549 5634 1603 5705 ti.

535 5709 613 5780 (2)
654 5710 861 5767 Monac.
900 5715 932 5780 ἡ
944 5718 1082 5779 μεῖς.

540 5779 614 5846 (5)
651 5780 789 5837 Μοιι.
828 5785 856 5835 ό
895 5779 1037 5850 Υἱός.

2143 4599 2400 4653 ἁπάντων
2427 4602 2486 4654 ἐν
2552 4602 2723 4656 ὄιπασι
2761 4606 3211 4674 συμφωνοῦντας.
3253 4611 3317 4663 *Α
3350 4612 3406 4664 δὲ
3438 4614 3542 4685 φῂς
3572 4618 3703 4686 περὶ

2138 4690 2232 4744 τοῦ
2264 4693 2338 4762 μὴ
2369 4694 2543 4746 πάντα
2571 4693 2639 4748 τὰ
2669 4695 2794 4764 περὶ
2835 4695 2927 4748 τοῦ
2961 4697 3104 4750 θείου
3160 4699 3427 4771 λεγόμενα
3456 4705 3703 4775 Πνεῦμα-

2138 4800 2229 4867 τος
2256 4785 2458 4855 ὁμοίως
2478 4785 2614 4855 πρὸς
2651 4787 2868 4858 Πατέρα
2903 4791 2999 4843 καὶ
3035 4790 3163 4844 Υἱδν
3190 4793 3584 4865 ἀναφέρεσθαι,
3609 4800 3704 4867 χά-

2141 4854 2230 4947 ρῖν
2263 4854 2389 4938 τοὺς
2416 4854 2712 4942 ἀκούοντας
2730 4854 2908 4934 ἀἰτῶν
2932 4882 3113 4951 λέγεις
3145 4888 3214 4938 τὰ
3261 4854 3463 4941 τελείαν
3490 4890 3550 4941 οὐ

2136 4968 2205 5021 τὰ
2238 4971 2553 5040 ἐπαγόμενά
2580 4987 2664 5025 σοι
2699 4975 2978 5045 μαρτύρια
3009 4976 3185 5029 πάντα
3214 4977 3374 5032 τοῦτο
3406 4979 3700 5034 δείκνυσιν·

2135 5057 2252 5111 ἐστι
2278 5059 2324 5113 δ’
2351 5061 2386 5115 ἂ
2426 5063 2521 5114 καὶ
2550 5064 2660 5116 πᾶν
2680 5063 3008 5118 τούναντίον·
3040 5052 3139 5120 διὰ
3169 5069 3273 5137 μὲν
3315 5070 3422 5140 γὰρ
3449 5070 3545 5123 τοῦ
3587 5073 3701 5124 Πα-

2135 5151 2264 5218 τρὺς
2295 5154 2543 5220 προϊέναι
2580 5155 2674 5206 xui
2701 5157 3079 5227 χορηγεῖδθαι,
3109 5158 3184 5222 ὡς
3210 5163 3302 5213 καὶ
3329 5160 3397 5214 δι’
3424 5161 3578 5226 Υίοῦ,
3601 5165 3700 5217 οὐκ

2136 5242 2203 5296 ἂν
2236 5244 2426 5314 ῥηθείη
2461 5248 2520 5299 τὸ
2551 5246 2777 5315 Πνεῦμα
2804 5248 2894 5301 διὰ
2918 5249 2987 5302 τὰ
3019 5252 3395 5322 προειρημένα
3418 5270 3433 5285 ο
3487 5255 3544 5306 ἐν
3587 5257 3699 5308 Πα-

2133 5340 2222 5401 τρὶ
2251 5338 2307 5389 δὲ
2341 5339 2524 5406 μένειν
2551 5341 2644 5391 καὶ
2677 5342 2733 5391 ἐν
2776 5341 2951 5409 Πατρὶ
2982 5342 3388 5409 ἀναπαύεσθαι,
3418 5342 3493 5406 ὡς
3521 5348 3615 5397 καὶ
3642 5348 3698 5399 ἐν

2134 5426 2267 5497 Υίέξ),
2298 5428 2358 5480 τὸ
2380 5429 2605 5498 Πνεῦμα
2661 5430 2722 5482 τὸ
2752 5430 2928 5498 ἆγιον,
2961 5432 3112 5487 οὐδὲν
3147 5434 3345 5490 ἄτοπον
3379 5435 3581 5504 λέγειν,
3617 5438 3697 5491 εῖ-

2203 5586 2279 5656 (ι)
2324 5584 2584 5660 Eumdetn
2623 5587 2817 5660 locum
2839 5590 3035 5660 allegat
3082 5593 3305 5652 Beccus.
3334 5605 3476 5649 orat.
3515 5595 3550 5650 2
3574 5635 3588 5655 .
3618 5594 3695 5650 De

2130 5659 2328 5738 injusta
2360 5657 2549 5738 (lepos.
2573 5673 2635 5738 _c.
2671 5659 2731 5711 17
2763 5659 2877 5738 (gr.
2912 5657 3056 5718 orth.
3083 5665 3146 5733 ΙΙ,
3180 5666 3290 5738 65),
3315 5666 3381 5719 ad
3410 5669 3692 5721 Constant.

2130 5730 2167 5782 ι.
2204 5743 2279 5801 ιγ,
2307 5741 2355 5801 ς,
2384 5726 2417 5777 5
2452 5727 2630 5801 (ibid,
2667 5745 2714 5796 ιι,
2759 5729 2907 5801 εει).

2204 5799 2278 5863 (5)
2312 5794 2473 5849 Marc.
2503 5799 2577 5850 δέ.
2610 5842 2635 5850 ,.
