4132 6426
517 350 626 415 1'15

1882 349 2393 414 BESSARIONIS

3646 355 3757 422 176

508 474 564 522 et
587 465 679 535 qui
719 464 894 521 dicit:
940 463 1287 533 Beneplacito
1320 463 1515 528 Patris,
1558 461 1878 532 operatione
1923 462 2061 527 Filii1

2173 461 2449 528 γενὲσθαι,
2479 461 2540 516 ἓν
2568 463 2785 537 ἑκάστῳ
2812 466 2936 528 δοὺς
2960 466 3210 535 ἀφειλετο
3255 467 3324 522 τὰ
3372 467 3555 523 λοιπά.
3586 470 3759 539 Δῆλον

511 556 898 625 cooperatione
922 555 1159 623 Spiritus
1186 556 1360 610 sancti
1394 555 1574 609 locum
1600 552 1856 608 habuisse
1892 553 2076 607 incar-

513 643 817 704 nationem,
846 642 974 695 dum
1012 657 1180 695 unum
1249 642 1552 711 unicuique
1591 642 1804 705 tribttit,
1860 642 2073 710 reliqua

509 735 581 792 ab
610 749 676 788 eo
700 734 970 788 excludit.
1011 732 1356 788 Manifestum
1418 735 1587 799 igitur
1612 741 1697 788 est
1732 732 1819 787 vel
1860 748 1925 787 ex
1957 733 2074 801 ipsa

507 823 705 889 forma,
736 839 859 893 quae
894 833 981 877 est
1036 823 1340 877 secundum
1389 822 1856 881 distributionem.
1895 834 2074 887 neque

2181 554 2290 622 ἄρα
2330 555 2424 609 καὶ
2459 555 2519 620 ἐξ
2545 556 2712 610 αὐτοῦ
2742 558 2836 611 τοῦ
2865 560 3008 613 κατὰ
3022 561 3118 612 τὸν
3146 559 3416 629 μερισμὸν
3444 562 3747 633 σχήματος,

2180 644 2257 706 ὼς
2299 644 2421 698 οὔτε
2459 646 2536 714 τῷ
2570 648 2746 718 Πατρὶ
2789 650 3059 719 προσήκει
3084 650 3145 704 τὸ
3170 650 3242 704 δι’
3288 651 3458 705 αὐτοῦ
3496 660 3757 723 χορηγεῖ-

2183 731 2311 785 σθαι
2337 734 2398 786 τὸ
2427 736 2650 806 Πνεῦμα
2677 737 2738 790 τὸ
2764 737 2940 807 ἅγιον,
2968 738 3093 792 οῦτε
3122 739 3200 811 τῷ
3247 740 3361 812 Υἱῷ
3381 742 3443 798 τὸ
3497 742 3558 808 ἐξ
3583 745 3753 801 αὐτοῦ

2181 824 2600 893 ἐκπορεύεσθαι.

503 916 798 970 convenire
827 916 999 979 Patri,
1033 917 1179 985 quod
1205 932 1299 986 per
1326 915 1504 986 ipsum
1530 914 1910 985 suppeditetur
1981 910 2217 980 Spiritus
2286 928 2530 984 sanctus,
2589 934 2770 992 neque
2803 921 3104 979 convenire
3132 922 3295 991 Filio,
3359 927 3505 997 quod
3537 943 3603 985 ex
3632 929 3756 1001 ipso

505 1005 746 1079 Spiritus
779 1020 1003 1066 sanctus
1047 1011 1330 1081 procedat.

644 1157 988 1211 Adnvirabilis
1030 1158 1325 1214 cardinalis
1358 1157 1568 1213 Nica‘m'
1596 1172 1921 1222 responsum.

568 1268 766 1326 Utrum
813 1283 868 1324 tu
903 1271 1085 1340 potius
1109 1272 1495 1342 syllogisticatn
1545 1271 1868 1327 tnethodum
1896 1279 1951 1325 et
1984 1270 2064 1323 lo-

498 1361 670 1432 gicum
709 1364 1154 1431 consequentiam
1186 1364 1408 1423 calleas,
1433 1380 1501 1418 an
1529 1381 1660 1419 vero
1684 1364 1863 1418 katini
1890 1372 1945 1417 et
1968 1362 2060 1432 qui

500 1468 625 1508 cum
658 1453 865 1507 Latinis
890 1454 1159 1519 sentiunt,
1184 1454 1240 1508 id
1291 1455 1705 1511 sullicienlerin
1742 1454 2069 1509 refutatione

502 1544 666 1613 primi
702 1559 767 1597 ex
796 1546 903 1598 tuis
942 1548 1281 1614 argumentis
1337 1548 1699 1607 ostendimus,
1742 1545 1963 1615 quando
2013 1554 2066 1599 te

497 1636 789 1705 perspicue
853 1636 1213 1699 refutavimus
1274 1640 1517 1708 pessime
1571 1639 1964 1692 hallucinatum
2011 1647 2069 1692 et

496 1726 793 1795 sophistice
823 1726 983 1795 plane
1014 1729 1427 1783 ratiocinantem
1449 1746 1555 1784 una
1582 1745 1705 1784 cum
1732 1730 1817 1794 iis,
1848 1729 1937 1799 qui
1966 1728 2066 1783 tibi

496 1816 800 1881 adhmrent,
831 1826 888 1872 et
917 1819 1054 1873 nihil
1110 1820 1340 1875 ulterius
1379 1820 1582 1875 addere
1620 1835 1758 1890 opus
1793 1834 1898 1874 ρει.
1960 1819 2069 1872 Ad-

2326 1153 2439 1207 Τοῦ
2474 1157 2854 1225 θαυμαστοῦ’
2873 1158 3303 1228 καρδηνάλεως
3342 1163 3611 1229 Νικαίας.

2246 1265 2458 1336 Πότερα
2491 1269 2554 1322 σὺ
2588 1269 2792 1338 μᾶλλον
2822 1270 2854 1341 ἥ
2907 1273 3126 1325 Λατῖνοι
3156 1275 3252 1325 καὶ
3279 1274 3330 1326 οἷ
3381 1275 3451 1327 τὰ
3503 1275 3754 1331 Λατίνων

2180 1358 2507 1425 φρονοῦντες
2542 1360 2963 1432 συλλογιστικῆς
3001 1381 3058 1416 τε
3108 1364 3333 1434 μεθόδου
3382 1366 3481 1418 καὶ
3522 1366 3750 1437 λογικῆς

2173 1451 2389 1513 ἐπαϊεις
2421 1451 2745 1516 ἀκολουθίας
2775 1454 2977 1517 ἱκανῶς
3021 1456 3080 1507 ἐν
3101 1457 3215 1519 τοῖς
3246 1455 3383 1525 πρὸς
3417 1456 3480 1510 τὺ
3530 1457 3751 1526 πρῶτον

2173 1539 2284 1593 τῶν
2324 1541 2435 1592 σῶν
2462 1542 2912 1612 ἐπιχειρημάτων
2943 1543 3251 1615 ἐδείξαμεν,
3288 1546 3380 1599 ὅτε
3417 1546 3476 1600 σέ
3507 1533 3752 1617 περιφα-

2171 1630 2278 1693 νῶς
2312 1631 2704 1703 ἀπηλέγξαμεν
2731 1633 2991 1703 αἴσχιστα
3021 1634 3387 1694 ἀπατώμενον
3415 1636 3508 1690 καὶ
3551 1636 3749 1689 σαυτὶν

2170 1720 2289 1790 ἅμα
2313 1723 2413 1776 καὶ
2439 1723 2565 1786 τοὺς
2592 1727 2677 1780 σοὶ
2697 1725 3087 1796 προσέχοντας,
3115 1726 3747 1798 παρασυλλογιζὸμενον,

2172 1815 2268 1867 καὶ
2307 1814 2462 1868 οὐδὲν
2514 1816 2595 1869 δεῖ
2624 1818 2935 1889 περαιτέρω
2988 1821 3332 1887 προσθεῖναι.
3376 1821 3519 1890 Πρὸς
3569 1820 3625 1874 δὲ
3676 1821 3749 1874 τὰ

497 1924 691 1964 versus
717 1925 851 1964 vero
877 1911 1316 1979 sapientissimas
1350 1912 1450 1966 has
1478 1912 1783 1966 sententias
1813 1919 1869 1965 et
1892 1910 2061 1980 prima

2176 1907 2315 1975 σοφά
2343 1925 2436 1962 σου
2468 1908 2642 1963 ταῦτα
2663 1911 2735 1963 τὰ
2760 1911 3100 1983 διανοήματα
3133 1914 3230 1967 καὶ
3266 1914 3459 1984 πρῶτα
3491 1915 3600 1966 τῶν
3619 1931 3751 1966 παι-

496 2016 794 2070 pucrorum
840 2002 1151 2057 rudimenta
1190 2005 1603 2074 grammaticum
1659 2003 1949 2074 quemdam
1980 2018 2070 2057 ar-

496 2109 713 2150 cessere
743 2110 884 2166 opus
928 2094 1093 2150 fuerit
1147 2097 1241 2165 qui
1292 2096 1730 2166 grammaticales
1762 2096 1861 2149 ltas
1907 2109 2069 2164 regu-

2172 1998 2375 2070 δαρίων
2407 2001 2710 2073 μαθήματα
2730 2005 3167 2075 γραμματιστὴν
3202 2005 3304 2073 μὲν
3356 2006 3420 2061 ἄν
3453 2023 3577 2058 τινα
3619 2007 3749 2058 ἑπι-

2168 2089 2504 2146 καλέσασοαι
2530 2093 2642 2146 δέοι
2662 2096 2789 2159 τοὺς
2817 2083 3245 2167 γραμματικοὺς
3276 2115 3357 2151 σοι
3389 2097 3616 2158 τούτους
3645 2114 3749 2150 κα-

494 2185 579 2243 las
608 2187 705 2242 tibi
760 2197 1034 2257 exponat;
1067 2187 1357 2243 dicendum
1409 2197 1591 2243 tamen
1659 2187 1821 2243 nobis
1849 2199 1952 2253 est,
1989 2186 2061 2242 di-

2171 2182 2329 2245 νόνας
2372 2182 2821 2256 ἐξηγησόμενονο
2849 2189 3044 2257 ῥητέον
3072 2187 3130 2241 δὲ
3175 2189 3268 2242 καὶ
3298 2189 3429 2258 ἡμῖν
3456 2188 3532 2252 ὠς
3556 2191 3587 2257 ή
3609 2188 3750 2242 διαι-

491 2277 721 2332 visivam
755 2279 1027 2347 ejusmodi
1076 2279 1469 2349 particularum
1505 2287 1571 2333 et
1620 2278 2066 2349 praepositionum

488 2370 751 2424 virtutem
790 2371 930 2425 nihil
959 2370 1025 2423 ad
1050 2379 1375 2441 prmsentem
1407 2370 1836 2436 disputationem
1861 2370 2066 2436 valere‘,

491 2463 537 2518 si
565 2462 689 2533 quis
717 2464 781 2517 ad
812 2479 1052 2532 scOpum
1076 2478 1294 2527 eorum,
1325 2479 1446 2534 qua:
1471 2462 1753 2526 dicuntur,
1788 2462 2065 2532 respiciat.

490 2552 607 2610 lloc
656 2570 789 2608 vero
838 2555 891 2610 in
934 2555 1191 2610 omnibus
1240 2556 1558 2611 necessario
1593 2554 1906 2609 faciendum
1960 2561 2066 2621 est,

491 2645 538 2699 si
574 2647 701 2716 quis
730 2645 861 2699 velit
883 2655 1139 2701 accurate
1164 2662 1285 2715 quas
1315 2646 1574 2700 dicuntur
1604 2644 1911 2709 intendere,
1938 2644 2064 2698 etin

489 2738 769 2808 theologia
831 2737 1209 2806 potissimum,
1258 2745 1319 2790 ut
1364 2744 1422 2791 et
1473 2736 1669 2791 beatus
1726 2736 1962 2807 Cyrillus
2010 2737 2064 2790 in

490 2826 790 2883 Thesauris
821 2829 1087 2897 postulat,
1126 2828 1257 2881 dum
1307 2828 1419 2882 ait:
1461 2827 1681 2897 Oportet
1719 2843 1837 2881 eum
1864 2829 1955 2896 qui
1985 2845 2067 2883 se-

490 2929 594 2975 met
625 2919 855 2989 accingit
903 2920 973 2972 ad
1004 2918 1320 2972 scrutandas
1349 2919 1559 2973 divinas
1601 2917 1908 2989 Scriptura:
1937 2928 2063 2972 lem-

488 3027 586 3080 μηδ
616 3011 1046 3081 occasionemqne
1079 3010 1379 3076 observare,
1419 3010 1631 3080 quando
1670 3010 1865 3065 dicitur
1904 3011 1959 3065 id
2001 3012 2065 3065 de

490 3118 593 3171 quo
631 3104 833 3171 agitur.
865 3109 913 3154 et
947 3118 1250 3173 personam,
1292 3119 1323 3155 α
1355 3118 1459 3172 qua
1490 3101 1571 3157 vel
1591 3119 1685 3171 per
1715 3120 1873 3173 quam
1903 3103 1984 3156 vel
2002 3103 2066 3157 de

490 3210 594 3262 qua
629 3194 858 3260 dieitur;
909 3194 983 3246 sic
1014 3195 1152 3246 enim
1194 3196 1393 3265 absque
1434 3210 1615 3248 errore
1643 3211 1827 3249 sensus
1872 3196 1936 3249 iis
1972 3197 2062 3264 qui

2174 2274 2365 2345 ρετική
2402 2291 2489 2329 σοι
2533 2277 2645 2331 τῶν
2697 2277 3012 2348 συνδέσμων
3056 2278 3263 2333 τούτων
3305 2279 3538 2349 δύναμις
3588 2279 3748 2334 οὐδὲν

2169 2368 2307 2437 πρὸς
2326 2367 2419 2422 τὸν
2457 2367 2615 2437 λόγον
2637 2351 2810 2433 ἐστὶν,
2861 2370 2917 2424 εῐ
2934 2386 3019 2432 τις
3052 2371 3189 2441 πρὸς
3238 2370 3332 2425 τδν
3363 2370 3743 2441 sitv-levatas-

2168 2444 2282 2513 ’νων
2315 2458 2498 2513 ἀπίδοι
2530 2460 2752 2517 σκοπόν.
2778 2460 2953 2514 Τοῦτο
2992 2463 3087 2516 καὶ
3118 2464 3212 2515 ἐπὶ
3240 2462 3461 2517 πάντων
3514 2463 3741 2531 ἀνάγκη

2168 2552 2367 2618 ποιεῖν,
2395 2551 2443 2604 εἰ
2476 2550 2661 2620 μέλλει
2704 2568 2790 2614 τις
2827 2552 3070 2623 ἀκριϐῶς
3096 2554 3308 2606 ἐπαΐειν
3356 2553 3466 2606 τῶν
3513 2552 3747 2622 λεγομέ-

2169 2661 2299 2709 νων,
2337 2644 2477 2696 κάπὶ
2507 2643 2789 2712 θεολογίας
2840 2645 3099 2713 μάλιστα,
3153 2638 3316 2716 ᾖκαὶ
3362 2643 3632 2715 Κύριλλος
3681 2647 3742 2697 ἐν

2169 2734 2509 2802 Θησαυροῖς
2535 2737 2562 2788 ὁ
2588 2736 2863 2804 μακάριος
2905 2736 3184 2804 βούλεται,
3222 2735 3340 2799 Δεῖ,
3401 2736 3599 2804 λέγων,
3631 2736 3742 2790 τὸν

2165 2829 2251 2892 εις
2277 2826 2533 2893 ἔρευναν
2579 2827 2938 2896 ἔμϐαινον-τα
2970 2827 3091 2881 τῶν
3121 2830 3300 2884 θείων
3346 2827 3606 2898 Γραφῶν
3630 2829 3742 2883 τὸν

2168 2921 2382 2987 καιρὸν
2406 2918 2481 2991 (Ι)
2508 2919 2839 2987 ἐπιτηρεῖν,
2863 2921 2996 2976 καθ’
3036 2920 3111 2975 ὃν
3136 2923 3376 2988 λέγεται
3408 2922 3475 2974 τὸ
3496 2921 3739 2990 λεγόμε-

2164 3027 2275 3064 νον
2312 3010 2390 3080 ('2)
2410 3010 2508 3063 καὶ
2539 3010 2606 3064 τὸ
2631 3012 2978 3079 πρόσωπον,
3006 3010 3145 3079 παρ’
3169 3008 3242 3067 οὗ
3268 3012 3307 3079 ἣ
3344 3010 3416 3064 δι’
3446 3007 3518 3066 οὗ
3546 3010 3582 3079 ἢ
3602 3010 3736 3078 περὶ

2164 3098 2237 3158 οὗ
2265 3103 2502 3172 λέγεται
2520 3117 2536 3135 ο
2567 3103 2721 3157 οὕτω
2748 3103 2856 3172 γὰρ
2879 3103 2956 3157 ἂν
2987 3102 3270 3171 ἀπλανὴς
3295 3104 3333 3170 ἠ
3361 3103 3596 3157 διάνοια
3622 3121 3738 3173 φυ-

2166 3197 2422 3265 λαχθείη
2465 3194 2591 3261 τοῖς
2620 3196 2811 3263 ὀρθῶς
2846 3194 3133 3251 ἐθέλουσι
3192 3193 3380 3249 νοεῖν.
3418 3193 3605 3249 Ταῦτα
3629 3193 3738 3248 τοι·

491 3294 631 3340 recle
665 3284 847 3340 volunt
881 3285 1181 3357 intelligere
1203 3287 1502 3341 servabitur
1531 3288 1631 3358 (a).
1656 3287 1783 3343 Ilzec
1808 3289 1974 3359 igitur
2006 3298 2061 3343 et

2167 3305 2261 3341 vuv
2307 3286 2590 3341 κάνταῦθα
2640 3289 3009 3359 σκοπούμενοι
3057 3288 3368 3358 εὑρήσομεν
3417 3288 3546 3351 τοὺς
3595 3287 3738 3341 διδα-

490 3377 596 3431 boc
651 3378 774 3433 loco
808 3378 1229 3434 considerantes
1278 3379 1630 3435 inveniemus
1670 3383 1928 3437 ductores
1974 3381 2057 3435 in-

489 3470 749 3527 s’stentes
804 3481 995 3524 contra
1044 3471 1359 3536 haereticos,
1407 3473 1501 3542 qui
1553 3472 1903 3527 divinitatem
1942 3482 2055 3527 tum

487 3559 610 3617 Filii
644 3569 759 3613 tum
785 3559 1032 3630 Spiritus
1059 3562 1232 3616 sancti
1259 3561 1658 3633 impugnarunt
1682 3573 1847 3632 atque
1872 3566 2057 3621 omnia

489 3660 879 3722 pervenerunt
927 3667 991 3708 ac
1038 3668 1134 3707 sus
1177 3652 1357 3723 deque
1407 3663 1692 3709 verterunt
1740 3654 2057 3724 Scriptura-

488 3759 727 3813 rutnque
779 3743 1095 3800 testimonia
1132 3745 1201 3799 ad
1251 3745 1534 3816 proprium
1584 3761 1828 3801 errorem
1878 3757 2059 3803 traxe-

486 3845 640 3896 runt.
675 3851 739 3891 ea
793 3845 1237 3891 transmutarunt
1280 3847 1338 3892 et
1376 3838 1457 3892 sic
1504 3847 1619 3892 tum
1673 3838 1887 3907 seipsos
1941 3848 2056 3893 tum

487 3929 626 3984 alios
680 3928 1038 3993 fefellerunt;
1089 3944 1324 3998 quorum
1374 3929 1466 3983 alii
1522 3938 1634 3983 tttm
1688 3930 1887 3985 Filium
1942 3940 2057 3986 tum

486 4019 756 4090 Spiritum
792 4031 1048 4076 sanctum
1082 4020 1318 4076 diversa:
1343 4037 1371 4074 τι
1401 4021 1561 4077 Patre
1591 4023 1914 4079 substantia:
1935 4040 2057 4080 esse

484 4115 859 4183 nugabantur,
903 4113 992 4168 alii
1044 4129 1178 4170 vero
1211 4114 1407 4169 Filium
1455 4114 1680 4180 quidem
1715 4115 1866 4169 Patri
1923 4132 2058 4171 conv

489 4203 915 4259 substantialem
942 4218 1086 4270 esse.
1117 4205 1406 4274 Spiritum‘
1424 4220 1551 4261 vero
1576 4206 1809 4262 diversae
1839 4222 1868 4260 a
1894 4208 2056 4264 Patre

487 4306 545 4349 et
598 4294 740 4350 Filio
786 4296 1111 4351 substantias
1162 4296 1429 4353 exsistere
1457 4290 1799 4368 garriebant.
1853 4299 2055 4354 Contra

482 4388 587 4441 bos
622 4387 793 4456 igitur
830 4396 889 4443 et
918 4401 1041 4442 cum
1076 4387 1168 4442 his
1211 4396 1524 4459 pugnantes
1557 4389 1737 4444 sancti
1780 4387 1970 4445 Patres
2000 4400 2058 4446 et

489 4478 748 4535 doctores
781 4481 877 4533 has
905 4490 963 4535 et
1005 4480 1095 4536 liis
1132 4478 1329 4535 afliues
1363 4481 1672 4535 emiserunt
1704 4495 1892 4545 voces,
1935 4495 2057 4536 ser-

482 4580 678 4624 vantes
725 4572 949 4640 quidem
996 4572 1366 4627 reverentiam
1403 4574 1743 4628 testimoniis
1771 4589 1838 4628 ex
1882 4575 2056 4630 sacris

485 4656 713 4711 Litteris
754 4659 966 4714 haustis
1009 4659 1253 4713 debitam
1303 4668 1471 4729 atque
1502 4676 1691 4730 presse
1725 4676 1888 4717 voces
1935 4671 2050 4716 tum

485 4750 828 4818 tat-angelicas
870 4758 981 4802 tum
1012 4751 1349 4820 apostolicas
1379 4762 1698 4821 sequentes,
1748 4770 1819 4809 ne
1853 4755 1922 4809 iis
1957 4754 2051 4823 qui

485 4848 686 4893 cuncta
737 4840 1154 4910 pervertebant,
1202 4856 1391 4896 ansam
1426 4842 1737 4911 praeberent
1770 4853 2053 4899 transmu-

487 4929 639 4985 tandi
676 4946 743 4987 ea
798 4948 921 5002 qua:
953 4933 1095 4989 bene
1127 4934 1273 4988 dicta
1308 4933 1384 4988 ibi
1423 4943 1607 4997 erant.
1642 4951 1742 5006 per
1780 4936 1918 4991 alias
1973 4947 2056 4991 ta-

486 5040 612 5079 men
667 5025 1086 5096 mquipollentes
1137 5041 1321 5087 voces.
1360 5042 1483 5096 quae
1515 5037 1572 5083 et
1598 5030 1729 5097 ipsae
1774 5039 1933 5084 erant
1981 5045 2051 5084 ex

485 5117 786 5188 Scripturis
847 5118 1172 5190 desumptae,
1222 5122 1515 5176 veritatem
1574 5121 1937 5177 nihilominus
1987 5122 2055 5177 iis

486 5211 826 5276 revel‘antes,
860 5211 954 5281 qui
983 5227 1093 5265 non
1129 5228 1359 5284 prorsus
1405 5222 1589 5269 mente
1619 5213 1892 5270 obcwcati
1930 5215 2052 5270 fue-

483 5312 637 5358 runt.
684 5302 918 5371 Quando
970 5304 1141 5375 igitur
1187 5304 1403 5368 dicunt,
1435 5305 1737 5374 procedere
1782 5304 2052 5374 Spiritum

483 5404 737 5451 sanctum
784 5412 851 5453 ex
899 5398 1080 5460 Patre,
1131 5398 1229 5453 sed
1269 5412 1491 5452 manere
1527 5396 1582 5451 in
1633 5397 1797 5463 Filio,
1850 5398 1933 5454 vel
1986 5415 2052 5453 ex

527 5533 634 5617 _(|)
660 5532 805 5591 Ilion.
841 5536 932 5600 27,
964 5534 1001 5590 Γ.
1030 5533 1137 5590 254
1163 5551 1191 5590 a
1231 5543 1287 5591 et
1337 5533 1501 5588 Mare.
1538 5531 1577 5586 Γ.
1633 5532 1699 5587 70
1734 5548 1764 5589 a
1793 5534 1885 5589 τὸν
1933 5554 2050 5599 και-

483 5622 562 5675 ρω
577 5623 614 5655 Ι.

2166 3380 2404 3441 σκὰλους
2443 3381 2587 3434 κατὰ
2612 3381 2723 3434 τῶν
2757 3382 2824 3452 τῇ
2866 3397 2927 3434 τε
2958 3379 3054 3433 τοῦ
3090 3379 3218 3433 Υἱοῦ
3257 3384 3319 3451 τῇ
3361 3397 3419 3433 τε
3450 3380 3545 3433 τοῦ
3569 3382 3735 3434 Πνεύ-

2166 3489 2339 3541 ματος
2373 3472 2591 3543 Θεότητι
2629 3472 2956 3543 μαχομένων
3008 3471 3306 3543 αἱρετικῶν
3348 3471 3736 3541 ἐνισταμένους

2163 3566 2350 3619 πάντα
2377 3565 2839 3636 κακουργούντων
2877 3565 2970 3619 καὶ
2991 3564 3453 3636 διαστρεφόντων,
3481 3565 3575 3617 καὶ
3600 3562 3734 3632 πρὸς

2164 3657 2265 3728 τὴν
2311 3658 2451 3712 ἰδίαν
2503 3658 2719 3729 πλάνην
2756 3657 3040 3729 γραφικὰς
3089 3656 3359 3711 ἑλκόντων
3406 3655 3729 3726 μαρτυρίας,

2161 3749 2257 3803 καὶ
2290 3746 2493 3813 ταύτας
2527 3749 2997 3819 μεταποιούντων,
3031 3747 3128 3802 καὶ
3178 3746 3354 3810 οὕτως
3403 3747 3631 3809 ἑαυτούς
3670 3763 3730 3799 τε

2160 3840 2404 3904 καὶτοὺς
2434 3841 2629 3904 ἄλλους
2679 3839 3038 3905 ἀπατώντων,
3102 3839 3197 3893 καὶ
3248 3840 3357 3892 τῶν
3400 3839 3501 3907 μὲν
3530 3839 3622 3892 τόν
3671 3853 3730 3889 τε

2162 3932 2313 3995 Υἰδν,
2342 3932 2405 3985 τό
2421 3949 2477 3984 τε
2503 3931 2726 4002 Πνεῦμα
2761 3931 2959 4004 ἐτέρας
2989 3933 3141 4003 παρὰ
3168 3933 3259 3985 τὸν
3295 3932 3517 4002 Πατέρα
3545 3929 3731 3993 οὐσίας

2160 4016 2301 4076 εἶναι
2330 4023 2666 4092 ληρούντων,
2696 4024 2806 4076 τῶν
2839 4023 2895 4077 δὲ
2921 4023 3012 4078 τὸν
3045 4024 3145 4095 μὲν
3176 4024 3306 4077 me»
3334 4025 3627 4094 ὁμιούσιον
3651 4020 3730 4092 τῷ

2159 4113 2356 4180 Πατρὶ,
2386 4113 2450 4165 τὸ
2480 4111 2538 4165 δὲ
2566 4113 2792 4182 Πνεῦμα
2828 4111 3023 4182 ἐτέρας
3067 4110 3221 4182 παρὰ
3240 4110 3330 4164 τὸν
3373 4109 3595 4179 Πατέρα
3635 4107 3731 4161 καὶ

2160 4203 2255 4257 τὸν
2280 4203 2410 4256 Υῐὸν
2452 4203 2643 4266 οὐσίας
2697 4201 3111 4272 φλυαρούντων.
3165 4203 3322 4256 Κατὰ
3366 4203 3576 4254 τούτων
3635 4194 3729 4252 οὖν

2158 4297 2505 4366 ἐνιστάμενοι
2563 4296 2660 4350 καὶ
2696 4294 2913 4358 τούτοις
2961 4295 3012 4348 oi
3042 4294 3179 4347 θεῖοι
3224 4292 3466 4363 Πατέρες
3524 4307 3582 4342 τε
3636 4288 3728 4344 καὶ

2157 4386 2478 4441 δ.δάσκαλοι
2534 4386 2836 4456 μαχόμενοι
2882 4385 3086 4446 ταύτας
3127 4399 3189 4437 τε
3214 4386 3304 4437 καὶ
3350 4385 3450 4446 τὰς
3501 4384 3726 4444 ταύταις

2159 4477 2555 4549 παραπλησίας
2620 4477 2847 4546 ἀφῆκαν
2905 4477 3112 4547 φωνὰς,
3139 4474 3440 4545 τηροῦντες
3493 4473 3594 4543 μὲν
3627 4472 3729 4542 τὴν

2159 4571 2534 4642 ὀφειλομένην
2566 4572 2687 4634 ταῖς
2711 4574 2775 4624 ἐκ
2807 4571 2907 4640 τῆς
2950 4572 3104 4635 θείας
3146 4570 3368 4642 Γραφῆς
3397 4566 3729 4639 μαρτυρίαις

2161 4664 2454 4719 εὐλάϐειαν
2503 4664 2598 4718 καὶ
2646 4665 2769 4717 κατ’
2837 4666 2984 4736 ἴχνος
3044 4665 3162 4728 ταῖς
3221 4662 3607 4731 εὐαγγελικιῖς
3667 4674 3728 4711 τε

2166 4753 2264 4806 καὶ
2323 4753 2710 4816 ἀποστολικσίς
2757 4756 2963 4823 φωναῖς
3025 4753 3321 4823 ἑπόμενοι,
3368 4751 3455 4804 ἴνα
3497 4748 3574 4818 μὴ
3618 4747 3728 4809 τοῖς

2170 4844 2348 4897 πάντα
2409 4843 2829 4914 διαστρέφουσιν
2895 4843 3152 4916 ἀφορμὴν
3215 4842 3355 4896 δοῖεν
3411 4839 3728 4912 μεταποιεῖν

2159 4935 2230 4988 τὰ
2287 4933 2470 4998 καλῶς
2534 4937 2800 5005 κείμενα,
2855 4935 2926 4988 δι’
2997 4935 3174 4990 ἄλλων
3245 4934 3292 4988 δ’
3342 4934 3493 5004 ὅμως
3555 4931 3728 4985 ἰσοδυ-

2161 5028 2353 5096 νὰμων
2410 5025 2607 5094 φωνῶν
2666 5028 2732 5079 ἐκ
2787 5027 2891 5096 τῆς
2962 5027 3188 5096 Γραφῆς
3244 5026 3341 5079 καὶ
3405 5022 3588 5077 αὐτῶν
3642 5023 3726 5074 εἰ.

2159 5121 2457 5190 λημμένων
2505 5122 2606 5191 τὴν
2649 5120 2907 5191 ἀλήθειαν
2949 5121 3100 5174 οὐδὲν
3146 5113 3310 5192 ἦττον
3337 5119 3450 5179 τοῖς
3477 5115 3553 5187 μὴ
3588 5113 3729 5167 πάν-

2156 5229 2225 5282 τη
2262 5213 2354 5267 τὸν
2402 5211 2527 5269 νοῦν
2560 5214 2953 5282 ἐσκοτωμένοις
3010 5211 3502 5270 ἀνακαλύπτοντες.
3556 5206 3727 5260 Ὅταν

2154 5304 2247 5359 οὖν
2315 5305 2493 5371 φῶσιν
2552 5303 2945 5374 ἐκπορεύεσθαι
3018 5303 3115 5374 μὲν
3149 5303 3214 5354 ἐκ
3270 5298 3367 5354 τοῦ
3402 5298 3615 5368 Πατρδς
3664 5296 3726 5347 τὸ

2157 5399 2401 5470 Πνεῦμα,
2463 5399 2650 5469 μίνειν
2697 5397 2756 5449 δὲ
2802 5400 2859 5451 ἐν
2896 5397 3030 5469 Υἱῴ,
3084 5397 3118 5469 ἦ
3173 5397 3237 5450 ἐκ
3286 5394 3380 5449 τοῦ
3444 5392 3579 5448 Θεοῦ
3622 5391 3724 5462 μὲν

2228 5537 2302 5609 (‘2)
2338 5536 2412 5592 al.
2437 5535 2494 5591 τὸ
2526 5533 2878 5607 δηλούμενον.

550 5747 629 5818 (te)
658 5750 780 5806 llaec
811 5750 976 5812 verba
1033 5768 1097 5809 ex
1159 5751 1346 5828 Cyrilli
1402 5752 1701 5811 Thesauris
1735 5751 2021 5829 desu'npta
2056 5755 2249 5827 allegat
2290 5751 2521 5810 Allttius
2563 5752 2617 5808 in
2652 5751 2868 5812 Viudic.
2905 5767 3021 5828 syn.
3060 5753 3286 5828 Ephes.,
3342 5770 3389 5814 τ.
3429 5755 3489 5816 Η
3516 5769 3571 5843 ρἴ
3597 5750 3690 5813 54.
