4132 6416
484 318 592 387 179

1859 314 2365 380 BESSARIONIS

3622 318 3745 385 180'

481 442 607 497 llaec
651 455 783 496 vero
811 439 934 495 Filii
976 438 1220 511 dignitas
1254 453 1366 494 non
1400 438 1677 495 adscititia
1714 448 1819 505 est,
1863 452 2042 507 neque

2168 435 2275 502 ὶτδ
2324 434 2506 490 αἰτίαν
2559 434 2701 504 μετὰ
2734 433 2829 489 τοῦ
2871 436 3211 507 Πατρδς.τῆς
3262 434 3356 491 τοῦ
3408 433 3727 504 Πνεῦματος

478 546 545 587 ea
593 526 718 602 qua
760 532 1015 587 dominus
1055 530 1225 600 pollet
1258 544 1365 600 prae
1390 545 1572 596 servo,
1608 530 1702 585 sed
1728 544 1851 584 cum
1888 536 2053 583 natu:

483 623 616 678 ralis
653 623 747 687 sit,
796 623 929 694 quid
986 624 1148 693 plane
1190 623 1337 677 aliud
1382 622 1511 688 erit,
1544 623 1648 677 nisi
1690 622 1838 692 quod
1882 622 2053 676 Filius

484 730 609 769 cum
646 715 805 769 Patre
850 716 923 770 sit
950 729 1114 770 causa
1158 713 1468 785 hypostasis
1514 715 1753 784 Spiritus
1784 714 1959 769 sancti
1997 720 2054 769 et

484 804 649 858 simul
673 804 723 857 ei
754 803 992 872 Spiritus
1011 814 1234 858 sanctus
1266 804 1339 858 sit
1356 805 1876 859 consubstantialis?
1898 803 2053 870 Quod

483 910 582 966 per
611 895 779 949 verba
817 895 904 949 illa
946 896 1206 963 majorem
1236 903 1285 949 et
1325 897 1582 966 aqualem
1613 912 1843 967 magnus
1875 896 2056 951 decla-

484 993 569 1038 rat
599 985 956 1051 Athanasius,
976 985 1133 1055 prius
1156 1000 1339 1040 causa:
1366 985 1589 1047 rationi,
1621 985 1897 1055 posterius
1926 986 2058 1041 θυι)-

432 1118 437 1123 .
481 1075 698 1130 stantite
727 1075 1037 1131 clarissime
1071 1075 1349 1131 tribuens.
1378 1075 1542 1129 Juxta
1570 1076 1690 1131 hac
1711 1091 1845 1130 vero
1870 1074 2056 1130 omnia

488 1167 593 1236 ipsi
641 1166 902 1222 doctores
956 1175 1012 1223 et
1064 1166 1512 1223 manifestissime
1567 1167 1758 1223 multis
1809 1168 1865 1222 in
1918 1166 2057 1222 locis

485 1273 713 1314 suorum
759 1257 1057 1323 librorum,
1089 1258 1313 1328 quando
1361 1259 1529 1313 etiam
1568 1258 1871 1313 secundum
1908 1259 2057 1329 ipsos

486 1350 688 1405 licebat
742 1350 950 1418 absque
1003 1349 1461 1420 pusilla‘nimitate
1527 1364 1650 1419 quas
1720 1349 2056 1405 videbantur

485 1442 730 1509 edicere,
784 1442 874 1496 alii
911 1441 1133 1511 quidem
1171 1457 1237 1496 ex
1277 1442 1436 1497 Patre
1472 1457 1567 1511 per
1616 1440 1814 1495 Filium
1861 1454 2055 1511 proce-

487 1532 643 1597 dere,
676 1533 769 1587 alii
801 1547 867 1587 ex
897 1531 1058 1586 Patre
1099 1546 1197 1602 per
1227 1531 1426 1586 Filium
1457 1546 1578 1586 esse
1626 1530 1895 1600 Spiritum
1928 1546 2057 1585 san-

488 1635 641 1680 ctum
697 1624 1095 1694 deprmdicant,
1146 1624 1240 1679 alii
1289 1638 1423 1678 vero
1473 1624 1636 1677 etiam
1680 1638 1749 1677 et
1803 1623 1963 1677 Patre
2002 1630 2060 1678 et

488 1716 651 1781 Filio,
688 1714 834 1786 quod
867 1729 1000 1770 sane
1043 1714 1189 1769 haud
1225 1714 1429 1768 frustra
1460 1713 1722 1768 dixerunt
1766 1726 1948 1781 neque
1984 1712 2061 1766 ita

487 1806 813 1878 simpliciter
850 1807 1234 1876 protulissent,
1281 1805 1326 1859 si
1377 1819 1489 1859 non
1537 1803 1846 1870 novissent,
1894 1803 2059 1856 etiam

491 1900 692 1957 Filium
728 1898 793 1953 ad
826 1912 949 1953 esse
981 1897 1220 1967 Spiritus
1267 1896 1444 1951 sancti
1477 1895 1685 1965 aliquid
1732 1909 1854 1948 cum
1900 1891 2061 1948 Patre

487 1991 767 2048 conferre.
798 1989 1029 2056 Quando
1077 1989 1265 2059 itaque
1307 2004 1431 2058 quae
1468 1986 1727 2042 videntur
1773 1984 2062 2040 sententiae

491 2091 600 2137 tua:
628 2078 963 2152 patrocinari
997 2080 1249 2150 exponis,
1276 2086 1497 2149 Oportet
1529 2086 1579 2132 te
1602 2078 1769 2132 etiam
1800 2076 2058 2141 aliorum,

487 2191 611 2247 qua:
645 2190 676 2230 a
711 2173 1032 2229 doctoribus
1064 2173 1209 2227 dicta
1239 2179 1391 2235 sunt,
1429 2171 1745 2225 meminisse
1775 2177 1941 2239 atque
1968 2182 2063 2223 co-

491 2266 635 2326 nari,
679 2275 741 2319 ut
780 2273 976 2319 cuncta
1024 2263 1129 2319 sibi
1185 2262 1548 2318 consonantia
1603 2260 1887 2327 ostendas,
1949 2274 2061 2313 non

491 2372 621 2413 vero
670 2367 952 2427 segmenta
985 2370 1049 2411 ac
1105 2355 1342 2410 frustula
1383 2369 1453 2409 ex
1478 2370 1669 2409 eorum
1716 2352 1876 2408 libris
1912 2352 2064 2407 acci-

491 2450 730 2518 pientem
767 2449 977 2519 reliqua
1028 2448 1168 2503 mala
1195 2456 1314 2502 arte
1345 2447 1710 2502 abscondere.
1743 2446 1876 2501 illud
1911 2446 2058 2501 enim

495 2541 738 2611 magistri
773 2550 884 2604 est,
914 2540 1018 2594 hoc
1048 2555 1182 2595 vero
1212 2539 1555 2609 impudentis
1591 2538 1853 2608 sophistae
1876 2552 2015 2607 Opus
2045 2556 2060 2602 ;

491 2633 628 2690 illud
680 2633 968 2689 veritatem
1020 2632 1346 2697 scrutantis,
1385 2631 1490 2686 hoc
1519 2630 1712 2686 oculos
1748 2629 2064 2684 voluntarie

487 2738 681 2781 contra
720 2724 908 2779 lumen
942 2722 1313 2777 occludcntis.
1363 2716 1569 2776 Verum
1598 2720 1972 2790 insipientiam
2010 2729 2066 2775 et

492 2818 857 2889 nugacitatent
907 2815 1115 2870 asseris
1160 2830 1307 2879 esse,
1366 2814 1579 2879 dicere,
1613 2828 1643 2867 a
1684 2814 1795 2869 Deo
1839 2813 2064 2883 quidem

493 2909 657 2965 Patre
686 2918 998 2965 creaturam
1032 2907 1412 2962 exsistentiam
1461 2907 1690 2973 habere,
1717 2905 2062 2961 ellormatam

491 3017 626 3056 vero
675 3010 731 3055 et
776 3008 1027 3054 ornatam
1060 3014 1183 3054 esse
1214 3015 1312 3069 per
1340 2999 1565 3059 Filium,
1615 3009 1668 3053 et
1722 3014 2065 3069 quacunque

491 3094 581 3148 his
632 3093 855 3148 similia.
886 3091 1188 3159 Gregorius
1220 3101 1403 3146 autem
1439 3091 1755 3162 Theologus
1784 3092 1900 3161 (ille
1930 3107 2061 3147 sane
2089 3101 2131 3159 α

490 3202 602 3242 non
656 3189 817 3255 paulo
852 3186 1089 3250 doctior,
1124 3186 1244 3255 plus
1278 3186 1485 3255 aliquid
1528 3186 1679 3240 novit
1711 3201 1878 3256 super
1913 3195 2061 3247 tuam

489 3277 937 3347 grammaticam)
968 3293 1075 3329 non
1105 3277 1480 3345 insipientiam
1522 3286 1577 3331 et
1608 3277 1977 3347 nugacitatem
2009 3275 2062 3329 id

487 3371 781 3438 reputavit.
806 3367 960 3423 Sicut
982 3370 1126 3422 enim
1161 3369 1362 3422 dixerit
1387 3368 1551 3423 Deum
1587 3370 1641 3423 in
1682 3370 1858 3423 tribus
1883 3369 2063 3423 maxi-

494 3461 597 3514 mis
641 3468 807 3523 stare,
842 3475 1033 3518 causa.
1068 3460 1358 3513 conditore
1424 3471 1476 3513 et
1508 3470 1974 3524 consummatore,
2008 3460 2064 3513 in

494 3551 654 3606 Patre
683 3562 740 3605 et
766 3551 907 3605 Filio
929 3560 987 3605 et
1028 3550 1236 3620 Spiritu
1273 3561 1490 3614 sancto,
1538 3554 1609 3607 ita
1647 3567 1780 3607 sane
1830 3552 2062 3615 diceret,

493 3643 539 3698 si
586 3644 732 3698 hunc
769 3643 823 3697 in
858 3645 1083 3698 modum
1125 3654 1408 3714 oporteret
1440 3661 1753 3699 sermonem
1792 3646 2064 3714 proferre,

498 3738 689 3791 mundi
736 3737 906 3791 Deum
954 3736 1170 3791 Patrem
1220 3753 1341 3791 esse
1371 3753 1616 3798 causam,
1650 3737 1847 3791 Filium
1883 3737 2071 3792 condi-

496 3816 696 3893 torem,
730 3829 998 3898 Spiritum
1033 3838 1284 3884 sanctum
1323 3840 1827 3884 consummatoretn
1853 3847 1867 3893 ;
1898 3845 2070 3898 quan-

494 3936 657 3990 quam
709 3937 832 3974 cum
868 3921 1011 3975 idem
1048 3922 1362 3991 significent
1398 3923 1515 3976 haec
1560 3923 1804 3986 nomina,
1841 3922 2071 3977 deduci-

495 4020 585 4066 tnr
630 4014 757 4067 inde
810 4015 977 4068 etiam
1038 4022 1148 4069 tres
1203 4030 1468 4083 personas
1513 4014 1678 4068 simul
1719 4029 1885 4068 unant
1942 4029 2067 4069 esse

502 4120 689 4159 rerum
721 4113 1034 4160 creatarum
1087 4120 1346 4172 causam;
1401 4106 1660 4175 quazlibet
1710 4109 1859 4160 enim
1908 4106 2111 4165 trium.

501 4212 856 4267 personarum
891 4199 1007 4254 ha~c
1044 4199 1230 4254 omnia
1276 4206 1383 4262 est,
1411 4198 1557 4268 quod
1593 4214 1659 4253 ne
1696 4198 1813 4268 ipse
1851 4200 2072 4268 quidem

495 4292 803 4359 negaveris,
834 4307 1015 4361 neque
1049 4292 1287 4345 alterum
1314 4289 1599 4344 abaltero
1629 4301 1946 4345 removetur
1977 4307 2075 4362 per

494 4380 827 4437 divisionem
857 4397 1047 4437 earum
1105 4381 1534 4453 particularum,
1570 4390 1631 4436 ut
1658 4392 1714 4436 tu
1751 4382 2071 4447 somniaris,

498 4488 686 4527 verum
721 4474 906 4530 omnia
936 4476 1195 4529 omnibus
1225 4475 1611 4529 convenientia
1643 4475 2071 4543 quodlibelcui-

496 4563 633 4616 libet
664 4580 1025 4631 personarum
1080 4568 1298 4630 tribuit,
1346 4567 1661 4623 rationibus
1693 4567 1956 4621 nimirum
1989 4566 2074 4620 di-

500 4654 697 4705 versis.
736 4653 852 4707 lloc
895 4670 1026 4709 vero
1081 4658 1262 4725 ipsum
1322 4659 1485 4711 etiam
1546 4657 1859 4725 exemplum
1918 4667 2072 4710 tuum

498 4757 692 4797 versus
727 4745 889 4798 linem
920 4747 1181 4809 ostendit,
1201 4763 1363 4817 quam
1392 4748 1772 4816 imprudenter
1798 4757 1853 4803 et
1880 4748 2072 4802 nescio

501 4849 609 4904 qua
646 4835 934 4891 inscientia
968 4838 1038 4893 sit
1070 4838 1383 4894 inductum.
1415 4839 1675 4909 Opinaris
1703 4840 1873 4901 enim,
1902 4855 2078 4908 quan-

501 4926 572 4979 do
623 4925 883 4991 dicimus,
940 4930 1292 5000 bcncplacito
1347 4930 1523 4985 Patris
1577 4939 1634 4984 et
1688 4931 2077 4999 conparatione

510 5018 752 5086 Spiritus
792 5025 968 5075 sancti
1008 5023 1406 5077 incarnationis
1440 5023 1910 5093 dispensationem
1958 5038 2080 5079 csse

513 5110 738 5172 factam,
774 5111 941 5167 verba
999 5114 1114 5168 haec
1141 5115 1370 5168 omnino
1402 5114 1627 5169 dill'erre
1657 5124 1713 5169 et
1743 5115 1975 5169 alterum
2010 5113 2079 5167 ab

508 5205 684 5257 altero
717 5205 965 5272 excludi;
1000 5206 1104 5261 hoc
1135 5222 1266 5260 vero
1316 5207 1399 5261 vel
1440 5207 1683 5276 cogitare
1715 5206 1859 5260 absit
1887 5215 2078 5275 utpote

509 5296 922 5363 blasphetnum.
957 5300 1091 5353 Nam
1149 5308 1205 5352 et
1258 5298 1499 5368 Spiritus
1530 5298 1706 5352 sancti
1736 5297 2080 5367 hencplacito

508 5385 874 5443 nihilominus
906 5406 1071 5459 quam
1111 5389 1289 5445 Patris
1319 5400 1375 5443 et
1421 5391 1587 5445 etiam
1624 5390 1794 5457 ipsius
1838 5390 1962 5444 Filii
1997 5390 2084 5443 in-

508 5481 851 5536 carnationis
886 5483 1207 5555 mysterium
1241 5483 1618 5552 dispensatum
1651 5492 1769 5548 est;
1828 5482 1958 5536 licet
2001 5493 2082 5537 ta-

2154 528 2506 591 ὑποστάσεως
2538 525 2677 581 εῖναι
2708 530 2802 582 καὶ
2843 527 2961 598 ἅμα
2994 528 3281 598 ὁμοούσιον
3311 525 3461 597 αύτῷ
3494 520 3635 578 εἶναι
3666 524 3726 577 τὸ

2157 616 2416 687 Πνεῦμας
2456 620 2521 672 '0
2553 618 2641 672 διὰ
2669 617 2764 672 τοῦ
2786 617 3033 689 μείζονα
3066 618 3165 674 καί
3193 620 3333 673 ἴσον
3359 620 3387 671 ὁ
3427 619 3601 687 μέγας
3630 619 3726 685 δη-

2153 707 2238 761 λοῖ
2289 708 2628 776 Ἀθανάσιος,
2672 711 2730 764 τὸ
2765 711 2867 781 μὶν
2912 711 2989 781 τῷ
3021 710 3201 780 αἰτίῳ,
3233 709 3294 763 τδ
3323 709 3377 763 δὲ
3406 710 3595 771 οὐσίας
3630 727 3729 762 σα-

2157 799 2401 867 φέστατα
2430 800 2736 863 ἀποδιδούς.
2792 803 2951 872 Παρὰ
2981 803 3161 856 πάντα
3189 801 3248 855 δὲ
3278 801 3452 854 ταῦτα
3497 802 3546 854 oi
3574 802 3729 853 αὐτοὶ

2158 892 2473 946 διδάσκαλοι
2528 893 2623 948 καὶ
2672 894 2991 962 σαφέστατα
3030 892 3301 962 πολλαχοῦ
3354 892 3463 944 τῶν
3516 892 3729 945 ἑαυτῶν

2155 982 2355 1053 λόγων,
2389 985 2476 1037 ὅτε
2507 984 2602 1037 καὶ
2634 984 2760 1038 καθ’
2787 985 2985 1048 αὐτοὺς
3014 985 3141 1049 ὲξῆν
3170 984 3298 1038 ἄνευ
3328 982 3629 1052 ὑποστολῆς
3658 983 3730 1036 τὰ

2156 1073 2420 1130 δοκοῦντα
2473 1076 2677 1145 λέγειν,
2712 1076 2762 1131 oi
2812 1076 2913 1147 μὲν
2953 1078 3016 1129 ἐκ
3048 1076 3257 1145 Πατρδς
3294 1073 3363 1129 δι’
3395 1073 3526 1128 Υίοῦ
3564 1076 3730 1128 ὲκπο-

2161 1167 2441 1239 ρεύεσθαι.
2478 1169 2605 1223 οἶδὲ
2631 1171 2695 1223 ἑκ
2728 1169 2941 1237 Πατρδς
2979 1168 3047 1223 δι’
3083 1168 3216 1221 Υίοῦ
3244 1163 3384 1221 εἶναι
3413 1168 3473 1221 τὸ
3505 1166 3731 1237 Πνεῦμα

2161 1260 2502 1328 θεολογοῦσιν
2527 1277 2542 1292 ·
2579 1263 2629 1315 oi
2659 1261 2716 1314 δὲ
2747 1262 2808 1314 ὲκ
2840 1261 3054 1331 Πατρδς
3086 1260 3180 1314 καὶ
3207 1259 3361 1324 Υἱοῦ,
3392 1260 3492 1313 οὐκ
3519 1259 3582 1312 ἃν
3626 1259 3729 1327 μά-

2157 1370 2257 1423 την
2286 1353 2459 1408 ταῦτα
2492 1354 2775 1425 εἰρηκότες
2804 1354 2899 1408 καὶ
2949 1352 3124 1413 οὕτως
3155 1352 3346 1415 ἁπλῶς
3393 1352 3733 1422 ἀπορρίψαν-

2158 1459 2271 1509 τες,
2319 1446 2367 1497 εί
2406 1445 2479 1515 μή
2528 1461 2581 1498 τι
2619 1445 2711 1498 καὶ
2758 1445 2851 1498 τὸν
2882 1444 3012 1499 Υίὺν
3065 1444 3287 1516 ᾔδεισαν
3334 1443 3414 1513 τῷ
3465 1440 3605 1496 εἶναι
3637 1442 3732 1496 τοῦ

2161 1535 2480 1605 Πνεύματος
2513 1535 2611 1590 σὺν
2637 1536 2715 1605 τῷ
2747 1537 2921 1607 Πατρὶ
2947 1536 3412 1605 συμϐαλλόμενον.
3441 1534 3609 1588 ”Ο;αν
3638 1530 3733 1587 οὖν

2160 1627 2227 1680 τὰ
2260 1626 2523 1681 δοκοῦντά
2551 1643 2645 1680 σου
2673 1628 2739 1697 τῇ
2770 1626 2898 1698 δόξῃ
2926 1629 3253 1698 συνηγορεῖν
3285 1627 3532 1696 ἐκτίθης,
3562 1626 3643 1679 δεῖ
3671 1641 3731 1677 σε

2163 1720 2257 1773 καὶ
2281 1719 2391 1772 τῶν
2423 1718 2601 1774 ἄλλων
2649 1721 2761 1782 τοῖς
2792 1719 3134 1782 διδασκάλοις
3175 1719 3489 1788 εἰρημένων
3523 1717 3735 1787 μεμνῆ-

2164 1812 2315 1877 σθαι,
2364 1810 2459 1864 καὶ
2489 1811 2667 1864 πάντα
2698 1812 2993 1881 πειρᾶσθαι
3043 1810 3313 1881 σύμφωνα
3370 1809 3541 1874 δεῖξαι
3575 1808 3737 1878 ἀλλη-

2163 1901 2296 1965 λοις,
2322 1902 2459 1955 ἀλλὰ
2492 1901 2569 1972 μὴ
2596 1901 2835 1972 τεμάχιά
2860 1919 2985 1956 τινα
3013 1902 3122 1956 τῶν
3150 1902 3371 1956 ἐκείνων
3398 1903 3573 1969 λόγων
3603 1902 3732 1953 ἄπο-

2163 1988 2513 2063 λαμόάνοντα
2553 1997 2621 2048 τὰ
2652 1994 2816 2048 λοιπὰ
2862 1994 3194 2065 κακούργως
3256 1992 3729 2063 ἀποκρύπτεσθαι.

2176 2085 2383 2138 Ἐκεῖνο
2441 2085 2542 2156 μὲν
2593 2086 2704 2157 γὰρ
2760 2086 3108 2151 διδασκάλου,
3163 2085 3321 2139 τοῦτο
3366 2086 3423 2137 δὲ
3478 2083 3732 2155 σοφιστοῦ

2163 2175 2520 2247 ἀναισχύντου
2554 2176 2713 2247 ἔργον
2738 2194 2752 2209 ο
2785 2181 3007 2231 κάκεῖνο
3037 2178 3136 2248 μὲν
3159 2181 3259 2248 τὴν
3294 2178 3549 2248 ἀλήθειαν
3580 2179 3733 2247 ἐρευ-

2165 2269 2384 2336 νῶντος,
2409 2269 2566 2322 τοῦτο
2588 2269 2631 2319 δ’
2651 2270 2831 2323 ἑκοντὶ
2860 2271 3212 2340 καμμύοντος
3234 2271 3309 2341 (l)
3335 2270 3469 2340 πρὸς
3507 2270 3567 2321 τὸ
3595 2267 3732 2337 φῶς.

2178 2360 2321 2414 ’Δλλ’
2366 2360 2683 2431 ἀδιανόητον
2734 2362 2830 2416 καὶ
2882 2363 3200 2433 ἀδολεσχίαν
3234 2361 3340 2434 φῂς
3374 2358 3535 2427 εἶναι,
3582 2363 3738 2431 παρὰ

2169 2453 2268 2525 μὲν
2289 2451 2383 2505 τοῦ
2407 2452 2545 2505 Θεοῦ
2571 2454 2664 2507 καὶ
2698 2454 2911 2524 Πατρός
2941 2453 3245 2521 ὑποστῆναι
3275 2453 3456 2522 λέγειν
3488 2452 3587 2523 τὴν
3621 2455 3738 2507 κτί-

2168 2565 2271 2612 σιν,
2327 2545 2670 2615 κεκοσμῆθαι
2717 2545 2772 2598 δὲ
2804 2545 2894 2599 διὰ
2928 2546 3020 2599 τοῦ
3067 2545 3220 2609 Υίοῦ,
3269 2546 3364 2599 καὶ
3404 2548 3504 2600 ὅσα
3551 2548 3734 2611 ὃμοια.

2165 2638 2471 2710 Γρηγὸριος
2494 2637 2550 2689 δὲ
2575 2640 2601 2690 ὁ
2632 2635 2889 2703 Θεολόγος
2922 2635 3002 2706 (ού
3037 2634 3233 2706 μικρόν
3258 2654 3311 2689 τι
3341 2635 3502 2690 πλέον
3534 2636 3738 2701 ὲκεῖνὸς

2169 2749 2229 2799 γε
2262 2732 2399 2801 ὑπὲρ
2434 2731 2530 2799 τὴν
2571 2728 2667 2797 σὴν
2695 2728 3091 2798 γραμματικὴν
3127 2726 3308 2790 εἰδὼς)
3356 2727 3456 2779 οὐκ
3487 2726 3740 2796 ἀδιανόηο

2165 2838 2259 2874 τον
2287 2820 2445 2873 τοῦτο
2492 2819 2603 2872 οὐδ’
2633 2818 2949 2887 ἀδολεσχίαν
2985 2818 3193 2889 ἡγήστο
3221 2834 3236 2848 ·
3276 2817 3469 2888 ὥσπερ
3511 2818 3618 2888 γὰρ
3667 2817 3744 2870 εί-

2172 2928 2306 2983 ρηκε
2333 2910 2467 2963 Θεὸν
2497 2911 2555 2963 ὲν
2587 2912 2768 2981 τρισὶν
2801 2909 3055 2962 ἵστασθαι
3089 2911 3199 2968 τοῖς
3237 2909 3541 2978 μεγίστοις,
3578 2909 3739 2978 αἰτίῳ

2169 3006 2264 3055 καὶ
2293 2999 2608 3070 δημιουργῷ
2657 3002 2752 3053 καὶ
2801 2999 3139 3068 τελειοποιῷ,
3174 3000 3233 3052 ὲν
3283 3000 3458 3068 Πατρὶ
3500 2999 3597 3051 καὶ
3627 2997 3741 3068 Υίῷ

2164 3094 2257 3147 καὶ
2290 3092 2431 3163 ἁγίῳ
2462 3092 2738 3162 Πνεύματι
2766 3092 2866 3162 (Ξ),
2897 3091 3070 3155 οὕτως
3094 3088 3249 3145 εἶπεν
3278 3093 3365 3155 ἂν,
3404 3094 3452 3144 εί
3476 3090 3622 3144 οῦτω
3650 3090 3742 3143 τὸν

2164 3182 2320 3252 λόγον
2361 3182 2548 3252 ἐδέησε
2579 3184 2955 3252 προενεγκεῖν,
2988 3181 3084 3235 τοῦ
3115 3182 3319 3250 κόσμου
3348 3182 3439 3234 τὸν
3474 3165 3574 3250 μὲν
3605 3181 3740 3233 Θεὸν

2164 3276 2260 3329 καὶ
2293 3275 2510 3343 Πατέρα
2567 3271 2708 3328 εῖναι
2740 3274 2941 3337 αἰτίαν,
2987 3274 3077 3326 τὸν
3104 3274 3159 3327 δὲ
3209 3274 3334 3327 Υἱὸν
3379 3274 3733 3342 δημιουργὸν,

2163 3367 2224 3419 τὸ
2256 3365 2311 3419 δὲ
2343 3364 2568 3434 Πνεῦμα
2599 3364 2931 3418 τελειοποιόν
2958 3380 2972 3393 ·
2996 3364 3173 3417 καίτοι
3196 3364 3257 3417 τὸ
3288 3364 3418 3417 αὐτὸ
3443 3364 3551 3417 τῶν
3571 3363 3737 3433 τριῶν
3796 3364 3809 3371 ’

2163 3456 2370 3511 τούτων
2426 3457 2800 3528 σημαινόντων
2848 3457 3131 3523 ὀνομάτων
3187 3457 3326 3509 κατὰ
3356 3471 3417 3524 γε
3450 3455 3509 3507 τὸ
3542 3455 3638 3509 καὶ
3666 3454 3736 3507 τὰ

2164 3550 2293 3618 τρία
2319 3548 2587 3617 πρόσωπα
2618 3546 2735 3617 ἅμα
2772 3546 2871 3600 ἕνα
2906 3549 3006 3617 τῆς
3051 3547 3283 3608 κτίσεως
3317 3548 3500 3599 αἰτίαν
3548 3542 3689 3599 εἶναι
3720 3564 3737 3580 ο

2167 3641 2345 3693 πάντα
2398 3642 2508 3708 γὰρ
2537 3638 2771 3691 ἕκαστον
2826 3638 2933 3690 τῶν
2984 3637 3152 3708 τριῶν
3206 3636 3516 3704 προσώπων
3569 3637 3737 3701 ἐστὶν,

2168 3731 2306 3800 ὅπερ
2334 3729 2443 3782 οὐδ’
2475 3730 2540 3781 ἂν
2572 3729 2733 3793 αὐτὸς
2767 3730 3053 3800 ἀρνήσαιο,
3089 3729 3196 3781 οὐδ’
3232 3730 3550 3798 ἀφαιρεῖται
3579 3726 3741 3779 θατε-

2174 3840 2266 3893 ρσυ
2300 3823 2526 3890 θάτερον
2564 3823 2652 3875 διὰ
2696 3822 2789 3876 τοῦ
2827 3823 2935 3874 τῶν
2986 3822 3302 3889 συνδέσμων
3350 3820 3556 3871 τούτων
3589 3835 3746 3889 μερι-

2174 3913 2335 3985 σμοῦ,
2359 3915 2433 3977 ὡς
2469 3914 2635 3978 αὐτὸς
2668 3915 3035 3985 ὀνειρώττεις,
3074 3913 3212 3965 ἀλλὰ
3240 3911 3418 3963 πάντα
3451 3913 3617 3963 πᾶσιν
3646 3911 3746 3978 ἁρ-
3830 3920 3833 3921 ⁷

2177 4009 2410 4080 μόζονια
2467 4008 2704 4060 ἕκαστον
2736 4008 2987 4068 ἑκάστοις
3044 4004 3338 4057 ἀποδίδωσι
3388 4003 3497 4055 τῶν
3532 4001 3745 4072 προσώ-

2174 4120 2315 4167 πων,
2351 4101 2530 4165 λόγοις
2562 4100 2763 4169 δηλαδη
2800 4099 3098 4168 διαφόροις.
3127 4097 3200 4149 Τὸ
3226 4096 3271 4149 δ’
3297 4096 3429 4149 αὐτὸ
3462 4097 3620 4147 τοῦτο
3651 4094 3745 4147 καὶ

2173 4196 2234 4248 τὸ
2264 4195 2355 4247 σδν
2378 4194 2472 4245 ἐπὶ
2500 4192 2645 4244 τέλει
2674 4191 2919 4244 δείκνυσι
2949 4190 3306 4259 παράδειγμα
3335 4188 3409 4250 ὡς
3446 4185 3748 4256 ἀπερισκέ-

2176 4304 2345 4351 πτως,
2372 4286 2468 4338 καὶ
2498 4285 2599 4337 οὐκ
2620 4280 2715 4336 οἷδ’
2741 4283 2888 4344 ὅπως
2914 4281 3142 4352 ἀμαθῶς
3168 4280 3440 4348 εἰσκχοέν.
3469 4268 3586 4331 Οἴει
3618 4283 3747 4347 γὰρ,

2177 4381 2251 4442 ὼς
2281 4382 2404 4433 ὅταν
2429 4377 2702 4447 λέγωμεν,
2736 4375 2954 4444 εὐδοκία
2972 4373 3066 4426 τοῦ
3098 4373 3310 4443 Ιιατρδς
3336 4376 3429 4425 καὶ
3454 4372 3749 4440 συνεργείᾳ

2178 4471 2272 4525 τοῦ
2307 4470 2627 4536 Πνεύματος
2662 4469 2757 4535 τὴν
2805 4466 3119 4535 οἰκονομίαν
3155 4465 3250 4535 τῆς
3284 4463 3616 4534 σαρκώσεως
3659 4479 3752 4529 γε·

2180 4544 2391 4628 νέσθαι,
2421 4561 2702 4629 διαφέρειν
2738 4576 2797 4611 τε
2829 4559 2895 4610 τὰ
2937 4560 3161 4628 ῥήματα
3191 4556 3361 4609 ταῦτα
3395 4556 3493 4608 καὶ
3519 4557 3749 4624 θάτερον

2181 4655 2540 4727 ἀφαιρεῖσθαι
2575 4652 2808 4723 θατέριυ
2836 4668 2848 4681 ·
2875 4650 3036 4704 τοῦτο
3065 4651 3120 4703 δὲ
3176 4653 3271 4703 καὶ
3321 4649 3573 4718 ἐννοῆσαι
3619 4647 3750 4715 γοῦν

2182 4750 2348 4819 ἀπείη
2377 4746 2826 4817 ὼςιβλάσφημον.
2864 4747 2973 4797 Καὶ
3023 4743 3132 4814 γὰρ
3165 4744 3259 4795 καὶ
3289 4742 3383 4796 τοῦ
3434 4742 3751 4810 Πνεύματος

2175 4840 2396 4910 εὐδοκία
2447 4838 2603 4891 οὐδὲν
2635 4834 2797 4908 ἦττον
2827 4836 2902 4901 ὡς
2933 4837 3026 4890 τοῦ
3063 4837 3273 4904 Harpe;
3321 4836 3415 4888 καὶ
3460 4834 3541 4887 ἔτι
3583 4831 3748 4886 αὑτοῦ

2175 4933 2272 4988 τοῦ
2300 4932 2429 4985 Υἱοῦ
2457 4932 2517 4984 τὸ
2540 4931 2640 5001 τῆς
2674 4930 3002 5000 σαρκώσεως
3028 4931 3326 4999 μυστήριον
3358 4926 3705 4999 ᾠκονόμηται
3729 4939 3745 4956 ⁶

2178 5025 2355 5091 ἔξεστι
2382 5026 2437 5079 δὲ
2469 5025 2619 5092 ὅμως
2672 5021 2945 5092 διαιροῦσι
2975 5023 3063 5075 διὰ
3100 5021 3211 5075 τῶν
3254 5022 3566 5089 συνδέσμων
3599 5020 3751 5072 εὐδο-

2180 5121 2275 5189 κία
2305 5118 2405 5188 μὲν
2433 5117 2527 5169 τοῦ
2561 5115 2772 5186 Πατρδς
2804 5114 3006 5181 λέγειν,
3049 5117 3339 5185 συνεργεξᾳ
3372 5113 3428 5166 δὲ
3454 5112 3546 5165 τοῦ
3581 5111 3749 5164 Ilvati-

2183 5228 2352 5282 ματος
2405 5210 2713 5278 γεγονέναι.
2757 5208 2968 5277 ’Ὠσπερ
3021 5206 3150 5275 γοῦν
3195 5206 3288 5258 ἐπὶ
3340 5204 3568 5267 τούτων,
3608 5201 3752 5255 οὕτω

2177 5305 2314 5359 κάπὶ
2360 5303 2467 5357 τῶν
2498 5300 2878 5372 προκειμένων
2900 5317 2914 5331 '
2951 5301 2998 5355 εί
3051 5300 3143 5353 καὶ
3191 5300 3303 5362 τοῖς
3336 5298 3660 5366 συνδέσμοις
3694 5297 3749 5350 oi.

2178 5391 2491 5447 διδάσκαλοι
2524 5391 2796 5461 διαιροῦσι
2827 5390 2916 5443 τὸν
2942 5390 3120 5459 λόγον,
3148 5391 3249 5443 οὐκ
3283 5390 3409 5444 ἄλλο
3437 5389 3620 5460 μέντοι
3650 5405 3687 5441 ιι
3725 5389 3748 5440 l

2182 5485 2311 5541 ἄλλο
2340 5485 2518 5553 πάντη
2555 5488 2711 5554 φασὶ,
2746 5485 2885 5551 πλὴν
2915 5483 3040 5537 ὅσον
3063 5485 3155 5537 τὸν
3191 5484 3289 5553 μὲν
3328 5483 3549 5551 Πατέρα
3584 5484 3753 5553 ἀρχο-

513 5583 641 5624 tncn
670 5573 1046 5632 dividentibus
1075 5591 1173 5646 per
1199 5575 1497 5646 particulas
1527 5573 1909 5646 conjunctivas
1936 5574 2067 5631 dice-

2183 5578 2302 5648 ειδῆ
2337 5579 2431 5631 καὶ
2480 5578 2706 5650 πρώτην
2737 5576 2939 5647 αἰτίαν,
2993 5575 3082 5631 τὸν
3115 5574 3171 5630 δὲ
3217 5576 3342 5631 Υἱδν
3372 5576 3579 5631 ἐκεῖθεν
3608 5573 3751 5645 ἐλτιν

579 5689 655 5765 (ί.)
702 5688 847 5765 you.
981 5694 1088 5749 255
1121 5695 1175 5761 lt,
1211 5695 1537 5765 Καμμύοντι

586 5759 662 5828 ('3)
695 5760 853 5831 Gri-gn
894 5763 1022 5822 Nae.
1057 5759 1197 5823 otat.
1232 5759 1322 5834 ΞΗ,
1346 5759 1378 5837 p
1438 5769 1536 5821 -l‘..’.8
1562 5765 1647 5823 cd.
1714 5764 1836 5821 Bill.
1901 5766 2069 5838 (nunc
2106 5774 2186 5825 cst
2220 5772 2360 5821 orat.
2387 5761 2502 5835 5i.)
