4132 6444
478 345 583 409 133
1844 344 2355 407 BESSARIONIS
3624 342 3726 406 lSR

472 462 531 515 in
563 460 872 532 Evangeliis
922 462 1099 516 solum
1185 477 1375 517 verum
1421 462 1590 517 llettm
1629 462 1847 517 Patrem
1889 475 2047 517 suum

2165 462 2263 523 toi;
2291 458 2643 529 Εύαγγεὶλοις
2700 458 2862 529 μόνον
2918 456 3174 528 ἀληθινὸν
3206 457 3338 511 Θεὸν
3364 457 3438 525 (l)
3470 455 3560 532 τὸν
3598 460 3724 512 ἑαυ-

476 560 771 607 vocavcrat
793 552 1055 607 Dominus
1087 552 1251 623 (dixit
1291 554 1438 608 enim
1476 552 1585 608 :Ut
1636 562 1954 620 cognoscant
1999 562 2049 605 te

2165 553 2248 607 τοῦ
2282 553 2502 622 Πατέρα
2527 550 2662 622 φησί
2689 550 2858 620 (λέγει
2889 550 2999 620 γάρ
3023 565 3039 583 ο
3075 550 3210 604 Ἵνα
3247 549 3591 619 γινώσκωσι
3628 568 3723 616 σε,

481 641 655 696 solum
682 643 843 695 Deum
873 654 1053 695 verum
1077 655 1123 696 et
1148 660 1300 712 quem
1327 644 1511 698 misisti
1535 644 1715 698 Jesum
1736 643 2047 712 Christum),

478 748 550 788 ne
599 733 880 787 videretur
909 737 952 787 'a
999 749 1129 787 vera
1176 733 1383 789 deitate
1434 736 1677 805 seipsum
1730 736 2049 801 excludere,

480 823 619 892 ipse,
654 824 744 890 qui
788 824 905 876 ltzr-c
937 825 1258 893 scripserat,
1318 826 1559 881 Joannes
1590 828 1646 880 in
1692 826 1950 896 Epistolis
1984 826 2051 880 de

479 914 616 969 Filio
640 915 714 968 ait
745 932 759 968 :
785 915 881 969 llic
911 922 983 969 est
1007 933 1158 970 verus
1184 917 1320 971 Deus
1346 926 1395 971 et
1420 920 1525 973 vita
1554 928 1776 973 (eterna.
1807 920 2047 974 Rursum

481 1006 738 1073 quoniam
776 1008 1012 1076 Spiritus
1044 1008 1220 1064 Patris
1252 1010 1456 1065 dicitur
1484 1014 1788 1065 secundum
1830 1021 2051 1067 natura-

479 1095 587 1151 lem
622 1098 1003 1168 cognationem
1050 1110 1106 1154 et
1146 1100 1525 1162 donationem.
1575 1119 1695 1170 qua:
1729 1112 1812 1158 cst
1844 1102 1909 1157 ad
1951 1119 2053 1160 nos

482 1188 641 1255 (dicit
673 1192 820 1245 enim
859 1209 872 1244 :
918 1190 1041 1247 Non
1071 1194 1209 1247 enim
1239 1211 1327 1249 vos
1364 1196 1487 1248 estis
1519 1196 1608 1266 qui
1641 1194 1935 1264 loquimini,
1964 1198 2055 1251 sed

481 1280 709 1350 Spiritus
736 1283 915 1338 Patris
946 1287 1122 1350 vestri,
1153 1287 1244 1357 qui
1265 1288 1498 1360 loquitur
1520 1290 1574 1343 in
1599 1289 1781 1358 vobis),
1806 1305 1874 1345 ne
1902 1290 2054 1346 ride-

481 1373 706 1428 deretur
736 1391 765 1428 a
789 1376 927 1431 Filio
954 1377 1170 1433 alienus
1201 1394 1323 1435 esse
1350 1389 1531 1435 etnon
1561 1381 1678 1451 pari
1712 1382 1875 1436 modo
1891 1383 2055 1438 etiam

482 1480 512 1519 a
540 1464 674 1519 Filio
698 1466 840 1533 dari,
862 1467 1102 1537 Spiritus
1127 1487 1346 1542 quoque
1369 1471 1493 1527 Filii
1518 1473 1741 1528 dicitur.
1760 1474 2055 1542 Apostolus

481 1557 654 1619 enim.
684 1557 826 1613 Misit
852 1559 1005 1624 Deus,
1045 1563 1243 1634 inquit.
1272 1564 1529 1635 Spiritum
1552 1564 1684 1620 Filii
1706 1568 1789 1620 sui
1817 1568 1868 1621 in
1899 1569 2057 1623 corda

2153 646 2261 700 τὸν·
2307 649 2502 716 μόνον
2540 643 2840 712 ἀληθινὸν
2890 643 3040 696 Θι-ἰἓν
3088 643 3190 697 καὶ
3237 645 3310 697 ὃν
3359 642 3731 710 ἀπέστειλας

2166 738 2414 806 Ἰησοῦν
2452 736 2733 807 Χριστὸν)
2766 737 2865 809 (2).
2898 737 2988 790 ἵνα
3033 736 3108 808 μὴ
3150 738 3275 807 δόξῃ
3316 736 3418 807 τῆς
3466 738 3729 806 ἀληθινῆς

2156 830 2409 901 θεότητος
2445 829 2639 882 ἑαυτὸν
2684 827 2988 899 ἀφορίξειν,
3024 828 3190 890 αὐτὸς
3226 830 3254 881 ὁ
3299 827 3472 882 ταῦτα
3510 830 3730 899 γράψας

2169 919 2427 989 Ἰωάννης
2477 920 2535 972 ὲν
2575 922 2641 990 τῇ
2695 918 2983 991 Ἐπιστολῇ
3036 920 3167 989 περὶ
3191 920 3285 975 τοῦ
3327 920 3460 973 Υἱοῦ
3517 938 3729 989 φησιν’

2161 1006 2351 1076 Οὗτός
2385 1010 2557 1064 ἐστιν
2587 1012 2620 1065 ό
2665 1010 2952 1078 ἀληθινὸς
2980 1010 3127 1074 Θεὸς
3170 1010 3268 1063 καὶ
3306 1011 3342 1079 ἠ
3375 1009 3486 1078 ζωὴ
3512 1011 3551 1080 ἡ
3595 1010 3732 1065 αἰώ-

2158 1121 2286 1170 νιος
2316 1103 2415 1174 (5).
2449 1104 2622 1157 Πάλιν
2677 1104 2869 1173 ἐπειδὴ
2899 1104 2960 1157 τὸ
2990 1103 3219 1173 Πνεῦμα
3257 1103 3353 1156 τοῦ
3398 1103 3616 1174 Πατρὺς
3644 1103 3734 1158 λέο

2159 1214 2317 1266 γεται
2348 1197 2494 1250 κατὰ
2529 1195 2628 1264 τὴν
2681 1195 2923 1266 φυσικὴν
2969 1195 3253 1248 οἱκείωσιν
3298 1194 3392 1248 καὶ
3443 1196 3545 1265 τὴν
3594 1200 3735 1266 πρὸς

2158 1291 2308 1357 ἡμᾶς
2338 1288 2550 1358 δωρεὰν
2580 1288 2752 1356 (λέγει
2786 1288 2930 1355 γάρ’
2969 1289 3091 1342 οὐκ
3129 1287 3273 1341 ἐστὲ
3320 1287 3488 1356 ὑμεῖς
3525 1288 3581 1340 οι
3630 1290 3737 1340 λα-

2158 1379 2436 1444 λοῦντες,
2459 1379 2622 1432 ἀλλὰ
2655 1378 2721 1431 τὸ
2753 1378 2996 1448 Πνεῦμα
3027 1378 3135 1433 τοῦ
3175 1379 3405 1448 Πατρός
3449 1377 3619 1447 ὑμῶν
3667 1379 3735 1432 τὸ

2159 1470 2393 1525 λαλοῦν
2423 1470 2493 1524 ἐν
2528 1469 2691 1539 ὑμῖν)
2723 1470 2820 1539 (4),
2852 1470 2939 1522 ἴνα
2990 1470 3066 1540 μὴ
3100 1468 3227 1543 δόξῂ
3283 1469 3379 1523 τοῦ
3411 1469 3543 1522 Υἱοῦ
3583 1468 3739 1523 ἀλλό-

2159 1579 2312 1631 τριον
2362 1557 2526 1625 εἶναι,
2560 1563 2652 1615 καὶ
2687 1561 2764 1630 μὴ
2814 1560 3019 1630 ὁμοίως
3056 1563 3155 1615 καὶ
3200 1560 3332 1633 παρ’
3377 1561 3546 1615 αὐτοῦ
3601 1561 3735 1614 δίδο-

482 1660 681 1703 vestra.
719 1650 775 1706 Si
816 1651 988 1719 igitur
1011 1655 1176 1710 etiam
1202 1672 1306 1711 vox
1344 1657 1457 1721 illa,
1486 1674 1593 1727 qua
1625 1660 1763 1713 dixit
1802 1675 1868 1713 ex
1901 1659 2059 1716 Patre

2165 1654 2310 1720 σθαι,
2337 1654 2562 1724 Πνεῦμα
2596 1654 2691 1708 καὶ
2734 1652 2828 1707 τοῦ
2866 1653 2997 1706 Υἱοῦ
3049 1652 3303 1721 λέγεταιο
3342 1653 3490 1721 λέγει
3538 1655 3645 1721 γὰρ
3709 1655 3739 1706 ὁ

485 1738 786 1807 procedere
831 1739 1096 1812 Spiritum
1136 1754 1386 1800 sanctum
1427 1747 1696 1816 ejusmodi
1738 1748 1951 1816 fuisset,
2001 1759 2059 1804 ut

2174 1747 2535 1810 ’Λπόστολος’
2581 1744 3050 1809 Ἐξαπέστειλεν
3099 1747 3132 1797 ὁ
3179 1743 3326 1809 Θεὸς
3376 1743 3442 1797 τὸ
3490 1743 3739 1812 Πνεῦμα

485 1846 612 1885 cum
639 1833 802 1887 etiam
835 1850 900 1888 ex
930 1834 1070 1890 Filio
1111 1838 1409 1915 procedere
1458 1850 1603 1893 esset
1639 1822 2059 1911 subintelligen-

2165 1840 2272 1894 τοῦ
2324 1840 2461 1894 Υιοῦ
2504 1836 2693 1893 αὑτοῦ
2731 1839 2819 1901 εις
2882 1837 2990 1902 τὰς
3035 1836 3286 1906 καρδίας
3338 1837 3507 1906 ὑμῶν
3535 1835 3634 1907 (5).
3678 1834 3738 1888 Εἰ

489 1921 642 1986 dum,
674 1938 786 1979 non
811 1926 1090 1983 omisisset
1117 1928 1170 1982 in
1201 1929 1325 1984 aliis
1356 1928 1409 1983 id
1434 1929 1655 1985 edicere
1675 1939 1731 1985 et
1751 1930 2061 1988 rectilicare

2165 1932 2344 1987 τοίνυν
2372 1932 2467 1986 καὶ
2497 1930 2558 1984 τὸ
2586 1930 2649 1982 ἐκ
2673 1928 2768 1981 τοῦ
2805 1929 3020 1999 Πατρὸς
3055 1928 3455 1995 ἐκπορεύεσθαι
3495 1929 3739 1982 τοιοῦτον

490 2012 580 2067 ille
614 2016 705 2085 qui
740 2015 1022 2072 hominum
1055 2018 1285 2073 salutem
1329 2018 1469 2074 adeo
1511 2020 1666 2075 cordi
1711 2020 1926 2082 habuit.
1965 2023 2061 2078 sed

2165 2022 2255 2096 ἦν,
2291 2023 2368 2087 ὡς
2410 2020 2850 2077 συνεπινοεϊσθαι
2894 2022 2992 2074 καὶ
3034 2022 3099 2074 ἐκ
3143 2019 3238 2073 τοῦ
3276 2018 3409 2073 Υἱοῦ
3442 2019 3742 2089 ἐκπορεύε-

488 2104 574 2161 vel
616 2122 713 2176 per
734 2108 976 2174 scipsutn
1010 2113 1238 2166 omnino
1268 2111 1353 2167 vel
1383 2128 1481 2182 per
1510 2129 1640 2168 suos
1671 2114 1975 2185 discipulos
2008 2116 2061 2170 id

2170 2117 2316 2180 σθαι,
2344 2116 2446 2168 οὐκ
2476 2114 2543 2169 ἂν
2575 2112 2902 2183 παρέλειψεν
2931 2112 2989 2165 ὲν
3023 2113 3234 2182 ἑτέροις
3262 2112 3439 2164 εἰπεῖν
3467 2109 3626 2162 τοῦτο
3647 2109 3742 2163 καὶ

495 2196 788 2268 perspicue
824 2201 1166 2257 revelaturus
1201 2214 1340 2260 erat.
1383 2205 1651 2272 Quoniam
1686 2221 1819 2261 vero
1861 2206 1911 2261 id
1953 2223 2061 2262 non

2169 2205 2462 2276 διορθῶσαι
2499 2206 2527 2257 ὁ
2559 2199 2659 2275 τῆς
2692 2202 2803 2255 τῶν
2851 2201 3158 2273 ἀνθρώπων
3207 2202 3506 2271 κηδόμενος
3561 2215 3743 2268 σωτη-

491 2288 651 2352 dixit,
685 2300 855 2359 patet,
877 2309 1002 2349 eum
1034 2295 1089 2350 id
1117 2311 1223 2351 non
1255 2297 1482 2361 dixisse,
1511 2298 1639 2368 quia
1681 2315 1789 2353 non
1821 2298 1896 2354 ita
1940 2298 2061 2354 fuit.

2177 2301 2325 2368 ρίας,
2354 2299 2467 2352 ἀλλ’
2493 2298 2527 2369 ἢ
2552 2296 2619 2351 δι’
2641 2295 2836 2349 ἑαυτοῦ
2865 2282 3141 2366 ¹ιξςὶντωςῆ
3177 2294 3266 2348 διὰ
3290 2294 3399 2347 τῶν
3429 2292 3597 2346 αὐτοῦ
3638 2309 3744 2354 μα-

487 2376 784 2449 Propterea
819 2383 1186 2442 Damascenus
1214 2387 1453 2444 Joannes
1492 2388 1569 2444 ait
1607 2405 1621 2444 :
1651 2387 1909 2457 Spiritum
1938 2388 2061 2445 Filii

2173 2389 2353 2459 θητῶν
2382 2388 2576 2459 ἔμελλε
2599 2386 2756 2441 τοῦτο
2789 2386 2977 2455 σαφῶς
2999 2384 3358 2453 ἐκκαλύψειν.
3376 2384 3531 2438 Ἐπεὶ
3557 2383 3611 2436 δὲ
3645 2383 3745 2435 οὐκ

488 2471 737 2540 dicimus,
773 2492 839 2531 ex
864 2477 999 2532 Filio
1030 2487 1208 2533 autem
1242 2495 1344 2534 non
1378 2480 1626 2536 dicimus.
1657 2481 1722 2537 Et
1744 2483 1902 2537 divus
1923 2485 2061 2552 Apo-

2170 2480 2385 2552 εἴρηκε,
2432 2480 2609 2550 δῆλον,
2640 2478 2713 2541 ὡς
2743 2479 2802 2531 τὸ
2838 2477 2912 2549 μὴ
2942 2476 3003 2530 ὃν
3030 2478 3133 2530 οὐκ
3170 2477 3384 2546 εἴρηκε.
3435 2474 3536 2528 Διὰ
3586 2472 3747 2527 τοῦτο

488 2565 664 2620 stolus
683 2567 758 2622 ait
792 2588 808 2625 :
836 2569 1066 2624 Etiamsi
1089 2569 1312 2642 angelus
1334 2570 1399 2625 de
1416 2571 1545 2626 ctelo
1572 2573 1892 2644 evangelizet
1918 2573 2057 2629 vobis

2165 2578 2194 2629 ὁ
2223 2556 2579 2642 Δαμασκηῦὸς
2596 2572 2849 2639 Ἰωάννης
2870 2569 3023 2640 φησι·
3047 2569 3288 2639 Πνεῦμα
3312 2567 3445 2623 Υἱοῦ
3464 2566 3740 2636 λέγομεν,

486 2663 681 2721 pra-ter
707 2654 762 2726 id
788 2659 1236 2730 quad.accepis:is,
1273 2662 1557 2716 anathema
1586 2664 1675 2717 sit.

2165 2666 2235 2720 ἐκ
2276 2665 2383 2719 τοῦ
2437 2663 2573 2718 Υἱοῦ
2611 2661 2681 2716 δὲ
2733 2663 2806 2715 οὐ
2845 2660 3104 2729 λέγομεν
3133 2658 3232 2731 (6).
3273 2658 3333 2713 Ὀ
3372 2659 3430 2712 δὲ
3462 2658 3602 2720 θεῖός
3642 2675 3743 2727 φη-

489 2760 575 2799 σιν
589 2748 906 2815 ’Δπὸστολος
926 2768 943 2783 ·
983 2751 1112 2807 Κᾶν
1131 2753 1389 2823 ἄγγελος
1412 2753 1480 2820 ἐξ
1507 2756 1769 2823 οὐρανοῦ
1798 2758 2264 2828 εὐαγγελίσηται
2292 2756 2449 2829 ὑμᾶς
2471 2756 2607 2825 παρ’
2640 2755 2670 2808 ὃ
2698 2752 3088 2824 παρελάϐετε,
3112 2751 3382 2821 ἀνάθεμα
3419 2750 3578 2807 ἔστω
3638 2748 3740 2819 (7).

938 2865 1229 2925 SAl‘lENS
1262 2868 1541 2927 NICAZNU
1553 2870 1612 2926 S.

560 2976 633 3032 At
676 2977 821 3034 enim
857 2995 991 3035 vero
1030 2990 1087 3036 et
1127 2980 1217 3036 hic
1262 2982 1504 3051 providit
1544 2982 1785 3053 Spiritus
1839 2993 2064 3042 sanctus

490 3077 548 3126 et
586 3084 702 3135 eos,
744 3070 838 3134 qui
876 3087 984 3126 non
1015 3088 1242 3142 prorsus
1266 3073 1594 3143 insipientes
1618 3085 1769 3143 sunt,
1804 3077 1911 3147 jam
1937 3090 2064 3135 ante

2595 2870 2735 2926 ΤΟΥ
2760 2868 2980 2924 ΣΟΦΟΥ
3009 2866 3321 2923 ΝΙΚᾹῘᾹΣ.

2242 2988 2354 3042 Καὶ
2384 2986 2493 3058 μὴν
2521 2986 2614 3039 καὶ
2650 2984 2890 3038 ἐνταῦθα
2935 2983 3314 3055 προύνοήσατο
3334 2982 3396 3035 τὸ
3432 2980 3659 3052 Πνεῦμα
3684 2982 3744 3037 to

2172 3078 2353 3148 ἅγιον,
2385 3078 2483 3132 καὶ
2507 3068 2632 3141 Iob:
2662 3077 2736 3147 μὴ
2778 3076 2922 3130 πάνυ
2970 3092 3053 3128 τοι
3095 3075 3423 3144 ἀγνώμονας
3454 3091 3744 3145 προησφιο

490 3161 867 3233 ριίειιιιιιιίνὶι,
897 3164 1062 3219 modo
1084 3164 1352 3236 Spiritum
1380 3166 1500 3221 Filii
1530 3176 1584 3222 et
1616 3168 1909 3238 imaginem
1942 3171 2061 3227 Filii

2172 3174 2380 3234 λίσατο,
2419 3170 2577 3224 τοῦτο
2640 3171 2739 3238 μὲν
2777 3170 3001 3237 Πνεῦμα
3049 3167 3183 3219 Υἱοῦ
3235 3166 3325 3219 καὶ
3377 3167 3565 3221 εἰκόνα
3614 3167 3744 3221 Υἱοῦ

491 3257 735 3324 scipsum
770 3272 1000 3323 vocans,
1040 3258 1204 3314 modo
1227 3272 1293 3314 ex
1337 3258 1477 3315 Filio
1512 3260 1676 3325 mitti,
1706 3277 1772 3316 ex
1811 3262 1947 3319 Filio
1980 3265 2063 3318 in-

493 3346 721 3415 saluari,
742 3363 819 3413 ex
846 3349 985 3404 Filio
1018 3351 1269 3422 accipere
1291 3361 1347 3405 et
1378 3366 1719 3423 quzrcunque
1763 3355 1845 3410 his
1867 3356 2065 3411 similia

493 3444 813 3498 euuntians.
865 3444 989 3499 llaec
1013 3445 1160 3499 enim
1205 3446 1391 3500 omnia
1436 3446 1502 3501 iis
1532 3447 1627 3517 qui
1659 3457 1805 3503 recta
1844 3457 1901 3504 et
1935 3465 2067 3505 sana

495 3544 681 3593 tuente
705 3535 938 3592 audiunt
974 3552 1073 3606 per
1103 3537 1209 3592 alia
1239 3540 1408 3596 verba
1442 3539 1585 3595 idem
1636 3541 1975 3611 signiﬁcant,
2005 3559 2068 3599 ac

497 3634 543 3687 si
586 3631 797 3687 diceret
839 3647 904 3687 ex
942 3630 1086 3687 Filio
1122 3647 1181 3687 se
1231 3633 1552 3702 procedere,
1603 3635 2065 3703 quemadmodum

496 3722 628 3777 alibi
678 3733 791 3778 tum
844 3723 1001 3778 ntulti
1048 3725 1143 3779 alii
1172 3724 1490 3779 divinarum
1537 3740 1721 3779 rerum
1752 3726 1904 3795 gnari
1954 3736 2066 3781 tum

497 3829 601 3869 nos
630 3814 732 3884 ipsi
761 3814 1024 3883 prolixius
1045 3813 1567 3870 demonstravimus.
1598 3815 1691 3868 Illa
1712 3830 1843 3869 vero
1865 3817 2030 3869 verba
2054 3832 2065 3867 :

497 3907 604 3973 Qui
627 3907 749 3961 vidit
777 3922 878 3971 me,
912 3907 1040 3960 vidit
1070 3892 1397 3970 et‘Patrem;
1422 3914 1478 3961 et
1500 3923 1514 3960 :
1538 3904 1733 3961 Omnia
1752 3923 2069 3977 quascunque

495 3999 652 4059 habet
678 3997 843 4061 Pater
867 4014 976 4052 esse
1010 3997 1157 4061 Filii,
1194 4007 1251 4053 et
1277 3998 1491 4069 gladius
1520 3999 1609 4054 ille
1640 3998 1695 4053 in
1740 3998 2068 4069 Apocalypsi

496 4092 561 4147 ib
584 4099 810 4161 utraque
845 4101 1000 4161 parte
1037 4099 1246 4154 acutus,
1268 4091 1360 4160 qui
1386 4092 1624 4161 procedit
1652 4106 1717 4144 ea:
1751 4106 1842 4144 ore
1875 4088 2071 4146 Christi

494 4185 651 4249 (nam
685 4182 801 4251 ipse
832 4191 916 4237 est
947 4182 1037 4248 qui
1070 4181 1281 4235 sedebat
1312 4198 1475 4253 super
1503 4183 1759 4252 equum);
1784 4193 1948 4251 atque
1977 4196 2072 4250 pa-

498 4276 636 4329 riter
662 4276 856 4345 fluvius
888 4276 1009 4328 rita:
1040 4275 1093 4328 in
1132 4273 1325 4329 eadem
1370 4273 1698 4344 Apocalypsi
1739 4287 2069 4327 commemo-

500 4376 672 4435 ratus,
692 4365 995 4437 splendidus
1016 4367 1087 4420 ad
1101 4370 1275 4421 instar
1292 4365 1554 4437 crystalli,
1571 4366 1856 4436 procedens
1880 4364 1942 4417 de
1965 4364 2070 4418 Deo

498 4467 549 4522 et
577 4459 722 4530 Agna
753 4457 853 4527 (a).
889 4458 1034 4525 Hzec,
1068 4473 1100 4514 ο
1125 4458 1208 4513 vir
1238 4457 1710 4528 praestantissime,
1733 4456 1800 4511 ad
1830 4456 1964 4526 quid
1991 4456 2071 4509 vi-

2169 3263 2329 3318 ὲαντὺ
2357 3262 2655 3330 ὀνομάσειν,
2703 3260 2867 3314 τοῦτο
2907 3259 2964 3311 δὲ
2997 3261 3059 3311 ὲκ
3093 3258 3190 3311 τοῦ
3239 3256 3369 3311 Υἱοῦ
3402 3257 3739 3327 πέμπεσθαι,

2168 3357 2230 3409 ἐκ
2260 3354 2353 3408 τοῦ
2397 3353 2526 3408 Υἱοῦ
2568 3352 2943 3424 ὲμφνσᾶσθαι,
2995 3351 3057 3403 ὲκ
3100 3348 3194 3402 τοῦ
3240 3349 3371 3403 Υἱοῦ
3418 3347 3740 3418 λαμῦἀνειν,

2170 3448 2262 3499 καὶ
2293 3446 2393 3498 ὅσα
2417 3443 2665 3497 τοιαῦτα.
2692 3442 2880 3495 Πάντα
2905 3441 3014 3509 γὰρ
3047 3438 3224 3492 ταῦτα
3252 3440 3362 3502 τοῖς
3379 3438 3742 3506 εὐγνωμόνως
3830 3474 3841 3481 .

2168 3536 2432 3590 ἀκούουσι
2461 3534 2529 3587 δι’
2566 3532 2743 3586 ἄλλων
2778 3531 3039 3603 ῥημάτων
3071 3529 3239 3582 ταυτὸ
3267 3527 3545 3600 σημαίνει,
3580 3526 3651 3589 ὡς
3675 3525 3741 3579 ἂν

2169 3633 2217 3681 εἰ
2245 3629 2432 3696 ἔλεγεν
2461 3626 2521 3691 ἐξ
2551 3626 2683 3680 Υἱοῦ
2709 3622 3133 3694 ἐκπορεύεσθαι,
3171 3621 3249 3684 ὡς
3275 3622 3333 3673 ὲν
3374 3618 3560 3682 ἄλλοις
3610 3617 3743 3669 πολ-

2170 3719 2283 3783 λοῖς
2312 3735 2371 3770 τε
2400 3717 2582 3779 ἄλλοις
2613 3715 2684 3769 τὰ
2719 3714 2839 3768 θεῖα
2870 3715 3058 3782 σοφοῖς
3086 3713 3182 3765 καὶ
3212 3710 3278 3781 δὴ
3314 3711 3407 3763 καὶ
3437 3710 3570 3781 ἡμῖν
3608 3709 3746 3761 πλα-

2168 3808 2394 3879 τύτερον
2419 3807 2711 3861 δέδεικται.
2746 3806 2819 3859 Τὸ
2862 3804 2938 3869 δὲ,
2984 3804 3048 3857 '0
3100 3801 3377 3871 ἑωρακὼς
3404 3799 3508 3870 ἐμὲ
3530 3800 3749 3868 ἑώρακε

2170 3903 2278 3956 τὸν
2309 3900 2562 3969 Πατέρα,
2589 3900 2686 3952 καὶ
2704 3898 2787 3963 τὸ,
2811 3897 3015 3952 Πάντα
3034 3895 3154 3949 ὅσα
3182 3895 3309 3964 ἔχει
3337 3896 3371 3949 ὁ
3399 3892 3623 3962 Πατὴρ,
3648 3892 3746 3945 καὶ

2170 3993 2275 4049 τοῦ
2302 3993 2436 4048 Υἱοῦ
2467 3990 2643 4057 εἶναι,
2675 3993 2706 4061 ἠ
2738 3991 2797 4044 δὲ
2833 3994 2984 4060 παρά
3038 3990 3106 4060 τῇ
3151 3986 3524 4055 Ἀποκαλύψει
3546 3984 3749 4038 δίστο-

2163 4103 2283 4156 μος
2308 4085 2578 4155 ῥομφαία
2612 4083 2649 4149 ἠ
2700 4083 2771 4136 ἐκ
2826 4082 2936 4136 τοῦ
2987 4079 3287 4148 στόματος
3331 4077 3441 4132 τοῦ
3486 4074 3748 4145 Χριστοῦ

2168 4177 2613 4246 ἐκπορευομένη
2644 4174 2720 4246 (8)
2769 4174 2998 4242 (ἐκεῖνος
3054 4172 3162 4240 γάρ
3212 4173 3364 4224 ἐστιν
3422 4172 3456 4224 ὁ
3504 4169 3602 4223 ἐπὶ
3633 4165 3741 4220 τοῦ

2178 4270 2368 4323 ἵππου
2394 4266 2756 4336 καθήμενος)
2782 4263 2880 4333 (9),
2910 4265 2938 4315 ὁ
2966 4261 3011 4315 δ’
3025 4263 3083 4315 ἐν
3110 4263 3176 4332 τῇ
3206 4261 3343 4331 αὐτῇ
3379 4256 3750 4328 λαμπρὸςὼς

2171 4363 2559 4430 κρύσταλλος
2584 4358 2695 4428 τῆς
2719 4356 2867 4426 ζωῆς
2884 4354 3147 4424 ,ποταμὸς
3178 4356 3211 4408 ὁ
3237 4353 3306 4407 ἐκ
3332 4351 3442 4406 τοῦ
3472 4350 3621 4405 Θεοῦ
3645 4351 3745 4403 καὶ

2173 4455 2280 4509 τοῦ
2310 4453 2522 4522 ἀρνίου
2572 4450 3050 4517 ἐκπορευόμενος
3080 4446 3216 4516 (10),
3251 4445 3331 4505 εις
3354 4443 3413 4496 τι
3445 4459 3528 4496 σοι
3562 4441 3751 4495 δοκοῦ-

499 4551 704 4605 dcntur
740 4551 839 4605 tibi
878 4551 1174 4617 deducere,
1216 4551 1319 4604 nisi
1363 4562 1422 4604 ut
1483 4559 1535 4604 te
1567 4551 1795 4606 credere
1839 4548 2061 4615 faciant,

2176 4565 2281 4614 σιν,
2313 4542 2358 4600 ὦ
2398 4544 2668 4615 βέλτιστε,
2695 4543 2906 4612 φέρειν,
2937 4540 2969 4610 ἢ
3003 4539 3091 4592 ἴνα
3124 4555 3184 4590 σε
3221 4538 3507 4591 πιστεύειν
3530 4534 3745 4599 ποιῶσι,

500 4641 667 4697 etiam
721 4657 788 4696 ex
818 4642 956 4696 Filio
992 4643 1259 4711 Spiritum
1300 4652 1551 4697 sanctum
1604 4638 1942 4711 procedere?
1986 4640 2061 4693 An

2170 4639 2268 4693 καὶ
2303 4640 2366 4691 ἐκ
2396 4637 2490 4703 τοῦ
2517 4635 2653 4688 Υἱοῦ
2681 4634 2742 4687 τὸ
2772 4633 2996 4700 Πνεῦμα
3024 4631 3085 4683 τὸ
3118 4629 3278 4698 ἅγιον
3301 4627 3705 4700 ἐκπορεύεσθαι
3733 4667 3747 4691 ,

501 4746 634 4787 vero
665 4732 782 4788 [nec
809 4749 917 4787 non
941 4732 1149 4787 fuerint
1171 4733 1456 4802 praesentis
1480 4732 1719 4787 materiae
1749 4730 2061 4786 rectilicatic

2173 4732 2247 4785 Ἦ
2277 4732 2378 4783 οὐκ
2405 4729 2473 4782 ἂν
2500 4723 2612 4781 εἷεν
2644 4725 2803 4779 ταυτὶ
2857 4723 3030 4786 οὕτως
3063 4721 3222 4793 ἱκανὴ
3254 4720 3347 4774 τοῦ
3381 4718 3750 4790 προκειμένου

497 4832 558 4879 et
606 4822 964 4879 lenimentum
1030 4840 1189 4894 mque
1237 4824 1538 4888 idoneum,
1576 4833 1634 4878 ut
1670 4823 1889 4877 verba:
1938 4828 2061 4875 Ante

2173 4820 2516 4892 παραμυθία,
2539 4819 2613 4882 ὡς
2640 4817 2719 4885 τὸ,
2743 4810 2860 4884 Πρὸ
2894 4814 3142 4869 Πάντων
3163 4811 3280 4866 τῶν
3301 4808 3551 4876 ,Βουνῶν
3568 4805 3753 4875 γεννᾷ

498 4930 678 4971 omnes
708 4916 862 4972 colles
880 4917 1048 4988 gignit
1073 4933 1172 4980 me,
1198 4915 1377 4986 quoad
1400 4930 1670 4982 errorem,
1696 4916 1839 4986 quia
1865 4915 2061 4970 verbis:

2166 4930 2265 4983 με,
2292 4914 2388 4982 τῆς
2423 4912 2531 4964 ἀπὸ
2570 4907 2688 4973 τοῦ,
2736 4908 2950 4976 Κύριος
2979 4906 3185 4962 ἐκτισέ
3212 4921 3311 4975 με,
3346 4904 3579 4970 πλάνης,
3625 4899 3750 4951 τότε

500 5011 758 5069 Dominus
780 5014 978 5066 creavit
1001 5028 1102 5079 me,
1121 5027 1308 5068 ansam
1335 5021 1657 5082 sumpturus
1679 5019 1873 5067 eratet
1890 5022 2061 5080 postea1

2185 5004 2286 5074 μὲν
2321 5001 2646 5072 μελλούσης,
2672 5000 2969 5069 μετέπειτα
2997 4997 3055 5052 δὲ
3082 4996 3420 5065 ἀναφυείσης
3445 5009 3459 5057 ;
3486 4993 3593 5045 Kal.
3612 4993 3750 5042 πάνυ

503 5117 633 5158 \ere
676 5111 905 5157 exortus
933 5102 1060 5158 est?
1086 5102 1151 5156 Et
1182 5101 1420 5156 maxime
1464 5100 1712 5171 quidem.
1761 5101 1887 5158 llaec
1927 5102 2061 5156 cniu:

2181 5113 2266 5167 γε.
2319 5096 2428 5150 Καὶ
2477 5094 2588 5166 γὰρ
2623 5091 2798 5148 ταῦτα
2843 5090 3056 5145 ἐκείνου
3087 5090 3393 5162 τρανότερα
3445 5085 3540 5139 καὶ
3589 5082 3752 5152 σαφές

576 5263 656 5329 (1)
677 5262 834 5319 Θεὸν.
871 5262 1053 5316 omitt.
1089 5260 1233 5316 Men.
1259 5261 1350 5316 27.

568 5334 649 5401 (2)
683 5332 841 5388 Joan.
879 5347 1009 5397 xvu,
1031 5331 1087 5385 2,

571 5405 651 5475 (5)
675 5401 892 5475 l_Joan.
925 5417 981 5469 v,
1014 5402 1106 5475 20.

570 5472 649 5540 (4)
675 5472 866 5528 Matth.
892 5488 945 5540 κ,
973 5474 1062 5528 20.

570 5492 649 5617 (αις
676 5492 866 5528 mauu.
892 5492 945 5540 ι,
973 5492 1058 5528 zu.

570 5545 627 5616 (5
682 5541 859 5599 Galat.
896 5559 971 5614 tv,
1005 5545 1058 5600 6.

2241 5264 2317 5332 (6)
2348 5264 2420 5317 De
2456 5263 2558 5318 ilde
2590 5260 2764 5326 orth.,
2794 5276 2832 5327 ι,
2869 5260 2921 5325 8,
2952 5258 3039 5313 15.

2241 5336 2319 5404 (τ)
2351 5334 2529 5388 Galat.
2567 5348 2606 5396 1,
2640 5333 2695 5385 8.

2240 5399 2321 5475 (8)
2348 5407 2516 5475 Apoc.
2540 5418 2667 5475 λιι,
2697 5399 2786 5456 lii.

2241 5473 2317 5544 (9)
2342 5474 2503 5536 lbitl.,
2530 5473 2617 5528 Η.

2243 5542 2357 5618 (10)
2386 5544 2557 5618 Apoc.
2593 5558 2726 5608 χχιι,
2759 5542 2811 5596 l.

574 5703 655 5778 (ιι)
683 5704 760 5778 Ad
806 5706 923 5778 hac
967 5714 1294 5777 provocarat
1324 5706 1622 5764 concilium
1682 5706 2124 5778 Aquisgraneusc
2166 5706 2292 5764 anni
2335 5705 2463 5775 809,
2511 5721 2633 5764 cum
2674 5702 3043 5774 ΤΙιοοοῙυιριιο
3094 5699 3507 5758 Aurelianensi.
3553 5696 3752 5767 Postea

506 5785 562 5833 st
590 5776 681 5832 alii
719 5776 1100 5836 Occidentales
1125 5779 1193 5836 iis
1225 5788 1475 5835 utuntur.
