4132 6412
514 395 621 463 187
932 508 1172 565 EPllES.
1204 506 1274 565 c.
1332 508 1372 564 v
1418 506 1629 580 (XXII).

587 623 770 678 Patris
803 637 1004 678 nomen
1046 623 1115 679 de
1161 623 1271 678 Deo
1309 622 1654 678 enuntiatum
1694 636 1886 679 omnes
1920 624 2094 694 ipsius

515 716 877 787 proprietates
906 715 1313 784 complectitur.
1336 714 1472 769 Nam
1495 723 1551 770 et
1576 715 1800 784 ingeniti
1825 716 2105 786 rationem.

516 807 572 860 in
602 825 662 862 sc
690 807 941 862 continet
984 808 1289 861 secundum
1339 823 1599 876 magnum
1643 808 1925 868 Basilium,
1968 809 2096 878 quia

514 898 608 966 qui
652 898 876 967 pr0prie
913 907 970 952 et
1011 897 1187 952 solum
1223 909 1308 952 est
1348 898 1531 962 Pater,
1572 915 1636 951 ex
1675 899 1825 952 nullo
1861 899 1971 953 alio
2010 910 2097 955 est

516 990 764 1060 genitus,
788 999 847 1043 et
873 988 939 1042 ad
977 988 1255 1059 Spiritum
1280 991 1444 1045 Pater
1465 1000 1524 1043 ut
1559 990 1860 1059 productor
1891 992 2097 1047 dicitur

514 1079 819 1135 secundum
845 1078 1184 1150 Scripturam
1211 1080 1522 1150 dicentem:
1545 1082 1581 1135 Α
1622 1081 1786 1135 Patre
1811 1081 2094 1139 luminum.

521 1171 579 1239 Si
622 1172 791 1240 igitur
830 1171 1011 1226 Patris
1046 1184 1246 1225 nomen
1275 1186 1382 1224 non
1415 1172 1556 1225 Filio
1584 1172 1979 1236 communicat,
2004 1188 2097 1227 ne-

520 1277 630 1333 que
669 1262 1053 1332 productivam
1086 1264 1482 1333 proprietatem
1512 1264 1615 1335 ipsi
1646 1264 2095 1332 communicabit,

521 1369 591 1410 ne
644 1354 784 1409 Filio
834 1354 998 1409 Pater
1050 1365 1314 1424 appareat
1361 1354 1556 1422 Filius,
1601 1357 1747 1409 sicut
1794 1356 1939 1425 apud
1994 1372 2097 1410 nos

521 1447 794 1515 homines,
838 1456 894 1503 et
932 1446 1175 1518 Spiritus
1228 1456 1453 1503 sanctus
1499 1448 1700 1503 exinde
1744 1463 1918 1519 nepos
1966 1463 2100 1504 cen-

523 1547 732 1597 scatur.

1170 1651 1446 1708 NICIE'NI.

596 1766 650 1822 Si
679 1766 838 1822 Pater
856 1776 1129 1837 quatenus
1153 1779 1234 1823 est
1261 1768 1421 1823 Pater
1444 1768 1746 1838 productor
1762 1780 1849 1825 est
1878 1781 1933 1827 et
1954 1772 2097 1828 idem

1881 396 2401 459 BESSARIONIS

2123 513 2170 572 Δ

2462 506 2600 561 ’[οΥ
2643 506 2923 561 messor
2949 506 3106 564 ΚΕΦ.
3142 505 3198 559 E'
3225 505 3377 580 (κε’)
3404 506 3503 579 (t).

2264 623 2338 676 Τὸ
2363 621 2568 691 Πατὴρ
2584 622 2679 676 ἐπὶ
2699 621 2837 676 Θεοῦ
2861 621 3154 691 λεγόμενον
3178 621 3351 693 ὄνομα
3368 623 3565 694 περιλα
3575 626 3771 695 μόἀνει

2196 716 2376 769 πάντα
2409 716 2477 768 τὰ
2505 715 2667 768 αὑτοῦ
2722 714 2993 784 ἰδιώματα
3023 731 3038 747 ν
3071 713 3134 766 τό
3157 731 3212 767 τε
3241 715 3352 785 γὰρ
3380 717 3680 788 ἀγέννητον
3714 721 3773 773 ἐν

2198 807 2376 878 ἑαυτῷ
2408 809 2654 876 περιέχει
2689 807 2831 860 κατὰ
2876 807 2966 860 τὸν
3015 806 3189 875 μέγαν
3232 807 3513 863 Βασίλειον
3537 827 3552 842 ο
3587 812 3615 864 6
3665 812 3774 881 γὰρ

2200 900 2406 969 κυρίως
2437 902 2528 952 καὶ
2566 899 2725 969 μόνον
2756 899 2950 969 Πατὴρ
2973 895 3033 962 ἐξ
3061 897 3275 961 οὐδενῦς
3306 898 3469 953 αὶ).ου
3512 902 3773 971 γεγέννη-

2199 1010 2289 1046 ται
2310 1010 2324 1023 θ
2356 993 2453 1045 καὶ
2491 992 2629 1062 πρὸς
2664 993 2725 1044 τὸ
2753 991 2978 1059 Πνεῦμα
3011 991 3200 1062 Πατὴρ
3230 991 3304 1055 ὡς
3358 991 3661 1060 προϐολεὺς
3687 994 3775 1047 λέ-

2198 1102 2355 1153 γεται
2378 1084 2518 1137 κατὰ
2541 1085 2639 1155 τὴν
2673 1085 2893 1154 Γραφὴν
2923 1083 3021 1154 τὴν
3052 1083 3339 1150 λέγουσαν,
3374 1083 3484 1138 Τοῦ
3536 1085 3772 1152 Πατρός

2199 1177 2320 1230 τῶν
2349 1176 2559 1245 φώτων
2592 1175 2690 1245 (Ξ).
2734 1177 2795 1228 Et
2826 1176 3036 1228 “τοίνυν
3090 1176 3363 1239 πατρικοῦ
3416 1178 3679 1245 ὀνόματος
3713 1180 3774 1232 οὒ

2203 1267 2527 1337 μεταδίδωσι
2561 1267 2636 1336 τῷ
2666 1266 2801 1335 Υἰῷ,
2826 1265 2948 1318 οὐδὲ
2974 1267 3072 1333 τῆς
3106 1264 3484 1335 προϐλητικῆς
3514 1264 3777 1334 ἰδιότητος

2200 1362 2350 1432 αὐτῷ
2389 1360 2712 1433 μεταδώσει,
2748 1359 2834 1412 ἵνα
2883 1359 2959 1429 μὴ
2992 1360 3269 1427 υἱοπάτωρ
3315 1361 3564 1430 ἀναφανῇ
3597 1364 3623 1413 6
3650 1360 3775 1424 Υἱὸς

2204 1456 2326 1507 καθ’
2351 1456 2499 1525 ἡμᾶς
2531 1456 2656 1516 τοὺς
2692 1450 3034 1522 ἀνθρώπους,
3062 1450 3156 1503 καὶ
3184 1451 3244 1503 τὸ
3279 1451 3502 1522 Πνεῦμα
3526 1452 3777 1507 ἐντεῦθεν

2204 1551 2397 1613 υἱωνὸς
2426 1549 2681 1621 νομισοῇ.

2756 1665 2897 1718 ΤΟΥ
2927 1665 3232 1720 ΝΙΚΑῘΑΣ.

2276 1782 2339 1834 Εἰ
2372 1779 2471 1850 μὲν
2568 1779 2645 1849 (5)
2680 1780 2869 1847 Πατὴρ
2928 1780 3230 1851 προϐολεὺς
3280 1780 3429 1833 ἐστιν
3477 1779 3506 1832 6
3561 1778 3778 1849 Πατὴρ,

524 1859 627 1914 tibi
667 1860 893 1915 omnino
924 1859 1122 1913 borum
1176 1869 1472 1929 utrumque
1499 1863 1662 1927 valet,
1714 1879 1820 1918 non
1863 1864 1916 1918 id
1952 1866 2102 1920 dun-

2210 1874 2304 1927 καὶ
2335 1873 2531 1926 ταυτόν
2563 1889 2644 1925 σοι
2685 1872 2860 1941 πάντη
2888 1870 3096 1926 τούτων
3126 1873 3383 1942 ἑκάτερον
3409 1869 3656 1936 δύναται,
3681 1873 3781 1940 οὐχ

529 1961 699 2018 taxat,
734 1953 881 2022 quod
922 1953 1082 2014 dicis,
1115 1954 1207 2006 sed
1235 1962 1291 2008 et
1321 1953 1468 2007 aliud
1497 1956 1772 2024 quoddam
1799 1957 2098 2015 absurdum

428 2078 432 2081 -
525 2057 671 2098 sane
699 2054 891 2098 contra
934 2051 986 2096 te
1019 2045 1288 2112 sequitur,
1324 2043 1454 2097 licet
1501 2043 1551 2097 id
1595 2042 1711 2113 ipse
1750 2060 1858 2098 non
1891 2046 2103 2115 perspi-

525 2133 660 2189 cias.
694 2132 832 2188 Tum
862 2134 1032 2188 Filius
1055 2135 1161 2187 erit
1195 2134 1457 2201 Spiritus,
1505 2143 1616 2188 tum
1646 2134 1884 2205 Spiritus
1912 2134 2102 2192 Filius.

428 2276 431 2279 .
527 2220 585 2276 Si
638 2238 772 2277 vero
814 2223 951 2289 lucc,
1003 2222 1395 2278 confundentis
1437 2225 1621 2280 omnia
1647 2241 1756 2295 que
1811 2225 2105 2296 susdeque

524 2315 795 2370 vertentis
839 2315 939 2369 ista
985 2324 1134 2370 sunt.
1180 2317 1359 2387 Atque
1420 2332 1620 2372 nomen
1660 2318 1883 2388 quidem
1938 2321 2106 2375 Pater

526 2405 948 2461 constitutivum
968 2416 1051 2460 est
1074 2416 1316 2476 paternae
1343 2422 1611 2477 personae,
1630 2418 1681 2463 et
1712 2409 1917 2466 idcirco
1939 2413 2103 2468 etiam

528 2498 1044 2552 incommunicabile
1070 2514 1084 2564 ;
1115 2504 1398 2569 productor
1432 2515 1567 2554 vero
1595 2502 1710 2555 sive
1738 2506 1974 2572 τρεῖ-αισι·
2010 2520 2110 2561 ra-

526 2590 721 2644 tur-alis
761 2590 943 2643 virtus
974 2589 1194 2644 Patrem
1210 2593 1334 2661 'jam
1367 2591 1732 2646 constitutum
1771 2609 2030 2664 sequens,
2054 2605 2111 2653 et

528 2680 733 2736 idcirco
774 2690 861 2735 est
901 2689 958 2735 et
1000 2681 1138 2735 Filio
1169 2698 1485 2748 commune,
1530 2693 1590 2737 ut
1624 2683 1678 2737 in
1709 2685 1833 2742 aliis
1880 2689 2110 2743 demon-

524 2784 757 2829 stratum
793 2774 898 2828 fuit
946 2774 1051 2846 (a).
1083 2776 1362 2832 Producet
1399 2776 1665 2847 Spiritum
1701 2781 1866 2836 etiam
1912 2782 2109 2852 Filius,

528 2866 626 2919 sed
665 2880 774 2919 non
821 2867 930 2920 erit
962 2865 1201 2936 Spiritus
1246 2883 1439 2937 nepos,
1488 2885 1613 2924 cum
1643 2872 1991 2941 productoris
2038 2877 2112 2931 sit

531 2957 878 3027 productum,
921 2973 1031 3011 non
1065 2974 1196 3012 vero
1219 2957 1341 3012 Filii
1376 2958 1539 3017 illius.
1574 2962 1680 3017 Sed
1722 2965 1840 3034 ipse
1866 2967 1956 3020 hic
1987 2966 2113 3038 Spi-

534 3048 671 3103 ritus
713 3058 770 3103 ct
816 3049 1153 3118 spiraculum
1201 3065 1297 3105 seu
1340 3049 1502 3107 ﬂatus
1546 3053 1669 3109 Filii
1712 3063 1816 3110 est.
1849 3057 1985 3112 Nam
2019 3058 2110 3114 hic

532 3137 774 3207 Spiritus
797 3140 1066 3209 spiramen
1095 3149 1171 3193 est
1210 3138 1358 3206 Filii,
1388 3157 1618 3211 magnus
1644 3145 1721 3198 ait
1749 3146 2107 3206 Athanasius.

2206 1966 2235 2019 ὃ
2275 1967 2381 2038 φῂς
2422 1966 2604 2035 μόνον,
2634 1965 2767 2019 ἀλλὰ
2798 1964 2893 2018 καὶ
2925 1964 3114 2032 ἕτερον
3143 1981 3197 2016 τι
3225 1966 3319 2017 :ia‘t
3349 1962 3493 2032 μάλα
3515 1964 3658 2016 κατὰ
3683 1962 3779 2016 σοῦ
3893 1982 3915 1995 θ

2206 2059 2407 2114 ἄτοπον
2436 2058 2649 2122 ἕπεται,
2681 2056 2783 2110 κᾶν
2826 2056 2988 2118 αὐτὸς
3040 2056 3116 2125 μὴ
3168 2057 3421 2125 συνορᾷς.
3456 2055 3524 2108 Ὀ
3564 2071 3623 2106 τε
3668 2055 3781 2123 γὰρ

2208 2151 2335 2214 Υἱὸς
2367 2151 2520 2204 ἔσται
2579 2149 2825 2218 Πνεῦμα,
2885 2150 2979 2203 καὶ
3014 2149 3074 2201 τὸ
3135 2148 3362 2216 Πνεῦμα
3416 2148 3567 2208 Υἱός.
3604 2146 3666 2199 Εί
3723 2145 3785 2198 δὲ
3876 2215 3882 2220 .

2207 2243 2401 2307 ταῦτα,
2438 2243 2765 2312 συγχέοντος
2795 2242 2888 2295 καὶ
2921 2240 3081 2295 πάντ’
3112 2242 3225 2296 ἄνω
3266 2239 3361 2294 καὶ
3392 2241 3541 2294 κάτω
3567 2238 3785 2292 ποιοῦν-

2206 2350 2320 2397 τος.
2358 2334 2466 2387 Καὶ
2509 2336 2569 2387 τὸ
2600 2336 2699 2404 μὲν
2746 2332 2948 2401 Πατὴρ
2984 2332 3314 2386 συστατικὸν
3340 2332 3513 2401 ὄνομα
3545 2330 3646 2400 τῆς
3683 2328 3784 2383 τοῦ

2211 2425 2425 2495 Πατρός
2456 2426 2607 2478 ἐστιν
2635 2424 3016 2488 ὑποστάσεως,
3042 2424 3140 2475 καὶ
3185 2422 3273 2476 διὰ
3318 2421 3476 2475 τοῦτο
3510 2421 3604 2474 καὶ
3635 2423 3788 2474 ἀκοι-

2208 2515 2449 2586 νώνητον
2470 2532 2487 2549 ·
2528 2518 2593 2568 τὸ
2624 2516 2679 2569 δὲ
2713 2514 3048 2583 προϐολεὺς
3074 2515 3275 2582 φυσικὴ
3309 2513 3541 2582 δύναμις
3570 2512 3647 2582 τῷ
3676 2513 3789 2565 Πα-

2209 2610 2300 2678 τρὶ
2329 2608 2588 2663 συστάντι
2619 2610 2861 2677 ἑπομένη
2884 2609 2984 2677 (4),
3024 2608 3117 2661 καὶ
3140 2607 3226 2661 διὰ
3259 2606 3417 2660 τοῦτο
3444 2608 3537 2660 καὶ
3569 2608 3644 2677 τῷ
3671 2606 3789 2677 Υἱῴ

2209 2702 2388 2773 κοινὴ,
2443 2702 2519 2765 ὡς
2568 2704 2624 2755 ἐν
2679 2702 2859 2763 ἄλλοις
2909 2702 3203 2756 δέδεικται.
3244 2700 3514 2768 Προϐαλεῑ
3571 2704 3671 2771 μὲν
3727 2702 3790 2754 τὺ

2214 2793 2441 2864 Πνεῦμα
2472 2793 2567 2848 καὶ
2595 2797 2622 2846 6
2653 2792 2803 2857 Υἱὸς,
2829 2794 2982 2847 ἔσται
3009 2793 3065 2845 δὲ
3096 2794 3156 2845 τὸ
3188 2793 3413 2862 Πνεῦμα
3446 2791 3544 2862 οὐχ
3568 2793 3787 2859 υἱωνὸς,

2214 2886 2523 2959 προὸολέως
2554 2885 2765 2957 πρόὁλη
2776 2904 2872 2957 μα,
2902 2887 3001 2956 οὐχ
3029 2885 3157 2938 Υίοῦ
3194 2885 3322 2948 Υἱὸς
3354 2887 3434 2938 ὃν.
3479 2885 3623 2938 Ἀλλ’
3652 2885 3789 2939 αὐτὸ

2211 2980 2372 3033 τοῦτο
2401 2978 2631 3051 Πνεῦμα,
2655 2981 2747 3032 καὶ
2782 2981 2919 3049 πνοὴ
2951 2978 3084 3031 Υἱοῦ
3110 2995 3124 3009 ·
3155 2977 3315 3031 τοῦτο
3349 2978 3456 3047 γὰρ
3477 2977 3536 3030 τὸ
3560 2977 3790 3047 Πνεῦμα

2213 3074 2373 3140 πνοή
2402 3073 2535 3127 ἐστι
2562 3073 2670 3126 τοῦ
2692 3071 2855 3138 Υῑοῦ,
2882 3074 2908 3123 6
2934 3072 3113 3140 μέγας
3150 3068 3314 3139 φησιν
3348 3068 3686 3129 Ἀθανάσιος.
3723 3070 3787 3121 Et

2212 3163 2359 3217 δὲτὸ
2406 3161 2615 3231 Πατὴρ
2661 3162 2835 3231 ὄνομα
2876 3164 2969 3214 καὶ
3019 3161 3202 3214 αἰτίαν
3239 3158 3469 3212 καθόλου
3518 3159 3791 3226 σημαῖνον

531 3229 590 3285 Si
631 3246 764 3285 vero
797 3231 984 3287 Patris
1020 3249 1220 3288 nomen
1250 3235 1419 3289 etiam
1446 3252 1668 3292 causam
1708 3239 2010 3297 universim
2037 3242 2109 3298 si-

2209 3255 2416 3323 ἀμφοῖν
2449 3229 2798 3321 τοῖνήφώτοιν
2831 3249 3018 3321 Πατὴρ
3061 3249 3303 3318 λέγεται,
3338 3249 3398 3301 οὑ
3449 3247 3531 3302 δεῖ
3571 3248 3636 3300 ἐκ
3675 3247 3792 3301 τῶν

529 3322 753 3394 gniﬁcat
782 3334 839 3379 et
886 3325 1176 3381 amborum
1220 3328 1491 3383 luminum
1523 3330 1685 3386 Pater
1717 3332 1941 3398 dicitur,
1998 3350 2108 3390 non

529 3425 753 3484 oportet
781 3432 847 3471 ex
877 3419 943 3473 iis
972 3433 1096 3488 quae
1124 3422 1494 3477 communiter
1524 3430 1582 3477 et
1622 3425 1885 3481 translate
1915 3426 2110 3481 dicun-

533 3517 700 3562 turea
733 3510 943 3575 venari,
982 3526 1102 3580 qua:
1168 3513 1391 3582 proprie
1424 3523 1482 3569 et
1517 3514 1955 3586 singularissime
1984 3535 2112 3589 pro-

531 3600 648 3668 pria
681 3610 834 3655 sunt.
869 3601 1116 3658 Dicimus
1148 3604 1295 3658 enim
1337 3605 1573 3676 majores
1612 3623 1832 3678 quoque
1868 3620 2109 3676 nostros,

530 3689 646 3745 sive
692 3693 969 3747 masculos
1014 3694 1129 3748 sive
1166 3693 1423 3763 feminas,
1474 3686 1845 3753 communiter
1886 3709 2108 3770 patres;

530 3797 641 3836 non
685 3792 867 3839 tamen
904 3783 1113 3841 idcirco
1155 3795 1211 3842 et
1239 3795 1419 3843 mater
1466 3789 1686 3860 proprie
1720 3798 1875 3860 pater
1913 3792 2103 3863 appel-

530 3874 765 3932 labitur.

976 4014 1216 4071 EPllES.
1248 4015 1308 4074 C.
1343 4019 1412 4075 Vl
1449 4018 1684 4091 (XXIII).

602 4132 766 4188 Pater
796 4144 847 4188 et
872 4131 1048 4188 Filius
1080 4150 1188 4188 una
1229 4150 1395 4190 causa
1438 4144 1570 4191 sunt
1613 4136 1859 4208 Spiritus
1906 4138 2109 4205 sancti,

2211 3344 2407 3405 κοινῶς
2433 3358 2493 3394 τε
2549 3341 2645 3395 καὶ
2682 3340 3068 3413 μεταφορικῶς
3100 3339 3414 3408 λεγομένων
3470 3338 3538 3392 τὰ
3580 3339 3793 3408 κυρίως

2210 3440 2304 3489 καὶ
2356 3433 2665 3497 ίδιιιτάτως
2706 3432 2813 3487 ἴδια
2859 3431 3157 3503 Θηρᾶσοαι.
3219 3430 3469 3500 Λέγομεν
3529 3432 3639 3500 7&9
3689 3431 3788 3484 καὶ

2207 3511 2335 3592 τοὺς
2390 3526 2693 3598 ἁνωτέρους
2748 3526 2927 3597 ἡμῶν,
2969 3524 3078 3577 εἴτε
3126 3525 3386 3595 ἄρρενας.
3404 3522 3527 3589 ⁶είτεε,
3568 3521 3793 3590 οη>.έας,

2210 3621 2455 3691 πατέρας
2475 3618 2667 3684 κοινῶς
2685 3635 2699 3650 ·
2726 3620 2787 3672 οὐ
2805 3619 2893 3672 διὰ
2915 3617 3073 3672 τοῦτο
3093 3617 3278 3688 μέντοι
3309 3616 3512 3687 κυρίως
3535 3614 3569 3685 ἡ
3603 3615 3793 3686 μήτηρ

2210 3713 2437 3786 κληθείη
2478 3710 2703 3782 Πατήρ.

2584 4001 2851 4057 sessor
2881 4001 3038 4055 ttae.
3084 4002 3152 4068 qv
3187 3995 3339 4071 (KP')
3376 3998 3475 4068 is).

2296 4121 2358 4177 Ὀ
2390 4120 2581 4190 Πατὴρ
2614 4119 2709 4173 καὶ
2737 4121 2765 4172 6
2802 4116 2930 4179 Υἱδς
2983 4113 3042 4168 ἓν
3072 4117 3250 4169 αἴτιον
3277 4113 3372 4166 τοῦ
3409 4111 3568 4181 ἁγίου
3622 4107 3799 4163 Ilvati-

3665 397 3768 461 1‘88
3872 475 3884 484 _

498 4239 687 4279 'amnt
722 4223 933 4282 Latini.
963 4225 1293 4293 Quaeramus
1339 4228 1510 4298 igitur
1544 4245 1612 4284 ex
1666 4230 1823 4300 ipsis,
1853 4246 1922 4285 an
1960 4231 2110 4286 sicut

2218 4232 2392 4288 ματος
2427 4212 2528 4286 (6),
2565 4213 2614 4266 οἱ
2650 4209 2873 4266 Λατῖνοί
2904 4224 3068 4278 φασιν
3091 4223 3106 4239 ⁸
3148 4206 3548 4276 Ἐρωτήσωμεν
3574 4201 3667 4257 οὖν
3701 4204 3800 4254 αὐ-

528 4317 693 4372 Pater
720 4318 873 4372 solus
916 4333 1025 4372 una
1044 4314 1218 4374 lcau§a
1253 4295 1430 4374 sancti
1460 4295 1729 4390 Spiritus,
1775 4295 1847 4376 ita
1883 4338 2110 4393 quoque

2213 4295 2362 4375 τοὺς,
2401 4308 2483 4380 (ἡ)
2505 4306 2697 4375 ὥσπερ
2728 4305 2758 4358 6
2797 4302 2989 4372 Πατὴρ
3031 4301 3196 4371 μόνος
3232 4298 3290 4351 ἓν
3319 4300 3492 4393 αίτιον
3511 4296 3611 4393 τοῦ
3639 4295 3796 4363 ἁγίου

524 4409 696 4465 Pater
724 4418 780 4464 et
818 4409 992 4464 Filius
1038 4410 1152 4465 sint
1201 4426 1309 4465 una
1347 4383 1540 4478 causa,
1571 4428 1641 4466 an
1676 4383 1788 4467 alio
1831 4383 2032 4467 ιηοιιο.⁸
2053 4412 2108 4468 Si

2216 4399 2555 4468 Πνεύματος,
2585 4393 2730 4448 οὕτω
2755 4394 2852 4446 καὶ
2886 4395 2915 4445 6
2949 4389 3140 4460 Πατὴρ
3175 4388 3270 4442 καὶ
3296 4390 3324 4441 6
3354 4385 3481 4448 Υἱὸς
3509 4383 3568 4437 ἓν
3596 4387 3796 4478 αἴτιον,

527 4504 720 4558 eodem
752 4504 915 4559 modo
940 4505 1150 4570 dicent,
1170 4506 1349 4561 Pater
1378 4521 1513 4561 vero
1549 4507 1703 4561 solus
1732 4521 1839 4561 una
1869 4521 2106 4576 persona

2214 4491 2248 4560 ἢ
2281 4491 2456 4551 ἄλλως
2481 4487 2584 4559 (7).
2617 4486 2682 4539 Ei
2721 4484 2822 4555 μὲν
2853 4482 2945 4537 οὖν
2974 4481 3118 4535 οὕτω
3147 4481 3438 4549 φήσουσιν,
3475 4478 3504 4530 6
3527 4476 3582 4529 δὲ

525 4603 635 4656 est,
667 4595 833 4648 etiam
879 4592 1049 4669 Pater
1097 4604 1155 4649 et
1199 4594 1376 4651 Filius
1410 4606 1576 4652 erunt
1605 4612 1713 4651 una
1753 4612 2012 4667 persona,
2056 4611 2112 4651 et

2223 4581 2383 4649 μόνος
2416 4575 2476 4628 ἒν
2504 4574 2821 4645 πρόσωπον,
2862 4572 3017 4625 ἔσται
3051 4569 3147 4622 καὶ
3176 4570 3205 4622 6
3248 4567 3438 4636 Πατὴρ
3475 4568 3569 4618 καὶ
3613 4566 3641 4618 6
3672 4565 3797 4627 Υἱὸς

532 4684 849 4740 Sabelliana
898 4668 1211 4742 contractio
1270 4688 1520 4758 ingressa
1562 4697 1667 4743 est.
1705 4654 1774 4743 Si
1819 4702 1951 4743 vero
2000 4687 2110 4742 alio

2219 4672 2278 4723 ἓν
2311 4670 2629 4739 πρόσωπον,
2658 4666 2753 4719 καὶ
2779 4661 3077 4733 συναλοιφή
3106 4659 3425 4720 Σαῦέλλειος
3450 4654 3796 4728 ἐπεισῆλθεν.

530 4776 700 4831 modo
730 4777 896 4831 Pater
923 4778 1077 4833 Solus
1107 4793 1215 4832 una
1251 4748 1415 4834 οαιῖεει
1456 4788 1564 4839 est,
1599 4779 1709 4834 alio
1741 4779 1906 4835 modo
1939 4780 2109 4835 Pater

2218 4764 2283 4817 Εἰ
2314 4764 2370 4816 δὲ
2398 4762 2575 4823 ἄλλως
2611 4759 2713 4830 μὲν
2765 4760 2794 4812 6
2832 4756 3026 4826 Πατὴρ
3064 4755 3225 4825 μόνος
3278 4753 3353 4824 (8)
3388 4750 3446 4804 ἓν
3478 4751 3674 4816 αἴτιον,
3702 4748 3801 4803 ἆλ-

530 4875 588 4922 et
617 4864 809 4931 Filius,
842 4882 910 4922 ne
948 4882 1045 4922 eos
1073 4868 1263 4932 lateat,
1294 4884 1354 4924 se
1384 4870 1637 4938 quamvis
1676 4870 1934 4925 nolentes
1967 4869 2108 4925 duas

2217 4857 2325 4920 λως
2370 4856 2426 4911 δὲ
2453 4856 2482 4908 6
2510 4855 2704 4924 Πατὴρ
2735 4852 2829 4906 καὶ
2857 4853 2884 4905 6
2916 4849 3065 4914 Υἱὸς,
3099 4848 3178 4919 μὴ
3224 4846 3643 4917 λανθανέτωσαν
3666 4843 3798 4938 ἐαυ-

529 4972 730 5014 causas
758 4968 815 5013 et
837 4958 948 5014 duo
980 4961 1252 5030 principia
1286 4960 1573 5016 inducere-

2214 4951 2342 5013 τοὺς
2377 4950 2471 5001 δύο
2504 4948 2657 5001 αἴτια
2691 4948 2784 5001 καὶ
2817 4945 2994 5015 ἀρχὰς
3026 4943 3143 5006 δύο,
3180 4940 3285 4995 κᾶν
3323 4939 3400 5010 μὴ
3436 4937 3667 4991 Θέλωσιν
3694 4933 3797 5005 (9),

2212 5039 2628 5108 ἐπεισάγοντες.

600 5207 677 5280 (Ι)
706 5210 764 5266 in
801 5209 946 5265 Non.
975 5207 1083 5264 256
1115 5207 1152 5262 ί.
1183 5207 1290 5263 299
1320 5225 1348 5261 a
1377 5217 1461 5280 est
1483 5220 1609 5275 cap.
1635 5203 1729 5280 25.
1795 5274 1807 5280 _
1834 5273 1846 5280 _

2227 5277 2241 5280 Α
2283 5206 2359 5277 (6)
2392 5202 2500 5257 Τοῦ
2557 5203 2647 5271 ἀγ.
2701 5202 2798 5255 Πν.
2856 5199 3010 5255 deest
3071 5198 3137 5253 in
3187 5196 3331 5251 Mon.
3380 5192 3448 5248 27
3501 5188 3542 5244 ί.
3600 5183 3707 5242 258
3743 5196 3799 5239 a.

597 5273 675 5351 (‘2)
716 5283 833 5337 Jac.
876 5280 1039 5346 Ι,17.
1088 5280 1165 5335 De
1225 5278 1429 5334 divmis
1493 5273 1746 5348 personis
1795 5273 1849 5329 id
1909 5288 2111 5330 nomen
2215 5273 2311 5332 ﬁn.

525 5342 758 5407 adiubet
780 5342 1086 5423 Nyssenus.
1197 5414 1225 5423 _
1493 5342 1511 5348 ⁷

2290 5348 2371 5418 (7)
2397 5345 2544 5423 _M_on.
2571 5344 2670 5401 επ
2686 5385 2708 5423 ,_
2720 5342 2963 5423 91110;.“
3143 5411 3157 5423 θ
3238 5411 3250 5423 υ

602 5423 679 5487 (3)
717 5411 867 5477 Μοιῖ.
892 5423 931 5477 ι.
954 5422 1061 5476 258
1092 5437 1121 5475 a
1153 5438 1167 5475 :
1296 5490 1299 5491 ν
1545 5489 1551 5491 _

2290 5411 2368 5491 (ξ)
2395 5419 2568 5491 MM;
2596 5432 2663 5469 σει
2692 5415 2837 5491 1999-
2859 5412 2965 5491 “1.56
3000 5411 3406 5491 ερρριενὲιηιιεο
3554 5478 3565 5483 -

597 5482 675 5564 (4)
707 5493 859 5548 Mon.
888 5506 944 5548 et
964 5493 1130 5547 Marc.
1164 5482 1305 5564 {.175
1338 5506 1367 5544 a
1407 5507 1422 5545 ε
1456 5489 1742 5564 ἑπόμενον.

2293 5482 2370 5563 (9)
2402 5489 2494 5545 Sic
2523 5485 2670 5543 Mun.
2700 5484 2848 5550 255;
2882 5483 3003 5539 Mon
3037 5483 3105 5538 27
3141 5499 3194 5551 a,
3228 5482 3499 5541 θέλοντες.

707 5564 769 5619 In
802 5564 948 5619 Mon.
986 5564 1093 5618 256
1119 5564 1158 5617 f.
1186 5562 1291 5618 299
1311 5576 1364 5616 a.
1399 5559 1631 5630 estcap.
1663 5559 1756 5615 24.

594 5721 679 5791 (α)
734 5718 869 5777 Vide
917 5719 1256 5777 Bessarionis
1295 5719 1587 5790 epistolam
1637 5717 1703 5774 ad
1747 5715 1904 5774 Alex.
1941 5713 2243 5771 Lascarim.
