4132 6412
407 400 518 462 183

401 529 408 538 -
963 503 1100 556 ΤΟΥ
1125 503 1435 590 ῌΙΚΑΙΛΣ.

481 620 637 673 Οὑτω
696 618 880 688 φαμὲν
935 619 1028 672 τὸν
1062 618 1284 688 Πατέρα
1343 619 1564 674 καὶτὸν
1611 620 1740 674 Υίδν
1780 623 1895 690 ἅμα
1931 621 1989 674 ἓν

405 713 579 764 αἴτιον
634 710 728 763 τοῦ
780 709 1122 779 [Iustitia-Coc,
1157 711 1234 772 ὡς
1287 712 1378 763 καὶ
1423 709 1514 764 τὸν
1562 713 1784 781 Πατέρα
1829 715 1990 782 μένον

409 803 538 874 ἰδίᾳ,
567 803 599 873 ἢ
633 804 760 856 ὅσον
788 804 816 855 ὁ
870 802 1064 871 Πατὴρ
1103 802 1204 872 μὲν
1255 801 1348 870 ἀφ’
1380 803 1598 868 ἑαυτοῦ,
1626 805 1653 855 ὁ
1687 803 1816 865 Υἱὸς
1849 803 1896 856 δ’
1931 806 1992 856 ἐκ

405 895 498 947 τοῦ
532 894 746 963 Πατρδς
792 893 938 946 τοῦτ’
988 893 1103 962 ἔχει
1163 893 1368 948 λαϐὼν.
1405 895 1516 963 Οὑχ
1567 893 1762 946 ἕπεται
1795 895 1850 946 δὲ
1902 895 1991 947 διὰ

409 987 568 1046 τοῦτο
592 987 649 1039 ἓν
688 986 986 1058 πρόσωπον
1022 975 1114 1038 τδν
1141 986 1362 1057 Πατέρα
1393 988 1490 1038 καὶ
1520 986 1613 1038 τὸν
1647 986 1776 1038 Υἱὸν
1805 983 1948 1039 εἶναι
1973 1001 1987 1016 ο

413 1081 474 1132 οὑ
524 1081 633 1150 γάρ
667 1082 784 1132 ἐστι
840 1080 1194 1148 προσωπικὺν
1240 1079 1298 1132 τὸ
1329 1073 1670 1148 προϐάλλειν,
1707 1079 1782 1140 ὡς
1831 1077 1887 1128 ἔν
1931 1095 1992 1130 τε

409 1169 588 1228 ἄλλοις
623 1172 718 1220 καὶ
747 1167 804 1218 ὲν
836 1169 948 1230 τοῖς
989 1167 1126 1236 πρὸς
1163 1167 1223 1219 τὸ
1269 1166 1486 1236 πρῶτόν
1527 1181 1620 1215 σου
1655 1165 1992 1233 ἐπιχείρημα
2023 1195 2033 1202 ~

407 1259 661 1312 λέλεκται
683 1273 700 1289 '
735 1257 867 1312 ὥστ’
912 1257 1020 1312 οὐδ’
1056 1257 1290 1311 ἐνταῦθα
1334 1257 1510 1324 λέγεις
1557 1255 1731 1320 οὐδὲν,
1766 1255 1907 1325 μέγα
1938 1271 1991 1306 τι

411 1353 506 1406 καὶ
537 1353 830 1424 δυσνόητον
877 1353 1120 1423 οἰόμενος
1158 1352 1574 1421 σύμπεραίνειν.

685 1576 824 1628 ΤΟΥ
864 1575 1128 1628 ΕΦΕΣΟΥ
1157 1576 1312 1632 ΚΕΦ.
1345 1573 1396 1630 Ζ’
1445 1573 1596 1643 (KA')
1629 1575 1726 1645 (l).

485 1686 794 1741 Καθολικόν
824 1704 952 1740 τινα
984 1687 1310 1756 διακρίσεως
1335 1687 1496 1754 λόγον
1538 1687 1844 1742 ἀποδιδόναι
1880 1691 1992 1752 τοῖς

415 1779 852 1850 διακρινομένοις
899 1778 1106 1832 ἅπασιν
1135 1779 1184 1830 οἱ
1232 1779 1456 1831 Λατῖνοι
1509 1780 1987 1850 μεγαλαυχοῦσιν·

415 1868 571 1930 οὗτος
618 1869 674 1922 δέ
705 1871 854 1922 ἐστιν
885 1869 920 1939 ἢ
954 1868 1095 1922 κατὰ
1145 1870 1242 1939 τὴν
1297 1869 1430 1937 ὓλην
1466 1871 1497 1939 ἦ
1534 1872 1677 1922 κατὰ
1716 1873 1844 1940 μίαν
1884 1872 1992 1924 τῶν

415 1958 747 2013 ἀντιθέσεων
772 1958 917 2012 αὑτὰ
949 1961 1351 2028 διακρίνεσθαι.
1389 1959 1516 2011 ’Ότι
1553 1959 1654 2029 μὲν
1689 1960 1782 2012 οὑν
1811 1963 1858 2013 εί
1899 1964 1992 2014 καὶ

417 2051 508 2104 ἐπὶ
569 2050 678 2103 τῶν
734 2051 904 2103 ὄντων
965 2050 1173 2120 ἀληθὴς
1231 2046 1300 2122 ἦν
1351 2053 1378 2104 ὁ
1437 2051 1615 2118 λόγος,
1654 2054 1750 2104 οὑκ
1799 2052 1864 2107 ἂν
1923 2050 1992 2125 ἦν

417 2144 630 2214 ἀνάγκη
666 2145 1001 2213 μεταφέρειν
1023 2143 1184 2196 αὑτὸν
1216 2144 1354 2213 πρὸς·
1383 2143 1452 2198 τὰ
1479 2144 1598 2196 θεῖα
1631 2144 1712 2214 (οὑ
1741 2146 1850 2214 γὰρ
1881 2149 1993 2210 τοῖς

419 2235 598 2297 αὑτοῖς
626 2234 812 2288 ἐκεῖνά
839 2251 898 2286 τε
933 2237 1027 2287 καὶ
1059 2235 1234 2288 ταῦτα
1264 2237 1445 2303 λόγοις
1477 2239 1810 2306 ὑπόκειται),
1841 2240 1898 2292 τό
1927 2258 1990 2310 γε

421 2326 520 2378 νῦν
551 2326 670 2394 ἕχον
706 2327 1127 2400 παραλελείφθω
1149 2345 1162 2360 υ
1198 2329 1515 2398 προκείσθω
1544 2331 1600 2383 δὲ
1629 2332 1762 2400 ἡμῖν
1797 2333 1990 2400 δεῖξαι,

426 2417 507 2471 ὅτι
539 2417 645 2468 οὐδ’
676 2419 768 2470 ἐπὶ
791 2418 900 2470 τῶν
936 2419 1061 2470 καθ’
1083 2421 1232 2488 ἡμᾶς
1255 2421 1424 2473 ὄντων
1454 2421 1550 2474 καὶ
1581 2422 1832 2476 ὁπωσοῦν
1863 2426 1994 2492 ἡμῖν

429 2509 803 2578 ἐγνωσμένων,
837 2512 978 2578 λέγω
1008 2512 1070 2581 δὴ
1104 2511 1214 2562 τῶν
1247 2511 1561 2580 κτισμάτων
1579 2512 1676 2583 (2),
1699 2514 1996 2581 ἀναγκαῖος

385 2635 390 2638 -
426 2601 455 2652 ὁ
481 2599 638 2668 λόγος
683 2601 790 2652 οὐδ’
821 2601 1027 2671 ἀληθὴς
1067 2602 1223 2667 ὅλως,
1259 2603 1319 2656 οὑ
1357 2603 1518 2671 μόνον
1561 2605 1644 2657 ὅτι
1681 2605 1741 2658 τὸ
1792 2608 1868 2676 μὴ
1899 2627 1998 2661 και

391 2706 394 2708 '
421 2691 581 2744 θόλου
615 2693 940 2747 ἀποδίδωσιν
977 2693 1050 2754 ὡς
1081 2694 1332 2758 καθόλου,
1367 2695 1482 2748 ἁλλ’
1511 2699 1593 2750 ὅτι
1621 2699 1715 2751 καὶ
1762 2701 1820 2751 ἐν
1850 2695 1930 2764 οἷς
1961 2702 1994 2772 ἡ

427 2786 585 2853 ὑλικὴ
626 2785 900 2856 διάκρισις
943 2784 976 2854 ἢ
1022 2787 1056 2856 ὴ
1085 2787 1209 2840 κατ’
1244 2786 1520 2842 ἀντίθεσιν
1553 2787 1864 2858 θεωρεῖται,
1897 2793 1998 2844 οὑκ

422 2879 560 2946 αὑτὴ
608 2878 708 2950 τὴν
766 2879 946 2932 αἰτίαν
982 2879 1085 2949 τῆς
1135 2879 1463 2948 διακρίσεως
1513 2881 1544 2948 ἡ
1578 2879 1677 2951 ὕλη
1707 2881 1738 2948 ἦ
1774 2883 1805 2950 ἡ
1845 2881 1996 2933 ἅντι-

425 2972 578 3034 θεσις
629 2971 762 3041 ἔχει,
803 2971 938 3024 ἀλλὰ
999 2972 1458 3042 διακεκριμένοις
1513 2972 1612 3042 ἤδη
1665 2974 1918 3045 καθάπερ
1947 2992 1996 3027 τι

429 3067 904 3141 παρακολούθημα
935 3065 1128 3118 ἕπεται
1175 3063 1383 3117 τούτων
1415 3065 1699 3136 ἑκάτερον,
1731 3071 1996 3137 ἐμφαῖνον

1488 393 1930 457 REFUTATIO
1971 394 2212 456 MARCI
2247 395 2394 455 ΕΙἮ
2405 395 2629 456 ESINI.

3571 398 3674 464 190

2744 500 3022 557 ΝΙΟᾹΞΝΙ.

2168 617 2245 671 Ita
2283 616 2522 670 dicimus
2549 615 2764 670 Patrem
2797 625 2852 669 et
2893 615 3099 669 Filium
3133 601 3310 673 simul.
3336 635 3498 674 unam
3543 637 3674 676 cau-

2099 721 2213 760 sam
2238 721 2357 760 esse
2383 705 2623 776 Spiritus
2641 706 2839 772 sancti,
2862 707 3004 760 sicut
3024 725 3128 763 una
3154 725 3318 764 causa
3341 712 3500 766 Pater
3523 714 3674 770 solus

2099 799 2328 852 scorsim
2355 808 2440 852 est
2469 801 2551 852 vel
2583 801 2632 851 in
2659 809 2924 868 quantum
2967 801 3128 855 Pater
3156 817 3185 855 a
3211 817 3292 868 se,
3324 801 3498 857 Filius
3538 821 3670 860 vero

2099 904 2164 942 ex
2192 891 2350 942 Patre
2385 889 2490 944 hoc
2517 900 2800 959 acceptum
2833 892 3017 946 habet.
3047 893 3165 947 Non
3199 897 3454 964 sequitur
3485 907 3668 951 autem

2099 989 2417 1050 propterea,
2447 997 2609 1034 unam
2641 996 2934 1049 personam
2963 998 3085 1037 esse
3111 985 3328 1038 Patrem
3361 999 3416 1040 et
3441 985 3669 1042 Filium.

2101 1061 2290 1142 Neque
2325 1073 2470 1126 enim
2507 1074 2812 1140 producere
2849 1075 2962 1128 sive
2994 1077 3208 1144 spirare
3244 1080 3534 1146 personale
3559 1089 3666 1144 est,

2103 1175 2162 1219 ut
2201 1173 2314 1217 tum
2350 1164 2402 1216 in
2439 1164 2561 1217 aliis
2591 1173 2702 1218 tum
2741 1165 2796 1218 in
2831 1167 3166 1221 refutatione
3193 1170 3354 1235 primi
3384 1171 3462 1224 tui
3505 1188 3670 1240 argu-

2102 1256 2270 1308 menti
2297 1255 2508 1314 dictum
2555 1267 2656 1310 est.
2701 1255 2885 1320 Quare
2911 1273 3090 1327 neque
3139 1259 3231 1313 hic
3263 1261 3401 1315 dicis
3437 1263 3670 1330 aliquid,

2099 1347 2232 1402 liCct
2259 1364 2514 1418 magnum
2582 1352 2886 1422 quidquam
2961 1368 3026 1407 ac
3087 1352 3315 1408 difficile
3387 1355 3668 1410 intellectu

2133 1441 2428 1495 oncludcre
2457 1444 2718 1512 opineris.
3495 1437 3500 1442 ’

2489 1577 2760 1643 EPHES.,
2805 1580 2866 1636 C.
2909 1579 2999 1634 VII
3049 1581 3288 1651 (XXIV).

2172 1687 2554 1758 Universalem
2625 1692 2920 1761 quamdam
2975 1693 3352 1748 distinctionis
3398 1695 3669 1748 rationem

2101 1784 2358 1838 omnibus
2415 1799 2540 1853 quae
2614 1785 3030 1855 distinguuntur
3093 1797 3280 1855 aptare
3343 1801 3400 1842 se
3460 1785 3672 1854 jactant

2025 1861 2314 1940 BLatini;
2377 1877 2489 1930 lucc
2548 1893 2675 1932 vero
2743 1886 2828 1931 est
2880 1878 2964 1932 vel
3029 1878 3332 1954 secundum
3385 1879 3670 1932 materiam

2099 1967 2185 2020 vel
2228 1967 2530 2020 secumlum
2589 1984 2751 2022 unam
2785 1985 2850 2022 ex
2885 1969 3327 2037 Oppositionibus
3375 1984 3438 2023 ea
3477 1969 3672 2022 distin-

2099 2057 2192 2126 gui
2240 2058 2362 2129 (a).
2430 2059 2584 2124 Quod
2651 2060 2815 2130 igitur
2876 2060 3004 2114 licet
3070 2061 3124 2112 in
3186 2061 3353 2114 rebus
3405 2062 3672 2116 exsistcn-

2104 2147 2248 2202 tibus
2307 2165 2436 2203 vera
2492 2151 2630 2204 foret
2675 2167 2737 2204 ea
2809 2151 3102 2217 doctrina,
3160 2167 3270 2205 non
3335 2162 3514 2206 tamen
3573 2167 3673 2204 nc-

2101 2254 2254 2294 cesse
2285 2249 2429 2293 esset
2491 2255 2610 2294 cam
2668 2241 2732 2294 ad
2771 2255 2857 2294 res
2911 2241 3125 2295 divinas
3191 2241 3488 2294 transferre
3537 2241 3670 2310 (non

2101 2333 2246 2385 enim
2303 2331 2496 2385 iisdem
2565 2342 2678 2385 tum
2731 2331 2839 2385 illa:
2903 2340 3016 2385 tum
3075 2333 3154 2385 bac
3209 2331 3513 2384 rationibus
3544 2331 3676 2384 sub-

2097 2421 2409 2492 jiciuntur),
2463 2421 2514 2475 id
2559 2423 2612 2475 in
2657 2423 2948 2490 praesentia
2983 2423 3470 2492 praetermittatur;
3510 2422 3668 2476 nobis

2105 2530 2253 2568 nunc
2284 2517 2662 2568 demonstrare
2715 2514 3058 2584 propositum
3111 2515 3202 2578 sit,
3263 2528 3331 2568 ne
3379 2513 3447 2566 de
3499 2512 3669 2567 rebus

2105 2605 2350 2672 quidem,
2385 2620 2504 2673 quae
2554 2619 2722 2673 penes
2775 2619 2874 2658 nos
2916 2613 3042 2657 sunt
3079 2612 3133 2658 ct
3171 2604 3666 2673 qumnodocunque

2105 2709 2134 2746 a
2165 2695 2324 2749 nobis
2362 2695 2616 2764 cognitae,
2653 2694 2721 2749 de
2771 2695 2952 2758 rebus,
3009 2697 3253 2762 inquam,
3304 2697 3527 2761 creatis,
3571 2709 3668 2748 ne-

2105 2787 2399 2840 cessariam
2459 2801 2580 2840 esse
2635 2787 2776 2841 hanc
2824 2788 3133 2842 doctrinam
3199 2803 3374 2856 neque
3407 2801 3669 2856 ~prorsus

2105 2894 2324 2942 veram;
2359 2895 2464 2933 non
2502 2880 2700 2944 solum,
2733 2879 2860 2949 quia
2893 2881 3038 2949 quod
3089 2895 3197 2934 non
3241 2889 3326 2934 est
3363 2879 3673 2934 universale

2107 2978 2366 3041 tanquam
2399 2971 2712 3026 universale
2755 2973 3034 3042 proponit,
3086 2973 3180 3026 sed
3231 2971 3396 3025 etiam
3439 2971 3567 3041 quia
3615 2981 3674 3026 et

2107 3063 2162 3117 in
2215 3064 2415 3131 quibus
2469 3064 2771 3128 materialis
2830 3064 3113 3118 distinctio
3173 3063 3257 3117 vel
3307 3078 3370 3117 ca
3419 3077 3540 3133 qua:
3590 3073 3676 3118 est

431 3163 554 3233 μὲν,
582 3162 666 3215 ὅτι
698 3159 794 3212 καὶ
845 3156 968 3211 κατ’
1023 3157 1155 3210 αὑτὸ
1205 3155 1542 3226 διακρίνεται
1601 3158 1670 3211 τὰ
1724 3159 2001 3230 διακεκρι-

2104 3155 2408 3210 secundum
2466 3155 2873 3224 Oppositionem
2939 3155 3345 3218 consideratur,
3395 3171 3500 3208 non
3559 3154 3674 3224 ipsa

433 3255 592 3324 μένα,
653 3251 756 3321 τῆς
817 3251 874 3303 δὲ
932 3249 1266 3319 διακρίσεως
1341 3249 1512 3302 αἴτιον
1587 3247 1647 3300 ὃν
1725 3250 2000 3318 οὐδαμῶς.

430 3349 710 3401 Σιεπτέον
747 3345 804 3398 δὲ
839 3345 1010 3408 οὕτως
1033 3361 1046 3375 ·
1079 3347 1111 3416 ἡ
1142 3343 1242 3416 ὕλη
1293 3345 1413 3398 καθ’
1447 3345 1618 3415 αὑτήν
1654 3347 1801 3400 ὲστιν
1827 3346 2003 3400 ἀδιαί-

433 3456 625 3510 ρετος·
673 3437 863 3508 ὥσπερ
910 3438 1020 3506 γὰρ
1071 3437 1286 3499 ἄποιος,
1336 3434 1480 3488 οὕτω
1511 3438 1605 3488 καὶ
1653 3438 1898 3502 ἄποσος·
1943 3439 2003 3492 τὺ

430 3533 634 3588 ἀποσον
661 3531 717 3583 δὲ
746 3529 1056 3596 ἀδιαίρετον
1075 3545 1090 3559 ο
1123 3529 1185 3580 τὸ
1211 3527 1524 3596 ἀδιαίρετον
1550 3527 1606 3580 δὲ
1642 3528 1960 3599 ἀδιάκριτον
1983 3547 1997 3562 ·

429 3632 460 3686 δ
488 3634 544 3687 δὲ
575 3633 698 3687 καθ’
730 3632 861 3686 αὑτὸ
895 3632 970 3702 μὴ
1015 3633 1314 3701 διαιρεῖται
1364 3633 1456 3684 καὶ
1487 3632 1852 3703 διακρίνεται,
1888 3635 2005 3696 πῶς

433 3728 499 3780 ἂν
528 3728 701 3795 ἑτέρῳ
729 3727 827 3796 τὴν
877 3724 1055 3778 αἰτίαν
1085 3724 1318 3792 παρέχοι
1365 3723 1462 3792 τῆς
1514 3723 1878 3794 διακρίσεωςς
1912 3727 2006 3779 καὶ

431 3817 460 3871 ὃ
509 3819 609 3888 τὴν
662 3818 958 3889 ἑτερότητα
1017 3815 1092 3886 μὴ
1147 3817 1438 3883 προσίεται
1498 3819 1672 3886 (πᾶσα
1732 3817 1841 3888 γὰρ
1901 3817 2003 3886 ’ὑλη

435 3911 588 3982 πάσῃ
622 3910 725 3981 ’ὑλῃ
763 3911 909 3963 ἐστὶν
934 3909 1234 3981 ἀδιάφορος
1281 3908 1426 3960 κατὰ
1458 3911 1548 3964 τὸν
1577 3911 1774 3962 οἰκεῖον
1799 3910 2001 3982 λόγον),

436 4007 554 4068 πῶς
589 4007 655 4060 ἂν
680 4006 886 4076 ἑτέροις
914 4005 1085 4059 αἴτιον
1119 4005 1329 4074 γένοιτο
1361 4005 1457 4058 τοῦ
1515 4005 1722 4074 ἑτέροις
1758 4006 2007 4078 ἀλλήλων

437 4097 616 4168 εἷναι;
652 4099 794 4152 Ἀλλ’
846 4101 928 4154 ὅτι
981 4099 1041 4152 τὸ
1085 4099 1268 4152 ὑλικὸν
1324 4099 1486 4169 σῶμα
1535 4099 1658 4152 κατ’
1710 4099 1880 4170 αὑτὴν
1910 4101 2006 4171 τὴν

436 4193 571 4265 ὕλην
605 4197 686 4259 εἰς
716 4196 858 4266 μέρη
893 4193 1036 4246 ποσὰ
1079 4193 1331 4264 διῄρηται
1361 4194 1452 4245 καὶ
1497 4191 1616 4244 ἔστι
1659 4191 1844 4244 λαϐεῖν
1875 4193 2006 4245 ἕκα-

438 4306 564 4342 στον
597 4289 803 4341 τούτων
857 4287 952 4340 καὶ
1000 4285 1103 4338 ἀνὰ
1149 4285 1316 4355 μέρος
1363 4283 1536 4336 θεῖναι
1566 4285 1660 4337 καὶ
1687 4283 1858 4348 δεῖξαι
1888 4285 2008 4338 τόδε

436 4397 490 4434 τι
531 4379 589 4435 ὃν
650 4378 746 4432 καὶ
797 4377 897 4446 οὑχ
947 4375 1088 4445 ὅπερ
1143 4375 1370 4445 ἕτερον,
1421 4372 1581 4444 ὑλικὴ
1633 4374 1904 4444 διάκρισις
1948 4374 2015 4442 ’τὸ¹

437 4469 680 4524 τοιοῦτον
732 4467 1017 4522 καλεῖται·
1065 4464 1224 4519 τοῦτο
1272 4463 1328 4517 δὲ
1378 4464 1436 4516 οὑ
1489 4463 1588 4534 τὴν
1645 4463 1778 4532 ὓλην
1830 4464 2010 4517 αἰτίαν

441 4561 649 4628 εἰσάγει
681 4560 780 4630 τῆς
826 4557 1152 4628 διακρίσεως
1189 4555 1329 4627 (πῶς
1375 4555 1484 4624 γὰρ
1537 4556 1634 4624 τὴν
1677 4555 1802 4608 καθ’
1837 4555 2009 4624 αὑτὴν

403 4630 754 4721 ’ἀδιάκριτον
775 4650 839 4720 ;),
877 4649 1015 4703 ἀλλὰ
1067 4648 1168 4717 τὴν
1215 4646 1359 4701 κατὰ
1407 4645 1507 4716 τὴν
1560 4647 1693 4716 ὓλην
1725 4645 2011 4717 διαίρεσιν,

439 4738 628 4814 ἀφ’ἦς
659 4741 845 4794 καὶτὸ
893 4739 1058 4791 ποσὸν
1112 4739 1224 4799 τοῖς
1273 4737 1712 4806 διακρινομένοις
1761 4737 2011 4792 ἐπεισινο

441 4835 630 4904 ὥσπερ
663 4830 886 4887 καὶτοῦ
935 4831 1179 4900 ἐνεργεῖν
1216 4831 1276 4880 οὑ
1327 4827 1388 4881 τδ
1432 4823 1572 4890 εἶδος
1619 4830 1733 4890 τοῖς
1767 4829 2015 4900 σώμασιν

442 4929 615 4981 αἴτιον
647 4925 788 4998 (πῶς
813 4926 922 4996 γὰρ
948 4924 1007 4976 τὸ
1038 4923 1160 4977 καθ’
1203 4921 1338 4976 αὑτό
1369 4921 1670 4991 ἁνέργητον
1693 4921 1734 4991 ς)
1771 4923 1870 4992 (5),
1900 4925 2014 4976 ἀλλ’

441 5023 475 5089 ἡ
507 5019 644 5088 πρὸς
694 5018 794 5088 τὴν
825 5017 958 5086 ὕλην
1002 5015 1166 5068 αὑτοῦ
1219 5015 1472 5076 σύνοδος·
1505 5015 1565 5067 οὑ
1597 5013 1708 5084 γὰρ
1755 5014 1809 5065 εί
1854 5033 1904 5067 τι
1939 5015 2017 5086 τῷ

446 5115 686 5182 auxili-£th
721 5109 864 5163 κατά
896 5126 949 5161 τι
981 5109 1089 5162 τῶν
1129 5109 1188 5160 ὲν
1218 5106 1366 5176 αὑτῷ
1404 5107 1592 5160 ἁπλῶν
1621 5107 1883 5177 ὑπάρχει,
1922 5109 2018 5161 καὶ

443 5205 522 5275 τῷ
557 5203 714 5273 ἁπλῷ
766 5204 972 5275 κυρίως
1034 5201 1268 5271 ὑπάρξει
1310 5200 1425 5271 (4)·
1457 5197 1568 5252 οὔτ’
1611 5199 1719 5269 ἄρα
1765 5201 1842 5269 τῷ
1889 5201 2018 5253 εῖδει

445 5297 506 5350 τὸ
555 5297 797 5368 ἐνεργεῖν
847 5295 1109 5366 ὑπάρχει,
1149 5293 1327 5346 καίτοι
1363 5309 1426 5361 γε
1467 5291 1608 5346 κατά
1640 5293 1700 5344 τὸ
1731 5288 1871 5354 εἶδος
1910 5295 2019 5356 τοῖς

519 5432 594 5500 (l)
627 5431 686 5486 ln
719 5431 926 5485 Monac.
957 5429 1062 5483 256
1091 5429 1130 5484 f.
1157 5429 1262 5483 Ξθθ
1293 5446 1320 5483 a
1350 5437 1434 5483 est
1463 5443 1582 5497 cap.
1619 5428 1712 5482 25.

522 5499 598 5574 (‘2)
631 5501 836 5574 JVerba
888 5501 1458 5574 laxata-«xttap‘dmov,
1515 5514 1638 5567 qua:
1704 5499 1904 5552 dcsunt
1957 5499 2013 5552 in

446 5570 592 5628 Moti.
618 5571 710 5636 27,
746 5587 816 5626 ex
854 5573 980 5626 cod.
1008 5570 1114 5625 ‘25’6
1139 5571 1537 5638 supplevimus.

2103 3243 2335 3298 materia
2366 3243 2453 3298 vel
2493 3244 2772 3312 oppositio
2813 3259 3036 3298 causam
3069 3244 3234 3298 habet
3275 3244 3674 3306 distinctionis,

2104 3349 2294 3388 verum
2320 3335 2430 3404 jam
2462 3335 2756 3390 distinctas
2805 3349 2894 3389 res
2931 3334 3128 3389 horum
3175 3345 3472 3405 utrumque
3521 3337 3676 3390 velut

2107 3441 2462 3495 consequens
2496 3427 2774 3495 quoddam
2809 3427 3084 3496 sequitur,
3121 3426 3410 3481 declarans
3449 3427 3671 3495 quidem

2104 3533 2166 3573 ea
2197 3534 2318 3586 quae
2366 3517 2627 3573 distincta
2678 3526 2829 3580 sunt,
2897 3519 3064 3573 etiam
3127 3519 3433 3574 secundum
3491 3519 3671 3589 ipsum

2105 3611 2392 3680 distingui,
2413 3611 2785 3666 distinctionis
2807 3627 2938 3666 vero
2957 3626 3119 3666 causa
3139 3613 3362 3667 minime
3380 3612 3674 3669 exsistens.

2104 3703 2512 3759 Consideranda
2560 3719 2690 3758 vero
2729 3719 2816 3758 res
2848 3713 2931 3758 est
2977 3704 3082 3758 hoc
3131 3715 3305 3773 pacto.
3335 3703 3554 3758 Materia
3586 3718 3672 3758 se-

2106 3797 2344 3852 cundum
2363 3811 2421 3850 se
2439 3805 2523 3849 est
2541 3795 2921 3860 indivisibilis;
2945 3811 3068 3849 nam
3088 3804 3146 3851 ut
3165 3796 3284 3850 sine
3301 3796 3582 3864 qualitate,
3604 3795 3678 3850 ita

2107 3897 2162 3943 et
2187 3888 2304 3942 sine
2322 3888 2627 3956 quantitate
2651 3896 2756 3949 est,
2779 3887 2924 3956 quod
2948 3903 3078 3940 vero
3099 3888 3216 3942 sine
3240 3887 3544 3956 quantitate
3569 3895 3676 3950 est,

2110 3981 2447 4035 indivisibile
2479 3993 2584 4047 est;
2627 3981 2960 4034 indivisibile
2996 3993 3124 4032 vero
3153 3987 3236 4032 est
3270 3978 3674 4040 indistinctum;

2107 4075 2250 4147 quod
2270 4091 2398 4129 vero
2419 4073 2720 4128 secundum
2745 4072 2986 4141 scipsum
3007 4086 3113 4124 non
3137 4069 3398 4124 dividitur
3417 4076 3474 4124 et
3491 4067 3680 4123 distin-

2108 4167 2314 4236 guitur,
2335 4163 2612 4234 quomodo
2633 4163 2737 4216 hoc
2760 4161 2917 4214 alteri
2945 4175 3162 4214 causam
3193 4159 3463 4228 praeberet
3485 4159 3682 4213 distin-

2109 4258 2348 4314 ctionis?
2382 4255 2600 4326 etquod
2647 4254 3021 4309 diversitatem
3059 4267 3166 4306 non
3201 4252 3440 4306 admittit
3472 4251 3674 4319 (omnis

2109 4353 2254 4407 enim
2295 4353 2522 4406 materia
2550 4348 2778 4403 cuilibet
2821 4346 3065 4400 materiae
3121 4354 3206 4400 est
3241 4345 3683 4400 indifferens.”-

2113 4444 2349 4498 cundum
2379 4443 2654 4512 propriam
2683 4439 2992 4504 rationem),
3017 4439 3295 4506 quomodo
3318 4437 3422 4490 hoc
3443 4435 3567 4490 aliis
3592 4451 3682 4490 es-

2115 4541 2202 4587 set
2226 4547 2412 4596 causa,
2433 4540 2491 4583 ut
2515 4530 2582 4584 ab
2609 4530 2842 4584 invicem
2869 4527 3081 4582 diversa
3100 4527 3248 4582 sint?
3275 4525 3380 4580 Sed
3405 4526 3549 4597 quod
3569 4542 3683 4580 ma-

2117 4623 2304 4677 teriale
2329 4637 2532 4692 corpus
2564 4621 2868 4676 secundum
2899 4620 3070 4690 ipsam
3101 4620 3386 4674 materiam
3415 4621 3471 4674 in
3497 4631 3680 4689 partes

2113 4725 2340 4786 quantas
2377 4715 2615 4769 divisum
2640 4723 2723 4768 est
2759 4722 2814 4770 et
2847 4727 3292 4784 unamquamque
3329 4727 3520 4767 earum
3557 4713 3682 4767 licet

2114 4808 2365 4876 accipere
2411 4815 2465 4861 et
2515 4809 2684 4860 unam
2725 4813 2850 4874 post
2889 4805 3119 4858 alteram
3175 4819 3410 4874 ponere.
3443 4819 3675 4874 eamque

2115 4899 2404 4952 ostendere
2464 4899 2570 4952 hoc
2630 4907 2839 4952 certum
2897 4897 3104 4966 aliquid
3167 4899 3566 4961 exsistentem,
3629 4904 3684 4950 et

2117 5007 2225 5044 non
2262 4991 2316 5044 id
2360 4989 2510 5060 quod
2558 4989 2684 5056 alia,
2719 4989 2774 5043 id
2831 4989 3132 5044 matcrialis
3175 4989 3456 5043 distinctio
3499 4989 3690 5058 appel-

2117 5083 2281 5135 latur.
2349 5083 2462 5136 lloc
2531 5090 2710 5135 autem
2779 5097 2888 5135 non
2960 5081 3240 5134 materiam
3319 5080 3529 5134 inducit
3576 5081 3688 5134 dis-

2120 5175 2401 5228 tinctionis
2461 5189 2677 5227 causam
2733 5173 3033 5243 (quomodo
3091 5173 3240 5229 enim
3301 5173 3526 5228 materia
3575 5174 3689 5228 haec

2117 5265 2261 5318 loret
2291 5277 2476 5329 causa,
2515 5279 2638 5317 cum
2685 5263 2988 5318 secundum
3025 5279 3084 5320 se
3125 5267 3197 5320 sit
3251 5265 3568 5320 indistincta
3597 5263 3685 5334 Τ),

2193 5424 2268 5493 ('5)
2300 5425 2454 5477 Mon.
2481 5425 2586 5478 9.36
2619 5423 2654 5478 f.
2683 5425 2808 5488 299,
2839 5427 2890 5485 b,
2917 5425 3298 5495 ἀνενέργητον.

2197 5495 2275 5562 (4)
2307 5497 2396 5548 Sic
2427 5509 2574 5549 reetc
2615 5495 2758 5549 Mon.
2796 5497 2900 5550 ⁸256
2927 5513 2940 5561 ;
2973 5493 3116 5550 Mori.
3149 5496 3237 5560 ‘27,
3272 5493 3518 5566 παρέξει.

517 5755 882 5826 (alltcspieit
913 5753 985 5826 ad
1029 5753 1092 5807 D.
1121 5751 1370 5826 _»Tb_or_n:c
1409 5748 1694 5826 A_qu_inatis
1736 5753 2008 5825 principia
2053 5750 2208 5808 Sum.
2278 5752 2446 5810 thO].
2509 5765 2562 5820 p.
2593 5749 2633 5816 l,
2663 5765 2715 5820 q.
2750 5749 2834 5804 ὅθ.
2871 5745 3072 5802 Confer
3098 5745 3165 5801 de
3199 5745 3285 5803 bis
3314 5745 3544 5818 aliisque
3571 5747 3692 5805 Pla-

449 5821 849 5895 tclii’l‘heol'og.
886 5841 938 5894 p.
975 5825 1012 5892 Ι,
1039 5839 1090 5879 c.
1119 5823 1171 5889 5,
1208 5823 1234 5893 ἓ
1273 5824 1324 5890 5,
1353 5839 1406 5876 ιι.
1433 5821 1540 5874 2M
1561 5837 1678 5890 seq.
