4124 6416
521 356 618 425 131

1887 355 2398 417 BESSARIONIS

3654 330 3795 428 ω

520 491 714 534 verum
773 473 1102 529 divisionem
1162 474 1465 527 secundum
1525 471 1834 535 materiam,
1883 487 1913 526 a
1973 485 2080 540 qua

2190 469 2438 540 σώμασιν
2469 471 2500 542 ἡ
2536 469 2804 544 ἒνέργεια,
2836 468 2962 525 οὔτε
2990 473 3054 541 τῇ
3086 470 3186 544 ὕλῃ
3224 471 3284 526 τὸ
3315 472 3392 543 (ἰ)
3434 472 3756 545 διακρίνειν,

524 571 692 627 etiam
733 565 820 630 iis,
869 579 992 634 quas
1045 563 1482 632 distinguuntur,
1518 563 1801 643 quantitas
1835 562 2083 629 accedit;

522 661 666 716 sicut
690 667 745 714 et
768 654 1094 726 corporibus
1130 670 1240 708 non
1278 653 1453 708 forma
1478 669 1644 710 causa
1668 665 1754 709 est
1776 654 1923 724 quod
1956 668 2085 723 ope-

521 760 719 808 rantur
756 744 1055 818 (quomodo
1108 744 1256 799 enim
1309 743 1454 799 foret
1493 744 1547 798 id
1579 744 1727 814 quod
1777 743 2085 799 secundum

520 860 582 901 se
629 843 749 898 sine
797 838 1115 909 operatione
1163 847 1248 892 est
1268 837 1336 908 ἲ),
1388 836 1485 892 sed
1519 837 1642 907 ejus
1674 851 1799 892 cum
1855 837 2087 891 materia

520 938 657 994 unio
683 951 748 993 ac
774 947 1121 1004 congressus.
1153 930 1341 1001 Neque
1370 931 1517 986 enim
1542 931 1586 985 si
1614 930 1746 1001 quid
1779 928 2088 999 composito

518 1030 667 1086 inest
697 1026 1002 1082 secundum
1050 1023 1256 1094 aliquid
1292 1037 1486 1077 eorum
1518 1038 1639 1093 quze
1682 1022 1736 1077 in
1788 1021 1908 1091 ipso
1959 1026 2090 1075 sunt

519 1120 818 1192 simplicia,
856 1117 912 1173 id
959 1116 1125 1172 etiam
1174 1115 1413 1185 simplici
1463 1116 1684 1185 proprie
1734 1113 1938 1178 inerit;
1976 1127 2087 1167 non

518 1229 653 1285 ergo
678 1213 870 1267 formae
900 1209 1044 1264 inest
1071 1207 1312 1279 operari,
1352 1205 1482 1261 licet
1513 1206 1819 1261 secundum
1853 1205 2084 1259 formam

519 1303 848 1375 corporibus
878 1304 951 1355 sit
979 1299 1253 1370 operatio,
1286 1312 1463 1367 neque
1500 1295 1745 1352 materiae
1785 1295 1930 1350 inest
1974 1295 2087 1350 dis-

521 1394 797 1463 tinguere,
849 1389 979 1443 licet
1041 1387 1344 1442 secundum
1404 1386 1579 1456 ipsam
1630 1385 1952 1455 compositis
2015 1386 2087 1441 sit

520 1478 834 1534 distinctio.
867 1475 986 1531 Non
1014 1490 1148 1547 ergo
1196 1476 1482 1529 materiam
1528 1475 1818 1541 reddentes
1864 1490 2085 1529 causam

519 1569 895 1626 distinctionis
929 1576 1079 1622 recte
1131 1567 1584 1633 indicaverimus,
1628 1582 1820 1621 verum
1855 1566 2086 1623 divisio-

519 1676 643 1717 nem
700 1659 1003 1716 secundum
1060 1658 1370 1722 materiam,
1433 1658 1527 1712 ubi
1600 1657 1784 1713 locum
1854 1659 2084 1715 materia

519 1756 704 1812 habet.
748 1754 990 1808 Rursum
1034 1750 1089 1805 in
1138 1750 1340 1820 quibus
1370 1750 1600 1805 materia
1627 1766 1735 1806 non
1770 1759 1876 1815 est,
1902 1752 2084 1807 consi-

2190 561 2365 615 καίτοι
2395 578 2458 630 γε
2504 564 2630 617 κατ’
2659 563 2830 632 αὐτὴν
2872 564 2906 632 ἡ
2948 561 3221 632 διάκρισις
3268 567 3385 627 τοῖς
3424 565 3707 629 συνθέτοις
3736 583 3752 598 ·

2186 652 2287 706 οὐκ
2333 653 2442 722 ἄρα
2475 652 2573 723 τὴν
2620 652 2756 725 ὓλην
2796 653 3141 718 ἀποδιδόντες
3174 656 3360 708 αἰτίαν
3391 654 3493 725 τῆς
3536 655 3755 728 διακρί-

2188 759 2328 807 σεως
2370 744 2542 812 ὑγιῶς
2598 745 2665 799 ἂν
2710 745 3115 810 ἀποδεδωκότες
3157 747 3389 818 εἴημεν,
3455 746 3595 802 ἀλλά
3650 748 3753 819 τὴν

2187 836 2328 890 κατά
2361 836 2462 905 τὴν
2488 835 2623 906 ὕλην
2654 836 2941 907 διαίρεσιν,
2979 840 3067 905 ἐφ’
3113 832 3188 893 ὧν
3219 840 3254 910 ἡ
3286 838 3384 908 ὕλη
3418 838 3518 911 τὴν
3567 839 3755 911 χώραν

2186 926 2335 996 ἔχει’
2368 927 2533 981 πάλιν
2583 928 2640 981 δὲ
2687 920 2938 999 ἐφ’ὦνή
2987 929 3088 1000 ὕλη
3146 929 3224 1001 μὴ
3272 930 3408 994 ἔστι,
3460 932 3752 995 σκεπτέον,

2186 1019 2236 1071 εἰ
2267 1020 2541 1087 ἀναγκαία
2589 1019 2725 1090 πρὸς
2763 1020 2863 1089 τὴν
2912 1020 3190 1090 διάκρισιν
3239 1021 3271 1087 ἡ
3320 1018 3621 1083 ἀντίθεσις.
3676 1022 3758 1075 Τά

2187 1108 2293 1162 ἀπὸ
2324 1111 2417 1163 τοῦ
2439 1108 2607 1162 αὐτοῦ
2637 1109 2991 1179 διαιρούμενα
3040 1110 3233 1177 γένους
3276 1110 3758 1181 ἀντιδιαιρούμενα

2186 1199 2436 1270 ἀλλήλοις
2490 1199 2729 1269 λέγεται,
2779 1201 2963 1254 πάντα
3031 1188 3134 1272 μὲν
3202 1201 3352 1265 ῐσως,
3406 1200 3643 1271 μάλιστα
3698 1201 3757 1257 δὲ

2184 1294 2255 1345 τὶ
2308 1292 2561 1346 πλεῖστον
2621 1292 2874 1363 ἀλλήλων
2927 1291 3250 1363 διεστηκότα
3307 1292 3339 1363 ἢ
3387 1293 3456 1347 τά
3505 1294 3763 1357 πλεῖστον

2182 1383 2531 1453 διεστηκόσιν
2585 1376 2956 1454 ἀφοριζόμενα
2982 1399 2996 1415 ο
3048 1378 3162 1439 οἷον
3206 1384 3315 1438 ἀπὸ
3364 1384 3465 1454 μὲν
3490 1384 3583 1437 τοῦ
3614 1381 3759 1455 χρώ-

2187 1488 2356 1542 ματος
2400 1476 2656 1527 πλεῖστον
2706 1475 3037 1544 διεστηκότα
3085 1476 3146 1528 τὸ
3195 1474 3388 1528 λευκὸν
3425 1474 3519 1527 καί
3555 1475 3613 1525 τὸ
3651 1474 3753 1543 μέ.

2183 1565 2283 1619 λαν
2307 1580 2321 1596 ο
2352 1564 2524 1620 ταῦτα
2567 1566 2624 1620 δὲ
2660 1567 2756 1621 καὶ
2809 1566 3025 1622 ὲναντία
3073 1567 3322 1621 καλεῖται
3355 1582 3370 1597 ο
3401 1567 3509 1619 ἀπὸ
3545 1566 3603 1619 δὲ
3657 1565 3752 1619 τοῦ

2184 1655 2327 1722 ζὼου
2373 1660 2487 1722 τοῖς
2531 1656 2783 1711 πλεῖστον
2833 1658 3179 1728 διεστηκόσιν
3228 1655 3630 1729 ἅφοριζόμενα.
3676 1653 3756 1725 τῷ

2186 1749 2392 1819 λογικῷ
2422 1767 2566 1821 φημι
2619 1752 2715 1805 καὶ
2749 1750 2949 1821 ἀλόγῳ,
2977 1750 3283 1822 ἄνθρωπός·
3311 1766 3373 1803 τε
3424 1749 3520 1803 καὶ
3566 1748 3753 1810 ἵππος.

519 1843 849 1904 derandum.
914 1856 986 1895 an
1043 1840 1110 1895 ad
1161 1840 1577 1897 distinctionem
1642 1844 1954 1919 necessaria
2016 1843 2088 1897 sit

2190 1813 2318 1912 Ἆρ’
2351 1813 2447 1898 οὖν
2479 1813 2657 1897 ⁶ταῦτα
2701 1813 3232 1914 μόνα-διακέκριται
3274 1841 3541 1913 ἀλλήλων,
3568 1839 3652 1909 ἐφ’
3680 1832 3756 1895 ὧν

520 1935 817 2005 oppositio.
852 1932 929 1987 Ea
970 1948 1093 2001 qua:
1132 1931 1203 1986 ab
1261 1931 1456 1986 eodem
1498 1946 1699 2003 genere
1740 1932 2090 2001 dividuntur,

519 2037 714 2083 contra
758 2025 934 2081 divisa
986 2024 1225 2079 invicem
1259 2024 1545 2087 dicuntur,
1589 2023 1821 2079 fortasse
1865 2025 2089 2095 quidem

520 2117 730 2183 omnia,
762 2116 995 2170 maxime
1021 2128 1150 2169 vero
1184 2130 1247 2169 ea
1279 2129 1401 2185 qua:
1433 2114 1727 2185 plurimum
1758 2114 1827 2170 ab
1856 2116 2088 2170 invicem

520 2209 731 2265 distant
764 2207 849 2264 vel
875 2223 938 2263 ea
971 2222 1093 2277 qua:
1121 2205 1422 2277 plurimum
1449 2206 1785 2262 distantibus
1806 2217 2089 2278 segregata

521 2309 683 2366 sunt;
716 2300 865 2355 verbi
899 2299 1073 2370 gratia
1110 2314 1141 2354 a
1171 2298 1356 2353 colore
1386 2298 1624 2353 maxime
1665 2298 1926 2353 distantia
1961 2307 2092 2354 sunt

519 2394 703 2449 album
733 2400 789 2448 et
819 2392 1073 2461 nigrum;
1103 2391 1220 2446 Inec
1253 2406 1386 2446 vero
1417 2398 1475 2445 ct
1506 2391 1781 2446 contraria
1808 2392 2092 2460 appellau-

520 2494 647 2552 tur;
680 2486 749 2543 ab
785 2483 1008 2543 animali
1048 2499 1178 2539 vero
1198 2499 1264 2539 ea
1309 2500 1433 2553 qua:
1482 2483 1719 2539 maxime
1754 2482 2090 2539 distantibus

518 2584 913 2637 secernuntur.
970 2575 1226 2632 rationali
1277 2575 1403 2632 dico
1450 2584 1508 2632 et
1558 2577 1791 2631 rationis
1840 2585 2087 2647 experte,

521 2678 638 2725 tum
681 2670 847 2724 bomo
893 2676 1007 2723 tum
1056 2683 1256 2738 equus.
1298 2666 1438 2723 Num
1494 2667 1657 2738 igitur
1703 2668 1818 2723 haec
1861 2669 1977 2725 sola
2019 2671 2090 2726 ab

520 2760 758 2816 invicem
784 2759 1222 2829 distinguuntur,
1259 2759 1314 2813 in
1347 2758 1552 2830 quibus
1584 2767 1670 2814 est
1690 2760 1971 2829 oppositio
2003 2762 2090 2816 vel

521 2850 915 2914 contrarietas,
950 2850 1034 2905 vel
1070 2850 1237 2905 etiam
1272 2865 1336 2905 ea
1376 2865 1500 2921 qua:
1548 2851 1692 2905 inter
1721 2850 1837 2905 haec
1868 2851 2091 2923 interja-

485 2948 651 3021 .cont
711 2949 767 2995 et
816 2955 941 2995 cum
1003 2940 1139 3010 ipsis
1190 2940 1561 2997 dividuntur?
1591 2942 1753 3013 §Sane
1803 2942 1970 2998 etiam
2027 2957 2091 2997 ea

521 3030 770 3087 omnino.
836 3028 973 3085 Nam
1004 3030 1313 3107 ’communi
1373 3044 1570 3102 genere
1634 3032 1889 3103 copulata
1963 3041 2093 3088 sunt

2192 1935 2226 2005 ἡ
2253 1934 2526 1999 ἀντίθεσις
2562 1935 2742 1989 είτουν
2788 1935 3109 1998 ἰναντίωσις
3138 1933 3169 2004 ἢ
3212 1933 3309 1987 καὶ
3334 1932 3405 1986 τά
3441 1931 3518 2002 (2)
3550 1930 3754 2001 μεταξὺ

2190 2026 2397 2080 τούτων
2424 2028 2520 2081 καὶ
2550 2028 2646 2081 σὺν
2683 2027 2868 2090 αὐτοῖς
2897 2025 3292 2097 διαιρούμενας
3330 2023 3556 2086 Πάντως
3584 2023 3756 2093 δήπου

2191 2117 2420 2171 κάκεῖνα
2442 2132 2457 2148 '
2486 2116 2568 2189 τῷ
2596 2118 2705 2187 γάρ
2739 2117 2904 2188 κοινῷ
2936 2117 3086 2186 γένει
3116 2117 3388 2185 συνῆπται
3422 2116 3621 2180 πάντα,
3645 2114 3763 2168 δια·

2191 2208 2444 2279 κέκριται
2498 2207 2556 2261 δὲ
2611 2209 2725 2271 τοῖς
2780 2208 3165 2279 ἀφοριστικοῖς
3216 2207 3451 2260 ἰκαστον
3510 2205 3759 2275 δηλονότι

2190 2297 2394 2362 λόγοις,
2422 2297 2471 2349 εἰ
2509 2297 2605 2351 καὶ
2655 2295 2732 2365 μὴ
2787 2295 3042 2349 πλεῖστον
3089 2295 3335 2365 ἀλλήλων
3380 2295 3694 2366 διέστηκεν,
3724 2294 3759 2365 ἢ

2193 2390 2287 2444 καὶ
2316 2389 2548 2460 θατέρου
2578 2389 2685 2442 τῶν
2712 2387 2971 2442 ἐναντίων
3005 2386 3209 2457 μᾶλλον
3251 2385 3472 2460 μετέχει
3491 2402 3507 2419 ο
3537 2388 3619 2451 τίς
3650 2389 3760 2459 γὰρ

2193 2456 2467 2543 ἀντίοεᾶις
2493 2478 2690 2553 κιρῤοὗ
2730 2478 2869 2545 πρὸς
2914 2456 3147 2549 ἐρυθρὸν
3172 2479 3232 2531 ἐν
3254 2456 3340 2550 τῷ
3369 2456 3628 2548 γρὼματι
3655 2456 3762 2550 (3),

2192 2573 2277 2638 τίς
2320 2573 2378 2627 δὲ
2434 2573 2602 2626 ίιτπου
2658 2569 2797 2641 πρὸς
2830 2569 2961 2641 βοῦν
3009 2572 3070 2623 ὲν
3099 2569 3180 2638 τῷ
3205 2568 3366 2640 ζώῳς
3406 2570 3549 2624 Ἀλλ’
3572 2572 3762 2643 ἐπειδὴ

2191 2666 2287 2720 τοῦ
2335 2662 2500 2718 αὑτοῦ
2544 2662 2800 2734 διῄρηται
2849 2661 3065 2730 γένους,
3114 2661 3352 2717 καθόσον
3406 2661 3506 2732 μὲν
3546 2663 3761 2719 ἐκείνου

2191 2751 2468 2822 διῄρηται,
2522 2748 2617 2803 τοῦ
2684 2747 2867 2803 κοινοῦ
2935 2748 3323 2820 διακέκριται·
3400 2750 3632 2807 καθόσον
3704 2754 3763 2808 δὲ

2192 2842 2285 2895 καὶ
2318 2841 2397 2911 (4)
2425 2838 2676 2909 ἀλλήλοις
2704 2839 3107 2910 ἀντιδιῄρηται,
3141 2838 3237 2894 καὶ
3268 2837 3517 2909 ἀλλήλων
3551 2840 3754 2911 δήπου-

2192 2932 2286 2987 θεν
2320 2930 2665 3001 διακέκριται
2684 2933 2795 2993 τοῖς
2826 2929 2980 2992 ἰδίοις
3010 2928 3213 2998 λόγοις,
3242 2929 3292 2983 εἰ
3325 2930 3419 2984 καί
3445 2930 3522 3002 μὴ
3551 2933 3762 2999 πάντας

2191 3025 2355 3097 ἡμεῖς
2382 3022 2693 3093 ἀποδιδόναι
2722 3023 2920 3095 ῥᾳδίως
2952 3021 3173 3095 ἔχομέν.
3201 3025 3315 3079 Οὐκ
3363 3023 3471 3097 ἄρα
3514 3026 3614 3096 τὴν
3664 3027 3763 3079 ἀνα

519 3123 731 3189 omnia,
760 3121 1017 3179 distincta
1052 3136 1184 3177 vero
1231 3131 1361 3175 sunt
1407 3122 1858 3178 discernentibus
1893 3138 2088 3178 unum-

2194 3117 2398 3173 τίθεσιν
2427 3118 2699 3172 αἰτιατέον
2724 3116 2823 3186 τῆς
2853 3116 3184 3190 διακρίσεως
3209 3117 3320 3173 οὐδ’
3352 3118 3587 3173 ἐνταῦθα
3619 3118 3764 3184 (πῶς

521 3216 780 3285 quodque
829 3215 1161 3281 rationibus,
1222 3214 1354 3269 licet
1408 3222 1466 3269 et
1517 3229 1625 3269 non
1676 3215 1972 3284 plurimum
2019 3216 2089 3271 ab

520 3307 757 3364 invicem
791 3307 1018 3373 distent,
1066 3306 1151 3361 vel
1199 3306 1367 3360 etiam
1408 3305 1641 3361 alterius
1681 3307 2086 3361 contrariorum

518 3398 706 3468 potius
768 3398 1127 3469 participant;
1187 3412 1314 3451 nam
1377 3411 1628 3466 quamam
1682 3397 1758 3452 sit
1812 3396 2090 3467 Oppositio

518 3488 754 3545 subﬂavi
799 3488 867 3543 ad
905 3487 1139 3544 rubrum
1185 3487 1242 3542 in
1291 3487 1498 3552 colore,
1543 3480 1969 3559 quaenam'equi
2018 3488 2088 3543 ad

521 3580 717 3637 bovem
780 3580 836 3635 in
887 3580 1153 3635 animali?
1201 3578 1402 3634 Verum
1459 3580 1717 3649 quoniam
1773 3580 1843 3636 ab
1891 3579 2086 3635 eodem

521 3672 849 3728 dividuntur
877 3686 1100 3743 genere,
1130 3670 1185 3726 in
1215 3680 1482 3742 quantum
1511 3670 1580 3726 ab
1600 3670 1692 3725 illo
1716 3669 2036 3725 dividuntur
2057 3688 2087 3727 a

521 3763 804 3837 communi
822 3763 1272 3833 distinguuntur;
1298 3760 1350 3814 in
1379 3770 1648 3831 quantum
1680 3775 1812 3815 vero
1836 3761 1905 3815 ab
1946 3760 2090 3814 invi-

519 3870 640 3912 cem
672 3864 862 3911 contra
912 3853 1264 3918 dividuntur,
1316 3852 1483 3935 etiarn
1534 3851 1605 3906 ab
1652 3851 1890 3907 invicem
1939 3862 2091 3907 certe

520 3948 937 4017 distinguuntur
959 3944 1199 4016 prepriis
1217 3943 1812 4014 rationibus,quamvis
1843 3957 1945 3999 nos
1977 3958 2091 3998 non

519 4054 715 4094 omnes
744 4038 903 4093 facile
934 4038 1215 4109 possimus
1247 4037 1554 4106 assignare.
1598 4034 1717 4091 Non
1756 4051 1889 4108 ergo
1918 4051 2091 4107 appo-

521 4131 781 4185 sitionem
844 4129 1220 4185 distinctionis
1248 4143 1488 4183 causam
1540 4135 1784 4182 statuere
1846 4134 2088 4197 oportet,

520 4237 700 4292 neque
728 4222 828 4277 bac
857 4223 912 4277 in
947 4222 1195 4277 materia.
1238 4218 1547 4285 (Quomodo
1572 4219 1719 4273 enim
1751 4218 1804 4273 id
1841 4218 1982 4274 foret
2026 4234 2093 4273 ea

520 4329 643 4383 que
673 4314 728 4369 in
774 4314 1025 4384 plurimis
1070 4328 1139 4368 ne
1192 4312 1376 4367 locum
1424 4309 1648 4380 quidem
1709 4308 1938 4378 habet?)
1994 4309 2089 4365 sed

519 4414 648 4461 ante
706 4405 878 4475 ipsam
932 4404 1285 4469 divisionem,
1332 4418 1453 4472 qua:
1508 4401 1577 4456 ab
1630 4401 1827 4456 eodem
1886 4415 2091 4471 genere

2192 3211 2303 3281 γὰρ
2333 3210 2458 3281 ἥτις
2485 3209 2577 3264 ἐπὶ
2607 3210 2714 3263 τῶν
2740 3211 3014 3271 πλείστων
3041 3208 3156 3263 οὐδ’
3186 3211 3299 3283 ἔχει
3327 3208 3511 3282 χώραν
3535 3211 3598 3281 ς),
3625 3210 3763 3266 ἀλλά

2191 3303 2301 3375 πρὸ
2338 3304 2508 3373 αὐτῆς
2539 3303 2637 3374 τὴν
2680 3303 2969 3374 διαίρεσιν,
2998 3303 3122 3374 ἥτις
3171 3304 3279 3357 ἀπὸ
3329 3302 3423 3359 τοῦ
3475 3303 3645 3359 αὑτοῦ
3683 3303 3763 3376 (5)

2190 3399 2303 3460 τοῖς
2340 3398 2493 3460 ἰδίοις
2545 3397 2728 3467 λόγοις
2775 3398 3007 3452 ἕκαστον
3049 3399 3296 3468 διαιρεῖ·
3330 3398 3538 3467 ταῦτην
3579 3398 3635 3451 δὲ
3666 3398 3763 3452 καὶ

2190 3489 2290 3559 τῆς
2321 3489 2645 3553 ἀντιθέσεως
2671 3489 2855 3543 αἰτίαν
2881 3489 3199 3543 ἀποδιδόναι
3232 3489 3571 3559 πανάληθες.
3600 3487 3767 3543 Ἀλλά

2193 3584 2286 3637 καὶ
2329 3582 2422 3635 ἐπὶ
2459 3581 2569 3634 τῶν
2608 3582 2828 3652 ἀτόμων
2854 3583 2883 3635 ό
2909 3583 3073 3645 αὐτὸς
3107 3581 3280 3650 δήπου
3306 3584 3405 3652 τῆς
3435 3580 3765 3650 διακρίσεως

2190 3674 2370 3744 λόγος.
2401 3674 2469 3729 Τί
2505 3674 2635 3744 γὰρ,
2672 3674 2721 3726 εἰ
2764 3675 2838 3745 μὴ
2864 3674 3091 3727 κάκεῖνα
3119 3671 3252 3743 ὕλης
3304 3673 3556 3743 μετέχεις
3592 3671 3646 3725 τί
3674 3672 3756 3737 δὲ,

2191 3768 2241 3820 εἰ
2269 3765 2392 3835 μηδ’
2422 3765 2693 3819 ἀντίθεσιν
2746 3765 2896 3818 ἐστιν
2946 3765 3127 3833 εὑρεῖν
3161 3766 3218 3817 ὲν
3250 3765 3471 3829 αὑτοίςς
3502 3758 3648 3835 Ἆρα
3675 3764 3766 3818 διὰ

2192 3853 2339 3908 τοῦθ’
2387 3854 2521 3924 ἡμῖν
2567 3854 2857 3923 ἀδιάκριτα
2904 3854 3055 3908 ἔσται
3094 3854 3191 3909 καὶ
3224 3853 3284 3906 ἓν
3312 3854 3535 3926 ἀριθμῷ
3586 3856 3766 3908 πάντα

2192 3947 2517 4015 γενήσεταις
2552 3945 2691 3998 Πολύ
2724 3945 2777 4012 γ’
2805 3946 2871 3997 ἂν
2900 3944 3043 3998 οὕτω
3075 3946 3564 4018 τερατουργήσειεν
3596 3946 3629 4014 ἠ
3657 3948 3767 3998 τῶν

2194 4040 2436 4093 Λατίνων
2486 4038 2822 4108 τεχνολογία.
2862 4037 3004 4091 Ἀλλ’
3035 4039 3068 4107 ἡ
3097 4038 3206 4091 ἀπδ
3248 4037 3343 4091 τοῦ
3391 4035 3558 4091 αὐτοῦ
3587 4036 3767 4100 εἴδους

2193 4132 2353 4185 κάκεῖ
2378 4130 2642 4201 διαίρεσις
2696 4132 2810 4193 τοῖς
2854 4129 3076 4190 οἰκείοις
3131 4128 3364 4182 ἕκαστον
3423 4126 3766 4199 ἀφορίζουσα

2193 4222 2371 4290 λόγοις
2398 4222 2497 4293 τὴν
2528 4222 2797 4293 διάκρισιν
2819 4219 3211 4291 ἀπεργάζεται.
3240 4221 3301 4273 Εἰ
3327 4220 3383 4274 δὲ
3417 4221 3540 4284 τοὺς
3568 4217 3768 4288 λόγους

2194 4316 2356 4385 ἡμεῖς
2402 4313 2729 4384 ἀγνοοῦμεν,
2776 4312 3094 4383 θαυμαστὸν
3143 4311 3318 4376 οὐδὲν,
3363 4310 3500 4366 ὅπου
3549 4328 3614 4379 γε
3670 4312 3769 4365 καὶ

2192 4408 2300 4461 τῶν
2350 4405 2613 4460 ⁶πλειόνων
2661 4406 2818 4459 εἰδῶν
2867 4405 2993 4468 τοὺς
3037 4404 3232 4473 λόγους
3284 4404 3387 4457 οὐκ
3434 4403 3501 4458 ἂν
3545 4402 3769 4473 ἔχοιμεν

521 4496 762 4566 propriis
829 4496 1139 4551 rationibus
1201 4494 1634 4566 unumquodque
1680 4491 1896 4547 dividit.
1940 4490 2088 4546 Hanc

2194 4497 2486 4550 ἀποδνῦναι
2549 4497 2780 4567 ῥαδίως·
2857 4496 3034 4549 ἐκεῖνό
3103 4513 3165 4564 γε
3228 4494 3335 4565 μὴν
3412 4494 3769 4564 ὡμολογημέ-

522 4596 655 4637 vero
714 4583 879 4638 etiam
945 4584 1311 4654 appositionis
1363 4596 1587 4641 causam
1650 4581 1932 4650 assignare
1999 4595 2094 4635 ve-

522 4674 801 4728 rissimum
847 4682 953 4730 est.
1005 4672 1206 4730 Verum
1268 4674 1325 4729 in
1373 4672 1672 4728 individuis
1718 4686 1937 4741 quoque
1997 4686 2094 4726 ea-

520 4764 646 4819 dem
691 4763 1064 4820 distinctionis
1104 4773 1190 4819 est
1220 4766 1385 4819 ratio.
1440 4763 1583 4830 Quid
1618 4764 1788 4829 enim,
1821 4765 1866 4818 si
1901 4778 2008 4817 non
2036 4773 2093 4819 et

522 4856 616 4911 illa
675 4856 921 4911 materiae
979 4857 1352 4926 participant?
1404 4856 1549 4924 Quid
1601 4872 1754 4922 vero,
1808 4856 1853 4911 si
1911 4871 2090 4926 neque

523 4946 929 5018 oppositionem
959 4949 1013 5002 in
1052 4948 1192 5020 ipsis
1226 4950 1470 5020 reperire
1508 4948 1673 5004 licet?
1708 4949 1846 5003 l\um
1884 4948 2091 5003 idcirco

521 5038 842 5095 indistincta
905 5040 1069 5097 nobis
1139 5050 1304 5095 erunt
1371 5049 1538 5110 atque
1610 5054 1777 5093 unum
1856 5054 2091 5093 nmnero

520 5140 717 5187 cuncta
778 5130 1056 5186 evadent?
1112 5131 1277 5186 Multa
1314 5147 1445 5187 sane
1492 5134 1593 5185 hoc
1638 5139 1803 5201 pacto
1858 5129 2090 5184 artiﬁcia

520 5222 931 5293 verborumque
960 5224 1235 5279 lenocinia
1273 5225 1417 5293 apud
1451 5223 1681 5278 Latinos
1723 5221 1973 5291 prodigia
2025 5235 2091 5275 ac

520 5314 798 5371 mirabilia
851 5315 1248 5387 producerent.
1303 5314 1508 5370 Verum
1554 5325 1613 5371 et
1666 5314 1739 5369 ibi
1770 5314 1971 5369 divisio
2019 5313 2089 5368 ab

590 5499 669 5569 (l)
701 5497 851 5556 lion.
871 5499 966 5564 27,
995 5499 1095 5569 τῷ.

593 5568 673 5640 (2)
705 5571 789 5640 Ῑά
811 5581 992 5625 emat.
1024 5566 1173 5625 Men.
1209 5566 1302 5640 Ξῖ.

591 5634 669 5709 (5)
703 5637 879 5709 Verba
911 5641 994 5700 τίς
1017 5637 1453 5709 γὰρ-χρώματι,
1477 5653 1594 5706 qua:
1629 5637 1684 5695 in
1722 5635 1870 5692 Mou.
1896 5634 1966 5692 27
1998 5638 2091 5695 de-

522 5708 675 5779 δυηι.
700 5724 765 5764 ex
800 5708 945 5763 Men.
969 5710 1074 5764 256
1094 5708 1509 5779 ίυιιιῳίενίιιιυε.

594 5777 672 5850 (ἰ)
711 5779 820 5833 Καὶ
849 5782 1025 5837 omitt.
1057 5777 1330 5835 Μοιιζὶῖ.

2194 4606 2284 4642 νον
2322 4588 2400 4661 (6)
2434 4590 2598 4654 ἐστὶν,
2627 4590 2702 4652 ὡς
2736 4589 2843 4642 ἀπὸ
2869 4586 2964 4641 τοῦ
2999 4587 3166 4653 αὑτοῦ
3224 4587 3394 4640 πλείω
3427 4586 3718 4658 διῄρηνται
3745 4600 3764 4617 ·

2194 4682 2353 4735 τοῦτο
2389 4682 2445 4735 δὲ
2478 4683 2739 4736 ἀδύνατον
2768 4678 2858 4754 ἦν,
2893 4683 2941 4735 εἰ
2984 4681 3061 4753 μὴ
3087 4680 3335 4752 ἀλλήλων
3359 4696 3417 4733 τε
3452 4680 3548 4733 καὶ
3576 4678 3670 4732 τοῦ
3701 4678 3761 4745 ἐξ

2194 4769 2254 4827 οὖ
2308 4773 2591 4844 διῄρηνται
2636 4774 2944 4845 διεκέκριτο
3009 4772 3110 4844 (7).
3164 4771 3455 4841 ιιροσεχῶς
3506 4771 3615 4840 ἄρα
3671 4769 3768 4823 καὶ

2195 4864 2426 4934 πρώτως
2473 4866 2506 4934 ἡ
2556 4864 2821 4935 διαίρεσις
2858 4863 3007 4919 αἰτία
3050 4866 3152 4935 τῆς
3186 4862 3535 4932 διακρίσεως,
3585 4860 3685 4931 οὐχ
3732 4860 3768 4930 ἠ

2195 4957 2294 5028 ὕλη
2327 4958 2358 5027 ἢ
2387 4958 2419 5029 ἠ
2468 4957 2543 5026 (8)
2574 4956 2843 5020 ἀντίθεσις
2869 4972 2883 4988 ’
2925 4953 3048 5009 οὔτε
3079 4956 3187 5025 γὰρ
3234 4956 3326 5007 ἐπὶ
3359 4953 3575 5008 πάντων
3598 4990 3614 5017 ,
3641 4949 3768 5006 οὔτε

2195 5050 2402 5117 κυρίως
2453 5042 2614 5102 αὗται
2665 5048 2964 5117 διακρίνειν
3005 5046 3324 5116 πεφύκασιο
3374 5044 3467 5101 καὶ
3516 5042 3624 5115 μὴν
3666 5043 3768 5096 καὶ

2194 5141 2328 5194 αὐτὸ
2381 5141 2620 5209 τοῦνομα
2678 5139 2940 5210 συγγενὲς
3000 5140 3033 5209 ἡ
3106 5137 3371 5208 διαίρεσις
3430 5137 3630 5207 ἔχουσα
3694 5135 3762 5203 τῇ

2194 5233 2462 5302 διακρίσει
2510 5231 2667 5302 δῆλον
2697 5233 2828 5302 ἡμῖν
2876 5230 3218 5297 καθίστησιν,
3246 5226 3321 5289 ὡς
3362 5225 3502 5293 αὐτὴ
3550 5223 3651 5293 τὴν
3676 5223 3765 5275 αἰ-

2194 5324 2316 5378 τίαν
2359 5324 2496 5394 αὐτῇ
2537 5321 2959 5393 παρέχεται.τ¹ι“ί
2998 5320 3081 5374 ἔτι
3113 5320 3217 5391 τὴν
3269 5317 3379 5371 τῶν
3409 5317 3547 5388 πρτς
3585 5332 3637 5368 τι
3674 5316 3769 5368 ἀν·-

2269 5494 2350 5563 (5)
2388 5492 2619 5552 Videtur
2650 5495 3016 5564 supplendum
3055 5494 3269 5564 γίνονς;

2268 5566 2344 5634 (6)
2380 5566 2504 5620 Mon
2530 5566 2599 5620 2'7
2640 5566 2678 5619 f.
2706 5566 2811 5621 “259
2842 5567 2897 5628 b,
2927 5568 3356 5635 όμολογημένον.

2269 5636 2348 5699 (7)
2384 5636 2531 5689 Mon.
2550 5635 2657 5690 256
2680 5636 2852 5706 L300
2875 5651 2927 5698 a.
2949 5637 3311 5706 διεκέκριντο.

2267 5710 2342 5775 (8)
2382 5706 2445 5760 ἰι
2471 5707 2650 5763 οιιιίιι.
2691 5704 2834 5760 Mon.
2859 5706 2951 5763 27.
