4124 6410
403 371 501 434 193

1471 376 1709 438 lililiU'l
1731 379 1907 436 ΑἸῚΟ
1943 376 2177 436 MARE]
2240 378 2625 440 EPllESiNI.

3546 378 3646 442 1ἒᾷ

395 489 621 552 τίΟεσιν,
655 489 720 557 ἦν
767 489 1104 561 ἀναφορικὴν
1162 492 1410 555 καὶ-οὖσι,
1461 495 1759 564 διακρίνειν
1811 497 1966 561 φασὶν

2079 496 2266 550 eadem
2321 500 2502 568 specie
2551 498 2788 568 protu-iis
2849 497 3275 566 unumquodque
3335 498 3644 553 rationibus

399 579 738 648 ἱκανωτάτην
781 577 960 647 sivzt;
1002 586 1095 636 καὶ
1147 583 1306 637 τοῦτο
1362 585 1441 647 δὲ,
1483 587 1564 638 ὅτι
1621 587 1779 640 κενόν
1825 588 1973 639 ἐστιν

396 672 536 737 ὅλον,
568 673 688 725 οὐδὲ
717 671 878 742 λόγου
911 675 1081 728 δεῖται
1115 677 1412 732 δεικνύναι.
1453 679 1675 749 Πρῶτον
1710 679 1811 748 μὲν
1863 679 1972 749 γὰρ

397 766 755 835 ὑστερογενὴς
817 765 956 837 αὕτη
1009 768 1110 837 τῆς
1169 769 1404 836 φύσεως.
1464 771 1684 840 Πρῶτον
1737 772 1842 840 γάρ
1890 788 1973 832 τις

397 855 704 928 ἄνθρωπο·,
734 854 855 911 εἶτα
882 861 1111 927 πατὴρ,
1149 861 1242 912 καὶ
1292 862 1511 929 πρῶτον
1565 861 1819 929 μέγεθος,
1852 855 1972 913 εἶτα

396 951 713 1003 διπλάσιον·
765 952 957 1003 ἔπειτα
993 951 1066 1021 (l)
1118 952 1211 1004 καὶ
1262 954 1604 1020 συνεισάγειν
1651 953 1856 1022 ἄλληλα
1904 953 1972 1007 τὰ

397 1043 536 1112 πρός
576 1060 627 1094 τι
680 1043 956 1110 πεφύκασι
990 1058 1004 1072 '
1043 1043 1208 1095 τοῦτο
1257 1044 1314 1097 δὲ
1353 1046 1647 1098 συνάπτειν
1685 1047 1888 1114 μᾶλλον
1938 1049 1970 1118 ἢ

395 1135 691 1204 διακρίνειν
723 1136 868 1186 ἐστίν
890 1151 903 1165 δ
939 1136 1108 1186 ἔπειτ’
1141 1138 1198 1187 ἐν
1234 1136 1310 1205 τῷ
1335 1137 1482 1205 αὑτῴ
1517 1140 1612 1190 καὶ
1649 1139 1834 1206 ἄμφω,
1868 1140 1972 1192 κᾶν

400 1227 475 1293 μὴ
509 1226 643 1294 πρὸς
681 1227 740 1278 τὸ
776 1227 929 1291 αὐτὸ,
980 1227 1308 1296 συνδραμεῖν
1353 1229 1654 1298 ἐνδέχεται,
1695 1230 1868 1283 ταῦτα
1916 1231 1972 1283 δὲ

398 1320 574 1370 πάντα
628 1319 953 1388 διακρίσεως
1013 1320 1230 1390 πόρρω.
1266 1320 1462 1389 Μάτην
1519 1323 1629 1392 ἄρα
1687 1323 1783 1374 καὶ
1847 1323 1972 1391 εἰκῆ

394 1415 502 1472 τοῖς
535 1412 785 1491 Λατίνοις
814 1414 842 1465 ὁ
874 1412 1311 1484 πολυθρύλλητος
1339 1413 1494 1481 λόγος
1518 1413 1614 1481 τῆς
1647 1415 1972 1483 διακρίσεως

395 1502 534 1552 κατὰ
565 1501 662 1571 τὴν
712 1499 846 1571 ὓλην
877 1504 908 1573 ἢ
938 1504 1036 1572 τὴν
1069 1503 1348 1557 ἀντίθεσιν
1395 1506 1801 1570 ἐκτετόξευται.
1836 1507 1972 1576 Φέρε

395 1595 458 1664 δὴ
494 1596 900 1664 μεταγάγωμεν
949 1597 1040 1650 τδν
1094 1600 1364 1668 ἡμέτερον
1403 1598 1561 1666 λόγον
1593 1601 1683 1655 ἐπὶ
1710 1601 1780 1655 τὰ
1813 1601 1929 1654 θεῖα
1955 1617 1969 1631 ⁸

395 1686 534 1753 τάχα
561 1687 668 1755 γὰρ
698 1688 764 1739 ἂν
816 1690 1003 1751 αὐτοῖς
1034 1690 1298 1759 ἁρμόσειε
1333 1692 1534 1759 μᾶλλον
1568 1685 1726 1755 οὗτος
1759 1695 1788 1759 ἢ
1828 1693 1887 1746 ὃν
1924 1696 1972 1747 oi

396 1776 613 1827 Λατῖνοι
669 1777 946 1844 λέγουσιν.
1021 1778 1090 1830 Ἠ
1146 1781 1255 1832 ἀπὸ
1321 1781 1417 1833 τοῦ
1475 1781 1642 1834 αὑτοῦ
1714 1783 1971 1852 διάφορος

397 1869 625 1936 πρόοδος
656 1867 800 1922 ἔοικε
852 1872 946 1922 καὶ
978 1871 1126 1938 μάλα
1154 1873 1220 1942 τῇ
1255 1873 1520 1942 διαιρέσει
1546 1889 1561 1903 ⁸
1595 1875 1828 1944 πρόοδος
1858 1878 1968 1945 γάρ

395 1975 477 2018 τις
515 1959 612 2010 καὶ
645 1959 676 2027 ἡ
727 1958 1014 2028 διαίρεσις,
1056 1965 1153 2014 καὶ⁵
1180 1960 1434 2033 καθάπερ
1488 1965 1606 2017 ἐκεῖ
1633 1964 1704 2018 τὰ
1733 1966 1840 2018 ἀπὸ
1874 1967 1970 2020 τοῦ

393 2046 557 2100 αὑτοῦ
605 2046 983 2118 διαιρούμενα,
1017 2049 1120 2105 κᾶν
1169 2052 1338 2122 μήπω
1391 2053 1530 2124 πρὸς
1583 2054 1682 2126 τὴν
1731 2058 1970 2110 ἀντικει-

397 2139 568 2206 μένην
617 2140 831 2212 ἀποστῇ
881 2143 1085 2212 χὼραν,
1119 2142 1284 2206 εὐθὺς
1333 2145 1381 2198 οἱ
1419 2146 1769 2218 ἀφοριστικοὶ
1820 2133 1970 2219 λόγοι

396 2230 805 2294 παραλαϐόντες
838 2233 1086 2302 ἀλλήλων
1139 2252 1200 2288 τε
1251 2234 1592 2306 διακρίνουσι
1642 2242 1734 2294 καὶ
1788 2242 1881 2295 τοῦ
1911 2244 1972 2308 ἐξ

395 2314 457 2373 οὗ
505 2321 839 2394 διῃρέθησαν
893 2325 1092 2393 (ἄλλως
1151 2327 1262 2397 γὰρ
1311 2323 1412 2384 οὐκ
1473 2329 1541 2384 ἂν
1588 2331 1967 2406 διῃρέθησλνῗο

399 2413 541 2465 οὕτω
574 2415 874 2479 κάνταῦθα,
903 2415 1048 2483 λέγω
1071 2417 1128 2472 δὲ
1151 2420 1248 2474 ἐπὶ
1287 2421 1397 2475 τῶν
1425 2421 1586 2476 θείων
1637 2424 1968 2494 προσώπων,

402 2504 430 2554 δ
457 2503 581 2568 Υίδς
610 2506 704 2558 καὶ
730 2507 788 2560 τὸ
819 2507 1042 2577 Πνεῦμα
1070 2509 1167 2563 τοῦ
1199 2511 1366 2565 αὐτοῦ
1397 2514 1612 2584 Πατρδς
1637 2518 1969 2587 προελθόντα

401 2595 544 2646 κατὰ
570 2596 824 2666 διάφορον
848 2598 1072 2668 τρόπον,
1109 2601 1262 2673 αὑτῷ
1286 2603 1465 2676 τούτῳ
1492 2607 1587 2660 καὶ
1626 2607 1720 2661 τοῦ
1755 2610 1970 2679 Πατρὸς

389 2686 740 2758 διακέκριται
790 2690 886 2744 καὶ
932 2691 1215 2764 enimm-
1273 2696 1484 2750 ἐκείνου
1538 2698 1660 2768 μὲν,
1691 2701 1882 2774 ὅτιπερ
1913 2704 1970 2770 ἐξ

396 2778 606 2832 ἐκείνου
656 2781 788 2848 (πᾶν
825 2782 935 2853 γὰρ
960 2781 1046 2837 ’τὸ
1101 2786 1293 2853 προϊὸν
1352 2787 1418 2842 ἐκ
1480 2807 1626 2854 τινος
1662 2793 1757 2845 τοῦ
1793 2791 1854 2859 ἐξ
1907 2788 1969 2848 οὗ

394 2869 668 2939 προῆλθεν
698 2871 786 2924 Ere
797 2889 889 2942 ρον
917 2875 1210 2947 δήπουθεν)
1239 2891 1256 2908 ο
1309 2878 1556 2950 ἀλλήλων
1585 2883 1663 2943 δὲ.
1695 2883 1778 2936 ὅτι
1829 2888 1971 2940 κατὰ

387 2959 652 3030 διάφορον
700 2963 923 3032 τρόπον,
961 2967 1011 3020 εί
1056 2967 1149 3019 καὶ
1201 2967 1481 3036 ἄγνωστος
1509 2973 1642 3040 ἡμῖν
1667 2965 1823 3037 οὗτος
1852 2976 1968 3029 ἐστι

392 3049 490 3101 καὶ
527 3050 863 3121 ἀπόρρητος.
898 3052 1012 3106 Οὐκ
1042 3054 1152 3123 ἄρα
1191 3054 1273 3108 δεῖ
1320 3056 1420 3126 τῆς
1445 3056 1772 3123 ἀντιθέσεως
1828 3065 1963 3132 ἡμῖν

2077 603 2368 644 secernens
2438 591 2848 645 distinctionem
2905 599 3181 658 Operatur.
3255 589 3310 642 Si
3367 604 3498 642 vero
3547 589 3647 644 has

2076 682 2320 737 rationes
2367 683 2707 753 ignoramus,
2747 683 2881 736 nihil
2932 682 3156 746 mirum,
3193 680 3644 750 quandoquidem

2079 771 2439 839 plurimarum
2503 789 2724 843 quoque
2789 775 3100 843 specierum
3173 772 3416 826 rationes
3479 772 3644 824 hasce

2079 863 2235 918 lacile
2266 881 2559 934 possumus
2586 867 2890 936 assignare.
2924 866 3062 919 Illud
3094 874 3276 920 tamen
3307 866 3359 918 in
3387 864 3640 919 confesso

2077 962 2178 1017 est,
2213 957 2280 1008 ah
2307 955 2500 1009 eodem
2530 956 2685 1026 plura
2714 956 2909 1021 dividi;
2946 957 3049 1010 hoc
3077 966 3262 1009 autem
3301 956 3644 1024 impossibile
3669 991 3674 994 -

2080 1046 2238 1110 loret,
2277 1047 2320 1100 si
2350 1063 2458 1101 non
2491 1049 2558 1102 ab
2589 1048 2824 1102 invicem
2854 1057 2912 1102 et
2951 1049 3019 1102 ab
3052 1064 3118 1103 eo
3143 1064 3209 1102 ex
3247 1065 3357 1116 quo
3388 1048 3644 1102 dividun-

2079 1145 2188 1202 tur,
2235 1139 2734 1206 distinguerentur.
2769 1138 3025 1194 Proxime
3061 1141 3227 1209 igitur
3273 1156 3337 1194 ac
3380 1140 3644 1208 primario

2076 1228 2274 1284 divisio
2305 1244 2468 1284 causa
2516 1231 2893 1288 distinctionis
2943 1243 3051 1296 est,
3101 1249 3210 1288 non
3265 1233 3495 1286 materia
3556 1233 3640 1284 vel

2075 1320 2388 1389 oppositio;
2441 1336 2564 1374 nam
2623 1321 2738 1376 istae
2799 1337 2982 1390 neque
3052 1322 3108 1376 in
3168 1322 3428 1376 omnibus
3466 1336 3645 1389 neque

2076 1411 2297 1480 preprie
2326 1411 2668 1478 distinguere
2693 1421 2832 1482 aptae
2860 1423 3002 1468 nata:
3047 1423 3195 1470 sunt.
3237 1413 3350 1466 ltno
3380 1421 3435 1468 et
3463 1413 3642 1482 ipsum

2076 1516 2278 1555 nomen
2313 1513 2607 1573 cognatum
2643 1505 2855 1560 habens
2887 1506 3090 1562 divisio
3131 1523 3256 1562 cum
3289 1507 3647 1563 distinetimte

2078 1592 2431 1648 manifestum
2479 1594 2640 1650 nobis
2675 1595 2876 1662 reddit,
2918 1599 3067 1666 quod
3108 1598 3198 1652 illa
3246 1598 3374 1653 huic
3422 1614 3644 1654 causam

2075 1686 2304 1754 praebet.
2364 1688 2507 1754 Quid
2558 1690 2740 1745 adhuc
2783 1694 3192 1762 Oppositionem
3247 1709 3464 1758 eorum,
3523 1711 3648 1764 qua:

2077 1787 2205 1830 sunt
2233 1778 2300 1831 ad
2341 1779 2567 1849 aliquid,
2605 1797 2769 1850 quam
2827 1783 3118 1837 relativam
3155 1795 3373 1848 vocant,
3415 1784 3483 1838 ad
3534 1785 3650 1840 dis-

2077 1867 2438 1936 tinguendum
2493 1873 2834 1941 aptissimam
2883 1889 3006 1929 esse
3049 1875 3284 1930 dicunt?
3334 1874 3459 1930 Hoc
3514 1893 3646 1930 vero

2073 1959 2236 2014 inane
2260 1976 2382 2016 esse
2419 1971 2618 2026 totum,
2651 1965 2704 2020 id
2746 1980 2849 2020 nec
2888 1966 3364 2022 demonstratione
3408 1968 3640 2039 indiget.

2072 2049 2256 2106 Primo
2282 2054 2431 2108 enim
2462 2070 2528 2109 ea
2556 2059 2828 2125 oppositio
2857 2057 3093 2114 relativa
3125 2061 3341 2131 origine
3372 2064 3644 2131 posterior

2071 2151 2346 2214 estquam
2410 2155 2644 2213 natura;
2698 2151 2852 2219 prius
2903 2166 3140 2222 namque
3175 2155 3300 2222 quis
3336 2154 3500 2210 homo
3531 2165 3640 2222 est,

2073 2234 2272 2290 deinde
2303 2246 2480 2306 pater,
2523 2241 2761 2309 etprius
2797 2251 2883 2296 est
2935 2244 3243 2313 quantitas,
3295 2257 3486 2316 postea
3539 2249 3642 2303 du-

2072 2324 2246 2395 plum.
2297 2327 2554 2384 Secundo
2607 2332 2776 2386 etiam
2834 2349 2954 2389 sese
2995 2335 3230 2392 invicem
3285 2337 3548 2394 inducere
3587 2350 3642 2395 ct

2072 2415 2352 2474 involvere
2379 2429 2505 2488 apta
2547 2431 2676 2475 sunt
2711 2437 2829 2492 quae
2859 2432 2988 2478 sunt
3009 2425 3077 2480 ad
3102 2426 3342 2497 aliquid;
3387 2430 3487 2484 hoc
3509 2446 3642 2486 vero

2070 2505 2244 2576 magis
2283 2517 2370 2562 est
2417 2510 2771 2580 conjungere,
2806 2527 2969 2581 quam
3018 2513 3392 2584 distinguere;
3437 2519 3640 2574 deinde

2071 2597 2127 2651 in
2157 2599 2351 2654 eodem
2393 2602 2561 2655 etiam
2593 2604 2776 2669 ambo,
2805 2605 2936 2660 licet
2963 2621 3074 2662 non
3105 2607 3174 2663 ad
3210 2610 3379 2675 idem,
3405 2627 3640 2669 concur-

2070 2705 2195 2744 rere
2221 2703 2472 2762 possunt,
2511 2695 2625 2750 haec
2651 2711 2782 2752 vero
2805 2701 2989 2754 omnia
3012 2716 3042 2755 a
3064 2700 3425 2758 distinctione
3460 2707 3638 2760 aliena

2071 2792 2218 2837 sunt.
2253 2782 2477 2841 Frustra
2507 2803 2637 2858 ergo
2669 2798 2726 2844 et
2756 2791 3002 2847 inaniter
3036 2792 3215 2849 Latini
3246 2796 3411 2852 toties
3438 2798 3641 2854 decan-

2071 2882 2241 2932 tatam
2276 2877 2652 2936 distinctionis
2691 2885 2995 2938 secundum
3027 2888 3318 2942 materiam
3352 2890 3436 2944 vel
3466 2905 3640 2960 oppo-

2073 2966 2334 3035 sitionem
2363 2969 2632 3026 rationem
2671 2974 3043 3044 projecerunt.
3079 2978 3192 3048 Age
3232 2978 3347 3049 jam
3398 2984 3642 3038 transfe-

2072 3075 2258 3114 ramus
2284 3069 2530 3116 nostram
2562 3063 2873 3118 doctrinam
2907 3067 2974 3121 ad
3016 3082 3106 3123 res
3155 3070 3402 3138 divinas;
3453 3078 3639 3132 statim

396 3141 535 3210 πρὸς
567 3141 846 3211 διάκρισιν
893 3143 1021 3197 Υἱοῦ
1072 3146 1168 3199 καὶ
1225 3147 1570 3217 Πνεύματος,
1605 3151 1679 3214 ὡς
1705 3153 1732 3206 ὁ
1762 3152 1964 3222 Θωμᾶς

2071 3151 2214 3207 enim
2271 3151 2338 3207 iis
2364 3153 2502 3222 .hzec
2558 3155 2732 3225 magis
2787 3157 3108 3225 quadrabit,
3151 3176 3315 3227 quam
3363 3178 3428 3218 ea
3475 3181 3640 3236 quant

393 3233 552 3300 ἀξιοῖ,
583 3228 650 3306 ἦς
685 3235 805 3286 οὐδὲ
833 3236 927 3287 ἐπὶ
957 3237 1068 3288 τῶν
1097 3236 1218 3290 καθ’
1252 3240 1400 3308 ἡμᾶς
1431 3239 1603 3294 ὄντων
1625 3241 1733 3297 ἔδει
1755 3260 1772 3276 ⁶
1805 3246 1964 3317 ἱκανὴ

2071 3238 2254 3298 Latini
2302 3256 2675 3318 propugnant.
2711 3247 2944 3305 Diversa
2979 3251 3049 3306 ab
3092 3255 3284 3308 eodem
3321 3228 3641 3326 progressio

391 3325 502 3394 γὰρ
532 3326 566 3395 ή
594 3325 849 3395 διάφορος
884 3325 1106 3396 πρόοδος
1136 3329 1274 3382 αὐτὰ
1314 3329 1640 3400 διακρίνειν.
1674 3336 1784 3390 Καὶ
1807 3337 1965 3392 τοῦτο

391 3416 486 3470 καὶ
516 3419 630 3480 τοῖς
648 3414 766 3470 οὖσι
805 3416 1094 3487 σύμφωνον
1121 3419 1217 3474 καὶ
1244 3424 1355 3484 τοῖς
1398 3422 1508 3476 τῶν
1551 3425 1726 3493 ἁγίων
1757 3429 1964 3500 δόγμα-

389 3525 502 3574 σιν,
530 3508 688 3580 εἴπερ
722 3510 920 3563 ἐκεῖνοι
953 3509 1053 3582 τὴν
1089 3511 1370 3582 διάκρισιν
1411 3515 1596 3588 πλήρη
1643 3522 1961 3590 παραδεδώ-

389 3617 542 3655 κασι.
581 3601 745 3670 Λέγει
779 3602 888 3673 γὰρ
930 3601 960 3655 ὀ
1001 3606 1368 3677 Δαμασκηνὸς
1398 3606 1648 3680 θεολόγος
1696 3616 1755 3668 ὲν
1789 3613 1961 3686 ὀγδόῳ

385 3696 498 3747 τῶν
519 3693 862 3762 Θιο).ογικῶν
884 3712 898 3727 ⁸
933 3698 1004 3750 El
1056 3697 1156 3750 καὶ
1186 3698 1252 3751 τὸ
1291 3699 1536 3769 Πνεῦμα
1575 3702 1644 3756 τὸ
1683 3704 1858 3773 ἅγιον
1889 3707 1960 3762 ἐκ

385 3787 494 3842 τοῦ
550 3789 783 3855 Harpe;
832 3788 1250 3858 ἐκπορεύεται,
1308 3791 1449 3846 ἀλλ’
1509 3795 1583 3848 οὐ
1634 3798 1959 3866 τεννητῶς,

382 3879 522 3934 ἀλλ’
563 3879 940 3946 ἐκπορευτῶς
960 3896 974 3912 ο
1005 3880 1200 3948 ἄλλος
1248 3883 1470 3951 τρόπος
1502 3885 1816 3954 ὑπάρξεως
1850 3885 1957 3945 οὗ.

386 3989 509 4038 τος,
550 3972 820 4040 ἁληπτός
867 3989 930 4027 τε
977 3975 1077 4028 καὶ
1130 3973 1462 4043 ἄγνωστος,
1499 3976 1705 4048 ὥσπερ
1756 3980 1857 4035 καὶ
1911 3983 1951 4052 ἠ

384 4066 493 4120 τοῦ
529 4066 669 4120 Υἱοῦ
697 4066 982 4136 γέννησις
1007 4067 1106 4138 (2).
1139 4069 1246 4121 Καὶ
1278 4073 1304 4122 ὁ
1336 4068 1586 4139 θεολόγος
1618 4071 1952 4144 Γρηγόριοςο

382 4159 454 4210 Ai
503 4156 571 4209 δὲ
617 4157 905 4226 ἰδιότητες
950 4160 1182 4227 Πατρός
1218 4162 1337 4229 μὲν
1393 4162 1496 4216 καὶ
1537 4163 1805 4234 ἁνάρχου
1857 4167 1956 4221 καὶ

381 4246 576 4317 ἀρχῆς
622 4249 1059 4320 ἐπινοουμένου
1107 4251 1207 4305 καὶ
1255 4255 1607 4323 λεγομένου,
1650 4258 1786 4312 Υιοῦ
1814 4257 1883 4311 δὲ
1915 4261 1954 4327 ἠ

381 4339 690 4409 γέννησις,
717 4344 1060 4411 Πνεύματος
1090 4344 1159 4397 δὲ
1198 4347 1233 4414 ἠ
1261 4347 1623 4415 ἐκπόρευσις
1658 4351 1756 4420 (5).

2069 3350 2399 3408 magnopere
2425 3340 2620 3396 similis
2665 3350 2751 3396 est
2794 3343 3074 3404 divisioni.
3116 3348 3435 3417 Progressio
3487 3355 3638 3408 enim

2066 3429 2316 3498 quaedam
2344 3439 2429 3485 est
2464 3433 2629 3487 etiam
2665 3433 2869 3490 divisio
2901 3445 2956 3490 et
3005 3438 3150 3492 sicut
3179 3439 3252 3495 ibi
3289 3456 3376 3505 ea,
3412 3459 3533 3512 quae
3567 3446 3638 3499 ab

2063 3521 2259 3574 eodem
2316 3520 2664 3589 dividuntur,
2715 3524 2846 3581 licet
2896 3527 3142 3584 nondum
3194 3531 3260 3585 ad
3321 3537 3635 3602 oppositum
3685 3565 3695 3571 κ

2066 3607 2248 3662 locum
2322 3610 2581 3677 abierint.
2653 3615 3025 3684 suscipientes
3077 3621 3336 3688 protinus
3391 3625 3638 3682 rationes

2067 3715 2419 3772 segregantes
2448 3720 2512 3760 ea
2543 3705 2894 3778 distinguunt
2930 3720 3043 3767 tum
3089 3714 3235 3770 inter
3287 3732 3346 3771 se
3397 3718 3632 3775 invicem

2069 3805 2182 3848 tum
2200 3795 2268 3850 ab
2293 3801 2444 3865 eoﬁex
2462 3815 2572 3866 quo
2599 3801 2775 3858 divisa
2797 3812 2923 3858 sunt
2947 3805 3131 3875 (aliter
3153 3809 3300 3864 enim
3326 3827 3434 3868 non
3459 3813 3636 3872 divisa

2064 3886 2381 3956 forent),ita
2411 3901 2465 3946 et
2493 3893 2875 3958 hic,videlicct
2903 3899 2959 3952 in
2989 3898 3195 3955 divinis
3222 3907 3474 3972 personis
3504 3925 3517 3960 :
3545 3909 3635 3964 Fi-

2061 3981 2231 4038 liuset
2248 3982 2488 4053 Spiritus
2499 3986 2568 4040 ab
2579 3986 2772 4042 eodem
2790 3987 2950 4044 Patre
2968 3992 3305 4060 prodeuntes
3323 3999 3630 4054 secundum

2062 4076 2341 4134 diversum
2369 4076 2592 4130 modum
2623 4077 2727 4132 hoc
2753 4079 2871 4148 ipso
2895 4089 2950 4134 et
2973 4097 3002 4134 a
3031 4081 3192 4137 Patre
3214 4085 3631 4159 distinguuntur

2061 4176 2118 4222 et
2149 4169 2216 4222 ah
2249 4169 2526 4233 invicem;
2558 4185 2588 4223 a
2613 4167 2774 4226 Patre
2801 4173 3045 4241 quidem,
3079 4177 3206 4246 quia
3251 4195 3319 4234 ex
3351 4181 3444 4236 illo
3473 4194 3625 4250 sunt,

2062 4273 2188 4314 cum
2220 4275 2380 4314 omne
2407 4263 2554 4331 quod
2596 4263 2783 4333 prodit
2811 4281 2880 4320 ex
2913 4267 3100 4337 aliquo
3137 4271 3288 4325 aliud
3324 4274 3398 4327 sit
3435 4275 3504 4329 ab
3536 4291 3626 4342 eo,

2065 4366 2133 4406 ex
2160 4366 2270 4420 quo
2301 4350 2524 4420 prodit;
2561 4353 2630 4408 ab
2670 4354 2908 4410 invicem
2954 4374 3112 4424 vero,
3144 4363 3274 4430 quia
3321 4365 3628 4421 secundum

383 4433 664 4488 diversum
698 4437 938 4494 modum.
984 4438 1234 4506 quamvis
1284 4439 1386 4494 iste
1433 4442 1651 4510 ignotus
1693 4444 1857 4500 nobis
1897 4456 1953 4500 et
2021 4443 2315 4500 ineliabilis
2350 4445 2440 4500 sit.
2497 4445 2617 4501 Non
2676 4463 2804 4518 ergo
2830 4451 2990 4507 nobis
3019 4467 3158 4524 opus
3178 4464 3262 4509 est
3287 4457 3630 4526 oppositione

260 4597 285 4606 ς
381 4526 447 4578 ad
491 4528 908 4582 distinctionem
939 4528 1065 4585 Filii
1094 4546 1158 4585 ac
1222 4529 1461 4600 Spiritus
1531 4535 1728 4601 sancti,
1800 4545 1859 4589 ut
1903 4538 2145 4594 Thomas
2211 4548 2423 4602 censet,
2493 4555 2600 4609 qua
2655 4541 3004 4612 oppositione
3086 4563 3266 4617 neque
3324 4551 3378 4604 in
3430 4556 3632 4610 creatis

385 4623 551 4676 rebus
581 4639 721 4692 opus
750 4636 903 4689 erat;
973 4627 1251 4681 suliiciens
1301 4627 1450 4682 enim
1500 4639 1558 4683 et
1600 4639 1725 4700 apta
1778 4633 1845 4686 ad
1898 4650 1998 4690 eos
2034 4635 2457 4706 distinguendos
2522 4645 2606 4692 est
2655 4639 2875 4697 diversa
2925 4635 3257 4714 progressio.
3287 4648 3466 4718 Atque
3524 4651 3630 4707 hoc

382 4717 667 4770 conl’orme
700 4725 783 4769 est
813 4725 925 4769 tum
959 4719 1122 4771 rehus
1189 4719 1324 4786 ipsis
1359 4728 1472 4773 tum
1539 4733 1854 4778 sanctOrum
1924 4727 2216 4792 doctrinis,
2286 4727 2564 4797 siquidem
2619 4730 2719 4801 ipsi
2760 4733 2975 4802 plenam
3005 4735 3411 4795 distinctionem
3446 4743 3623 4797 tradi-

383 4808 600 4860 deiunt.
623 4807 763 4860 Dicit
789 4810 932 4860 enim
961 4809 1272 4880 Theologus
1302 4809 1670 4868 Datnascenus
1696 4801 2128 4886 tlteoiogicorum
2151 4820 2396 4888 capitum
2429 4833 2624 4878 octavo
2654 4822 2942 4889 :Quamois
2967 4829 3127 4882 etiam
3158 4829 3392 4899 Spiritus
3413 4845 3625 4887 sanctus

382 4917 446 4956 ea:
479 4903 639 4955 Patre
671 4902 939 4972 procedat,
965 4920 1068 4957 non
1107 4913 1282 4958 tamen
1311 4909 1681 4975 generationis,
1718 4927 1898 4963 verum
1923 4916 2267 4982 processionis
2307 4918 2498 4983 modo;
2531 4918 2667 4974 alius
2691 4921 2774 4976 hic
2803 4923 3119 4979 exsistet:th
3155 4929 3339 4981 modus
3363 4971 3376 4993 ,
3415 4930 3614 4982 incom—

385 4995 746 5061 preltensibis'is
770 5007 818 5049 et
843 4995 1162 5064 incognitus,
1194 4997 1636 5066 quemadmodum
1658 5011 1704 5052 et
1727 5001 1860 5055 Filii
1879 5006 2166 5070 generatio.
2205 5008 2382 5073 Atque
2417 5007 2718 5076 Gregorius
2755 5012 3067 5086 Tlteologus
3105 5019 3181 5072 ait
3215 5037 3230 5074 :
3261 5019 3622 5092 Proprietate:

385 5104 504 5142 vero
534 5100 654 5142 sunt
687 5106 704 5143 :
737 5089 897 5144 Pater
936 5089 1257 5161 intelligitur
1280 5109 1343 5146 ac
1366 5092 1559 5146 dicitur
1586 5097 1836 5165 principii
1863 5113 2048 5168 expers
2088 5113 2137 5154 et
2179 5104 2536 5174 principium;
2571 5102 2702 5160 Filii
2743 5122 2862 5161 vero
2887 5113 3182 5180 proprietas
3209 5123 3297 5166 est.
3321 5089 3614 5184 generatio,
3696 5157 3697 5160 η

387 5180 614 5252 Spiritus
645 5182 817 5234 sancti
842 5183 1128 5248 processio.

802 5296 939 5350 ΤΟΥ
975 5296 1194 5350 ΣΟΦΟΥ
1222 5294 1530 5350 ΝΙΚΑΙΑΣ.

449 5413 608 5468 Κατὰ
646 5411 740 5465 τοῦ
773 5411 904 5481 περὶ
953 5410 1281 5480 διακρίσεως
1314 5411 1420 5462 τῶν
1445 5409 1615 5464 ὄντων
1655 5412 1797 5465 κατὰ
1837 5412 1950 5467 Θω-

382 5508 489 5562 μᾶν
519 5504 611 5557 καί
646 5518 800 5564 τινας
853 5501 1014 5554 τοῦτο
1071 5499 1172 5570 μὲν
1231 5501 1499 5565 Λατίνων,
1543 5500 1700 5554 τοῦτο
1754 5502 1811 5554 δὲ
1861 5503 1953 5555 καὶ

2500 5305 2858 5364 SAPIENTIS
2918 5311 3194 5368 NICJ‘INL

2131 5416 2332 5470 Contra
2383 5433 2502 5471 eam
2546 5419 2614 5474 de
2671 5419 3024 5479 distinctione
3080 5442 3259 5480 rerum
3319 5432 3621 5488 secundum

2063 5503 2326 5558 Thomam
2358 5514 2413 5559 et
2446 5507 2582 5561 alios
2608 5511 2876 5578 quosdam
2920 5521 3030 5567 tum
3064 5516 3382 5574 Latinorum
3414 5531 3525 5576 tum
3564 5534 3622 5579 ct

443 5651 519 5721 (Ι)
552 5650 728 5704 Verba
755 5643 1118 5730 1:9.hpé‘xe‘90;
1142 5645 1335 5730 ἔπειτα
1362 5645 1643 5730 desuntin
1676 5645 1949 5730 Mon._gz.

453 5715 530 5790 (‘2)
573 5715 823 5796 Damasci.
859 5718 1069 5796 Uenlide
1104 5715 1270 5796 ιιι-ιιι..
1313 5715 1369 5780 Ι;
1403 5719 1725 5771 Catnatct'us
1747 5734 1794 5772 c.
1825 5717 1946 5776 155.

380 5785 681 5864 (Οὲ.ὀι·ιιι.
710 5789 776 5846 li.
812 5805 863 5856 p.
891 5788 992 5847 49;
1027 5785 1179 5854 4.2.)

727 5885 988 5943 ιἐνιιίέιι..
1041 5888 1155 5940 tiu.
1203 5879 1414 5940 CLXI.
2437 5959 2465 5967 _
3097 5891 3128 5952 7

2133 5650 2211 5739 £5)
2372 5651 2618 5739 Orgtzi‘n
2653 5654 2803 5710 laud.
2842 5657 3043 5713 lleron.
3071 5661 3279 5716 Camat.
3310 5679 3360 5719 c.
3389 5665 3457 5720 43
3502 5665 3619 5739 (Gr.

2059 5725 2231 5789 ortlt.,
2263 5723 2330 5786 ll,
2365 5739 2417 5793 p.
2445 5723 2597 5792 575.)
