4124 6410
2615 261 2651 291 ,ὁ

502 397 606 459 195
1860 391 2293 453 BESSARION
2307 393 2375 452 l5
3656 394 3755 456 l96

501 516 816 568 Cfiﬂt'ﬂl'um
842 511 1235 566 nonnullorum
1265 509 1573 565 doctrinam
1600 510 1756 565 multi
1782 510 1947 564 etiam
1974 509 2059 563 alii

2182 506 2457 579 Ἑλλήνων
2498 508 2647 562 ἔστιν
2701 502 2778 561 ὧν
2823 511 2986 578 λόγου
3018 549 3031 574 ,
3066 510 3261 564 ’πολλοὶ
3315 508 3415 581 μὲν
3456 510 3561 563 καὶ
3606 512 3757 564 ἄλλοι

498 615 625 658 ante
659 613 709 657 te
741 604 941 657 bellum
977 611 1343 671 susceperunt
1367 616 1431 657 ac
1470 604 1772 672 praesertim
1817 602 2059 656 Barlaam

2173 604 2281 674 πρὸ
2314 603 2407 656 σοῦ
2440 604 2678 674 πόλεμον
2708 605 2963 676 ἤρξαντο,
2998 608 3094 659 καὶ
3147 605 3386 675 μάλιστα
3419 604 3685 676 Βαρλαάμ
3721 608 3751 658 ὁ

496 696 730 750 Calaber
762 696 837 765 (a)
873 704 927 749 et
973 692 1129 748 Nilus
1157 692 1439 748 Cabasilas
1481 694 1577 763 (b),
1624 709 1691 748 ex
1734 696 1935 764 quibus
1974 693 2059 747 de-

2173 694 2458 765 Καλαὸρὸς
2507 698 2601 753 καὶ
2653 699 2845 762 Νεῖλος
2887 701 2916 751 ὁ
2974 698 3312 762 Καϐασέλας,
3376 700 3467 769 ἀφ’
3523 692 3599 752 ὧν
3660 701 3757 752 καὶ

497 803 713 857 sumpta
742 794 873 842 sunt
898 787 1066 841 etiam
1091 800 1215 855 qua:
1256 795 1311 840 tu
1346 786 1564 840 scribis.
1598 787 1855 839 Attamen
1896 783 2059 837 multo

2168 786 2335 847 αὐτὸς
2368 786 2607 856 εἰληφὼς
2637 790 2873 859 γράφεις
2905 790 2940 844 ἃ
2985 790 3239 861 γράφεις.
3273 788 3420 859 Πλὴν
3449 790 3574 843 ὅσον
3606 791 3753 843 ἐκεῖ·

498 881 802 948 εοιυίοιιιίυε
832 880 909 933 illi
932 894 1095 948 quam
1126 886 1182 932 tu
1209 888 1267 934 et
1297 880 1489 950 majori
1523 894 1647 933 cum
1680 876 1866 932 studio
1912 892 2059 946 qum-

2168 895 2249 930 τοι
2303 880 2404 947 μὲν
2454 882 2764 953 σοφώτερόν
2798 900 2856 936 τε
2909 887 3004 937 καὶ
3038 885 3132 936 σοῦ
3189 883 3391 951 μᾶλλον
3424 883 3753 953 ἐπεξειργά-

496 976 731 1028 stionem
761 972 901 1026 hanc
931 978 1425 1041 pertractarunt,tu
1457 985 1595 1024 vero
1623 969 1795 1023 multo
1822 969 1979 1038 pejus
2011 976 2059 1023 et

2169 983 2332 1020 σαντο
2362 969 2518 1022 τοῦτο
2545 971 2604 1023 τὸ
2638 972 2881 1042 ζήτημα,
2919 974 2983 1028 σὺ
3015 974 3073 1028 δὲ
3126 973 3318 1044 πολλῷ
3344 974 3529 1044 χεῖρόν
3562 992 3623 1028 τε
3658 978 3753 1029 καὶ

485 1065 765 1119 infirmius
822 1080 938 1116 rem
992 1077 1278 1131 exponens
1325 1061 1665 1117 contrarium
1720 1060 1860 1130 ejus,
1912 1058 2062 1129 quod

490 1159 730 1211 intendis
762 1157 935 1209 efficis
979 1164 1035 1208 et
1083 1163 1134 1208 te
1177 1155 1356 1222 ipsum
1386 1168 1497 1207 una
1527 1168 1652 1208 cum
1703 1156 1811 1207 tuis
1862 1152 2066 1227 antesi-

490 1263 683 1316 gnanis
760 1246 998 1301 refellis.
1066 1245 1336 1311 Quoniam
1419 1258 1551 1299 vero
1614 1244 2063 1313 sapientissimus

494 1339 806 1394 beinctrius
881 1336 1166 1407 Cydonius
1243 1337 1450 1406 optime
1536 1334 2060 1405 sapientissimeque

488 1436 754 1490 Cabasila'
788 1434 1018 1505 ejusque
1048 1432 1356 1487 rationibus
1389 1433 1691 1501 respondit,
1748 1441 1911 1501 atque
1936 1445 2061 1486 eum

490 1527 833 1581 suilicienter
879 1526 1138 1581 refutavit
1164 1524 1301 1579 nihil
1348 1526 1413 1580 ad
1440 1539 1553 1579 rem
1586 1523 2060 1579 accommodatum

490 1622 789 1683 dicentem,
831 1620 960 1675 licet
1010 1629 1132 1687 post
1179 1617 1523 1673 Barlaamum
1579 1616 1864 1688 scripserit
1901 1625 1957 1671 et
1995 1617 2063 1671 iis

488 1730 609 1783 qua:
648 1714 737 1768 ille
768 1712 1004 1777 dixerat,
1042 1712 1146 1766 alia
1184 1726 1215 1766 a
1246 1712 1543 1781 semetipso
1579 1709 1869 1780 adjecerit,
1908 1709 2061 1763 solu-

2165 1059 2562 1133 ἀσθενέστερον
2615 1063 2913 1162 ὲκθξιιενος
2960 1065 3278 1137 τούναντίον
3334 1065 3396 1119 οὗ
3452 1066 3531 1137 (1)
3569 1067 3750 1137 βούλει

2162 1153 2341 1214 ποιεῖς
2372 1152 2465 1205 καὶ
2505 1152 2821 1208 σαυτδνῗιαὶ
2848 1156 2978 1217 τοὺς
3023 1157 3131 1225 πρὸ
3169 1154 3265 1209 σοῦ
3297 1155 3559 1227 ιλέγχων.
3592 1158 3752 1211 Ἐπεὶ

2166 1242 2211 1295 δ’
2248 1245 2275 1295 6
2322 1245 2640 1313 σοφώτατος
2670 1249 2988 1319 Δημήτριος
3040 1251 3066 1304 ὁ
3096 1249 3356 1320 Κυδώνης
3382 1251 3473 1329 μ)
3502 1251 3749 1319 ἐπιγινό-

2168 1352 2329 1403 μενος
2370 1336 2570 1405 ἄριστά
2606 1356 2665 1391 τε
2715 1341 2810 1393 καὶ
2848 1341 3143 1410 σοφώτατα
3197 1342 3485 1413 Καὸασίλᾳ
3514 1344 3610 1395 καὶ
3628 1346 3749 1405 τοῖς

2166 1427 2374 1482 ἐκείνου
2401 1429 2579 1497 λόγοις
2610 1418 2834 1486 άντείπέ
2868 1451 2928 1487 τε
2962 1435 3058 1489 καὶ
3092 1434 3296 1497 ίκανῶς
3326 1436 3609 1505 ἁπήλεγξε
3644 1453 3750 1505 μη-

2163 1518 2253 1572 δὲν
2285 1521 2420 1590 πρὸς
2450 1521 2580 1587 ἔπος
2612 1524 2859 1592 λέγοντα,
2896 1527 3076 1580 καίτοι
3116 1528 3257 1597 μετὰ
3289 1528 3553 1598 Βαρλαᾶμ
3600 1528 3749 1595 γινό-

2166 1624 2328 1675 μενον
2363 1611 2453 1661 καὶ
2484 1610 2621 1681 πρὸς
2643 1615 2757 1677 τοῖς
2790 1614 3004 1667 ἐκείνου
3034 1618 3128 1669 καὶ
3157 1616 3295 1670 ἄλλα
3326 1618 3397 1671 τὰ
3420 1618 3515 1686 ἀφ’
3547 1618 3740 1671 ἑαυτοῦ

2164 1700 2491 1768 προσθέντα,
2529 1705 2624 1766 τὰς
2674 1704 2788 1757 τῶν
2824 1705 2933 1758 σῶν
2989 1708 3195 1760 τούτων
3265 1706 3442 1776 λόγων
3485 1709 3666 1769 δύσεις
3717 1712 3742 1759 ὁ

490 1808 669 1860 tiones
727 1814 1204 1875 argumentorum,
1277 1819 1400 1873 qua:
1468 1817 1618 1858 nunc
1665 1802 1903 1872 profers,
1963 1803 2057 1872 qui

2166 1792 2490 1863 βουλόμενος
2541 1796 2603 1849 ὲκ
2637 1796 2747 1849 τῶν
2799 1799 2895 1852 τοῦ
2929 1800 3160 1872 Κυδώνη
3207 1800 3474 1871 ζητείτω’
3510 1804 3605 1855 καὶ
3638 1803 3743 1870 γὰρ

489 1898 730 1952 voluerit
755 1862 820 1951 εἰ
848 1896 1080 1968 Cydonii
1112 1862 1272 1952 libris
1296 1862 1561 1966 -quaerat;
1609 1862 1681 1950 in.
1715 1895 1852 1965 ipsis
1889 1862 2054 1951 'enim

2168 1862 2369 1948 ίκανῶς
2423 1889 2481 1938 ἐν
2545 1888 2778 1952 ἐκείνοις
2852 1891 3079 1964 εὑρήσει
3130 1862 3307 1948 πάντα
3376 1862 3740 1964 ἐληλεγμένα.

490 2004 687 2046 cuncta
738 1988 957 2044 abunde
980 1987 1243 2043 "refotata
1294 1988 1551 2058 reperiet.
1611 1986 1721 2043 Nos
1770 1998 1953 2043 autem
2003 1989 2059 2043 in

490 2081 777 2151 praesentia
834 2079 1330 2135 ad'universalem
1387 2080 1751 2150 quaestionem
1811 2080 2061 2135 dicemus

492 2175 659 2234 nihil;
692 2174 853 2229 inane
896 2174 1185 2231 enimvest
1237 2172 1428 2228 eadem
1462 2173 1531 2229 de
1574 2171 1784 2228 iisdem
1847 2173 2058 2238 dicere,

488 2269 793 2337 pra-serum
830 2282 958 2323 cum
995 2268 1031 2323 ii
1066 2268 1290 2337 quinos
1320 2276 1723 2337 praeesserunt
1750 2267 1955 2337 optime
1993 2267 2061 2322 dc

489 2362 558 2414 iis
580 2360 843 2425 dixerint,
875 2360 1020 2414 sicut
1064 2369 1120 2413 et
1153 2371 1208 2413 tu
1245 2358 1405 2413 valde
1443 2357 1644 2413 frustra
1691 2358 1951 2413 la‘borasti
1996 2372 2061 2413 ea

488 2469 611 2523 qua:
646 2453 717 2508 ab
768 2452 1214 2508 antecessoribus
1254 2453 1367 2507 tuis
1410 2451 1610 2507 melius
1641 2452 1794 2507 ‘dicta
1820 2450 2060 2519 fuerant,

488 2548 646 2616 "pejus
672 2560 893 2599 rursum
924 2542 1377 2614 exponerido.‘Ad
1398 2559 1461 2598 ea
1480 2559 1634 2615 vero,
1658 2560 1780 2614 quae
1808 2560 1838 2599 a
1865 2554 2062 2601 temet-

490 2639 610 2706 ipso
633 2637 722 2691 hic
753 2636 1074 2705 profatus-es
1094 2634 1378 2689 auditores
1401 2634 1583 2690 celare
1604 2651 1833 2706 prorsus
1850 2638 2060 2701 volens,

490 2732 640 2798 quod
683 2730 749 2782 ab
794 2729 904 2783 illis
932 2729 1117 2784 omnia
1144 2726 1459 2798 sumpsisti;
1493 2727 1672 2797 aliqua
1694 2727 1951 2783 'dicemus
1976 2743 2065 2783 os—

491 2823 802 2886 tendentes,
831 2835 994 2890 quam
1016 2819 1353 2890 negligenter
1374 2818 1734 2889 philosophia:
1757 2819 2059 2875 studueris.

561 2916 758 2970 Statim
784 2912 930 2982 quod
963 2913 1030 2967 de
1055 2910 1282 2965 materia
1323 2910 1485 2975 dicis,
1513 2910 1775 2966 videlicet
1793 2925 1913 2964 eam
1943 2911 2061 2965 sine

491 3010 758 3080 qualitate
794 3014 849 3060 et
877 3004 995 3059 sine
1019 3002 1351 3071 quantitate,
1380 3001 1629 3071 adeoque
1656 3001 2061 3057 indivisibilem

491 3113 616 3155 esse
650 3111 713 3152 ac
754 3094 984 3167 proinde
1038 3109 1146 3148 non
1188 3107 1311 3149 esse
1360 3092 1643 3162 aliquibus
1681 3092 2061 3163 distinctionis

492 3205 739 3254 causam,
772 3187 909 3242 scito
948 3184 1000 3239 id
1035 3200 1145 3238 non
1175 3185 1241 3239 ad
1290 3198 1433 3249 rem,
1464 3183 1536 3239 dc
1561 3198 1669 3254 qua
1710 3185 1909 3255 agitur,
1940 3199 2059 3239 esse

492 3283 736 3338 dictum.
799 3278 1011 3334 Etenim
1075 3277 1170 3347 qui
1228 3276 1458 3340 dicunt,
1509 3276 1742 3330 materia
1795 3276 2060 3331 nonnulla

493 3374 778 3445 distingui,
810 3388 874 3428 ea
924 3371 1211 3434 nimirum,
1246 3369 1300 3423 in
1348 3366 1549 3438 quibus
1595 3368 1827 3423 materia
1874 3368 2058 3424 locum

494 3468 678 3529 habet,
738 3481 846 3519 non
909 3463 1223 3531 intelligunt
1274 3459 1417 3515 hanc
1454 3460 1687 3531 primum
1744 3468 1801 3516 et
1855 3460 2060 3530 speciei

495 3576 721 3627 prorsus
754 3565 1031 3627 expertem
1071 3554 1380 3614 materiam.
1412 3552 1509 3609 sed
1541 3568 1661 3609 eam
1689 3568 1811 3624 quas
1847 3552 2061 3624 specie-

494 3669 615 3705 rum
650 3649 877 3704 cuilibet
916 3645 1165 3719 proxime
1221 3643 1450 3711 subest,
1489 3659 1720 3715 quaeque
1766 3643 1833 3698 ad
1882 3650 2056 3698 totum

491 3745 711 3813 quidem
749 3739 994 3795 materiae
1028 3739 1296 3793 rationem
1341 3738 1526 3801 habet,
1560 3752 1671 3791 non
1715 3746 1899 3793 tamen
1938 3736 2059 3791 sine

491 3830 673 3901 specie
709 3840 825 3891 est;
859 3842 1022 3896 quam
1073 3825 1401 3880 Aristoteles
1432 3824 1657 3895 quidem
1706 3824 1956 3879 ultimam
2003 3832 2060 3879 et

491 3922 803 3991 contiguam
834 3918 1146 3982 materiam,
1176 3917 1356 3971 Latini
1391 3932 1522 3971 vero
1563 3930 1680 3972 rem
1721 3916 1905 3973 adhuc
1943 3917 2059 3973 cla-

494 4015 606 4069 rius
635 4013 972 4083 explicantes
1001 4012 1288 4065 secundam
1327 4010 1645 4080 appellant;
1681 4025 1844 4080 quam
1889 4009 2057 4064 etiam

490 4109 791 4164 secundum
825 4108 1127 4174 analogiam
1163 4107 1444 4162 materiam
1480 4108 1663 4163 vocari
1710 4106 1878 4163 tradit
1932 4107 2060 4161 Ari-

488 4205 747 4268 stoteles;
787 4202 939 4257 verbi
995 4201 1205 4272 gratia,
1245 4200 1477 4271 lignum,
1532 4216 1657 4255 cum
1690 4215 1794 4255 non
1830 4200 1903 4255 sit
1946 4215 2062 4255 ma-

493 4299 624 4349 teria
664 4297 769 4366 (est
795 4294 940 4349 enim
986 4308 1111 4348 cum
1138 4292 1307 4363 figura
1354 4302 1410 4347 et
1437 4291 1654 4362 forma),
1702 4302 1882 4347 tamen
1927 4292 2058 4348 lecti

492 4391 774 4443 materiam
798 4404 943 4444 esse.
978 4386 1292 4441 Secundum
1336 4386 1474 4441 hanc
1502 4387 1667 4455 igitur
1702 4386 2056 4440 Aristotelem

490 4488 782 4548 Sequentes
813 4493 875 4533 ea
901 4490 1022 4547 qua:
1051 4476 1468 4546 distinguuntur
1489 4484 1744 4530 asserunt
1768 4474 2055 4544 distingui,

2176 1974 2366 2045 Ἡμεῖς
2395 1978 2455 2032 δὲ
2486 1977 2547 2031 τό
2576 1996 2638 2047 γε
2693 1980 2792 2035 νῦν
2827 1975 2971 2037 εῖναι
3035 1984 3177 2055 πρὸς
3236 1987 3337 2054 μὲν
3388 1986 3449 2040 τὸ
3504 1980 3739 2040 καθόλου

2164 2067 2386 2139 ζήτημα
2429 2070 2664 2143 ἐροῦμεν
2710 2074 2861 2127 οὐδέν
2888 2092 2902 2106 ο
2940 2077 3169 2145 μάταιον
3224 2078 3333 2146 γάρ
3384 2082 3559 2132 ταῦτὰ
3609 2082 3743 2147 περὶ

2161 2163 2271 2215 τῶν
2305 2163 2486 2216 αὐτῶν
2526 2164 2727 2233 λέγειν,
2763 2168 2858 2221 καὶ
2889 2168 3127 2237 μάλιστα
3176 2170 3328 2238 παρὰ
3350 2170 3457 2223 τῶν
3492 2171 3740 2239 φθασάν-

2162 2271 2271 2308 των
2329 2256 2479 2325 ἡμᾶς
2550 2257 2753 2328 ἄριστα
2832 2261 3186 2330 εἰρημένων·
3249 2262 3442 2333 ὥσπερ
3515 2264 3609 2318 καὶ
3676 2266 3740 2317 σὺ

2164 2346 2326 2427 πλέον
2377 2350 2453 2420 (5)
2486 2350 2518 2421 ἢ
2549 2351 2727 2422 μάτην
2770 2352 3046 2422 ἑπόνησας
3087 2354 3154 2409 τὰ
3186 2359 3302 2415 τοῖς
3333 2357 3439 2427 πρὸ
3474 2356 3568 2410 σοῦ
3615 2357 3741 2427 βέλ-

2161 2426 2277 2493 τιον
2301 2442 2570 2512 εἰρημένα
2624 2446 2719 2499 ἐπὶ
2772 2446 2833 2499 τὸ
2868 2449 3048 2516 χεῖρον
3092 2426 3406 2519 ἐκθέμενος.
3440 2450 3585 2522 Πρὸς
3617 2426 3666 2505 is
3693 2451 3741 2504 δ’

2163 2532 2272 2588 ἀπὸ
2332 2535 2531 2589 σαυτοῦ
2587 2537 2826 2593 ἐνταῦθα
2886 2539 3119 2611 εἴρηκας
3186 2541 3522 2613 βουλόμενος
3555 2545 3741 2600 λαθεῖν

2162 2627 2288 2690 τοὺς
2320 2628 2636 2693 ἀκούοντας.
2678 2627 2755 2692 ὥς
2814 2629 2946 2701 παρ’
2981 2632 3210 2687 ἐκείνων
3252 2635 3435 2689 πάντα
3479 2634 3737 2707 εἴληφας⁹

2164 2719 2299 2789 πρὸς
2323 2719 2499 2774 ταῦτα
2560 2721 2800 2792 ὲροῦμέν
2825 2738 2966 2790 τινα,
3004 2725 3337 2793 δεικνύντες,
3371 2725 3497 2781 ὅσον
3526 2728 3740 2795 φιλοσοο

2164 2810 2293 2879 φίας
2324 2811 2714 2883 ὠλιγώρησας.

2232 2900 2441 2954 Λύτίκα
2485 2901 2514 2955 ὃ
2564 2904 2672 2973 φῂς
2725 2907 2853 2977 περὶ
2882 2908 3003 2985 ⁸τῆς
3031 2908 3187 2980 ὕλης,
3225 2911 3301 2975 ὡς
3324 2910 3516 2978 άποιός
3551 2931 3609 2967 τε
3642 2916 3739 2969 καὶ

2163 2991 2385 3059 ἆποσος,
2438 2996 2737 3052 κάντεῦθεν
2800 3000 3109 3072 ἀδιαίρετος
3159 3002 3300 3061 οὖσα
3370 3007 3468 3060 οὐκ
3524 3008 3590 3061 ἂν
3649 3010 3736 3079 ιῐη

2164 3082 2316 3136 αίτία
2345 3084 2831 3157 τισὶ-διακρίσεως,
2862 3090 2969 3144 ῐσθι
3006 3091 3082 3163 μὴ
3110 3094 3247 3164 πρὸς
3279 3096 3339 3149 τὸ
3372 3098 3737 3169 προκείμενον

2091 3216 2134 3275 c
2168 3174 2471 3275 είρημενον⁸
2502 3174 2666 3234 εἶναι.
2707 3182 2769 3235 Ol
2803 3183 2933 3275 ~7&9
2984 3185 3237 3255 λέγοντες
3284 3191 3350 3259 τῇ
3388 3189 3490 3262 ὕλῃ
3523 3191 3670 3244 ἐστιν
3700 3194 3737 3247 ἃ

2166 3266 2561 3339 διακρίνεσθαι,
2593 3273 2663 3326 τὰ
2691 3276 2749 3328 ἐν
2772 3271 2856 3339 οἷς
2884 3278 3131 3347 δηλονότι
3180 3280 3364 3350 χώραν
3401 3284 3514 3352 ἔχει
3546 3286 3579 3355 η
3610 3282 3735 3357 ὕλη,

2163 3361 2223 3413 οὕ
2251 3361 2348 3431 τὴν
2379 3364 2620 3433 πρώτην
2653 3365 2861 3434 ταύτην
2888 3371 2981 3421 καὶ
3010 3370 3189 3443 πάντη
3224 3375 3465 3429 ἀνείδεον
3503 3378 3578 3446 (ι)
3602 3377 3736 3447 ὕλην

2162 3456 2346 3520 φασὶν,
2376 3455 2511 3509 ἀλλὰ
2546 3456 2646 3526 τὴν
2674 3457 2783 3512 τῶν
2826 3459 2985 3515 είδῶν
3018 3462 3237 3535 ἑκάστῳ
3269 3469 3555 3538 προσεχῶς
3604 3470 3739 3523 ὕπο-

2163 3546 2448 3617 κειμένην,
2478 3550 2574 3603 καὶ
2598 3550 2733 3621 πρὸς
2767 3552 2868 3622 μὲν
2893 3552 2957 3606 τὸ
2989 3554 3109 3609 ὅλον
3142 3556 3272 3627 ὕλης
3296 3558 3525 3628 ἔχουσαν
3550 3562 3731 3629 λόγον,

2159 3637 2222 3691 οὗ
2264 3639 2450 3708 μέντοι
2497 3641 2628 3695 ἄνευ
2672 3644 2846 3708 εἴδους
2885 3640 3071 3710 οὖσαν,
3106 3649 3173 3720 ην
3200 3650 3582 3725 Ἀριστοτέλης
3630 3656 3734 3728 μὲν

2162 3730 2399 3802 ἐσχάτην
2446 3750 2505 3786 τε
2548 3736 2642 3789 καὶ
2700 3740 2942 3810 προσεχῆ
2990 3739 3149 3811 ὕλην,
3200 3744 3420 3799 Λατῖνοι
3462 3748 3505 3800 δ’
3536 3753 3628 3802 ἐπὶ
3674 3753 3737 3805 τὸ

2163 3825 2495 3896 σαφέστερον
2570 3829 2901 3897 μετάγοντες
2977 3833 3266 3904 δευτέραν
3330 3838 3611 3906 καλοῦσιν,
3668 3844 3736 3913 ἢν

2163 3918 2255 3969 καὶ
2296 3918 2417 3971 κατ’
2473 3919 2774 3989 ἀναλογίαν
2838 3923 2973 3995 ὕλην
3033 3929 3316 3982 καλεῖσθαι
3352 3932 3734 4005 Ἀριστοτέλης

2163 4006 2330 4077 φησιν
2354 4024 2368 4039 ο
2404 4008 2593 4079 ὥσπερ
2620 4012 2679 4065 τὸ
2707 4012 2864 4079 ξύλον
2916 4016 2991 4088 μὴ
3024 4017 3161 4089 ὕλην
3191 4019 3250 4074 ὃν
3276 4021 3421 4093 (ἐστὶ
3454 4025 3561 4095 γάρ
3589 4027 3730 4099 μετὰ

2162 4100 2443 4169 σχήματος
2466 4101 2562 4156 καὶ
2595 4106 2854 4177 μορφῆς),
2877 4105 3011 4179 ὕλην
3032 4110 3183 4179 ὅμως
3217 4109 3360 4169 εἶναι
3391 4120 3487 4187 τῆς
3521 4120 3727 4189 κλίνης.

2162 4191 2319 4245 Κατὰ
2348 4192 2555 4264 ταύτην
2587 4194 2681 4249 οῦν
2720 4197 3084 4267 ’Δριστοτέλει
3119 4204 3376 4274 ἑπόμενοι
3414 4212 3482 4262 τὰ
3514 4211 3732 4283 διακρι-

2161 4284 2361 4356 νόμενα
2414 4304 2549 4358 φασι
2610 4289 3023 4362 διακρίνεσθαι,
3089 4296 3334 4367 δηλονότι
3391 4302 3488 4373 οὐχ
3534 4304 3728 4372 ἁπλῶς

2160 4376 2340 4473 πάντα
2374 4380 2443 4433 τά
2471 4379 2623 4473 ὕντα,
2650 4383 2789 4437 ἀλλὰ
2832 4384 2901 4439 τὰ
2928 4389 2987 4439 ὲν
3029 4381 3111 4452 οἷς
3141 4388 3333 4460 χώραν
3382 4394 3497 4466 ἔχει
3544 4400 3577 4470 ἠ
3631 4399 3730 4473 ὕλη

2161 4469 2427 4564 νοοῦντες.
2462 4472 2534 4526 Σὺ
2580 4473 2637 4526 δὲ
2685 4475 2779 4529 καὶ
2816 4476 2973 4530 τοῦτο
3023 4478 3144 4533 λίαν
3179 4482 3209 4552 ἢ
3253 4469 3729 4564 συκοφαντικῶςη

496 4572 755 4623 nimirum
784 4581 891 4620 non
914 4565 1240 4633 simpliciter
1268 4580 1354 4620 res
1379 4580 1572 4620 omnes
1587 4566 1934 4628 exsistentes,
1959 4566 2053 4620 sed

2161 4562 2389 4630 ἀμαθῶς
2420 4566 2499 4628 είς
2540 4567 2631 4619 τὸν
2665 4568 2830 4638 σοφόν
2877 4587 2935 4623 τε
2968 4574 3062 4626 καὶ
3091 4572 3249 4641 ἅγιον
3278 4577 3451 4649 ἄνδρα
3489 4582 3581 4635 τὸν
3610 4562 3731 4639 Θωέ

498 4673 610 4720 ειυς,
650 4659 701 4710 in
742 4657 946 4725 quibus
972 4654 1199 4709 materia
1232 4653 1396 4709 habet
1418 4654 1623 4719 locum,
1656 4654 2052 4725 intelligentes.

495 4748 575 4801 Tu
624 4762 753 4800 raro
805 4754 861 4800 et
906 4745 1008 4799 hoc
1060 4743 1146 4799 vel
1180 4744 1515 4800 calumniose
1546 4745 1632 4799 vel
1675 4745 1928 4815 imperite
1959 4745 2060 4799 ad-

497 4838 717 4892 modum
753 4835 807 4889 in
832 4834 1133 4903 sapientem
1164 4842 1528 4903 sanctumque
1576 4834 1756 4889 virum
1791 4834 2057 4890 Thomam

497 4929 771 5000 proiecisti
824 4927 1034 4991 dicens,
1076 4940 1203 4982 eum
1250 4926 1398 4997 quod
1446 4940 1553 4980 non
1605 4936 1691 4981 est
1740 4925 2057 4981 universale

497 5041 593 5092 pro
624 5020 920 5076 universali
955 5017 1259 5074 venditare.
1297 5016 1483 5087 Neque
1513 5018 1659 5073 enim
1701 5018 1768 5073 de
1795 5018 2053 5073 omnibus

493 5114 812 5187 simpliciter
847 5112 900 5168 id
943 5111 1204 5177 aflirmat,
1254 5112 1351 5166 sed
1398 5110 1467 5165 de
1514 5111 1606 5178 iis,
1636 5117 1691 5167 et
1738 5109 1797 5165 in
1828 5112 1955 5177 hoc,
1998 5120 2059 5166 ut

564 5273 639 5342 (l)
682 5269 774 5325 Sic
801 5266 967 5342 hlaro.
996 5266 1036 5323 f.
1064 5268 1130 5326 75
1160 5266 1230 5335 b;
1263 5266 1407 5322 Ilion.
1440 5264 1510 5319 27
1535 5264 1574 5321 f.
1597 5261 1727 5333 240,
1754 5263 1812 5319 b.
1841 5273 1898 5321 et
1922 5263 2050 5321 Vat.

495 5348 531 5398 f.
575 5340 675 5397 ιυι
699 5357 729 5393 a
760 5357 773 5393 :
802 5340 830 5393 ὃ

562 5418 640 5481 ('2)
676 5413 820 5472 Mou.
864 5410 947 5474 l7,
973 5408 1238 5477 Κνδόνης.

565 5486 641 5555 (3)
672 5483 816 5536 Alon.
846 5481 1023 5537 πλεῖν.

561 5644 636 5712 (a)
674 5641 749 5716 De
780 5641 943 5716 hujus
983 5635 1241 5716 monachi
1276 5634 1664 5716 inconstantia;
1689 5636 1757 5716 _in
1797 5636 2054 5716 dogmate

493 5705 756 5766 sectando
791 5725 820 5762 a
853 5705 972 5763 {suis
1003 5705 1243 5762 accusati
1278 5705 1502 5773 scriptis
1531 5705 1656 5762 vide
1686 5705 1931 5772 Leonem
1959 5709 2053 5762 Al-

493 5781 705 5843 latium,
739 5778 811 5833 De
834 5777 1047 5833 Eccles.
1067 5775 1356 5846 Occiderit.
1375 5774 1657 5846 et0_rient.
1686 5788 1881 5846 perpct
1920 5792 2057 5829 con-

490 5866 638 5909 sens.
673 5851 711 5906 l.
751 5848 815 5915 ll,
854 5865 905 5904 c.
936 5846 1022 5914 i7,
1054 5862 1112 5907 n.
1150 5844 1168 5906 Ι
1206 5859 1347 5921 seq.,
1378 5853 1444 5907 et
1469 5843 1866 5907 Fabricium'in
1912 5848 2052 5905 bibl.

2166 4656 2275 4722 μιν
2326 4656 2643 4728 ἀπὲρῤιψας
2692 4660 2770 4731 (5)
2821 4662 3013 4725 εἰπὼν.
3046 4664 3105 4718 τὸ
3154 4666 3228 4740 μὴ
3284 4670 3513 4729 καθόλου
3564 4678 3731 4733 αὐτὸν
3842 4670 3847 4673 ’

2161 4747 2452 4802 ἀποδοῦναι
2483 4750 2557 4813 ὡς
2582 4752 2849 4813 καθόλουβ
2880 4757 2939 4808 οὐ
2971 4759 3079 4828 γάρ
3111 4761 3253 4815 κατὰ
3294 4764 3514 4819 πάντων
3539 4756 3732 4837 ἁπλῶς

2158 4839 2318 4893 τοῦτό
2344 4858 2529 4913 φησιν,
2559 4845 2673 4900 ἁ)λ’
2715 4848 2774 4899 ὲν
2822 4842 2903 4912 οἷς
2935 4848 3118 4920 χώραν
3148 4853 3261 4923 ἔχει
3302 4857 3333 4925 ἡ
3390 4840 3520 4931 ὕλη,
3548 4863 3733 4924 αὐτοῖς

2165 4932 2407 5001 ῥήμασιν
2438 4935 2611 4999 οὕτως
2636 4940 2827 5003 εἰπὼν,
2858 4943 2952 4995 καὶ
2988 4944 3162 5011 τοῦθ’,
3191 4947 3266 5011 ὡς
3295 4950 3453 5021 ἔφην,
3487 4955 3731 5024 Ἀριστο-

2159 5024 2307 5077 τέλει
2355 5027 2646 5096 ἑπόμενος,
2695 5032 2755 5096 ὃς
2806 5035 3077 5107 πολλαχοῦ
3133 5039 3244 5093 τῶν
3306 5044 3501 5099 ἑαυτοῦ
3552 5052 3729 5117 λόγων

2160 5115 2257 5170 καὶ
2308 5118 2543 5188 μάλιστα
2591 5123 2700 5178 τῶν
2762 5129 2899 5195 μετὰ
2932 5130 3003 5182 τὰ
3050 5136 3256 5199 φυσικὰ
3307 5137 3365 5188 ὲν
3400 5138 3502 5207 μὲν
3535 5115 3729 5212 τῷτε-

2425 5276 2616 5366 _biarc.
2742 5282 2807 5336 76
2840 5298 2893 5349 a,
2926 5285 3032 5341 alia
3067 5303 3233 5343 manu
3278 5289 3347 5343 ad
3395 5294 3724 5366 marginem,

2159 5345 2397 5399 ἁνείδεὸν
2422 5364 2479 5399 τε
2514 5351 2610 5401 καὶ
2639 5352 2862 5407 ἄποσον.

2230 5416 2311 5484 (5)
2350 5416 2442 5472 Sic
2468 5417 2635 5475 Marc.
2671 5421 2709 5475 Ι.
2744 5423 2811 5477 76
2835 5438 2897 5491 a;
2932 5424 3075 5481 Mon.
3102 5428 3141 5484 f.
3176 5429 3272 5484 2H
3312 5436 3724 5508 α,ἀπορρίψα;.

2159 5657 2241 5713 gr.
2277 5644 2386 5699 vol.
2421 5644 2491 5707 Χ,
2563 5686 2577 5700 .
2617 5647 2744 5713 429,
2772 5648 2862 5705 ed.
2899 5661 3010 5707 vet.

2234 5713 2306 5771 (bl
2337 5713 2492 5771 Nilus
2512 5662 2791 5771 gabasilas
2826 5723 3010 5771 saeuit

2234 5713 2492 5799 (b)ml_\lilus
2508 5713 2791 5799 pabasilas
2826 5721 3309 5799 saec_ulo_XlV_fuit
3348 5727 3721 5799 archiepisco-

2161 5797 2265 5871 pus
2295 5785 2806 5871 hessalpnice't‘mis
2832 5800 2894 5871 et
2922 5785 3724 5871 fort_iter___l.atinosoppugna-

2162 5854 2259 5910 vit.
2295 5853 2432 5910 Vide
2457 5854 2639 5910 All-itii
2676 5856 2978 5916 Diatribam
3010 5863 3075 5918 de
3106 5862 3267 5930 Nilis,
3294 5881 3349 5939 p.
3383 5867 3473 5922 65.
