4124 6406
359 399 462 462 ι”ἷ

1406 396 1842 458 REFUTATIO
1877 399 1928 456 Μ
1942 403 1979 456 Α
1995 400 2116 458 [ιρι
2156 400 2202 458 Ε
2216 399 2303 458 Pl]
2316 397 2430 457 ESI
2448 395 2492 455 Ν
2506 397 2548 458 1.

3511 395 3605 458 198

357 517 542 584 τάρτῳ
595 513 670 583 (1)
721 512 924 583 φησίν·
972 508 1222 580 Ἀριθμῷ
1270 503 1425 565 εἶναι
1475 511 1564 577 ἐν,
1597 504 1686 564 ὧν
1727 514 1765 580 ἡ
1814 511 1933 578 ὕλη

2036 511 2272 574 aiebam,
2318 511 2668 566 Aristotelen:
2710 521 2955 576 secutus,
2990 511 3083 581 qui
3139 511 3324 567 multis
3366 512 3419 566 in
3467 514 3601 567 loris

351 607 495 676 μία·
546 605 628 672 ὡς
669 603 789 657 τῶν
839 619 906 672 γε
945 594 1180 672 ’ἀριθμῷ
1231 601 1642 672 διαφερόντων
1687 601 1926 671 δηλαδὴ

352 697 450 753 καὶ
479 695 593 764 τὴν
626 696 786 762 ὕλην
811 695 1014 762 ἀλλην
1046 695 1202 749 εἶναι
1235 695 1336 748 καὶ
1378 693 1511 748 κατ’
1540 695 1736 761 αὐτὴν
1776 693 1930 748 αὐτὰ

353 786 692 856 διαφέρειν·
725 787 826 839 καὶ
871 781 1028 850 αὖθις
1074 786 1133 837 ἐν
1161 785 1242 856 τῷ
1291 785 1440 854 αὐτῷ
1466 800 1482 818 ⁸
1525 784 1736 850 Ταυτὰ,
1771 787 1928 856 φησὶ,

353 880 634 947 λέγεσθαι
663 872 838 944 εἶναι,
865 869 952 930 ὧν
986 877 1024 945 ἠ
1065 876 1182 943 ὕλη
1209 876 1314 948 pla
1344 877 1382 944 ἢ
1412 875 1558 929 εῖδει
1587 876 1626 944 ἢ
1665 874 1889 945 ἀριθμῷ
1913 891 1927 905 ’

356 971 452 1024 καὶ
487 967 554 1024 αὖ
573 986 587 1000 ·
631 971 854 1038 Ἕτερα
882 968 1194 1040 λέγεσθαι,
1226 962 1313 1022 ὧν
1335 968 1372 1036 ἢ
1403 969 1477 1022 τὰ
1505 967 1640 1036 εῑδη
1673 967 1861 1020 πλείω
1891 968 1929 1034 ἢ

355 1064 394 1130 ἠ
431 1063 547 1130 ὕλη
572 1077 587 1095 ⁶
620 1063 678 1115 ὲν
707 1062 765 1115 δὲ
790 1061 867 1132 τῷ
917 1061 1133 1130 ἑϐδόμῳ
1153 1075 1166 1090 ·
1203 1057 1591 1114 Καθέκαστον
1637 1058 1689 1112 δ’
1718 1059 1788 1112 ἐκ
1822 1057 1934 1126 τῆς

353 1155 620 1224 ἐσχάτης
645 1155 801 1222 ὕλης
849 1156 883 1208 ό
913 1150 1232 1220 Σωκράτης
1262 1150 1378 1220 ἤδη
1407 1151 1582 1204 ἐστίν
1614 1166 1630 1183 ο
1662 1152 1718 1202 ἐν
1757 1151 1814 1203 δὲ
1855 1151 1934 1220 τῷ

353 1249 564 1318 δεκάτῳ
591 1264 602 1274 ·
629 1247 724 1300 Διὸ
755 1246 920 1301 ἅπαν
957 1243 1105 1314 πρὸς
1130 1243 1294 1298 ἅπαν
1323 1243 1362 1311 ἢ
1393 1241 1458 1295 τὸ
1487 1241 1636 1296 αὐτό
1664 1240 1702 1310 ἢ
1733 1243 1887 1294 ἄλλο
1912 1257 1928 1272 ο

357 1339 423 1393 τὸ
452 1338 541 1401 δὲ,
563 1337 640 1392 ἂν
661 1338 750 1408 μὴ
787 1337 886 1392 καὶ
925 1336 964 1402 τ)
992 1336 1109 1403 ὕλη
1139 1333 1241 1388 καὶ
1271 1335 1304 1388 ό
1333 1333 1517 1401 λόγος
1560 1327 1678 1399 εἷς·
1714 1331 1808 1385 διὸ
1850 1331 1933 1386 σὺ

357 1430 455 1485 καὶ
505 1433 539 1486 ό
571 1431 843 1497 πλησίον
882 1428 1122 1494 ἔτεροςο
1165 1429 1224 1480 ὲν
1264 1426 1322 1480 δὲ
1357 1425 1436 1496 τῷ
1476 1425 1788 1497 τριακοστῷ
1813 1425 1890 1495 (2)
1917 1441 1930 1456 ο

357 1521 706 1588 Ἀπορήσειε
726 1521 778 1574 δ’
795 1520 872 1574 ἄν
889 1539 999 1586 τις,
1018 1521 1085 1574 ἐκ
1105 1519 1280 1573 ποιοῦ
1297 1518 1383 1588 μὴ
1412 1519 1586 1586 ὄντος
1604 1519 1642 1586 η
1668 1520 1929 1588 γένεσις’

355 1615 568 1684 τριχῶς
597 1616 705 1683 γὰρ
738 1613 804 1667 τὸ
831 1613 916 1682 μὴ
952 1613 1024 1666 ὃν
1055 1611 1154 1684 [μὴ
1189 1611 1250 1665 ὃν
1284 1611 1538 1682 δυνάμει,
1577 1611 1653 1682 μὴ
1683 1611 1745 1664 ὃν
1775 1613 1934 1682 ἐνερ-

355 1708 482 1778 γ.ίᾳ
510 1709 603 1761 καὶ
658 1706 733 1778 μὴ
785 1704 843 1758 ὃν
909 1705 1048 1775 μήτε
1078 1703 1306 1773 δυνάμει
1357 1705 1495 1775 μήτε
1547 1703 1932 1777 ὲνεργείᾳ](5).

355 1803 422 1854 El
450 1799 526 1865 δή
563 1799 615 1851 τί
647 1798 780 1852 ἐστι
800 1796 1073 1864 δυνάμει,
1104 1795 1243 1850 ἀλλ’
1263 1796 1421 1865 ὅμως
1450 1797 1520 1850 οὐ
1568 1796 1674 1851 τοῦ
1721 1798 1931 1866 τυχόν-

309 1881 313 1884 ’
353 1909 480 1957 τος,
513 1890 654 1944 ἀλλ’
707 1889 909 1956 ἕτερον
955 1887 1026 1951 ἐξ
1069 1887 1274 1956 ἐτέρου
1308 1902 1322 1917 ⁸
1372 1885 1498 1942 οὐδ’
1555 1887 1784 1950 ἱκανὸν,
1843 1889 1933 1941 ὅτι

354 1986 505 2056 όμοῦ
567 1985 766 2040 πάντα
815 1984 1095 2054 χρήματα
1123 2000 1136 2014 ο
1193 1980 1458 2050 διαφέρει
1509 1981 1619 2051 τὰρ
1666 1981 1740 2049 τῇ
1786 1981 1929 2050 ὕλῃ.

369 2080 529 2133 Ἐπεὶ
553 2078 651 2132 διὰ
680 2079 736 2131 τί
767 2077 984 2144 ἄπειρα
998 2074 1257 2145 ἐγένετο,
1278 2073 1419 2129 ἀλλ’
1456 2075 1570 2144 οὐχ
1591 2073 1660 2127 ἓν
1678 2091 1697 2139 ;
1733 2075 1794 2126 Ὀ
1825 2073 1934 2144 γὰρ

357 2169 504 2235 νοῦς
532 2163 641 2234 εἷς,
679 2166 835 2220 ὥστε
856 2169 907 2221 ει
933 2167 1032 2220 καὶ
1059 2167 1134 2234 (4)
1159 2167 1197 2234 ἡ
1237 2165 1359 2232 ὕλη
1385 2165 1517 2234 μία,
1569 2163 1763 2219 ἐκεῖνο
1803 2164 1932 2234 ἐγέ-

356 2278 496 2315 νετο
520 2259 808 2329 ἐνεργείᾳ,
834 2253 906 2313 οὗ
926 2257 960 2326 ἡ
991 2256 1090 2328 (4⁸)
1114 2257 1232 2325 ὕλη
1281 2253 1361 2325 ἦν
1391 2256 1660 2327 δυνάμει.
1713 2258 1935 2322 Τούτοις

358 2353 406 2407 δ’
455 2355 616 2422 ὅμοια.
664 2352 758 2407 καὶ
816 2352 845 2405 ὁ
887 2349 986 2422 τῆς
1045 2350 1455 2422 Ἀριστοτέλευς
1495 2350 1572 2421 (5)
1616 2351 1934 2420 φιλοσοφίας

362 2445 420 2497 ὲν
457 2447 567 2507 τοῖς
600 2445 719 2498 καθ’
748 2443 912 2498 αὑτὸν
945 2443 1188 2514 προστὰς
1243 2442 1458 2513 χρόνοις
1509 2441 1855 2513 Ἀλέξανδρος
1906 2445 1935 2498 ὁ

375 2537 746 2607 ’Δφροδισιεὺς
775 2535 1047 2607 πολλαχοῦ
1098 2553 1261 2608 φησιν
1298 2554 1313 2569 ο
1359 2537 1418 2589 ὲν
1448 2535 1549 2606 μὲν
1602 2537 1712 2604 γὰρ
1763 2553 1934 2604 κεφα-

361 2628 522 2698 λαίῳ,
551 2630 682 2682 ὅπου
712 2629 888 2702 ζητεῖ,
918 2631 1084 2685 τίνων
1113 2630 1255 2684 εἰσὶν
1301 2632 1350 2684 οἱ
1395 2629 1632 2700 ὁρισμοὶ,
1691 2628 1760 2682 Τὸ
1825 2629 1934 2698 γὰρ

361 2717 508 2780 ζῶον
527 2723 774 2790 λογικὸν
797 2723 1043 2791 θνητὸν,
1086 2725 1271 2794 φησιν,
1299 2724 1352 2777 ει
1399 2722 1517 2792 μὲν
1571 2720 1935 2790 λαμϐάνοιτο

357 2808 647 2878 μετὰτῶν
664 2809 899 2866 ὑλικῶν
917 2809 1330 2877 περιστάσεων
1364 2826 1428 2864 τε
1457 2807 1556 2862 καὶ
1609 2808 1932 2877 διαφορῶν,

353 2901 484 2969 μεθ’
498 2893 640 2968 ὧνή
669 2900 1012 2967 ὑπόστασις
1047 2899 1269 2967 αὐτῶν,
1308 2900 1546 2970 δηλαδὴ
1588 2898 1706 2954 τῶν
1765 2900 1936 2953 καθέ-

360 3009 580 3059 καστα,
610 2993 673 3045 αἳ
697 2994 857 3047 εἰσιν
882 2992 1076 3048 ἄλλου
1115 2982 1322 3056 ἄλλαι.
1353 2993 1515 3048 ποιεῖ
1538 2993 1646 3048 τὸν
1700 2992 1937 3061 Σωκρά-

361 3099 475 3152 την
517 3083 616 3137 καὶ
646 3084 752 3137 τὸν
793 3085 1070 3138 Καλλίαν
1111 3083 1209 3136 καὶ
1257 3084 1400 3150 τοὺς
1435 3082 1781 3140 καθέιιαστα
1827 3085 1934 3138 άν-

365 3173 636 3243 ορὼπους
664 3190 679 3207 ο
711 3173 856 3229 εἰδὲ
895 3175 1075 3246 χωρὶς
1113 3176 1339 3230 τούτων
1385 3177 1771 3246 λαμϐάνοιτο,
1815 3195 1933 3231 κοι-
1961 3199 2005 3258 ο

364 3269 476 3320 νὸν
528 3268 776 3337 γίνεται.
847 3268 934 3322 Ἐν
981 3267 1126 3338 ἄλλῳ
1171 3267 1250 3330 δὲ,
1303 3269 1436 3322 ὅπου
1484 3269 1611 3336 περὶ
1672 3270 1932 3336 προιοιας

366 3363 600 3413 ποιεῖται
654 3360 745 3415 τὸν
787 3358 968 3428 λόγον,
1038 3358 1170 3414 Ἐπὶ
1222 3361 1339 3429 μὲν
1389 3359 1499 3430 γὰρ
1547 3357 1667 3412 τῶν
1703 3360 1939 3414 ὲνύλων

364 3454 442 3521 τῷ
464 3454 608 3510 εῖδει
645 3454 718 3509 τὰ
744 3454 917 3522 αὐτὰ,
951 3455 1022 3509 οὐ
1051 3453 1132 3518 τῷ
1165 3450 1386 3523 ἀριθμῷ
1437 3453 1660 3523 γίνεται
1708 3454 1780 3507 τὰ
1828 3453 1937 3509 τοῦ

362 3547 550 3602 αὑτοῦ
597 3546 798 3613 εἴδους
852 3546 1348 3613 κεκοινωνηκότα,
1411 3547 1570 3614 παρὰ
1614 3544 1725 3615 τῆς
1783 3545 1939 3612 ὕλης

363 3638 480 3707 τὴν
508 3637 658 3692 κατὰ
681 3637 788 3691 τὸν
811 3635 1063 3706 ἀριθμὸν
1114 3635 1408 3706 διαφορὰν
1439 3636 1660 3707 ἔχοντα
1687 3653 1704 3670 ο
1762 3639 1820 3690 ὲν
1878 3637 1937 3692 δὲ

361 3731 442 3800 τῷ
474 3772 489 3796 ,
531 3732 662 3784 Ὀτι
699 3729 850 3784 κατὰ
879 3729 950 3784 τὰ
979 3727 1266 3798 ἀσώματα
1297 3729 1458 3782 ποιεῖ
1474 3731 1570 3784 καὶ
1595 3727 1818 3797 πάσχει
1865 3729 1938 3784 τὰ

363 3822 608 3892 σώματα
636 3837 650 3852 ο
695 3819 897 3891 Ἀρχὴ,
939 3821 1095 3892 φησὶ,
1147 3821 1245 3874 καὶ
1274 3822 1312 3890 ἠ
1344 3821 1654 3889 προσεχὴς
1701 3819 1937 3886 ἑκάστῳ

362 3910 482 3963 τῶν
509 3911 835 3980 γινομένων
856 3909 996 3978 ὕλη,
1029 3909 1184 3962 ὥστε
1212 3909 1313 3963 καὶ
1357 3910 1484 3974 ταῖς
1540 3911 1766 3978 ταύτης
1823 3909 1936 3978 τῆς

362 4005 520 4071 ὕλης
543 3985 854 4073 διαφοραῖς
883 4002 1000 4071 τὴν
1055 4001 1174 4056 τῶν
1201 4001 1527 4072 γινομένων
1579 4002 1674 4055 ἐπ’
1730 4003 1936 4065 αὐταῖς

360 4095 537 4150 εἱδῶν
561 4094 856 4165 διαφορὰν
883 4094 1143 4164 εὔλογον
1173 4093 1428 4149 ἕπεσθαι
1451 4109 1466 4125 ο
1495 4095 1568 4149 οὐ
1612 4093 1726 4163 γὰρ
1767 4093 1937 4149 πᾶσα

361 4188 480 4257 ὕλη
504 4187 613 4257 τῆς
632 4186 824 4256 αὐτῆς
853 4187 1229 4253 τελειότητός
1247 4185 1420 4239 ἐστιν
1457 4184 1800 4252 ἐπιδεκτική
1833 4185 1932 4256 (6).

362 4281 472 4334 Καὶ
506 4278 570 4332 αὖ
591 4280 647 4332 ὲν
673 4278 751 4348 τῷ
779 4280 905 4348 περὶ
932 4275 1028 4330 τοῦ
1059 4277 1116 4330 ἐν
1146 4276 1258 4341 ἔξει
1283 4276 1375 4330 νοῦ
1401 4275 1698 4347 διαῤῥήδην
1729 4275 1893 4345 φησιν
1914 4289 1930 4308 ο

372 4369 436 4426 Ἠ
467 4367 579 4438 γὰρ
602 4366 722 4422 τῶν
767 4364 1111 4422 καθέκαστα
1166 4365 1494 4434 ἀνθρώπων
1539 4366 1686 4434 πρὸς
1742 4363 1934 4430 άλλή·

360 4465 512 4528 λους
539 4461 794 4530 διαφορὰ
827 4457 988 4528 παρὰ
1019 4456 1133 4525 τῆς
1159 4458 1314 4524 ὕλης
1347 4457 1592 4527 γίνεται.
1649 4457 1770 4509 Ἔτι
1832 4456 1935 4510 κάν

2033 617 2252 657 suorum
2287 602 2550 657 librorum
2581 603 2634 657 id
2671 604 2859 668 tradit,
2893 604 3194 674 praesertim
3231 605 3285 658 in
3318 605 3601 677 Metapliy-

2031 693 2184 759 sicis,
2235 709 2468 762 quorum
2512 695 2565 747 in
2606 705 2802 764 quarto
2831 695 2928 754 ait.
2972 695 3204 749 Numero
3255 713 3416 750 unum
3465 713 3598 752 esse.

2034 800 2258 855 quorum
2307 803 2414 839 una
2447 787 2512 839 sit
2561 788 2810 850 materia,
2845 788 2967 839 inde
3010 803 3191 840 eorum
3237 805 3352 857 qua:
3385 806 3602 842 numero

2032 875 2285 944 dilferunt
2317 879 2480 930 etiam
2522 879 2804 930 materiam
2849 878 3017 931 aliam
3065 894 3176 932 esse
3217 889 3265 931 et
3312 887 3600 934 seumdum

2033 964 2206 1033 ipsum
2236 981 2297 1018 ea
2325 966 2541 1033 diﬂerre
2564 965 2668 1036 (a).
2695 966 2764 1018 Et
2793 982 3006 1020 rursum
3033 969 3085 1020 in
3109 967 3301 1022 eodem
3332 986 3345 1021 :
3375 969 3598 1027 Eadem.

2034 1053 2234 1123 inquit,
2265 1056 2519 1108 dicuntur
2551 1073 2680 1120 esse,
2715 1073 2936 1127 quarunt
2970 1059 3191 1110 materia
3220 1074 3324 1112 una
3361 1062 3438 1111 vel
3484 1076 3600 1128 spe-

2033 1147 2112 1199 cie
2164 1147 2246 1200 vel
2297 1164 2515 1202 numero
2551 1149 2648 1218 (b).
2678 1150 2742 1203 Et
2771 1150 2966 1205 iterum
2999 1167 3012 1203 :
3040 1149 3258 1204 Diversa
3317 1152 3595 1215 dicuntur,

2033 1253 2258 1306 quorum
2294 1237 2374 1290 vel
2401 1239 2593 1306 species
2626 1239 2804 1308 plures
2838 1239 2920 1293 vel
2952 1242 3174 1292 materia
3209 1240 3301 1310 (c).
3347 1241 3403 1293 In
3435 1244 3602 1308 septi-

2035 1343 2126 1382 mo
2160 1336 2340 1382 autem
2382 1347 2393 1381 :
2439 1327 2779 1383 Individuum
2811 1329 3127 1401 (singulare)
3178 1347 3297 1384 vero
3330 1347 3393 1384 ex
3415 1331 3605 1384 ultima

2036 1421 2266 1473 materia
2287 1421 2410 1488 jam
2443 1420 2688 1476 Socrates
2732 1431 2808 1475 est
2841 1423 2939 1495 (ιι).
2987 1422 3054 1476 Ει
3087 1421 3143 1476 in
3177 1421 3392 1478 decimo
3425 1437 3444 1474 :
3475 1423 3605 1475 Ideo
3677 1475 3680 1478 .

2036 1527 2188 1564 omne
2215 1511 2286 1565 ad
2314 1529 2466 1567 omne
2495 1513 2576 1566 vel
2603 1513 2740 1567 idem
2762 1515 2841 1567 vel
2867 1515 3016 1568 aliud
3045 1523 3156 1578 est;
3185 1514 3415 1567 alterum
3452 1531 3595 1576 vero,

2036 1603 2082 1656 si
2118 1619 2220 1656 non
2273 1605 2342 1656 sit
2387 1612 2498 1658 tum
2546 1607 2771 1660 materia
2807 1616 2918 1660 tum
2965 1607 3104 1660 ratio
3144 1623 3290 1672 una;
3323 1616 3604 1677 prapterea

2039 1705 2094 1748 tu
2139 1707 2189 1748 et
2219 1698 2492 1761 proximus
2521 1698 2787 1752 diversum
2825 1698 2922 1769 (ε).
2957 1697 3013 1752 lu
3054 1699 3334 1754 tricesimo
3372 1715 3385 1752 :
3422 1699 3604 1752 Ambi-

2037 1803 2156 1855 gere
2183 1789 2297 1858 quis
2329 1797 2522 1856 potest,
2553 1805 2616 1842 ex
2652 1779 2884 1858 quonam
2917 1806 3020 1843 non
3041 1792 3317 1844 exsistente
3356 1791 3423 1844 sit
3457 1801 3605 1844 ortus

2034 1879 2142 1931 sive
2186 1881 2474 1948 generatio.
2509 1879 2807 1950 Tripliciter
2843 1884 2981 1936 enim
3028 1884 3252 1954 cogitari
3299 1891 3464 1952 potest
3499 1900 3604 1936 nou

2037 1984 2128 2023 ens
2157 1986 2248 2023 seu
2282 1987 2385 2025 non
2414 1975 2665 2026 exsistens
2696 1971 2774 2045 [id
2810 1973 2956 2042 quod
3000 1989 3109 2027 non
3138 1984 3221 2029 est
3242 1975 3508 2043 potentia,
3549 1975 3603 2026 id

2036 2062 2185 2132 quod
2216 2079 2325 2118 non
2355 2073 2439 2119 est
2468 2074 2616 2132 actu,
2655 2077 2820 2136 atque
2843 2065 2920 2134 id,
2942 2067 3105 2136 fquod
3137 2083 3317 2137 neque
3357 2069 3604 2138 potentia

2035 2169 2214 2224 neque
2243 2164 2366 2210 actu
2403 2166 2485 2212 est
2507 2159 2602 2228 (Ι).
2664 2157 2724 2212 Si
2749 2160 2911 2229 igitur
2932 2160 3206 2230 quidpiam
3233 2168 3308 2214 est
3339 2163 3600 2231 potentia.

2036 2253 2211 2299 tamen
2241 2263 2344 2300 non
2377 2264 2442 2301 ea:
2469 2265 2779 2320 quocunque
2809 2262 3116 2320 generatur.
3157 2252 3248 2306 sed
3279 2252 3509 2306 alterum
3539 2267 3603 2304 ea:

2036 2338 2222 2391 altera.
2256 2338 2360 2392 Nec
2376 2341 2449 2402 ,id
2478 2341 2699 2411 sufﬁcit,
2731 2343 2872 2410 quod
2905 2343 3067 2396 simul
3099 2359 3278 2397 omnes
3313 2360 3394 2396 res
3424 2354 3598 2410 erant,

2035 2431 2159 2499 quia
2213 2433 2461 2503 (li/ferunt
2521 2437 2770 2489 materia.
2829 2435 2938 2491 Cur
2994 2437 3134 2489 enim
3192 2435 3406 2504 inﬁnita
3458 2439 3602 2505 facta

2035 2524 2274 2592 fuissent,
2332 2535 2380 2578 et
2429 2542 2532 2578 non
2585 2527 2794 2580 unum?
2845 2544 2963 2580 cum
3029 2529 3236 2598 quidem
3305 2527 3603 2582 intellectus

2037 2632 2172 2670 unus
2199 2619 2301 2680 sit;
2343 2635 2510 2687 quare
2549 2619 2594 2672 si
2635 2620 2860 2673 materia
2893 2635 3027 2682 una,
3059 2619 3200 2674 illud
3251 2632 3371 2674 actu
3421 2622 3604 2690 {uisset

2035 2709 2261 2779 luctum,
2291 2711 2432 2780 quod
2458 2713 2695 2781 potentia
2716 2721 2828 2765 erat
2855 2713 2972 2782 ipsa
3005 2715 3232 2767 materia
3265 2713 3363 2784 (θ).
3391 2714 3604 2780 Quibus

2035 2801 2234 2857 similia
2277 2803 2584 2860 Alexander
2621 2804 3092 2874 Aphrodisiensis,
3131 2805 3223 2875 qui
3255 2807 3370 2860 suis
3391 2815 3603 2875 tempo-

2037 2894 2194 2950 ribus
2245 2896 2604 2952 Aristotelicae
2632 2898 2832 2952 scholae
2869 2899 3109 2969 prefuit,
3147 2899 3334 2953 multis
3366 2899 3420 2952 in
3471 2898 3605 2952 locis

2039 2989 2222 3044 tradit.
2259 2989 2395 3044 Nam
2430 2991 2484 3044 in
2517 2992 2718 3061 capite,
2753 2991 2848 3045 ubi
2883 2991 3163 3060 disquirit,
3204 3006 3442 3054 quorum
3494 2990 3608 3046 sint

2037 3078 2406 3145 deﬁnitiones,
2458 3081 2696 3146 Animal,
2726 3083 2921 3152 inquit,
2957 3082 3318 3140 rationaleeet
3357 3087 3604 3146 mortale,

2037 3171 2292 3242 siquidem
2326 3174 2619 3244 accipiatur
2649 3190 2767 3226 cum
2813 3174 3175 3228 materialibns
3197 3176 3606 3230 circumstantiis

2041 3272 2090 3316 et
2117 3264 2446 3332 diﬂerentiis,
2475 3281 2593 3317 cum
2637 3265 2824 3336 quibus
2858 3265 3196 3320 subsistentia
3227 3283 3431 3330 eorum,
3464 3267 3607 3320 vide-—

2041 3354 2158 3410 licet
2183 3356 2565 3426 singularium,
2594 3375 2713 3428 qua:
2751 3367 2874 3413 sunt
2912 3360 2967 3412 in
2991 3360 3113 3413 aliis
3161 3360 3306 3427 alite,
3335 3363 3608 3416 constituit

2041 3445 2318 3503 Socratem
2365 3457 2414 3504 et
2459 3449 2694 3505 Calliam
2735 3459 2895 3522 atque
2938 3451 3169 3506 homines
3196 3454 3524 3524 singulares;
3562 3457 3608 3509 si

2039 3555 2159 3594 vero
2190 3539 2384 3610 absque
2415 3541 2602 3596 iisdem
2634 3543 2950 3612 accipiatur,
2987 3559 3263 3597 commune
3288 3544 3372 3611 ﬁt.
3402 3545 3460 3601 In
3499 3547 3606 3602 alio

2037 3647 2192 3698 vero,
2223 3633 2315 3687 ubi
2351 3634 2418 3688 de
2446 3635 2794 3690 Providentia
2825 3637 2996 3690 verba
3027 3635 3179 3702 facit,
3222 3638 3298 3691 ait
3339 3653 3354 3689 :
3393 3638 3606 3694 Etenim

2039 3724 2096 3776 in
2152 3723 2520 3778 materialibus
2577 3725 2730 3779 rebus
2779 3727 2946 3795 specie
3001 3727 3205 3791 eadem,
3258 3743 3360 3781 non
3390 3743 3606 3784 numero

2036 3815 2175 3885 ﬁunt
2226 3832 2342 3886 qute
2380 3818 2614 3887 ejusdem
2673 3819 2864 3889 speciei
2911 3820 3260 3889 participant,
3312 3837 3344 3873 a
3379 3826 3606 3878 materia

2037 3922 2177 3971 eam,
2209 3922 2326 3975 quia
2353 3908 2639 3961 secundum
2669 3924 2948 3962 numerum
2980 3917 3079 3972 est,
3129 3910 3478 3979 diﬂ‘erentiam
3507 3914 3605 3966 Ita-

2039 3999 2236 4052 bentia.
2285 3999 2344 4053 In
2385 4001 2567 4068 capite
2626 4015 2788 4062 vero,
2841 4016 2953 4067 quo
3000 4003 3266 4068 ostendit,
3321 4005 3607 4057 secundum

2037 4093 2344 4162 incorporea
2376 4107 2531 4160 agere
2565 4102 2613 4147 et
2642 4093 2756 4162 pati
2785 4108 3031 4164 corpora,
3063 4094 3198 4149 dicit
3233 4111 3247 4148 :
3278 4094 3608 4164 Principium

2038 4183 2198 4236 etiam
2239 4184 2538 4253 proximum
2592 4185 2871 4252 unicuique
2926 4201 3109 4238 eorum
3163 4200 3280 4254 quae
3316 4187 3470 4255 fiunt.
3533 4197 3608 4240 est

2039 4275 2299 4339 materia;
2331 4275 2462 4328 adeo
2492 4284 2548 4327 ut
2579 4276 2900 4345 diﬂerentias
2921 4277 3078 4346 hujus
3103 4280 3341 4332 materia:
3367 4281 3608 4349 di/fereu-

2040 4365 2115 4418 tia
2142 4367 2457 4435 specierum,
2490 4382 2607 4435 qua:
2642 4367 2694 4419 in
2723 4367 2852 4435 ipsis
2877 4367 3043 4435 ﬁunt,
3080 4369 3229 4436 sequi
3255 4368 3462 4423 debeat.
3485 4369 3607 4426 Non

2038 4458 2180 4512 enim
2209 4459 2378 4510 omnis
2399 4458 2625 4511 materia
2650 4458 2881 4525 ejusdem
2904 4459 3239 4530 perfectionis
3263 4464 3608 4530 susceptibilis

361 4554 458 4624 τῷ,
491 4553 619 4606 Ὅτι
639 4552 724 4622 μὴ
754 4550 961 4620 ἕτερον
984 4550 1051 4604 τὸ
1074 4549 1232 4619 θῆλυ
1259 4549 1355 4603 καὶ
1390 4548 1458 4602 τὸ
1491 4548 1673 4617 ᾶρῤεν
1693 4562 1708 4578 ⁸
1728 4533 1934 4603 Dina-

2040 4557 2138 4604 est.
2170 4550 2237 4604 Et
2267 4565 2509 4615 rursum,
2546 4549 2600 4605 in
2646 4553 2824 4621 capite
2865 4551 2933 4606 de
2976 4552 3255 4606 intellectu
3293 4553 3347 4606 in
3388 4553 3605 4621 habitu,

290 4701 298 4713 ,
362 4647 645 4706 θέκαστα.
676 4647 863 4716 φησὶν,
923 4643 1246 4714 ἄνθρωποι,
1308 4643 1500 4696 καίτοι
1550 4641 1938 4712 διαφέροντες

360 4737 672 4805 ἀλλήλων,
695 4738 809 4792 οὐκ
838 4729 998 4790 εἰσιν
1018 4735 1209 4804 ἕτεροι
1225 4735 1375 4790 κατὰ
1399 4733 1466 4788 τὸ
1491 4729 1674 4800 εἶδος,
1701 4735 1938 4802 ὑλικοῖς

279 4891 286 4895 _
363 4832 469 4898 γὰρ
495 4831 714 4884 πάθεσι
743 4827 1136 4898 διαφέρουσιν
1177 4827 1490 4896 ἀλλήλων,
1515 4826 1653 4882 ἀλλ’
1679 4827 1752 4880 οὐ
1786 4827 1939 4881 κατὰ

364 4921 467 4972 τὸν
485 4921 674 4991 λόγον
696 4919 795 4974 καὶ
824 4920 940 4989 τὴν
966 4920 1036 4974 ἐν
1066 4909 1254 4983 τούτῳ
1286 4916 1580 4988 διαφοράν
1607 4933 1622 4948 ’
1668 4921 1938 4973 ποιότητι

438 5030 514 5102 (1)
555 5031 696 5084 Mon.
726 5031 785 5085 ὲν
813 5031 892 5102 τῷ
920 5032 1101 5098 δέλτα,
1122 5032 1391 5102 nimirum
1430 5032 1494 5102 δ’,

459 5101 513 5169 2)
555 5102 714 5170 Marc.
739 5110 796 5157 et
827 5101 972 5157 Non.
1004 5101 1176 5157 λάϐδα
1217 5118 1316 5170 pro
1351 5101 1589 5170 λάμϐδα,
1621 5103 1687 5158 λ’.

459 5105 513 5169 2)
555 5105 714 5156 Marc.
739 5110 796 5157 et
827 5105 972 5157 uon.
1004 5105 1176 5157 λάὸδα
1217 5118 1316 5170 pro
1351 5105 1589 5170 λάμσδα,
1621 5105 1687 5158 λ’.

439 5105 678 5251 {Eunaee
705 5182 830 5251 nota
859 5171 1184 5251 marginalis
1215 5171 1426 5251 Monac.
1446 5173 1570 5251 cod.
1603 5173 1936 5251 videtur-ip-

317 5249 335 5257 ‘
365 5242 492 5314 sius
513 5240 852 5314 Bessarionis
872 5240 1085 5314 additio
1107 5240 1499 5314 explicationis
1519 5243 1696 5314 gratia
1724 5240 1932 5298 addita.

425 5310 502 5382 (4)
535 5309 625 5366 Sic
655 5311 923 5376 Aristot.;
952 5310 1098 5366 Mon.
1128 5329 1143 5366 :
1180 5309 1321 5364 ὥστε
1357 5313 1390 5382 ή
1427 5309 1549 5382 ὓληῖ

435 5423 514 5494 (η)
546 5423 844 5496 Legimtur
886 5423 1024 5496 [1ch
1047 5422 1351 5495 Metaphys.
1384 5424 1423 5496 l.
1453 5423 1521 5496 IV
1545 5463 1560 5486 .
1597 5439 1650 5496 ε.
1696 5425 1750 5489 6,
1785 5423 1814 5496 §
1872 5425 1938 5479 15

365 5492 752 5565 (ι.“ΙΙ,.ρ.“5ΞΟ
781 5492 872 5548 ed.
905 5492 1081 5548 Paris.
1124 5492 1459 5565 apud’Didot
1506 5495 1688 5565 i850),
1727 5492 1820 5550 ubi
1868 5495 1937 5550 de

366 5582 470 5618 uno
498 5567 611 5632 agit
644 5564 1036 5632 Philosophus.

436 5636 512 5704 (ὁ)
543 5635 892 5706 aristoteles,
923 5635 1122 5706 I.rc.‘c.
1153 5633 1207 5702 9,
1240 5632 1266 5705 §
1293 5635 1346 5701 5,
1376 5650 1431 5706 p.
1469 5634 1575 5691 522
1596 5635 1825 5701 edacit.

440 5703 512 5772 (ε)
552 5703 716 5774 ιυω..
753 5703 857 5774 g4,
887 5704 1088 5774 μελε.

442 5777 523 5843 (ιι)
557 5773 798 5844 Metapti.
827 5775 860 5828 Ι.
899 5773 986 5844 Vl.
1014 5789 1061 5828 c.
1098 5775 1183 5838 10,
1216 5775 1244 5844 ς
1272 5773 1329 5842 2,
1356 5777 1481 5834 549.

449 5841 518 5914 (ε)
553 5841 614 5896 L.
648 5842 739 5909 Ix,
777 5859 806 5899 c
857 5845 906 5905 δ,
939 5843 968 5913 §
999 5844 1051 5909 ε,
1094 5863 1148 5915 ιι.
1183 5841 1308 5899 577.

2038 4641 2264 4697 disertis
2292 4643 2474 4698 verbis
2501 4643 2578 4698 ait
2617 4641 2807 4697 :‘Nam
2848 4643 3149 4712 ili/ferentia
3189 4645 3459 4700 hominum
3498 4648 3610 4701 sin-

2037 4737 2306 4805 gularium
2332 4751 2424 4789 seu
2451 4734 2845 4791 individuorum
2876 4737 2947 4790 ad
2970 4737 3190 4790 invicem
3211 4754 3244 4791 a
3267 4739 3492 4792 materia
3521 4739 3605 4806 ﬁt.

2029 4823 2234 4884 ﬁdbuc
2263 4828 2427 4882 etiam
2467 4827 2524 4882 in
2546 4843 2612 4882 eo
2633 4829 2814 4897 capite
2845 4827 2984 4897 quod
3011 4828 3419 4895 nonuiversum
3452 4831 3608 4900 {emi-

2039 4920 2225 4974 ninum
2272 4929 2321 4974 et
2378 4919 2693 4982 masculum,
2741 4917 3054 4992 Singulares
3101 4921 3362 4986 homines,
3402 4922 3604 4992 inquit,

2135 5033 2210 5089 ι’)
2242 5033 2409 5088 Marc.
2448 5035 2520 5089 et.

2111 5033 2210 5104 (ι’)
2242 5033 2409 5088 Marc.
2448 5035 2520 5089 et.

2110 5103 2187 5177 (5)
2229 5102 2398 5177 [occa
2435 5101 2505 5176 ἦν
2547 5105 2777 5177 δυνάμει
2819 5104 3030 5176 Ἀριστ.
3081 5104 3285 5160 desunt
3326 5104 3381 5158 in
3434 5104 3605 5172 Mon.,

2038 5173 2205 5228 habet
2228 5173 2394 5228 Marc.

2110 5244 2186 5313 (6)
2222 5245 2278 5297 In
2306 5260 2482 5314 marg.
2509 5244 2654 5300 Mon.
2687 5245 2815 5300 cod.
2843 5245 3037 5309 rubro,
3071 5243 3197 5297 Ὅτι
3227 5246 3290 5298 οὐ
3323 5250 3473 5300 πᾶσα
3503 5245 3606 5314 ὕλη

2037 5313 2260 5385 δεκτική
2293 5319 2408 5368 ἐστι
2431 5313 2528 5385 τῆς
2565 5317 2732 5384 αὐτῆς
2780 5316 3145 5384 τελειότητος.

2067 5456 2070 5460 -
2113 5429 2178 5500 (Γ)
2209 5429 2292 5500 Cl.
2323 5429 2562 5500 metaph.
2606 5429 2645 5483 1.
2692 5428 2764 5491 Χ,
2799 5443 2850 5483 c.
2885 5427 3003 5498 9,§
3051 5427 3095 5491 Ι,
3133 5443 3191 5498 p.
3237 5427 3374 5494 594;
3426 5427 3462 5481 Ι·
3514 5426 3607 5494 XI,

2039 5515 2089 5556 ο·
2116 5499 2831 5588 pisanis-£09,921:
2886 5571 2918 5588 η
3099 5583 3125 5588 _
3186 5567 3280 5588 νη.

2112 5571 2186 5640 (.q)
2213 5567 2322 5626 Est
2350 5567 2588 5641 Meiaph.
2619 5571 2655 5624 I.
2684 5569 2777 5633 XI,
2807 5584 2856 5623 c.
2886 5571 2942 5633 ε,
2966 5567 3069 5641 s5.
3092 5583 3160 5641 Ap.
3184 5567 3311 5622 soi.
3342 5567 3421 5622 ibi
3449 5567 3611 5622 docet

2039 5637 2373 5696 Aristoteles
2406 5639 2456 5710 (ἓ
2497 5637 2554 5708 Β)
2587 5641 2694 5710 tria
2752 5653 2873 5694 esse
2923 5637 3197 5710 principia
3230 5643 3288 5692 et
3327 5648 3438 5692 tres
3478 5651 3610 5710 cau-

2039 5725 2152 5774 sas,
2203 5711 2314 5765 duo
2342 5707 2566 5780 quidem
2622 5709 2796 5778 ipsam
2825 5707 3294 5780 contrarietatem
3337 5707 3611 5780 (ὲναντίωυ

2042 5791 2177 5851 σιν),
2211 5778 2436 5836 tertium
2466 5793 2600 5836 vero
2642 5778 2953 5832 materiam.
