4124 6406
568 425 670 491 1¹ῖ9
1939 415 2196 476 BESSAI

2183 415 2446 474 RlONlS
3709 401 3811 466 Ξίθ

564 543 680 595 licet
713 538 1006 608 diﬂ'ereutes
1040 535 1104 588 ab
1147 531 1394 596 invicem,
1427 546 1530 584 non
1561 539 1683 583 sunt
1716 529 1911 584 diversi
1943 545 2131 583 εει-ητις
2164 532 2192 590 Α

2177 532 2207 588 ρ.
2239 527 2347 599 γὰρ
2379 525 2623 591 σαρκῶν
2681 525 2775 577 καὶ
2831 524 3120 589 ποσότητι
3162 519 3262 574 καί
3316 518 3438 584 τοῖς
3500 519 3805 581 τοιούτοις.

561 632 688 682 dum
715 625 941 696 speciem
959 641 978 688 ;
1007 638 1135 676 nam
1175 618 1544 675 matcrialibus
1575 618 1913 689 passiouibus
1947 617 2013 672 ab
2043 618 2132 670 iu-

2242 623 2351 674 Ka‘t
2379 620 2665 690 Gsp’atto;
2689 617 2745 671 δὲ
2781 620 2837 670 ὲν
2865 616 2941 687 τῷ
2973 615 3100 684 περὶ
3146 612 3323 682 ψυχῆς
3379 611 3583 680 ζητῶν,
3624 611 3666 663 εί
3734 605 3806 672 εἷς

559 725 724 777 vicem
774 719 1042 788 differunt,
1100 714 1191 768 sed
1249 728 1354 766 non
1408 710 1695 765 secundum
1754 711 2021 764 rationem
2083 717 2132 762 et

2235 715 2264 766 ὁ
2291 709 2570 781 ποιητικὸς
2597 707 2720 770 νοῦς
2753 707 2785 775 ἢ
2814 706 3004 768 πλείω,
3037 706 3108 759 El
3141 701 3386 765 πολλοὶ,
3447 700 3632 770 φησὶν,
3667 695 3808 763 εἶεν,

560 811 929 883 diﬂ'crcnlium,
961 822 1076 877 quae
1100 810 1155 860 in
1185 806 1391 859 ratione
1419 813 1531 867 est;
1568 802 1694 871 quia
1727 801 1992 872 qualitate
2017 817 2135 853 car-

2235 805 2423 858 πόθεν
2449 801 2742 870 ἀλλήλων
2775 799 3170 860 διοίσουσιν;
3211 793 3344 848 Ἐπὶ
3387 791 3498 863 γὰρ
3542 790 3660 845 τῶν
3708 795 3809 844 αἱ·-

556 909 703 960 nium
760 912 806 957 et
860 901 1162 972 quantitate
1225 908 1382 968 atque
1463 895 1542 950 his
1613 894 1892 949 similibus.
1955 893 2133 963 Atque

2235 897 2356 952 τῶν
2401 896 2482 961 τῷ
2509 897 2653 949 εῖδει
2682 895 2830 948 κατὰ
2860 891 2976 960 τὴν
3041 891 3204 958 ὕλην
3251 891 3285 942 ό
3321 889 3634 955 μερισμός.
3704 887 3810 937 Καὶ

554 996 920 1057 Themistius,
963 993 1018 1046 in
1051 991 1196 1046 libro
1241 990 1317 1043 De
1355 988 1538 1041 anima
1587 985 1902 1055 inquirens,
1944 993 2132 1038 utrum

2235 990 2487 1060 ἐπίτηδες
2526 988 2820 1049 τοσαύταις
2861 983 3267 1056 Ἀριστοτέλους
3302 979 3534 1034 καὶτῶν
3575 981 3811 1045 Ἀριστο-

552 1089 866 1144 intellectus
897 1099 1065 1155 agens
1103 1097 1246 1135 unus
1273 1081 1364 1144 sit,
1399 1095 1466 1133 an
1510 1078 1721 1148 plures,
1762 1075 1822 1131 Si
1866 1077 2022 1131 multi
2056 1092 2135 1130 cs-

2233 1081 2464 1134 τελικῶν
2493 1080 2818 1150 ἐχρησάμην
2841 1075 3208 1146 σμαρτυρίαις,
3243 1074 3324 1126 ὅτι
3355 1073 3448 1125 καὶ
3477 1071 3584 1124 τῶν
3627 1069 3813 1136 Ἐλλή-

437 1185 444 1196 “
548 1191 688 1246 scnt,
717 1179 918 1249 inquit,
946 1176 1086 1230 unde
1108 1175 1172 1229 ab
1200 1175 1419 1229 invicem
1438 1171 1718 1241 diﬂ'erreut
1739 1168 1852 1236 ?,Ia
1873 1171 1938 1224 iis
1969 1171 2065 1224 eui:

2235 1193 2341 1228 νων
2369 1176 2462 1228 καὶ
2518 1175 2627 1226 τῶν
2678 1172 2923 1225 Λατίνων
2965 1171 3062 1222 οὐκ
3117 1166 3288 1236 ὀλίγοι
3340 1165 3404 1218 οὐ
3454 1162 3660 1230 ταύτης
3715 1161 3812 1228 τῆς

550 1291 668 1346 qua:
699 1272 870 1342 specie
904 1268 1087 1322 eadem
1130 1274 1276 1331 sunt,
1311 1265 1496 1319 divisio
1538 1271 1614 1318 est
1657 1263 1942 1316 secundum
1971 1270 2135 1316 male-

2231 1270 2388 1340 δόξης
2421 1268 2578 1322 εἰσίν.
2622 1265 2761 1319 Ἀλλ’
2787 1266 2984 1318 ἐκεῖνοι
3017 1262 3116 1332 μὲν
3168 1259 3344 1322 ἄλλως
3370 1258 3646 1326 τιθέμενοι
3690 1255 3812 1308 τού-

554 1368 716 1419 riam.
741 1365 919 1430 Atque
946 1375 1012 1414 ex
1045 1356 1320 1412 industria
1353 1364 1434 1410 tot
1458 1353 1794 1408 tesumoniis
1815 1351 2132 1406 Aristotelis

2231 1380 2356 1424 τους
2387 1380 2445 1416 τε
2481 1362 2608 1426 τοὺς
2655 1361 2849 1428 λόγους
2890 1358 3040 1412 λύειν
3094 1353 3436 1425 ἐπιχειροῦσι
3487 1350 3582 1404 καὶ
3631 1349 3809 1410 ἄλλοις

551 1469 605 1513 et
638 1453 1116 1511 Aristotelicorum
1159 1463 1292 1504 usus
1319 1463 1465 1514 sum,
1501 1446 1631 1516 quia
1663 1453 1777 1500 tum
1809 1449 2131 1500 Graecorum

2233 1456 2329 1525 τὴν
2360 1455 2576 1508 ἑαυτῶν
2606 1452 2900 1506 συνιστῶσι
2921 1450 3083 1514 δόξαν
3117 1465 3130 1479 ·
3178 1448 3242 1500 σὺ
3277 1445 3334 1498 δὲ
3362 1443 3422 1497 οὐ
3455 1443 3614 1512 μόνον
3662 1442 3811 1495 οὐδὲν

555 1563 668 1607 tum
722 1549 1044 1604 Latinorum
1094 1560 1207 1599 non
1252 1543 1412 1614 pauci
1457 1557 1566 1598 non
1615 1541 1782 1611 hujus
1839 1539 2132 1598 sententia:

2233 1547 2372 1616 πρὸς
2406 1544 2579 1599 ταῦτα
2623 1545 2902 1598 ἀντειπεῖν
2949 1541 3114 1611 ἔχων,
3156 1538 3276 1594 ἀλλ’
3319 1539 3450 1597 ἴσως
3502 1535 3626 1587 οὐδὲ
3685 1534 3806 1587 ἰδών

553 1652 703 1700 sunt.
740 1640 942 1697 Verum
975 1639 1049 1694 illi
1083 1639 1303 1709 quidem
1341 1635 1521 1714 aliter\
1548 1643 1862 1690 statuentes
1905 1633 2008 1688 has
2037 1647 2132 1685 ra-

2233 1657 2364 1694 ποτε
2394 1637 2515 1692 οὐδὲ
2546 1636 2814 1705 ἀναγνοὺς
2847 1633 2972 1705 είκῆ
3005 1631 3360 1702 κατατρίϐεις
3394 1627 3617 1693 σαυτὸν,
3654 1627 3807 1694 ἀνδρὶ

556 1736 734 1790 tiones
762 1734 978 1789 solvere
1011 1732 1239 1786 student
1286 1737 1339 1784 et
1371 1728 1495 1783 aliis
1526 1743 1680 1783 suam
1714 1727 1961 1797 ipsorum
1999 1739 2130 1779 sen-

2234 1732 2532 1803 σοφωτάτῳ
2561 1730 2870 1801 μαχόμενος
2900 1725 2978 1797 τῷ
3017 1726 3187 1796 Θωμᾷ
3235 1725 3331 1777 καὶ
3359 1723 3454 1791 τῆς
3501 1719 3807 1790 Ἀριστοτε-

555 1829 783 1883 tentiam
839 1824 1207 1888 conﬁrmant;
1256 1831 1314 1876 tu
1375 1827 1560 1875 autem
1593 1834 1706 1874 non
1761 1817 1940 1873 solum
1989 1815 2126 1870 nihil
2163 1877 2183 1898 I

2183 1877 2206 1898 η
2232 1827 2393 1898 λικῆς
2432 1825 2631 1897 σχολῆς
2661 1823 2740 1894 τῷ
2797 1822 2911 1875 ὄντι
2978 1819 3227 1889 διαδόχῳ.
3305 1815 3394 1879 Ὦς
3427 1814 3503 1884 (l)
3535 1813 3811 1885 πάρεργον

553 1922 701 1993 quod
748 1921 834 1974 his
889 1931 1134 1989 opponas
1187 1913 1419 1976 habens,
1454 1911 1551 1967 sed
1606 1911 1837 1966 fortasse
1889 1923 1956 1963 ne
2003 1877 2181 1961 visisl

2183 1877 2539 1985 Βτοῦιλόγὲυ
2587 1877 2878 1984 ,καὶιπερὶ
2928 1909 3021 1964 τοῦ
3065 1877 3240 1971 εἴδους
3297 1877 3564 1967 δεικνύεις
3613 1877 3811 1957 sabth

548 2014 776 2086 quidem
793 2025 975 2081 neque
1005 2008 1166 2064 lectis
1189 2005 1310 2077 ejus
1333 2005 1494 2059 libris
1525 2003 1730 2058 frustra
1755 2009 1924 2057 temet
1939 1998 2133 2070 fatigas

2233 2011 2404 2084 ψευδῆ
2430 2027 2492 2065 τε
2546 2010 2636 2064 καὶ
2686 2009 2893 2064 ἄτοπον
2937 2005 3133 2075 ἔχοντα
3183 2001 3365 2067 δόξαν,
3421 1999 3517 2052 τοῦ
3563 1999 3810 2065 ἐνεργεῖν

549 2085 845 2175 pugnando
913 2099 1184 2154 adversus
1257 2093 1732 2164 sapientissimum
1813 2090 1996 2145 virum
2075 2096 2134 2143 et

2237 2108 2312 2178 μὴ
2339 2107 2399 2160 τὸ
2462 2099 2600 2166 εἶδος
2667 2101 2896 2173 φάσκων
2935 2099 3106 2153 αίτιον
3163 2100 3276 2160 τοῖς
3338 2092 3586 2164 σώμασιν
3646 2085 3805 2144 εἶναι.

548 2210 741 2251 revera
783 2188 1145 2248 Aristotelicas
1173 2185 1386 2242 schola:
1427 2197 1804 2240 successorem
1840 2181 2127 2236 Thomam.

2233 2194 2308 2253 Οὗ
2334 2199 2386 2252 τί
2430 2197 2528 2266 μὲν
2557 2197 2790 2267 αἴσχιον,
2847 2194 2901 2248 τί
2962 2191 3008 2245 δ’
3050 2191 3408 2260 ἀνοητότερον
3449 2181 3648 2255 γένοιτ’
3703 2183 3809 2248 av;

546 2286 610 2344 ln
674 2281 948 2340 sermonis
1023 2275 1384 2348 appendicem
1453 2276 1620 2330 etiam
1683 2274 1829 2329 circa
1887 2271 2129 2342 speciem

2231 2294 2343 2347 Kal.
2367 2295 2395 2347 ό
2425 2291 2606 2361 λόγος,
2635 2291 2717 2344 ὃτι
2763 2287 2886 2342 καθ’
2927 2286 3058 2340 αὐτὸ
3113 2285 3218 2356 φῂς
3251 2283 3312 2336 τὸ
3337 2279 3476 2344 εἶδός
3507 2281 3656 2332 ἐστιν
3685 2279 3810 2331 ἁνε-

547 2377 798 2434 ostendis
832 2372 1186 2443 temetipsum
1223 2368 1551 2425 mendacem
1583 2377 1642 2422 et
1673 2366 1972 2421 absurdam
2012 2363 2132 2433 Opi-

2231 2386 2515 2456 νέργητον.
2545 2381 2658 2438 Καὶ
2687 2383 2736 2435 εί
2771 2380 2870 2451 μὲν
2905 2379 2997 2433 ἐπί
3026 2394 3190 2430 τινων
3241 2375 3335 2428 καὶ
3381 2373 3490 2426 τῶν
3531 2371 3631 2442 τῆς
3679 2370 3812 2440 ὕλης

550 2474 772 2526 nionem
805 2469 1108 2531 foventem,
1139 2463 1271 2518 dum
1305 2460 1444 2516 dicis
1473 2458 1739 2531 operandi
1769 2471 1992 2512 causam
2018 2471 2126 2509 non

2230 2477 2556 2548 ἠρτημένων
2583 2475 2744 2529 εἰδῶν
2773 2471 2921 2527 τοῦτ’
2971 2470 3212 2539 ἔφασκες
3240 2467 3342 2539 (2),
3395 2461 3642 2536 εἷχεν¹ἄν
3689 2481 3809 2516 τινα

549 2579 672 2622 esse
702 2560 1028 2632 corporibus
1057 2557 1320 2628 speciem.
1356 2553 1541 2620 Quare
1564 2550 1696 2622 quid
1723 2549 1958 2620 turpius,
1993 2547 2126 2618 quid

2228 2547 2390 2636 λόγον
2416 2585 2430 2600 ·
2465 2567 2562 2624 νῦν
2595 2565 2642 2622 δ’
2670 2565 2864 2628 ἁπλῶς
2898 2564 2989 2617 ἐπὶ
3024 2561 3222 2624 παντὸς
3269 2558 3443 2620 εῐδους
3505 2555 3596 2609 τὸν
3647 2553 3807 2622 λόγον

546 2655 904 2726 iusipientius
931 2649 1051 2707 ﬁeri
1089 2646 1311 2718 possit?
1338 2645 1411 2700 Et
1435 2644 1575 2699 ratio
1609 2653 1701 2718 tua
1722 2653 1828 2707 est,
1862 2639 2009 2711 quod
2040 2654 2126 2695 se-

2227 2663 2554 2733 ποιούμενος
2594 2660 2718 2730 ὅρα,
2767 2658 2841 2728 μὴ
2904 2655 3005 2726 τὴν
3037 2651 3236 2708 σαυτοῦ
3283 2650 3465 2722 ψυχὴν
3529 2646 3808 2710 παντελῶς

541 2749 788 2806 cundum
813 2761 872 2801 se
891 2745 1104 2813 absque
1129 2739 1452 2812 operatione
1479 2736 1720 2807 speciem
1744 2749 1867 2789 esse
1899 2733 2122 2788 asseris.

2228 2755 2588 2826 ἀνενέργητον
2604 2753 2768 2822 ποιῇς
2798 2749 2936 2819 μετὰ
2959 2749 3051 2802 τὸν
3080 2743 3186 2800 ἀπὸ
3219 2743 3313 2798 τοῦ
3335 2743 3585 2812 σώματος
3637 2739 3807 2809 αὐτῆς

543 2839 766 2896 Atenim
795 2835 841 2891 si
866 2832 1091 2904 quidem
1116 2831 1187 2886 de
1239 2827 1568 2900 quibusdam
1591 2835 1649 2880 et
1681 2825 1752 2880 de
1796 2826 1865 2879 iis
1915 2824 2126 2894 specie-

2227 2824 2529 2921 χωρισμόν.
2559 2845 2756 2900 Καίτοι
2788 2842 2881 2896 καὶ
2908 2842 2969 2894 τὸ
3004 2839 3309 2911 ἀχώριστον
3359 2833 3504 2901 εἶδος
3555 2829 3591 2912 ᾖ
3642 2830 3805 2899 εἶδος,

545 2933 673 2992 bus,
704 2942 826 2998 quae
853 2938 978 2980 cum
1022 2921 1255 2977 materia
1295 2934 1562 2976 connexa:
1602 2925 1751 2984 sunt,
1785 2917 1838 2972 id
1869 2916 2123 2983 dixisses,

2227 2916 2362 2996 αὐτό
2397 2916 2456 2993 τε
2502 2938 2603 3008 τῆς
2638 2935 2936 3008 ἐνεργείας.
2990 2932 3136 3006 ἁρχὴ
3196 2933 3293 2986 καὶ
3346 2931 3516 2994 αἰτία,
3575 2931 3669 2984 καὶ
3732 2931 3808 3001 τῷ

543 3019 813 3076 rationem
849 3013 1147 3088 quamdam
1179 3012 1235 3068 id
1271 3011 1535 3076 haberet;
1578 3023 1727 3064 nunc
1756 3018 1963 3074 autem,
1993 3008 2122 3062 dum

2229 3034 2473 3105 συνθέτῳ
2492 3033 2588 3086 τοῦ
2617 3031 2862 3102 ἐνεργεῖν
2893 3027 3068 3082 αἴτιον
3100 3027 3236 3080 πᾶσι
3271 3026 3421 3079 δοκεῖ
3451 3026 3564 3088 τοῖς
3597 3027 3805 3093 σοφοῖς.

544 3110 873 3181 simpliciter
911 3108 986 3164 ‘de
1037 3108 1191 3162 omni
1231 3103 1414 3174 specie
1466 3101 1638 3158 verba
1679 3101 1834 3167 facis,
1883 3116 2017 3156 cave
2053 3116 2124 3156 ne

2227 3101 2500 3182 Ἕκαστον
2533 3125 2641 3195 γὰρ
2665 3123 2782 3176 ἔστι
2809 3123 2950 3176 κατὰ
2981 3121 3042 3174 τ’)
3070 3117 3211 3183 εἶδος
3247 3134 3265 3154 ο
3306 3118 3430 3178 καθ’
3483 3119 3511 3172 ὃ
3559 3117 3605 3171 δ’
3661 3119 3807 3172 ἐστιν

550 3214 702 3260 tuam
762 3202 938 3272 ipsius
1005 3199 1247 3254 animam
1310 3196 1460 3251 omni
1523 3210 1751 3267 prorsus
1805 3195 2178 3280 operationec

2177 3217 2194 3280 :
2225 3220 2479 3284 ἕκαστον,
2520 3215 2660 3269 κατὰ
2690 3213 2850 3267 τοῦτο
2885 3213 2979 3266 καὶ
3010 3211 3242 3282 ἐνεργεῖ.
3274 3210 3387 3264 Καὶ
3437 3211 3625 3264 τούτου
3679 3211 3805 3265 πολ-

545 3298 868 3353 dcstitutam
899 3293 1071 3348 facias
1112 3299 1238 3363 post
1278 3289 1454 3360 ipsius
1478 3304 1508 3344 a
1545 3302 1784 3358 corpore
1818 3287 2123 3357 separatio-

2225 3308 2316 3362 λαὶ
2341 3305 2440 3377 μὲν
2464 3305 2752 3367 Πλάτωνος
2782 3302 3006 3356 καὶτῶν
3045 3302 3295 3357 Πλάτωνι
3326 3300 3630 3372 ἑπομένων,
3673 3303 3806 3356 πολ-

545 3387 708 3447 nem:
730 3389 1057 3457 Quanquam
1080 3393 1138 3440 et
1168 3380 1556 3452 inseparabilis
1582 3381 1818 3450 species,
1848 3389 2124 3450 quatenus

2224 3397 2317 3451 λαὶ
2346 3397 2392 3451 δ’
2436 3394 2844 3467 Ἀριστοτέλους
2905 3392 3141 3447 καὶτῶν
3192 3393 3642 3463 ’Λριστοτελικῶν
3698 3395 3805 3448 είσι

545 3482 784 3553 species,
822 3479 940 3549 ipsa
985 3475 1325 3546 Operationis
1355 3472 1693 3545 principium
1745 3480 1802 3527 et
1854 3486 2020 3528 causa
2069 3479 2125 3526 et

2230 3487 2552 3559 μαρτυρίαι,
2589 3485 2652 3538 τὸ
2702 3479 2842 3548 εἶδος
2893 3484 3110 3538 τάττειν
3171 3501 3230 3537 τε
3284 3485 3382 3539 καὶ
3423 3487 3651 3555 κοσμεῖν
3710 3487 3803 3538 καὶ

546 3573 854 3645 composito
873 3584 1040 3626 causa
1069 3566 1342 3639 operandi
1366 3566 1627 3622 omnibus
1653 3564 1877 3621 videtur
1905 3564 2124 3634 sapien-

2225 3579 2431 3651 ὁρίζειν
2469 3579 2569 3650 τὴν
2601 3577 2736 3648 ὕλην
2772 3576 3097 3648 φασκόντων
3144 3577 3241 3632 καὶ
3298 3576 3399 3648 τὴν
3449 3577 3584 3649 ὓλην
3635 3579 3804 3632 αὑτοῦ

549 3668 717 3722 tibus.
748 3664 888 3720 Nam
925 3659 1216 3733 quodlibet
1259 3669 1346 3714 est
1377 3658 1688 3714 secundum
1737 3657 2013 3728 speciem;
2047 3671 2127 3711 se-

2227 3674 2322 3728 ᾶτε
2352 3671 2647 3725 κακοποιὸν
2680 3669 2866 3740 ὴθείου
2904 3670 2982 3741 (3)
3007 3669 3154 3733 τινὸς
3209 3669 3482 3739 ἐφίεσθαι,
3551 3674 3646 3724 καὶ
3704 3673 3803 3726 ὅσα

548 3754 791 3812 cundum
850 3752 997 3822 quod
1065 3758 1251 3806 autem
1304 3747 1597 3818 quodlibet
1657 3753 1762 3812 est,
1819 3747 2121 3802 secundum

2225 3762 2436 3828 τούτοις
2508 3763 2690 3833 ὅμοια.
2759 3757 2861 3816 Ὧν
2934 3760 3148 3827 οὖδένὸς
3207 3762 3369 3830 αὐτὸς
3433 3763 3805 3837 ἀναμνησθεὶς

548 3851 656 3906 hoc
691 3857 748 3903 et
779 3854 1066 3917 operatur.
1097 3841 1272 3914 Cujus
1313 3842 1393 3896 rei
1419 3841 1592 3896 multa
1641 3848 1774 3895 sunt
1807 3839 2124 3896 testimonia

2225 3857 2398 3920 οὕτως
2422 3856 2622 3910 ἄτοπον
2657 3854 2905 3925 περὶτοῦ
2968 3855 3144 3920 εἴδους
3195 3857 3416 3928 ἀφῆκας
3453 3857 3661 3929 φωνὴν,
3711 3863 3807 3914 καὶ

494 4011 499 4016 ε
546 3953 660 3998 tum
693 3940 939 3997 Platonis
969 3945 1028 3994 et
1061 3935 1276 3992 Platoni
1303 3932 1730 3999 adhazrentium,
1759 3939 1875 3987 tum
1906 3932 2122 3987 Aristo-

2229 3947 2732 4019 συμπεραινόμενος
2755 3945 2880 4000 οὔτε
2928 3947 2989 4001 τὺ
3040 3943 3180 4014 εἶδος
3205 3948 3301 4000 τοῦ
3357 3948 3600 4020 ἐνεργεῖν
3629 3953 3807 4006 αἴτιον

551 4037 676 4092 telis
706 4043 764 4090 et
805 4029 1310 4092 Aristotelicorum,
1339 4026 1436 4098 qui
1482 4026 1670 4082 dicunt
1717 4024 1958 4095 speciem
2010 4022 2125 4078 for-

2226 4043 2354 4113 φῂς,
2377 4038 2502 4093 οὔτε
2529 4041 2629 4111 τὴν
2660 4039 2793 4110 ὓλην
2823 4040 2922 4111 τῆς
2958 4039 3307 4111 διακρίσεως,
3344 4041 3482 4095 ἀλλὰ
3529 4042 3630 4114 τὴν
3661 4046 3806 4097 κατὰ

549 4141 723 4192 mare,
782 4137 982 4181 ornare
1033 4130 1092 4177 et
1141 4119 1517 4176 determinare
1579 4117 1892 4182 materiam,
1959 4125 2124 4186 atque

2225 4135 2324 4204 τὴν
2355 4133 2489 4204 ὓλην
2517 4132 2804 4201 διαίρεσιν,
2853 4132 2955 4184 οὐκ
3010 4130 3148 4200 οῖδα,
3201 4133 3255 4187 τί
3313 4135 3457 4188 κατὰ
3515 4135 3616 4206 τὴν
3672 4121 3807 4207 ὕλην

551 4221 754 4292 speciei
778 4217 1068 4272 materiam
1102 4222 1290 4283 utpote
1321 4211 1575 4267 nocivam
1603 4211 1892 4281 cujusdam
1918 4207 1999 4263 rei
2027 4223 2124 4278 ap-

2225 4228 2488 4298 διαίρεσιν
2519 4225 2677 4294 νοῶν,
2703 4223 2873 4289 οὕτως
2906 4225 2983 4296 (4)
3011 4225 3155 4297 ἀήθη
3175 4233 3188 4253 ⁸
3217 4226 3510 4299 φιλοσοφίᾳ
3580 4229 3809 4299 ῥήματά

552 4314 727 4385 petitu
761 4311 936 4366 teneri
964 4318 1020 4365 et
1045 4319 1386 4379 quaecunque
1417 4304 1504 4360 his
1548 4310 1679 4359 sunt
1719 4301 1939 4358 similia.
1980 4300 2126 4368 Quo-

2224 4335 2285 4371 τε
2315 4319 2410 4371 καὶ
2436 4319 2683 4388 δόγματα
2721 4318 2963 4390 φθέγγῃ,
2990 4318 3266 4390 διάκρισιν
3327 4320 3653 4390 διακρίσεως
3705 4325 3810 4392 φά-

546 4424 666 4462 rum
697 4405 903 4460 nullius
942 4402 1269 4457 recordatus
1314 4398 1452 4454 adeo
1485 4395 1784 4452 absurdam
1823 4393 1894 4450 de
1934 4393 2120 4464 Specie

2227 4407 2542 4464 σκωνεῖναι
2597 4408 2779 4462 αἰτίαν
2833 4410 2927 4463 καὶ
2976 4409 3109 4463 αὐτὸ
3167 4410 3361 4464 ἑαυτοῦ
3394 4412 3496 4482 (5).
3533 4413 3644 4467 Καὶ
3697 4417 3806 4485 γὰρ

545 4499 776 4556 emisisti
804 4509 996 4552 vocem
1014 4534 1028 4560 ,
1056 4503 1110 4548 et
1141 4491 1488 4547 concludens
1515 4501 1695 4558 neque
1726 4485 1969 4556 speciem
1989 4499 2122 4554 ope-

2179 4564 2194 4574 _
2226 4505 2324 4556 καὶ
2374 4500 2578 4572 προῖὼν
2619 4501 2726 4570 φῂς
2779 4501 3104 4572 διαρρήδην,
3152 4501 3252 4573 τὴν
3313 4503 3579 4574 διαίρεσιν
3624 4508 3807 4563 αἰτίαν

547 4591 702 4646 randi
751 4602 932 4658 neque
978 4585 1267 4639 materiam
1322 4579 1693 4638 distinctionis
1729 4593 1953 4656 causam
1999 4562 2175 4632 esseI

2178 4564 2198 4615 ’
2231 4593 2328 4661 τῆς
2357 4562 2852 4663 διακρίσεως-εἷναι
2877 4562 3220 4664 ’δ’διαίρεσιςι
3234 4593 3290 4647 δὲ
3323 4562 3476 4648 οὐδέν
3505 4595 3635 4650 ἄλλο
3658 4562 3806 4652 ἐστίν

546 4685 740 4748 edicis,
778 4681 869 4736 sed
895 4679 1220 4734 divisionem
1255 4675 1563 4730 secundum
1584 4673 1891 4737 materiam,
1935 4669 2122 4725 nescio

2230 4684 2263 4755 ἢ
2299 4684 2571 4754 διάκρισις
2611 4700 2626 4713 ο
2657 4681 2796 4736 ὥστε
2827 4683 3100 4754 διάκρισις
3131 4685 3284 4737 αίτία
3314 4685 3458 4740 κατὰ
3499 4687 3557 4740 σὲ
3585 4687 3799 4760 διακρί-

547 4775 676 4846 quid
703 4771 1016 4841 intelligens
1039 4769 1180 4824 hanc
1214 4766 1520 4822 secundum
1571 4765 1860 4820 materiam
1899 4762 2124 4818 divisio-

2231 4793 2369 4840 σεως
2391 4776 2484 4828 καὶ
2523 4775 2654 4829 αὐτὸ
2677 4775 2866 4830 αὑτοῦ.
2908 4777 3122 4847 Στήσας
3155 4777 3221 4846 δ’,
3255 4778 3330 4841 ὡς
3355 4779 3476 4845 οἴει,
3535 4781 3677 4834 κατὰ
3706 4787 3804 4852 τῆς

548 4882 695 4935 nem,
721 4865 796 4918 ita
827 4862 1048 4918 insolita
1067 4858 1435 4932 philosophia
1465 4858 1634 4913 verba
1665 4871 1729 4911 ac
1759 4856 1960 4926 placita
1991 4867 2122 4925 pro-

2231 4868 2423 4938 ὑλικῆς
2456 4867 2784 4938 διακρίσεως
2807 4870 3093 4937 τρόπαιον,
3152 4871 3244 4923 καὶ
3277 4873 3369 4923 ἐπὶ
3399 4873 3499 4940 τὴν
3555 4873 3676 4926 κατ’
3701 4877 3799 4928 ἀν-

547 4957 821 5028 loqueris,
863 4952 1236 5008 distinctionis
1258 4947 1671 5007 distinctionem
1709 4961 1964 5002 asserens
1991 4960 2122 5000 cau—

2228 4959 2433 5012 τίθεσιν
2454 4958 2732 5028 διάκρισιν
2759 4961 2896 5028 μετὰ
2931 4957 3164 5029 σοϐαροῦ
3189 4962 3386 5030 χωρεῖς
3415 4961 3491 5032 (6)
3522 4963 3616 5015 τοῦ
3669 4982 3803 5032 φρο-

547 5065 663 5106 sam
704 5060 760 5104 et
793 5048 970 5117 ipsum
1020 5046 1103 5101 sui
1133 5044 1327 5115 ipsius.
1382 5040 1597 5096 Etenim
1629 5049 1686 5096 et
1733 5039 2121 5110 progrediente

2231 5052 2487 5120 νήματος,
2559 5051 2693 5122 μηδὲ
2737 5049 2944 5122 ταύτην
2986 5051 3293 5120 ἀναγκαίαν
3345 5048 3484 5108 εῖναι
3527 5054 3801 5109 δεικνύναι

548 5139 1010 5198 sermocinatione
1045 5137 1253 5192 diserte
1279 5134 1611 5190 divisionem
1655 5146 1876 5187 causam
1918 5130 2118 5186 distin-

2232 5141 2591 5213 πειρώμενος,
2617 5142 2666 5196 εί
2697 5142 2789 5195 καὶ
2838 5141 2914 5213 μὴ
2947 5143 3079 5214 δύνῃ
3112 5158 3126 5174 ⁸
3186 5145 3242 5195 ὲν
3387 5147 3514 5215 περὶ
3575 5146 3676 5216 μὲν
3725 5143 3803 5201 ὧν

547 5235 747 5289 ctionis
775 5244 898 5286 esse
927 5228 1292 5300 pronuntias;
1335 5225 1434 5282 sed
1462 5225 1660 5282 divisio
1676 5224 1821 5280 nihil
1854 5221 2007 5278 aliud
2034 5231 2121 5278 est

2230 5233 2408 5288 ἄλλων
2440 5233 2568 5304 φῂς,
2599 5232 2858 5302 Κυδώνης
2881 5232 2983 5304 ήδη
3012 5233 3226 5302 φθάσας
3291 5237 3430 5307 πρὸς
3483 5239 3804 5292 Κασασίλαν

547 5339 712 5394 quam
737 5321 1052 5386 distinctio;
1087 5329 1223 5388 ergo
1243 5314 1547 5372 secundum
1574 5323 1624 5368 te
1645 5312 1930 5369 distinctio
1953 5324 2121 5366 causa

2229 5326 2472 5389 ἀντεῖπε,
2533 5324 2629 5377 καὶ
2683 5324 2804 5378 λίαν
2831 5325 3030 5387 ἱκανῶς
3093 5324 3229 5396 πρὸς
3285 5329 3467 5381 ἐκεῖνα
3528 5327 3624 5382 οὖν
3675 5329 3803 5392 τοὺς

549 5414 921 5471 distinctionis
937 5420 1025 5467 est
1056 5418 1116 5465 et
1157 5410 1337 5480 ipsum
1363 5407 1450 5462 sui
1471 5406 1668 5477 ipsius.
1696 5405 1898 5461 Erecto
1924 5402 2112 5474 igitur,

2229 5417 2506 5490 ἀκροατὰς
2553 5417 2977 5487 ἀναπέμπομεν.
3013 5419 3112 5472 Ἕν
3169 5419 3228 5471 δέ
3276 5435 3370 5472 σου
3423 5420 3656 5474 ἐνταῦθα
3705 5423 3801 5473 καὶ

550 5517 610 5563 ut
629 5506 894 5576 opinaris,
911 5511 1101 5558 contra
1119 5498 1454 5555 materialem
1471 5497 1887 5554 distinctionem
1915 5507 2122 5565 tropea

2230 5509 2378 5579 μάλα
2402 5509 2691 5577 θαυμάζω,
2721 5509 2803 5562 ὅτι
2827 5509 2895 5562 τά
2914 5527 3077 5565 τινων
3105 5511 3364 5564 ἐναντίων
3432 5513 3575 5581 μέσα
3634 5512 3804 5581 eam-

550 5600 717 5654 etiam
765 5599 834 5654 ad
892 5591 1301 5651 distinctionem
1347 5589 1654 5646 secundum
1706 5589 2113 5661 oppositionem

2227 5601 2334 5653 λων
2363 5599 2750 5670 διακρινόμενα
2778 5599 2856 5671 μὴ
2875 5601 3016 5654 κατὰ
3044 5601 3143 5672 τὴν
3172 5603 3292 5655 κατ’
3337 5603 3554 5658 ἐναντία
3587 5603 3825 5675 ἀντίθεοί

617 5737 702 5806 (Ι)
728 5734 876 5806 lion.
905 5734 942 5790 f.
971 5733 1078 5790 242
1111 5750 1166 5799 a,
1195 5735 1273 5796 ὃς.

1151 5775 1166 5799 ,
1195 5735 1273 5796 ὃς.
2301 5731 2377 5806 (ό)
2412 5727 2561 5806 lilon1
2571 5728 2775 5806 οὕτως.

617 5797 695 5875 (2)
723 5804 867 5875 Men.
900 5797 1162 5875 ἔφασκενζ
1217 5867 1246 5875 _
1284 5873 1293 5875 _

2306 5801 2381 5875 (ξ)
2414 5799 2510 5875 _S_ic
2542 5797 2734 5875 Mare,
2776 5799 2922 5857 Mou.
2963 5798 3124 5852 αὐτόθ
3194 5797 3381 5851 αὐτοῦ.

619 5867 873 5946 (5)1llon.
911 5867 954 5930 f.'
987 5874 1094 5929 242
1129 5890 1180 5942 a,
1213 5867 1252 5948 ἦ
1275 5873 1444 5934 θείου.

1143 5890 1180 5942 ι,
1213 5867 1252 5948 ἦ
1275 5873 1444 5934 θείου,
2302 5871 2377 5940 (6)
2411 5869 2553 5922 Mou.
2583 5873 2771 5938 χωρές.
