4124 6458
415 355 532 420 963
1797 360 2310 423 BESSAREONES
3561 360 3670 429 ΞΜ

413 473 809 541 praedicantur,
843 483 898 528 et
922 475 1026 530 lioc
1062 485 1225 545 pacto
1255 476 1324 531 ab
1359 476 1594 531 invicem
1627 477 1984 545 distinguuno
2015 533 2017 541 ,

2120 477 2487 548 Αριστοτέλην
2513 478 2822 534 ἀντίκειται
2861 494 2872 508 ·
2910 479 3004 534 καὶ
3043 480 3186 535 οὕτω
3217 497 3297 535 σει
3321 479 3671 534 διαπέπτωκε

413 577 526 620 tor.
582 567 796 621 D'serte
844 567 992 621 enim
1050 567 1534 639 Metaphysicorum
1589 569 1731 621 lillro
1783 581 1981 638 quarto

2119 571 2180 622 ιαὶ
2207 565 2361 630 οὗτος
2411 572 2440 623 ὁ
2493 569 2673 637 λόγος.

413 665 550 718 dicit
581 665 906 720 Aristoteles
938 666 1139 735 opponi
1171 668 1335 721 etiam
1365 680 1451 727 ea.
1485 677 1809 736 quacunque
1853 667 2142 736 διαδεδριὶυο
2192 667 2466 720 amborum
2519 685 2626 723 non
2669 669 2928 740 contingit
2971 669 3133 723 simul
3171 670 3372 736 adesse,
3424 679 3519 724 aut
3558 674 3673 741 ipsa

415 770 512 816 aut
552 775 618 814 ex
652 761 840 829 quibus
890 772 1014 816 sunt
1049 761 1149 833 (α).
1194 763 1270 817 Ea
1328 778 1397 815 car
1442 761 1623 830 quibus
1661 769 1784 816 sunt
1822 770 1980 815 vocat
2014 771 2294 826 extrema;
2363 763 2479 831 ipsa
2504 777 2638 816 vero
2713 763 2890 818 media
2941 775 3338 820 extremorum.
3409 767 3465 822 Si
3508 767 3678 835 igitur

413 855 561 909 idem
599 856 943 924 suppositum
986 869 1097 909 non
1128 862 1311 924 potest
1345 856 1423 910 uti
1454 855 1666 910 fuscum
1693 865 1750 909 et
1793 855 1978 909 album
2017 855 2100 908 vel
2135 855 2318 909 album
2372 865 2430 910 et
2467 855 2704 926 nigrum,
2741 856 2815 911 ita
2858 873 3037 926 neque
3065 858 3367 914 subﬂavum
3413 861 3576 916 simul
3620 875 3676 921 εἰ

417 947 651 1000 rubrum
723 963 872 1012 esse,
902 949 1047 1018 quod
1072 959 1127 1004 et
1159 951 1275 1020 ipse
1302 965 1434 1004 sane
1459 950 1631 1012 dices,
1660 959 1715 1005 et
1754 950 2059 1004 subﬂavum
2125 950 2308 1019 itaque
2341 960 2397 1004 et
2449 955 2677 1005 rubrum
2754 952 3060 1006 secundum
3118 953 3468 1009 Aristotelem
3501 970 3703 1026 θυμοί

422 1053 655 1107 nuntur,
693 1055 746 1098 et
779 1046 862 1100 sic
892 1046 989 1100 tibi
1024 1048 1189 1101 etiam
1226 1047 1346 1101 lure
1368 1047 1509 1100 ratio
1545 1045 1767 1100 excidit.
2311 1029 2314 1034 ’

487 1134 567 1189 Tu
601 1147 786 1191 autem
827 1138 1060 1192 ulterius
1109 1153 1435 1207 progressus
1467 1139 1636 1191 etiam
1690 1131 1997 1208 oppositio-

2168 1137 2240 1190 Σὺ
2278 1137 2334 1190 δὲ
2371 1137 2578 1207 προῖὼν
2610 1138 2702 1190 καὶ
2731 1137 2831 1208 τὴν
2863 1137 3004 1191 κατᾶ
3035 1139 3104 1192 τὰ
3143 1140 3282 1210 πρός
3310 1158 3366 1192 τι
3403 1139 3680 1193 ἀντίθεσιν

417 1244 545 1282 nem
583 1227 890 1283 secundum
923 1228 1094 1282 relata
1119 1227 1187 1282 ad
1217 1228 1433 1297 aliquid
1468 1230 1522 1283 in
1575 1227 1782 1282 divinis
1832 1243 2000 1298 repu-

2128 1229 2190 1282 πὶ
2208 1229 2317 1282 τῶν
2341 1229 2499 1283 θείων
2524 1230 2978 1296 ἂποδοκιμάζεις,
3005 1231 3284 1286 καὶτοῦτο
3306 1232 3429 1285 δυσί
3456 1251 3566 1285 τισι
3592 1231 3681 1286 λό-

425 1320 566 1378 dias.
594 1329 650 1374 et
679 1319 783 1374 hoc
809 1320 1026 1376 duabus
1054 1320 1385 1391 quibusdam
1427 1321 1756 1384 rationibus,
1808 1322 2000 1390 eisque

2119 1337 2216 1384 τοις
2236 1361 2251 1386 ,
2284 1321 2382 1373 καὶ
2415 1321 2540 1391 μάλ’
2565 1322 2820 1375 ἀσθενέσι
2849 1324 2946 1375 καὶ
2976 1323 3154 1394 πάντη
3183 1325 3278 1378 τοῦ
3311 1327 3680 1395 προκειμένου

424 1413 586 1467 valde
618 1412 856 1467 inlirmis
882 1412 938 1466 et
980 1429 1008 1466 a
1044 1412 1328 1482 proposita
1361 1413 1594 1467 materia
1631 1429 1860 1481 prorsus
1888 1414 2000 1466 disc

2119 1415 2402 1469 ιπεοικόσι.
2451 1416 2677 1486 Πρῶτον
2724 1417 2820 1486 μὲν
2867 1418 2977 1488 γὰρ
3024 1418 3127 1472 οἴει
3177 1420 3316 1473 κάπὶ
3365 1420 3472 1471 τῶν
3521 1419 3681 1472 θείων

426 1507 570 1560 sitis.
610 1506 797 1560 Primo
828 1505 974 1560 enim
1005 1518 1190 1576 putas,
1217 1506 1384 1560 etiam
1425 1506 1480 1558 in
1514 1505 1718 1557 divinis
1750 1504 2004 1573 personis

2119 1505 2413 1575 προσώπων
2448 1506 2546 1576 τὴν
2583 1511 2904 1578 πατρότητα
2936 1511 3030 1564 καὶ
3070 1511 3294 1580 υίότητα
3330 1509 3682 1578 ὑστερογενέ-

430 1596 821 1664 paternitatem
874 1605 930 1650 et
983 1595 1306 1650 tiliationem
1351 1596 1632 1664 posterius
1684 1594 1819 1663 quid
1877 1607 2000 1647 esse

2119 1599 2293 1668 ττερόν
2320 1617 2372 1653 τι
2405 1596 2545 1653 εἶναι
2575 1601 2668 1654 τοῦ
2704 1601 2998 1670 προσώπου
3031 1602 3122 1655 τοῦ
3157 1602 3370 1671 Πατρὸς
3401 1603 3492 1655 καὶ
3527 1601 3679 1664 Υίυῦ,

423 1687 826 1754 ιρι-εοηιιιὶιοιε
855 1686 1037 1741 Patris
1075 1696 1132 1740 et
1167 1685 1314 1752 Filii,
1345 1685 1812 1755 quemadmodum
1857 1694 1912 1740 et
1943 1685 1999 1739 in

427 1779 624 1844 uoltis;
661 1777 808 1846 quod
841 1792 1064 1832 omnem
1106 1778 1449 1848 impietatem
1503 1777 1864 1831 transcendit.
1898 1775 2005 1830 Ne-

426 1889 534 1940 que
557 1871 761 1932 noscis,
779 1863 922 1940 quod
949 1865 1074 1926 cum
1095 1871 1149 1925 in
1173 1871 1296 1925 aliis
1320 1871 1466 1925 idem
1502 1871 1612 1926 sint
1637 1873 1798 1927 Pater
1823 1882 1880 1927 et
1911 1871 2002 1926 Fi-

425 1954 557 2033 lius,
607 1966 940 2035 paternitate
985 1973 1041 2021 et
1099 1965 1363 2021 tiliatione
1402 1966 1580 2020 solum
1617 1965 1885 2021 differunt
1945 1974 2004 2020 et

427 2057 576 2125 quod
616 2058 732 2111 ista:
763 2057 1136 2128 proprietates
1165 2058 1342 2111 solum
1382 2058 1736 2111 constituunt
1780 2071 2007 2112 eorum-

429 2157 555 2203 nem
595 2166 882 2219 personas,
919 2165 1028 2204 non
1059 2150 1368 2206 secundum
1412 2149 1639 2204 Latinos
1670 2150 1869 2214 solum,
1909 2149 2004 2203 sed

429 2247 596 2298 etiam
623 2247 930 2301 secundum
963 2247 1111 2315 ipsos
1139 2253 1362 2300 nostros
1383 2245 1792 2316 orientalesqne
1817 2243 2009 2299 d‘octo-

430 2354 554 2403 res;
584 2346 640 2392 et
667 2339 820 2408 plura
857 2339 1168 2394 diceremus
1199 2323 1363 2393 verba
1388 2339 1454 2392 ad
1490 2340 1624 2404 luce,
1650 2338 1754 2393 nisi
1792 2337 2007 2392 cunctis

430 2444 560 2484 nota
601 2446 663 2485 ea
697 2430 898 2485 forent.
950 2430 1155 2486 Deinde
1208 2431 1351 2484 dicis
1399 2431 1804 2500 oppositionem
1863 2431 2007 2484 rela-

433 2536 613 2578 torum
645 2523 710 2578 ad
743 2519 956 2593 aliquid
989 2524 1255 2579 inducere
1300 2540 1359 2579 se
1419 2524 1656 2578 invicem
1711 2533 1765 2578 et
1796 2524 2008 2578 idcirco

431 2619 695 2685 copulare
729 2618 912 2688 potius
944 2659 959 2683 ,
1013 2633 1127 2671 non
1184 2627 1369 2671 autem
1420 2616 1784 2685 distinguere.
1849 2615 2006 2682 Quod

431 2722 638 2782 quatita
671 2711 962 2767 inscientia
989 2710 1227 2774 dicatur,
1249 2711 1334 2764 vel
1366 2710 1466 2780 ipsi
1500 2710 1708 2764 tirones
1739 2709 2006 2772 dixerint,

433 2805 528 2873 qui
581 2802 775 2872 primis
821 2802 983 2871 labiis
1027 2801 1258 2871 logieam
1310 2811 1622 2871 gustarunt.
1669 2799 1806 2856 Cum
1861 2801 2006 2854 enim

434 2899 606 2951 relata
637 2897 712 2950 ad'
737 2895 946 2964 aliquid
980 2895 1284 2950 secundum
1341 2895 1528 2962 plures
1575 2894 1771 2949 modos
1818 2895 2009 2949 dican—

2105 1693 2164 1746 ὄν
2196 1693 2396 1762 τρόπον
2429 1693 2522 1747 καὶ
2559 1694 2645 1761 ἐφ’
2668 1695 2827 1766 ήμῶν
2853 1712 2868 1725 ·
2907 1694 2935 1748 ὃ
2974 1697 3153 1749 πᾶσαν
3188 1695 3445 1748 ἀσέϐειαν
3483 1695 3683 1764 ὑπερε-

2056 1843 2058 1846 ,
2106 1786 2312 1840 λαύνει.
2355 1787 2480 1840 Οὐδ’
2502 1779 2668 1850 οἶδας,
2705 1787 2780 1850 ὡς
2819 1788 2988 1842 τᾶλλα
3029 1787 3196 1841 ταυτὸ
3235 1789 3387 1847 δντες
3425 1790 3452 1840 ὁ
3494 1785 3683 1856 Πατὴρ

2107 1881 2202 1934 καὶ
2245 1882 2274 1933 ὁ
2317 1881 2463 1944 Υἱὸς,
2504 1883 2571 1952 τῇ
2618 1881 2919 1952 πατρότητι
2963 1881 3060 1935 καὶ
3109 1881 3320 1951 υίότητι
3363 1880 3683 1950 διαφέρουσι

2109 1973 2292 2043 μόνον,
2319 1974 2413 2024 καὶ
2440 1972 2518 2035 ὡς
2541 1971 2700 2025 αὗται
2726 1971 2785 2024 αί
2816 1971 3078 2041 ἰδιότητες
3108 1970 3268 2041 μόνον
3297 1969 3590 2024 συνεστῶσι
3614 1967 3687 2022 τὰ

2107 2064 2290 2119 αὐτῶν
2321 2064 2610 2132 πρόσωπα,
2645 2064 2706 2117 οὐ
2738 2062 2882 2117 κατὰ
2911 2062 3178 2126 Λατίνους
3211 2062 3393 2131 μόνον,
3425 2060 3558 2116 ἀλλὰ
3591 2062 3690 2114 καὶ

2108 2159 2308 2222 αὐτοὺς
2335 2157 2460 2220 τοὺς
2492 2156 2796 2228 ἡμετέρους
2825 2173 2883 2209 τε
2913 2155 3010 2210 καὶ
3039 2155 3392 2217 ἀνατολικοὺς
3417 2155 3684 2208 διδασκάὲ

2107 2250 2234 2313 λους
2256 2266 2271 2281 ’
2301 2251 2396 2302 καὶ
2427 2248 2656 2313 πολλοὺς
2685 2249 2752 2303 ἂν
2779 2251 3086 2320 εἰρήκαμεν
3110 2250 3305 2318 λόγους
3335 2250 3474 2318 πρὶς
3500 2247 3682 2310 τοῦτο,

2109 2342 2160 2393 εἰ
2197 2339 2271 2410 μὴ
2308 2341 2441 2393 πᾶσι
2474 2327 2744 2409 γνώριμοι
2773 2335 2934 2410 ἦσαν.
2967 2339 3284 2394 Μετέπειτα
3317 2339 3421 2409 φῂς
3451 2338 3549 2408 τὴν
3578 2337 3686 2389 τῶν

2111 2433 2248 2502 πρός
2276 2451 2328 2485 τι
2358 2433 2632 2486 ἀντίθεσιν
2661 2434 3000 2502 συνεισάγειν
3029 2431 3256 2502 ἄλληλα,
3284 2435 3380 2484 καὶ
3409 2431 3498 2485 διὰ
3526 2433 3686 2484 τοῦτο

2113 2525 2407 2578 συνάπτειν
2444 2524 2643 2594 μᾶλλον
2664 2563 2680 2588 ,
2711 2525 2770 2576 οὐ
2809 2524 3104 2593 διακρίνειν
3133 2542 3147 2554 ·
3179 2523 3207 2576 ὃ
3245 2527 3414 2593 πόσης
3449 2522 3695 2592 ἀμαθίας.

2111 2618 2322 2690 ἔχεται,
2347 2618 2452 2672 κᾶν
2477 2619 2572 2670 καὶ
2601 2617 2650 2669 οἱ
2682 2616 2806 2688 ἄρτι
2839 2616 3064 2686 λογικῆς
3095 2615 3333 2686 ἡμμένοι
3361 2617 3537 2683 φαῖεν.
3564 2614 3688 2666 Τῶν

2111 2713 2224 2781 γὰρ
2262 2711 2396 2779 πρός
2426 2725 2480 2761 τι
2516 2707 2659 2762 κατὰ
2695 2707 2913 2772 πλείους
2942 2708 3183 2778 τρόπους
3215 2706 3556 2778 λεγομένων,
3593 2704 3687 2758 καί

2112 2819 2236 2856 τινα
2267 2802 2350 2865 ὡς
2376 2801 2551 2855 αἴτιον
2587 2803 2680 2855 καὶ
2713 2802 2957 2855 αίτιατὸν
2987 2801 3021 2872 ἢ
3057 2800 3248 2854 ποιοῦν
3277 2817 3336 2852 τε
3373 2801 3464 2853 καὶ
3501 2797 3690 2851 ποιούο

2119 2913 2279 2968 μενον
2314 2897 2452 2968 πρὸς
2484 2895 2693 2966 ἄλληλα
2724 2897 2974 2964 λέγονται
2995 2935 3010 2962 ,
3043 2892 3080 2948 ἃ.
3114 2896 3207 2947 καὶ
3241 2892 3551 2959 συνεισάγει
3587 2890 3688 2959 μὲν

437 2999 548 3048 tur,
582 2986 834 3056 quaedam
881 2984 1047 3039 etiam
1087 2993 1148 3039 ut
1191 2998 1357 3037 causa
1393 2991 1449 3036 et
1483 2991 1770 3037 causatum
1807 2983 1899 3038 vel
1923 2983 2006 3038 ef-

2119 2959 2325 3061 αλληλα
2358 2959 2449 3061 (τό
2477 3006 2537 3042 τε
2572 2959 2681 3059 γδιρ
2711 2959 2884 3042 αἴτιον
2912 2959 3048 3058 πρδς
3077 2985 3137 3040 τὸ
3165 2986 3404 3040 αἰτιατόν
3431 2985 3650 3052 λέγεται
3669 3024 3696 3050 ,.

439 3081 634 3132 ﬁciens
656 3088 712 3132 et
735 3076 988 3131 eﬂ’ectum
1017 3078 1083 3130 ad
1119 3073 1355 3128 invicem
1386 3075 1667 3141 dicuntur,
1694 3090 1816 3144 quae
1845 3074 2011 3130 etiam

445 3187 505 3224 se
538 3170 772 3223 invicem
807 3167 1075 3222 inducunt
1108 3169 1255 3237 (nam
1301 3181 1462 3221 causa
1508 3166 1573 3221 ad
1608 3175 1892 3221 causatum
1925 3167 2015 3222 di-

446 3265 680 3317 eitur‘et
713 3260 960 3316 clliciens
1000 3258 1066 3314 ad
1114 3258 1372 3314 eﬂ'ectutn
1409 3267 1479 3313 et.
1515 3267 1670 3329 pater
1707 3259 1773 3314 ad
1813 3259 2009 3323 illium,

447 3366 505 3409 et
537 3356 656 3407 vice
688 3352 894 3424 versa),
945 3352 1367 3422 distinguuntur
1413 3361 1597 3424 tamen
1653 3352 1721 3407 ab
1777 3351 2015 3408 invicem

451 3444 814 3512 nihilominus
866 3453 952 3508 ltis
1006 3452 1165 3522 ipsis.
1199 3451 1361 3506 Aliud
1405 3449 1553 3505 enim
1600 3459 1687 3503 est
1739 3463 1902 3504 causa
1964 3456 2020 3502 et

449 3552 595 3605 aliud
624 3559 934 3609 causatum,
966 3545 1113 3600 aliud
1168 3553 1326 3614 pater
1365 3558 1525 3614 quam
1566 3543 1731 3606 (ilius,
1763 3542 1910 3597 aliud
1941 3541 2022 3595 ef-

450 3645 643 3698 ﬁciens
673 3655 832 3710 quam
878 3637 1157 3694 enectum.
1197 3638 1398 3693 Verum
1449 3635 1552 3690 ista
1602 3643 1792 3704 utpote
1841 3649 2020 3704 neque

455 3734 823 3804 pltilosopliia'
857 3746 1035 3802 neque
1079 3729 1367 3800 theologia:
1406 3728 1630 3799 propria
1665 3727 2016 3798 abjiciantur.

451 3830 626 3891 Quam
657 3812 787 3880 vero
833 3825 1244 3879 distinctionem
1297 3831 1354 3876 tu
1404 3822 1460 3875 in
1510 3819 1714 3876 divinis
1766 3819 2022 3874 idoneam

453 3936 574 3975 e~se
609 3917 898 3974 contendis
927 3925 1156 3971 caeteras
1187 3914 1492 3984 reprobatis
1517 3953 1531 3976 ,
1564 3913 1836 3967 diversam
1866 3910 2025 3965 vidc-

453 4015 585 4068 licet
616 4028 679 4066 ex
710 4011 872 4066 Patre
904 4009 1028 4064 F'rlii
1083 4023 1148 4063 ac
1199 4006 1439 4078 Spiritus
1473 4004 1648 4062 sancti
1687 4004 2028 4075 progressio-

457 4122 604 4169 nem,
647 4106 787 4158 lianc
815 4102 1023 4158 idcirco
1056 4099 1308 4154 idoneam
1341 4113 1464 4153 esse
1497 4099 1656 4164 scito,
1695 4097 1822 4167 quia
1865 4096 1920 4150 in
1967 4109 2027 4150 se

461 4204 580 4271 ipsa
611 4200 858 4255 continet
888 4195 1130 4265 Spiritus
1161 4193 1338 4249 sancti
1387 4208 1453 4248 ex
1487 4191 1626 4245 Filio
1663 4191 1744 4246 vel
1795 4205 1896 4260 per
1935 4188 2028 4243 Fi-

2117 3088 2214 3142 καὶ
2245 3085 2305 3139 τὸ
2338 3085 2527 3139 ποιοῦν
2561 3084 2700 3155 πρὸς
2734 3083 2794 3136 τὸ
2829 3081 3170 3150 ποιούμενον,
3206 3079 3300 3133 καλΙ
3334 3079 3518 3148 πατὴρ
3553 3078 3690 3146 πρὸς

2120 3181 2252 3245 υἱὸν,
2281 3181 2375 3234 καὶ
2401 3179 2461 3232 τὸ
2491 3176 2804 3246 ἀνάπαλιν),
2830 3175 3202 3246 διακρίνονται
3234 3175 3420 3244 μέντοι
3446 3171 3692 3240 ἀλλήλων

2117 3277 2233 3338 τοῖς
2257 3273 2444 3336 αὐτοῖς
2466 3273 2677 3350 τούτοις
2703 3270 2856 3324 οὐδὲν
2881 3263 3063 3341 ἦττον.
3090 3267 3254 3321 Ἀλλο
3278 3267 3386 3336 γὰρ
3409 3265 3470 3319 τὸ
3496 3264 3699 3326 αἴτιον,

2119 3371 2215 3422 καὶ
2238 3366 2364 3420 ἄλλο
2386 3364 2448 3417 τὸ
2473 3363 2735 3425 αἱτιατὸν,
2755 3362 2849 3416 καὶ
2871 3361 2998 3416 ἄλλο
3022 3361 3205 3430 πατὴρ
3230 3357 3367 3422 υίοῦ,
3389 3357 3482 3411 καὶ
3507 3355 3693 3410 ποιοῦν

2121 3459 2471 3528 ποιουμένου.
2498 3455 2660 3509 Ἀλλὰ
2679 3455 2851 3508 ταῦτα
2875 3453 2971 3524 μὲν
2991 3453 3065 3515 ὡς
3089 3456 3221 3522 μήτε
3246 3448 3532 3521 φιλοσοφίᾳ
3555 3450 3695 3518 μήτε

2124 3550 2378 3621 θεολογίᾳ
2412 3550 2586 3602 οἰκεῖα
2621 3546 2945 3617 ἁπερῤίφθω
2971 3561 2986 3577 ’
3023 3545 3090 3615 ἢν
3121 3545 3164 3598 δ’
3192 3543 3354 3606 αὐτὸς
3390 3542 3578 3612 ἱκανὴν
3613 3535 3696 3592 ε¹ῐ⁴

2123 3659 2212 3696 ναι
2247 3642 2519 3712 διάκρισιν
2549 3657 2658 3712 φης
2689 3642 2781 3694 ἐπὶ
2809 3639 2916 3692 τῶν
2944 3637 3134 3702 Θείων,
3165 3636 3264 3696 τὰς
3299 3635 3463 3697 ἄλλας
3499 3635 3696 3688 ἀποδοο

2124 3731 2400 3804 κιμὰζων,
2430 3731 2527 3801 τὴν
2553 3733 2618 3785 ἐκ
2647 3729 2861 3799 Ματρὸς
2887 3729 3131 3799 δηλονότι
3160 3726 3291 3780 Υίοῦ
3317 3742 3378 3778 τε
3405 3727 3496 3778 καὶ
3528 3723 3700 3776 [lusti-

2129 3844 2296 3898 ματος
2325 3825 2581 3894 διάφορον
2610 3823 2861 3893 πρόοδον,
2890 3806 2999 3875 ἴσθι
3025 3820 3111 3874 διὰ
3137 3819 3293 3873 τοῦτο
3320 3818 3510 3890 ἱκανὴν
3536 3815 3695 3882 εἶναι,

2125 3919 2261 3974 διότι
2289 3919 2345 3970 ὲν
2372 3918 2542 3988 ἑαυτῇ
2571 3918 2668 3987 τὴν
2696 3915 2756 3980 ἐξ
2785 3914 2914 3969 Υἱοῦ
2943 3915 2976 3988 ἢ
3005 3913 3072 3967 δι’
3098 3912 3228 3966 Υίοῦ
3258 3912 3349 3965 τοῦ
3381 3909 3698 3980 Πνεύματος

2127 4011 2353 4084 πρόοδον
2383 4010 2652 4081 περιέχει.
2680 4006 2852 4062 Τοῦτο
2877 4008 2984 4078 γάρ
3013 4007 3130 4060 ἐστι
3161 4004 3221 4058 τὸ
3249 4003 3340 4056 τὸν
3377 4003 3476 4073 μὲν
3504 4017 3703 4070 γεννη-

2127 4106 2272 4170 τῶς,
2305 4104 2365 4158 τὸ
2400 4102 2444 4156 δ’
2473 4102 2818 4172 ὲκπορευτὼς
2853 4103 2916 4154 ἐκ
2951 4099 3163 4170 Πατρδς
3197 4100 3480 4168 προϊέναι,
3519 4095 3575 4147 τὸ
3608 4097 3701 4146 τὸν

2133 4196 2230 4265 μὲν
2261 4194 2482 4263 ἀμέσως
2513 4195 2578 4245 ὲκ
2603 4192 2697 4244 τοῦ
2729 4191 2959 4261 Πατρὸς,
2991 4190 3051 4242 τὸ
3079 4189 3209 4242 δ’ἐκ
3240 4187 3450 4258 Πατρδς
3479 4185 3552 4240 δι’
3569 4186 3700 4238 Υἱοῦ

462 4295 598 4348 linm
631 4289 1037 4364 processioncm
1073 4285 1169 4357 (ὁ).
1211 4283 1325 4338 lloc
1369 4283 1516 4338 enim
1565 4289 1652 4335 est
1683 4279 1841 4345 illud,
1875 4280 2017 4349 quod

2131 4287 2525 4358 ἐκπορεύεσθαι
2549 4325 2564 4352 ,
2597 4285 2739 4337 κατὰ
2769 4284 2860 4337 τὸν
2890 4281 3112 4352 Νύσσης
3144 4281 3445 4351 Γρηγόριον
3477 4281 3568 4333 τὶν
3605 4280 3712 4349 μὲν.

468 4386 697 4448 dicitur,
726 4379 925 4434 Filium
954 4391 1051 4448 per
1097 4375 1505 4445 generationem
1537 4410 1550 4433 ,
1604 4368 1872 4439 Spiritum
1931 4382 2028 4435 per

462 4475 880 4546 proccssionem
908 4485 975 4523 ex
1023 4469 1187 4523 Patre
1223 4463 1482 4536 prodire,
1519 4462 1672 4516 illum
1710 4460 2029 4514 immediate

465 4587 531 4623 ex
561 4569 745 4630 l’atre,
769 4565 918 4618 hunc
945 4576 1075 4615 vero
1102 4577 1168 4614 ex
1201 4560 1358 4611 l'atre
1389 4571 1484 4623 per
1508 4555 1705 4610 Filium
1731 4552 2030 4622 procedere

2135 4379 2418 4451 προσεχὼς
2447 4381 2511 4431 ὲκ
2536 4377 2630 4431 τοῦ
2657 4375 2895 4447 πρώτου,
2923 4375 2982 4428 τὸ
3010 4374 3067 4430 δὲ
3094 4375 3183 4428 διὰ
3205 4373 3299 4427 τοῦ
3331 4373 3612 4444 προσεχῶς
3641 4373 3705 4422 ἐκ

2133 4471 2229 4523 τοῦ
2258 4469 2476 4540 πρώτου
2503 4465 2644 4521 εἶναι
2672 4465 3048 4534 θεολογοῦντα.
3077 4466 3141 4518 Ὃ
3170 4464 3262 4517 καὶ
3288 4463 3467 4524 ἄλλοις
3493 4480 3551 4513 τε
3579 4460 3707 4513 πολ-

2135 4561 2248 4623 λοῖς
2279 4559 2388 4612 τῶν
2415 4575 2475 4610 τε
2506 4556 2847 4611 ἀνατολικῶν
2873 4557 2983 4609 τῶν
3015 4570 3073 4608 τε
3105 4555 3339 4607 δυτικῶν
3369 4551 3706 4605 διδασκάλων

462 4659 770 4713 secundum
806 4657 1111 4726 Nyssenutn
1148 4651 1499 4720 G:egorium,
1535 4647 1627 4715 qui
1669 4645 1822 4698 illum
1855 4643 2017 4698 conti-

2137 4649 2360 4710 δοκοῦν,
2406 4651 2501 4699 καὶ
2548 4647 2652 4716 μὴν
2697 4646 2876 4708 ἄλλοις
2919 4663 2977 4698 τε
3019 4645 3121 4715 πρὸ
3164 4643 3319 4712 ἡμῶν
3365 4641 3708 4709 δεδειγμένων

449 4745 570 4819 ἰιιιο
603 4767 665 4803 ex
704 4750 912 4824 primo,
945 4748 1091 4799 hunc
1117 4757 1249 4796 vero
1281 4757 1382 4810 per
1409 4740 1461 4794 id
1503 4737 1648 4808 quod
1677 4737 1931 4805 contigue
1965 4751 2031 4788 ex

467 4841 647 4912 primo
677 4854 796 4894 esse
827 4835 1183 4907 depraedicat.
1214 4830 1369 4897 Quod
1403 4840 1459 4884 et
1503 4829 1625 4884 aliis
1677 4831 1865 4885 multis
1911 4839 2029 4884 tum

2139 4745 2232 4794 καὶ
2267 4743 2398 4809 ἡμῖν
2436 4738 2692 4799 πολλάκις
2726 4738 3015 4807 εἰρημένον
3048 4737 3107 4789 ὲν
3139 4735 3215 4805 τῷ
3252 4736 3479 4805 πιρὸντι
3516 4733 3710 4802 παρίε-

2144 4849 2243 4902 μεν
2273 4830 2366 4883 τοῦ
2401 4831 2474 4900 μὴ
2506 4829 2676 4882 ταυτὰ
2707 4828 2886 4896 λέγειν
2915 4827 3174 4889 πολλάκις
3205 4827 3409 4880 εἵνεκα.

468 4931 820 4988 orientalum
873 4941 987 4984 tum
1067 4921 1493 4983 occidentalium
1557 4922 1845 4976 doctorum
1896 4923 2080 4976 visum
2112 4932 2277 4991 atque
2323 4921 2392 4976 ab
2451 4922 2576 4976 aliis
2625 4932 2754 4976 ante
2782 4935 2884 4974 nos
2942 4918 3380 4972 demonstratum
3439 4913 3708 4983 nobisque

472 5043 852 5099 saepenumero
890 5026 1096 5082 dictum
1162 5024 1216 5078 in
1248 5020 1538 5092 praesentia
1565 5018 1942 5089 praeterimus,
1971 5034 2040 5073 ne
2077 5018 2278 5074 eadem
2307 5018 2508 5090 saepius
2542 5017 2728 5072 dicere
2753 5029 3037 5086 cogamur.

863 5141 1100 5199 senss.
1137 5140 1292 5197 CAP.
1326 5137 1435 5193 vnt
1475 5137 1686 5208 (xxv).

468 5259 474 5264 ’
545 5256 1203 5333 ριιεηιοιιιηοάιιιιι.ιιίιιίι
1249 5254 1542 5309 conferunt
1593 5251 1742 5306 Patri
1794 5265 2040 5321 persona

471 5378 539 5416 ex
571 5362 690 5430 ipso
729 5354 1070 5427 prodeuntes
1099 5348 1166 5403 ad
1193 5363 1346 5403 suam
1378 5346 1623 5416 ipsorqu
1656 5343 2036 5398 exsisteutiam

476 5462 623 5523 (nam
661 5462 835 5508 totum
882 5456 939 5506 et
978 5445 1281 5519 perlectum
1336 5443 1405 5495 ab
1467 5439 1564 5493 illo
1615 5437 1819 5491 habent
1869 5439 2038 5504 esse),

549 5568 627 5639 (ι)
669 5568 728 5623 ln
760 5567 905 5622 non.
938 5561 1045 5618 ess
1071 5560 1109 5617 t.
1137 5558 1243 5636 σοι)
1273 5557 1330 5624 b,
1366 5562 1453 5611 est
1484 5569 1606 5622 cap.
1638 5552 1732 5607 es.

550 5685 627 5754 (a)
667 5682 834 5745 lbid.,
858 5682 953 5754 nn.
986 5692 1151 5754 who.
1178 5672 1331 5754 ξας,
1372 5671 1420 5736 t,
1452 5685 1506 5740 p.
1541 5666 1668 5754 sas.

555 5733 629 5822 {id
671 5733 1020 5810 uicissim.
1050 5733 1143 5801 'De
1175 5733 1382 5813 Spiritu
1410 5733 1647 5822 sancto,
1678 5735 1719 5798 l,
1766 5734 1833 5786 1?.
1859 5771 1872 5796 ,
1924 5733 2042 5822 sine

427 5847 435 5853 ·
478 5811 824 5881 hasitat'tone
865 5824 938 5875 ait
972 5839 986 5874 :
1021 5822 1077 5874 Si
1116 5811 1352 5886 requiras
1406 5811 1528 5881 quid
1573 5811 1710 5862 tuter
1743 5815 2046 5861 nascentem

2491 5137 2752 5192 sessor
2784 5136 2944 5191 ΚΕΦ.
2978 5135 3040 5187 H'
3071 5132 3223 5205 (κει)
3261 5134 3308 5204 (1
3319 5134 3360 5204 ).

2217 5252 2431 5323 Ὠσπερ
2459 5253 2615 5306 οὐδὲν
2638 5249 2882 5304 συντελεῖ
2903 5249 2983 5318 τῷ
3014 5247 3188 5318 Πατρὶ
3211 5247 3278 5301 τὰ
3305 5246 3362 5314 ἐξ
3387 5245 3558 5308 αὐτοῦ,
3579 5263 3713 5317 προ-

2142 5347 2295 5399 ϊόντα
2329 5345 2597 5414 πρόσωπα
2627 5341 2747 5394 θεῖα
2777 5338 2912 5409 πρὸς
2937 5337 3033 5407 τὴν
3059 5335 3271 5391 ἑαυτῶν
3299 5334 3532 5404 ὕπαρξιν
3559 5336 3714 5407 (ὅλον

2146 5438 2257 5506 γὰρ
2289 5437 2384 5490 ἀπ’
2405 5433 2614 5488 ἐκείνου
2645 5435 2739 5485 καὶ
2767 5429 2974 5493 ἐντελὲς
3005 5428 3120 5500 ἔχει
3149 5430 3210 5480 τὸ
3239 5423 3424 5498 εἶναι),
3459 5427 3598 5479 κατὰ
3625 5427 3716 5480 τὸν

2147 5673 2196 5719 et
2227 5661 2588 5733 procedentem
2623 5655 3107 5733 disicit-evidenter
3166 5652 3260 5706 hoc
3291 5653 3548 5733 interest,
3588 5650 3718 5719 quia

2151 5723 2248 5788 me
2277 5749 2339 5786 ex
2363 5748 2467 5786 uno
2501 5731 2756 5791 nascitur,
2787 5725 2876 5780 ille
2908 5740 2970 5779 ex-
3005 5735 3224 5795 utroque
3253 5723 3609 5793 progreditur.
