4124 6426
407 402 517 466 205

1439 407 1878 470 REFUTATIO
1915 404 2159 468 MARCI
2198 401 2595 464 EPHESINI.

3543 392 3682 455 206-

406 516 569 570 αύτδν
600 517 804 588 τρόπον
834 515 956 570 οὐδὲ
989 515 1128 587 πρὸς
1159 517 1255 590 τὴν
1286 519 1531 591 ἀλλήλων
1564 520 1800 593 ὓπαρξιν
1831 520 1984 576 οὐδὲν

2110 517 2392 573 ecundum
2422 515 2674 572 eumdem
2716 513 2940 569 modum
2971 526 3154 582 neque
3183 509 3252 565 ad
3303 522 3458 564 suam
3509 521 3662 576 ipso-

406 609 555 679 αὐτῷ
595 609 922 665 συντελέσει.
958 608 1085 663 Οὗτ⁹
1116 613 1226 681 ἄρα
1258 611 1337 681 τῷ
1377 614 1554 684 Πατρὶ
1595 613 1868 668 συναίτιον
1903 614 1985 675 είς

406 701 506 771 τὴν
546 699 638 753 τοῦ
679 700 810 754 Υἱοῦ
851 694 1108 772 γέννησιν
1146 702 1208 756 rb
1249 703 1473 774 Πνεῦμα
1510 706 1569 758 rb
1609 704 1784 775 ἆνγιον⁹
1820 705 1934 759 οὔθ’
1959 707 1989 760 ό

410 792 538 857 Tib;
569 793 646 864 τῷ
678 794 855 866 Πατρὶ
888 796 1025 865 πρὸς
1058 795 1156 866 τὴν
1186 796 1282 849 τοῦ
1320 798 1637 868 Πνεύματος
1672 799 1945 871 προϐολήν
1968 814 1985 831 ·

413 888 632 957 πλήρης
671 887 778 957 γὰρ
816 889 849 958 ἡ
889 889 1185 962 γεννητική
1223 889 1319 944 καὶ
1356 884 1698 962 προϐλητικὴ
1735 892 1988 962 ἐνέργεια

410 981 504 1036 καὶ
540 980 644 1050 μία
673 979 810 1050 παρ’
839 980 957 1044 ἐνὸς
993 979 1235 1051 ἑκατέρα
1271 980 1408 1051 πρὸς
1441 981 1542 1052 τὴν
1575 982 1693 1047 ἑνὸς
1728 981 1988 1055 ὕπαρξιν.

831 1269 968 1323 'ror
1007 1268 1228 1324 soror
1265 1269 1591 1350 NIKA1A2._

488 1379 588 1433 Διά
619 1378 672 1433 τί
701 1379 778 1446 δέ,
811 1379 860 1432 εί
893 1379 970 1450 μὴ
1001 1379 1138 1452 πρὸς
1163 1381 1262 1450 τὴν
1290 1381 1502 1435 ἑαυτῶν
1535 1381 1772 1453 ὓπαρξιν
1801 1400 1993 1438 συντε-

413 1474 499 1529 λεῖ
523 1493 573 1529 τι
603 1475 680 1546 τῷ
708 1476 886 1545 Πειτρλ⁵
912 1475 988 1547 (1)
1015 1477 1085 1529 τὰ
1115 1477 1234 1530 θεῖα
1263 1476 1556 1547 πρόσωπα,
1583 1479 1704 1533 οὐδὲ
1734 1480 1869 1549 πρὸς
1894 1480 1993 1551 τὴν

413 1565 645 1635 θατέρου
693 1566 922 1638 θάτερον
968 1567 1153 1620 αὐτῶν
1205 1567 1550 1636 συντελέσει;
1598 1570 1772 1623 Πόθεν
1818 1572 1851 1640 ἡ
1899 1570 1993 1624 τοῦ

412 1654 570 1724 λόγου
620 1656 760 1728 αὕτη
809 1658 1024 1729 ἀνάγκη
1074 1658 1307 1727 ἕπεταις
1357 1660 1533 1730 Καινή
1580 1677 1663 1723 τις
1710 1659 1850 1732 αὕτη
1902 1663 1995 1716 καὶ

411 1747 661 1818 θεολογία
702 1749 798 1802 καὶ
839 1749 1128 1819 φιλοσοφία
1170 1752 1339 1816 ἐστὶν,
1378 1751 1453 1816 ὡς
1497 1754 1548 1806 εί
1584 1770 1637 1806 τι
1679 1755 1874 1808 ἐαυτοῦ
1919 1753 1995 1827 μὴ

413 1844 497 1913 εῐη
525 1843 720 1909 αἴτιον,
750 1845 858 1897 οὐδ’
882 1845 1044 1899 ἄλλου
1070 1845 1242 1899 αἴτιον
1266 1847 1442 1900 ἔσται.
1470 1848 1632 1912 Ἀλλ’,
1662 1841 1706 1903 ὧ
1729 1841 1847 1913 τὰν,
1874 1849 1998 1902 ἐαυ-

411 1932 508 1986 τοῦ
547 1933 649 2003 μὲν
682 1928 822 1986 εἷναί
855 1951 908 1987 τι
943 1933 1115 1988 αἴτιον
1147 1936 1239 1990 καὶ
1275 1936 1440 1989 ταυτὸ
1477 1937 1653 1990 αἴτιον
1686 1941 1782 1992 καὶ
1814 1937 2007 1992 atria--

413 2026 504 2076 rbv
542 2022 686 2078 εἷναι
725 2027 860 2096 πρὸς
899 2024 961 2078 rb
999 2026 1131 2080 αὐτὸ
1170 2027 1347 2098 πάντη
1390 2028 1684 2095 ἀδύνατον,
1727 2029 1902 2083 ἄλλων
1935 2030 1994 2084 δέ

413 2138 579 2182 τινων
613 2121 787 2174 αἴτιον
819 2118 958 2175 εἶναι
982 2163 997 2185 ,
1031 2123 1126 2177 καὶ
1164 2123 1310 2192 μάλα
1350 2124 1649 2194 συμϐαῖνον
1686 2125 1764 2196 (Ξ)
1785 2167 1800 2190 ,
1837 2125 1901 2179 ἄν
1935 2143 1994 2179 τε

417 2214 525 2268 τῶν
559 2213 926 2285 συνωνύμως,
960 2214 1035 2269 ἀνι
1058 2231 1117 2268 rs
1150 2215 1260 2268 τῶν
1293 2216 1601 2286 ὁμωνύμως
1648 2218 1995 2286 προαγόντων

418 2302 456 2380 ᾗ
486 2307 547 2360 rb
579 2306 850 2378 παράγον.
883 2307 1057 2361 Πόθεν
1087 2303 1180 2362 οὖν
1211 2307 1276 2361 ἐκ
1304 2307 1398 2361 τοῦ
1430 2309 1608 2378 πάντη
1641 2309 1904 2363 ἀδυνάτου
1935 2311 1997 2363 rb

427 2399 661 2468 μάλιστα
693 2398 916 2455 δυνατὸν
949 2399 1228 2469 ἀναιρεῖς,
1265 2401 1376 2454 κάκ
1406 2400 1501 2454 τοῦ
1541 2401 1807 2472 μηδαμῶς
1842 2401 1997 2465 ὗντος

423 2491 484 2543 rb
507 2489 582 2543 ’δν
614 2507 672 2545 τε
708 2491 805 2545 καὶ
840 2491 1128 2562 γινόμενον
1160 2491 1460 2564 όσημέραι;
1495 2492 1656 2546 Ἀλλὰ
1698 2493 1774 2562 μὴ
1815 2493 1997 2564 πάντη

426 2581 522 2652 τὴν
559 2583 666 2636 τῶν
701 2582 872 2638 όντων
909 2583 1073 2654 φύσιν
1110 2583 1453 2652 ἀγνοούντων
1559 2587 1752 2639 ταῦτα.
1789 2583 1849 2638 '0
1891 2583 1999 2654 γὰρ

427 2674 554 2738 Υἱὸς
586 2675 678 2728 καὶ
707 2677 881 2745 Λόγος
910 2674 1005 2729 τοῦ
1035 2673 1171 2729 Θεοῦ
1205 2675 1282 2747 τῷ
1316 2676 1417 2746 μὶν
1447 2676 1644 2731 ἐαυτοῦ
1673 2673 1816 2731 εἶναι
1845 2677 2000 2731 οὐδὲν

427 2767 824 2836 συμϐαλεῖται·
857 2768 918 2821 ού
959 2767 1179 2822 δύναται
1218 2769 1325 2840 γὰρ
1369 2770 1563 2823 ἐαυτοῦ
1607 2770 1780 2832 αὗτιος
1822 2764 1998 2823 εἶναι·

425 2860 503 2931 τῷ
538 2860 595 2914 δέ
629 2859 724 2914 τοῦ
760 2859 1079 2930 Πνεύματος
1113 2861 1209 2915 καὶ
1244 2861 1390 2929 μάλα
1416 2879 1430 2895 ο
1481 2861 1580 2932 οὐχ
1611 2861 1694 2915 ὅτι
1733 2862 1930 2933 ἀτελὴς
1967 2863 2002 2932 ἡ

426 2953 490 3004 ἐκ
535 2951 632 3006 τοῦ
683 2953 902 3024 Πατρδς
950 2953 1193 3024 προϐολὴ
1235 2953 1332 3007 τοῦ
1381 2955 1722 3025 Πνεύματος,
1774 2954 1868 3007 καὶ
1913 2954 2004 3008 διὰ

427 3043 586 3098 τοῦτο
616 3045 710 3099 καὶ
737 3043 839 3115 τῆς
871 3044 930 3109 ἐξ
960 3044 1093 3099 Υίοῦ
1125 3045 1356 3114 δεομένη
1387 3045 1590 3118 (ἄπαγε
1618 3045 1729 3101 τῶν
1759 3063 2005 3118 σωματι-

430 3132 542 3186 κῶν
569 3133 780 3188 τούτων
812 3134 904 3206 καὶ
939 3135 1162 3206 παχέων
1192 3135 1457 3204 ἐννοιῶν),
1491 3136 1606 3192 ἀλλ’
1630 3139 1714 3191 ὅτι
1747 3138 1806 3191 ἐν
1834 3137 1914 3208 τῷ
1943 3138 2008 3190 ἐκ

2090 623 2211 662 rum
2243 609 2615 663 exsistentiam
2653 606 2909 662 vicissim
2951 603 3161 675 aliquid
3195 601 3296 672 ipsi
3326 598 3660 658 ‘conl‘ercnt.

2089 701 2164 756 ita
2197 708 2257 755 ut
2286 701 2461 756 altera
2495 697 3055 769 alteram-producat.
3106 696 3298 776 liliaque
3346 693 3514 764 igitur
3564 691 3662 746 Pa-

2093 793 2162 848 tri
2212 792 2280 847 ad
2341 791 2466 848 Filii
2514 793 2927 862 generationem
2976 803 3245 845 concausa
3291 795 3374 841 est
3423 782 3665 853 Spiritus

2091 893 2337 948 sanctus,
2369 897 2546 953 neque
2574 881 2746 937 Filius
2775 880 2936 936 Patri-
2960 879 3028 934 ad
3057 879 3295 949 Spiritus
3312 875 3488 932 sancti
3521 889 3649 944 pro-

2093 975 2435 1031 ductionem.
2474 973 2641 1030 Plena
2671 974 2820 1029 enim
2859 982 2944 1028 est
2991 970 3311 1043 generativa
3359 975 3414 1023 et
3460 965 3667 1036 produ-

2097 1067 2240 1122 ctiva
2269 1066 2529 1135 operatio
2560 1075 2612 1122 et
2648 1080 2756 1121 una
2797 1066 2866 1120 ab
2913 1079 3024 1120 uno
3077 1071 3316 1131 utraque
3375 1059 3442 1114 ad
3504 1060 3668 1112 unius

2093 1157 2497 1214 exsistcutiam.

2455 1285 2460 1290 ‘
2547 1273 2903 1330 SAPIENTIS
2936 1271 3214 1330 ΝΙΩΑΕΝΙ.

2167 1394 2280 1451 Cur
2309 1405 2514 1460 autem,
2547 1393 2594 1448 si
2622 1393 2760 1448 nihil
2799 1392 2865 1447 ad
2901 1407 3058 1448 suam
3097 1386 3479 1446 exsistentiam
3528 1401 3668 1442 con-

2095 1486 2284 1542 ferunt
2321 1487 2468 1542 Patri
2503 1484 2703 1540 divina:
2734 1498 3020 1555 personae,
3053 1497 3236 1552 neque
3263 1482 3437 1536 altera
3473 1495 3665 1534 earum

2097 1576 2165 1632 ad
2186 1576 2414 1631 alterius
2438 1577 2816 1632 exsistentiam
2837 1576 3043 1646 aliquid
3069 1573 3357 1630 conferat?
3384 1571 3540 1628 Unde
3571 1571 3673 1626 ista

2097 1667 2462 1738 consequitur
2496 1668 2725 1723 rationis
2761 1665 3110 1722 necessitas?
3142 1665 3292 1721 Nova
3340 1665 3460 1719 haec
3511 1663 3673 1717 theo-

2099 1759 2245 1828 logia
2276 1767 2333 1814 et
2369 1759 2724 1830 philosophia
2747 1768 2837 1814 est
2867 1800 2882 1823 ,
2917 1758 3148 1829 quodsi
3175 1757 3305 1828 quid
3340 1771 3450 1810 non
3483 1755 3555 1810 sit
3589 1757 3675 1808 sui

2034 1867 2079 1924 Β
2105 1851 2282 1922 ipsius
2300 1866 2489 1916 causa,
2520 1867 2717 1922 neque.
2736 1852 2968 1907 alteri-us
2991 1866 3157 1905 causa
3191 1865 3311 1904 esse
3335 1847 3529 1919 possit.
3567 1845 3674 1901 Sed

2100 1945 2240 2000 heus
2275 1954 2360 2008 tu,
2411 1945 2496 1999 sui
2535 1945 2722 2014 ipsius
2742 1944 2968 2015 quidem
3034 1941 3249 2012 aliquid
3284 1955 3414 1996 esse
3451 1953 3675 1993 causam

2099 2043 2264 2106 atque
2302 2035 2563 2090 idem-ad
2618 2035 2784 2090 idem
2819 2049 3039 2090 causam
3098 2041 3154 2088 et
3209 2041 3511 2088 causatum—
3556 2046 3696 2084 esse.

2099 2141 2331 2198 prorsus
2355 2137 2441 2182 est
2474 2127 2841 2196 impossibile,
2883 2127 3121 2182 aliorum
3149 2140 3281 2179 vero
3312 2122 3676 2195 quorumdam
3744 2145 3746 2149 -

2101 2234 2224 2275 esse
2250 2233 2469 2275 causam
2501 2218 2761 2288 possibile
2786 2227 2840 2273 et
2859 2233 3053 2274 revera
3078 2217 3405 2288 contingens
3431 2224 3534 2276 est,
3562 2213 3679 2266 sive

2102 2328 2294 2368 eorum
2359 2328 2481 2383 quae
2516 2313 2752 2369 univocc
2817 2314 2934 2368 sive
2990 2327 3180 2367 eorum
3228 2327 3350 2382 quae
3399 2308 3684 2379 :cquivoce

2104 2405 2419 2476 producunt
2457 2406 2531 2461 sit
2581 2405 2920 2475 producens.
2956 2404 3113 2460 Unde
3147 2404 3314 2474 igitur
3361 2417 3428 2456 ex
3455 2400 3684 2454 omnino

2104 2495 2431 2566 impossibili
2461 2496 2514 2551 id
2549 2497 2698 2567 quod
2725 2511 2892 2566 quam
2942 2496 3182 2550 maxime
3210 2493 3471 2563 possibile
3499 2501 3603 2556 est,
3646 2505 3681 2544 θ

2105 2587 2290 2642 medio
2322 2587 2505 2653 tollis,
2536 2596 2700 2658 atque
2751 2603 2818 2642 ex
2871 2601 2940 2642 eo
2979 2585 3127 2656 quod
3175 2599 3448 2654 nusquam
3494 2592 3580 2639 est
3621 2582 3674 2635 id

2106 2673 2255 2744 quod
2283 2683 2370 2730 est
2395 2685 2452 2732 et
2480 2673 2593 2731 fere
2632 2676 2884 2747 quotidie
2912 2677 3133 2732 evenit?
3169 2673 3276 2731 Sed
3307 2673 3423 2730 haec
3454 2674 3680 2730 omnino

2108 2773 2362 2819 naturam
2398 2780 2586 2821 rerum
2619 2766 2994 2838 ignorantium
3044 2781 3167 2822 esse
3215 2765 3495 2822 videntur.
3547 2762 3681 2835 Nam

2110 2855 2285 2914 Filius
2319 2865 2376 2913 et
2409 2858 2650 2914 Verbum
2695 2859 2789 2914 Dei
2834 2859 2902 2914 ad
2952 2859 3039 2914 sui
3089 2858 3265 2928 ipsius
3307 2856 3686 2911 exsistenliam

2111 2950 2249 3006 nihil
2279 2949 2544 3014 conferet,
2578 2951 2708 3022 quia
2739 2950 2823 3006 sui
2859 2951 3036 3021 ipsius
3076 2964 3202 3006 esse
3245 2963 3410 3004 causa
3465 2946 3685 3016 nequit,

2113 3043 2182 3098 ad
2209 3045 2590 3101 exsistentiam
2620 3053 2806 3099 autem
2836 3043 3080 3114 Spiritus
3101 3042 3275 3098 sancti
3307 3041 3392 3096 vel
3419 3040 3690 3104 maxime;

2112 3153 2224 3194 non
2291 3137 2423 3208 quia
2490 3136 2811 3206 imperfecta
2875 3137 3116 3208 Spiritus
3174 3135 3350 3192 sancti
3403 3149 3472 3189 ex
3535 3132 3694 3186 Patre

433 3221 646 3293 Πατρός
675 3223 704 3275 ό
736 3223 864 3288 Tib;
897 3225 1192 3294 γεννᾶσθαι
1225 3225 1404 3280 πάντα
1434 3225 1500 3280 τὰ
1534 3227 1738 3296 φυσικὰ
1769 3225 1863 3281 τοῦ
1900 3228 2004 3281 [Ia-

2110 3229 2333 3285 emissio
2370 3239 2534 3300 atque
2566 3238 2856 3300 propterea
2907 3229 3072 3285 etiam
3111 3227 3415 3282 emissione
3447 3241 3510 3280 ex
3541 3221 3687 3276 Filio

432 3313 560 3382 τρδς
587 3313 770 3368 λαϐὼν
801 3316 985 3384 ἀγαθὰ
1013 3318 1108 3370 καὶ
1137 3315 1298 3370 τοῦτο
1330 3317 1470 3386 μετὰ
1502 3317 1722 3372 πάντων
1747 3317 1872 3389 ἔσχε
1899 3319 2010 3372 τῶν

433 3407 630 3474 ἄλλων,
659 3410 720 3464 τὸ
751 3410 845 3465 καὶ
874 3409 932 3476 ἐξ
961 3408 1127 3464 αὐτοῦ
1158 3410 1191 3482 ἢ
1221 3411 1289 3464 δι’
1309 3410 1474 3464 αὑτοῦ
1505 3412 1568 3464 ἐκ
1599 3411 1817 3481 Πατρὸς
1844 3411 2013 3464 ἐκπο-

435 3501 694 3570 ρεύεσθαι
720 3503 782 3556 rb
810 3502 1038 3574 Πνεῦμα
1063 3503 1124 3556 rb
1152 3505 1310 3573 ἆγιον
1333 3518 1351 3536 ·
1383 3504 1520 3574 ὅπερ
1549 3502 1706 3575 ἐσχεν
1732 3502 1798 3557 ἂν
1827 3503 1923 3556 καὶ
1952 3502 2015 3557 rb

436 3594 693 3665 Πνεῦμα,
736 3595 786 3649 εί
833 3595 910 3668 μὴ
955 3596 1035 3667 τῷ
1077 3594 1273 3650 ἐαυτοῦ
1315 3595 1462 3666 λόγῳ
1503 3596 1880 3667 ἀντικείμενον
1921 3591 2011 3668 ἦν.

439 3686 736 3757 Προϐἀλλει
775 3687 832 3742 δὲ
874 3689 934 3741 οὐ
982 3687 1249 3759 πρότερον
1291 3690 1320 3742 ό
1365 3688 1577 3759 Πατὴρ,
1620 3683 1741 3741 εἶτα
1790 3688 1819 3741 ό
1861 3687 2014 3756 Υἱὸς,

435 3779 548 3831 οὐδ’
571 3778 706 3852 ἄλλῃ
742 3780 837 3834 καὶ
866 3779 999 3851 ἄλλῃ
1039 3779 1302 3851 προϐολῇ,
1332 3779 1440 3834 οὐδ’
1464 3779 1594 3834 ἄλλο
1625 3779 1703 3850 (5)
1734 3781 1829 3833 καὶ
1863 3778 2016 3845 ἄλλο.

436 3870 548 3924 οὐδ’
569 3870 744 3935 ἄλλως
777 3871 854 3941 (4)
887 3873 981 3926 καὶ
1013 3871 1210 3938 ἄλλως,
1241 3872 1356 3927 ἀλλ’
1380 3873 1498 3943 ἅμα
1530 3875 1626 3927 καὶ
1655 3875 1723 3945 τῇ
1757 3871 1893 3942 αὐτῇ
1924 3871 2019 3928 καὶ

436 3962 498 4014 rb
533 3963 666 4016 αὐτὸ
701 3965 794 4017 καὶ
831 3963 1093 4027 ὡσαύτως
1119 3981 1134 3995 ο
1178 3962 1259 4017 διὸ
1289 3964 1384 4017 καὶ
1421 3964 1520 4034 μία
1553 3963 1646 4018 καὶ
1679 3963 1713 4035 ἡ
1748 3962 1888 4033 αὑτὴ
1922 3961 2020 4016 καὶ

441 4055 652 4126 πλήρης
679 4057 711 4126 ὴ
749 4056 878 4127 παρ’
905 4057 1172 4126 ἐκατέρου
1206 4055 1552 4129 προϐλητικὴ
1583 4054 1836 4127 ἐνέργεια
1868 4053 2020 4113 οὐδὲν

439 4143 603 4221 ἦττον
633 4149 665 4222 ἢ
695 4152 728 4221 ἡ
763 4152 914 4221 παρὰ
945 4150 1162 4222 [Iarpr
1196 4149 1382 4221 μόνου.
1710 4136 1717 4143 ’

2115 3321 2301 3393 indiga
2347 3321 2542 3392 (apage
2590 3336 2718 3376 cum
2771 3320 3158 3394 corporalibus
3219 3327 3275 3374 et
3322 3315 3689 3373 crassiorihus

2116 3413 2269 3469 hisce
2299 3409 2778 3484 cogitationibus),
2815 3415 2910 3469 sed
2951 3413 3079 3484 quia
3110 3411 3283 3467 Filius
3333 3411 3465 3464 dum
3498 3422 3566 3461 ex
3600 3406 3697 3461 Pa-

2116 3513 2202 3562 tre
2237 3515 2559 3576 generatur,
2585 3505 2770 3562 omnia
2800 3505 3076 3562 naturalia
3092 3503 3270 3560 Patris
3297 3501 3442 3556 bona
3468 3508 3693 3564 .nactns,

2115 3597 2286 3653 etiam
2347 3596 2453 3654 hoc
2502 3613 2629 3654 cum
2686 3597 2901 3653 celeris
2965 3596 3224 3652 omnibus
3276 3592 3494 3656 habuit,
3551 3587 3707 3661 quod

2118 3688 2286 3746 etiam
2313 3704 2381 3746 ex
2405 3689 2529 3761 ipso
2553 3689 2638 3747 vel
2671 3704 2769 3760 per
2795 3688 2974 3759 ipsum
3013 3703 3080 3746 ex
3109 3687 3268 3742 Patre
3300 3682 3711 3756 procedit.-Spis.

2117 3783 2259 3838 ritus
2289 3792 2552 3848 sanctus;
2585 3782 2733 3850 quod
2772 3780 3062 3838 habuisset
3105 3779 3271 3834 etiam
3306 3777 3568 3847 Spiritus,
3592 3773 3712 3838 nisi.

2123 3873 2328 3934 rationi
2361 3874 2538 3945 ipsius
2584 3883 2736 3930 esset
2786 3873 3129 3943 oppositum.
3183 3869 3394 3931 Emittit
3425 3884 3556 3923 vero
3593 3883 3702 3927 non

2124 3965 2284 4035 prius
2307 3965 2491 4030 Pater,
2528 3965 2726 4025 deinde
2758 3964 2956 4026 Filius,
2977 3977 3158 4033 neque
3186 3961 3290 4016 alia
3319 3968 3374 4019 et
3403 3959 3507 4013 alia
3536 3958 3705 4020 cinis,-

2122 4057 2304 4123 sione.
2342 4071 2524 4126 neque
2557 4056 2708 4117 aliud
2763 4065 2821 4113 et
2873 4054 3049 4119 aliud,
3082 4069 3276 4123 neque
3327 4052 3434 4115 alio
3483 4059 3542 4107 et
3594 4049 3711 4111 alio.

2125 4149 2311 4214 modo,
2355 4149 2667 4212 sedsimul
2697 4156 2753 4204 et
2803 4146 2995 4208 eatlem
3044 4146 3347 4203 emissione
3389 4153 3444 4200 et
3474 4143 3615 4198 idem
3649 4152 3707 4195 et

441 4242 638 4296 eodem
691 4243 874 4298 modo.
929 4243 1142 4300 Idcirco
1195 4251 1253 4299 et
1302 4259 1411 4298 una
1480 4243 1790 4314 eademque
1847 4248 2011 4312 atque
2052 4243 2343 4315 completa
2395 4253 2482 4300 est
2547 4240 2875 4316 productiva
2917 4240 3163 4311 operatio
3193 4241 3259 4296 ab
3289 4246 3522 4308 utroque
3554 4234 3728 4291 nihil-

446 4341 648 4405 minus,
679 4355 842 4422 quam
876 4355 962 4407 ea,
992 4357 1113 4412 quae
1138 4339 1284 4397 foret
1313 4356 1342 4396 a
1373 4342 1537 4398 Patre
1563 4341 1704 4397 solo.

775 4452 1039 4506 sessor
1077 4452 1236 4507 iter.
1278 4452 1335 4507 ev
1376 4451 1558 4524 (κε’).
1594 4453 1692 4524 (5).

2494 4441 2737 4500 EPHES.
2780 4398 2931 4497 CAP.
2960 4438 3032 4495 1x
3059 4429 3315 4511 (xxvi)-

465 4553 477 4563 ’
520 4573 731 4640 Ὥσπερ
756 4571 816 4623 rb
841 4569 1097 4640 ἐνεργοῦν
1122 4570 1445 4641 ὡρισμένως
1473 4570 1787 4642 ὡρισμένην
1814 4571 2000 4640 είσὰγε

2201 4558 2358 4616 Sicut
2386 4556 2440 4612 id
2469 4557 2617 4627 quod
2642 4561 2904 4622 operatur
2941 4549 3172 4606 deﬁnito
3205 4549 3371 4604 modo
3421 4546 3722 4604 deﬁnitam.

447 4667 543 4721 καὶ
581 4665 680 4736 τὴν
721 4663 1026 4733 ἐνέργειαν,
1067 4660 1212 4715 οὕτω
1251 4663 1345 4716 καὶ
1386 4664 1420 4732 ἡ
1459 4662 1739 4734 ὡρισμένη
1782 4664 2033 4735 ἐνέργεια

448 4759 584 4830 πρὸς
615 4757 922 4828 ὡρισμένον
950 4755 1037 4828 (6).
1055 4755 1116 4810 τὸ
1145 4753 1408 4825 ἐνεργοῦν
1437 4755 1795 4830 ἀναφέρεται.
1825 4757 1886 4810 Ei
1917 4757 2032 4809 τοί-

450 4868 543 4904 νυν
565 4852 626 4904 rb
651 4849 848 4920 γεννᾷν
871 4847 1008 4919 ὁμοῦ
1035 4850 1131 4904 καὶ
1157 4846 1482 4918 προϐάλλειν
1498 4845 1626 4910 -ἐνός
1653 4847 1769 4900 ἐστι
1794 4847 1888 4902 τοῦ
1919 4849 2035 4900 Πα-

450 4943 577 5014 τρδς
603 4939 888 5014 ὡρισμένη
917 4940 1190 5010 ἐνέργεια,
1218 4940 1281 4994 rb
1306 4938 1362 4992 δὲ
1393 4937 1721 5007 προϐάλλειν
1754 4939 1939 5009 μόνον,
1967 4939 2031 4992 οὐ

459 5035 566 5105 μὴν
586 5036 682 5088 καὶ
707 5033 925 5104 γεννᾷν,
950 5032 1070 5094 ἐνός
1093 5034 1210 5086 ἐστι
1235 5031 1549 5104 προϐολέως
1571 5030 1854 5102 ὡρισμένη
1883 5031 2033 5102 ἐνέρ-

455 5140 579 5192 γεια
600 5123 695 5177 τοῦ
721 5123 936 5193 Πατρὸς
962 5123 1058 5175 καὶ
1085 5121 1216 5174 Υίοῦ
1244 5121 1388 5175 κατὰ
1413 5121 1538 5184 τοὺς
1565 5121 1861 5187 Λατίνους,
1888 5123 1948 5172 rb
1974 5120 2032 5175 δέ

455 5215 750 5284 γεννᾶσθαι
776 5212 869 5266 τοῦ
901 5212 1032 5266 Υίοῦ
1059 5207 1216 5275 αὖθις
1243 5209 1526 5280 ὡρισμένη
1552 5209 1826 5280 ἐνέργεια,
1853 5211 1947 5264 καὶ
1973 5211 2034 5263 rb

453 5307 854 5378 ἐκπορεύεσθαι
887 5305 982 5358 τοῦ
1021 5304 1183 5372 ἁγίου
1221 5301 1570 5373 Πνεύματος,
1603 5301 1846 5372 τέσσαρα
1878 5301 2033 5356 ἐσται

453 5403 523 5456 τὰ
549 5399 874 5473 ὡρισμένως
901 5395 1230 5468 ἐνεργοῦντα
1256 5399 1316 5450 ἐν
1341 5396 1450 5460 τοῖς
1481 5394 1650 5458 θείοις
1681 5392 1993 5466 προσώποις
2015 5408 2033 5426 ⁸

526 5558 606 5629 ll)
639 5555 941 5630 Πατρὶ
980 5553 1167 5630 omitt.
1194 5551 1344 5607 Mon.
1381 5553 1450 5630 27
1479 5549 1519 5606 l‘.
1545 5549 1654 5605 2M
1683 5563 1714 5604 a
1760 5557 1818 5630 et
1864 5547 2028 5630 lilarc.

455 5631 496 5686 ί.
526 5620 616 5692 86,
649 5620 786 5695 ὺξίη
818 5620 1115 5696 posteriori
1150 5633 1332 5678 tamen
1357 5625 1462 5678 alia
1506 5636 1704 5676 manus
1729 5620 1956 5696 adjecit,
1977 5629 2035 5675 et

458 5717 584 5756 cum
613 5694 778 5753 Marci
818 5694 998 5751 verba
1036 5695 1128 5748 hic
1163 5703 1511 5764 repetantur,
1549 5694 1861 5762 ponendqu
1901 5705 2034 5745 sane

456 5780 562 5828 est.

532 5839 608 5913 ('2)
648 5838 815 5896 Marc.
847 5835 1160 5913 συμϐαίνει.

2134 4649 2566 4708 etiam-inducit
2618 4646 3024 4718 operationem,
3085 4644 3158 4700 ita
3213 4656 3432 4712 quoque
3485 4641 3711 4695 deﬁnita

2133 4746 2380 4815 operatio
2408 4745 2479 4800 ad
2511 4742 2800 4799 deﬁnitum
2832 4739 3056 4810 aliquod
3085 4751 3321 4806 operans
3351 4736 3614 4790 refertur.
3657 4735 3720 4789 Si

2135 4840 2303 4909 igitur
2327 4851 2592 4908 generare
2638 4834 2802 4890 simul
2853 4841 2911 4887 et
2956 4829 3266 4901 producere
3313 4829 3479 4883 unius
3536 4827 3716 4882 Patris

2133 4939 2218 4986 est
2236 4930 2470 4985 deﬁnita
2518 4925 2795 4998 operatio,
2844 4923 3158 4995 producere
3191 4935 3324 4977 vero
3368 4923 3572 4984 solum,
3605 4935 3714 4972 non

2135 5024 2299 5079 etiam
2360 5035 2661 5093 generare,
2709 5017 2878 5074 unius
2938 5015 3300 5086 productoris
3353 5023 3438 5068 est
3487 5011 3722 5066 deﬁnita

2135 5113 2386 5182 operatio
2415 5111 2595 5166 Patris
2635 5117 2693 5166 et
2745 5107 2874 5164 Filii
2908 5103 3510 5166 secundum.Latinos,
3543 5116 3715 5170 gene-

2140 5205 2281 5260 ratio
2316 5212 2502 5259 autem
2523 5201 2649 5258 Filii
2673 5199 2938 5273 (passiva)
2965 5212 3160 5254 rursus
3190 5194 3414 5250 deﬁnita
3441 5191 3718 5261 operatio,

2139 5299 2270 5353 item
2300 5293 2546 5366 Spiritus
2585 5292 2763 5348 sancti
2793 5290 3078 5362 processio
3109 5304 3124 5342 :
3157 5294 3400 5358 quatuor
3433 5289 3599 5338 erunt
3621 5280 3722 5336 dev-

2139 5388 2294 5445 ﬁnite
2319 5387 2604 5460 operantia
2635 5385 2693 5440 in
2730 5383 2936 5441 divinis
2980 5381 3241 5456 personis
3278 5395 3292 5433 :
3341 5390 3487 5432 unus
3533 5372 3734 5445 Patert

2210 5544 2287 5615 (5)
2329 5544 2476 5615 Mon.
2508 5544 2600 5615 2'7,
2631 5542 2671 5598 l'.
2704 5541 2811 5615 2-H
2831 5556 2909 5609 ,a,
2946 5539 3110 5609 ἄλλη.

2213 5613 2291 5684 (4)
2331 5614 2478 5670 Μοη.
2510 5614 2681 5684 idem,
2704 5613 2899 5684 Eli/39;.

2211 5675 2289 5753 (5}
2330 5683 2386 5738 In
2421 5675 2790 5753 hlonacaﬁt‘iﬁ,
2819 5682 2856 5753 ί.
2883 5679 2982 5753 σοι
3019 5695 3070 5743 a,
3094 5685 3183 5753 est
3210 5691 3332 5745 cap.
3370 5675 3480 5733 ἵζε

2212 5748 2288 5828 (6)
2329 5753 2475 5810 Mon.
2511 5751 2601 5820 27,
2631 5752 2669 5810 l.
2694 5751 2801 5807 244
2832 5751 2886 5818 b,
2912 5748 3254 5820 ὡρισμένην.
3352 5817 3364 5826 ξ
