4124 6418
456 343 562 405 207

1823 378 2104 442 BESSAR
2119 386 2324 448 [ΟΝἸὸ

3593 410 3700 471 2'03

459 471 604 510 unus
636 458 958 528 productor,
990 467 1082 536 qui
1137 468 1338 527 diversi
1371 475 1440 530 ab
1474 478 1706 538 invicem
1740 499 1869 542 sunt
1916 507 1986 544 nu

459 560 633 592 mem-
685 564 824 592 nunc
851 553 1019 592 Filium
1052 567 1108 592 at
1151 577 1292 592 “nn-
1327 565 1560 592 ρης-ιι.--
1601 588 1641 592 μ
1666 591 1685 592 η
1712 588 1744 592 κ-
1878 579 1912 592 η

2088 533 2094 554 ι
2128 495 2206 564 εἷς
2231 503 2440 576 Πατὴρ,
2467 501 2548 570 εἷς
2578 509 2894 579 πρθιεολεὺς,
2919 512 3095 584 ἕτεροι
3119 515 3362 588 ἀλλήλων
3387 519 3462 587 τῷ
3483 522 3699 592 ἀριθμῷ

455 560 635 614 mero,
685 564 824 607 unus
850 553 1022 612 Filius
1051 567 1108 614 et
1151 577 1294 619 unus
1327 565 1562 636 Spiritus
1597 588 1840 634 sanctus.
1873 579 2016 647 Qua-

455 647 586 693 tuor
641 652 822 699 autem
886 648 1113 708 deﬁnite
1165 668 1526 731 separateque
1577 676 1742 736 alque
1795 671 2014 728 diverso

456 733 620 787 modo
651 740 935 804 operantia
965 744 1095 812 quid
1127 748 1276 803 aliud
1299 751 1404 805 nisi
1436 733 1858 823 quaternitatem
1894 782 2015 835 per-

449 836 709 879 sonarum
757 829 878 885 loco
941 833 1228 895 Trinitatis
1264 841 1572 902 inducunt?
1613 849 1837 910 Frustra
1883 873 2014 929 ergo

445 911 626 969 Latini
657 922 868 988 jactant
899 925 1062 982 ﬁdem
1101 930 1154 984 in
1201 945 1444 992 sanctam
1488 939 1835 1015 Trinitatem,
1873 911 2011 1015 cuin

446 1004 520 1058 ita
551 1023 669 1060 eam
706 1014 947 1081 prOpriis
987 1017 1204 1086 placitis
1233 1023 1436 1093 injuria
1468 1029 1725 1104 alliciant.
1872 1010 1885 1028 ο

892 1129 1251 1192 SAPIENTIS
1285 1137 1560 1200 NlCzENl.

512 1234 786 1300 Quantum
821 1250 1008 1308 temet,
1045 1262 1079 1300 ο
1127 1248 1314 1313 homo,
1360 1253 1590 1313 fallaciis
1623 1260 1794 1316 fallis!
1828 1265 2008 1322 Primo

444 1328 667 1394 quidem
719 1331 807 1387 bis
860 1334 1056 1391 Filium
1107 1343 1411 1411 accipiens,
1468 1358 1581 1404 tum
1617 1355 2005 1421 productorem

441 1429 556 1472 tum
587 1421 786 1478 Filium
815 1441 942 1481 eum
986 1432 1304 1500 appellans,
1356 1437 1442 1492 bis
1491 1456 1620 1496 vero
1661 1447 1826 1502 etiam
1878 1465 2006 1518 pro-

438 1510 666 1578 ducere,
693 1526 858 1585 atque
905 1532 1222 1591 separatum
1269 1542 1299 1581 a
1351 1527 1512 1586 Patre
1564 1533 1764 1592 Filium
1812 1544 2006 1598 existi.-

440 1613 616 1662 mans,
659 1605 970 1676 exindeque
1018 1614 1355 1671 concludens
1407 1626 1836 1690 quaternitatem
1882 1633 2005 1690 loco

2118 600 2302 666 ὄντες,
2341 599 2424 668 εἷς
2462 606 2587 669 Υἰὺς
2627 611 2721 663 καὶ
2754 610 2814 662 ἓν
2851 613 3079 682 Πνεῦμα
3119 615 3277 683 ἆγιον
3303 631 3321 651 ο
3360 618 3602 688 τέτταρα
3640 619 3697 673 δὲ

2119 692 2440 763 ὡρισμένως
2479 702 2571 752 καὶ
2611 702 2882 772 διαφόρως
2921 707 3249 777 ἐνεργοῦντα
3281 709 3332 763 τί
3371 711 3500 764 ἄλλο
3538 711 3572 779 ἢ
3603 727 3693 763 τε-

2117 784 2288 853 τράδα
2320 789 2628 858 προσώπων
2660 795 2782 847 ἀντὶ
2815 797 3042 866 Τριάδος
3077 802 3328 869 εἰσάγει;
3363 804 3557 871 Μάτην
3583 805 3695 871 ἄρα

2117 877 2336 932 Λατῖνοι
2367 882 2465 951 τὴν
2497 885 2576 945 εἰς
2612 883 2817 955 Τριάδα
2853 888 3035 942 πίστιν
3069 892 3352 962 αὐχοῦσιν,
3385 891 3560 957 οὕτως
3592 894 3693 950 αὐ-

2116 967 2213 1036 τὴν
2239 972 2352 1033 τοῖς
2382 972 2602 1036 οἰκείοις
2629 973 2860 1045 δόγμασι
2893 979 3339 1052 καθυϐρίζοντες.
3423 1023 3426 1026 ~

2530 1168 2668 1220 ΤοΥ
2708 1173 2928 1226 ΣΟΦΟΥ
2969 1176 3273 1232 ΝΙΚΑΙΑΣ.

2188 1271 2292 1328 Οἷα
2328 1278 2559 1346 σαυτὸν,
2597 1282 2849 1350 ἄνθρωπε
2874 1326 2888 1350 ,
2927 1291 3303 1363 κατασοφίζῃῖ
3347 1296 3546 1366 Πρῶτα
3587 1300 3688 1367 μὲν

2111 1363 2191 1426 δὶς
2220 1365 2312 1418 τὸν
2344 1367 2472 1420 Υἱὺν
2501 1369 2818 1439 λαμϐάνων,
2851 1377 3126 1446 προσολέα
3154 1397 3213 1432 τε
3242 1363 3411 1437 αὐτὸν
3436 1387 3530 1438 καὶ
3561 1363 3690 1443 Ῠίὸν

2110 1456 2427 1526 ὀνομάζων,
2469 1461 2551 1525 δὶς
2581 1463 2638 1516 δὲ
2669 1465 2762 1518 καὶ
2796 1466 2857 1519 τὸ
2892 1469 3213 1538 προϐάλλειν
3247 1475 3338 1526 καὶ
3371 1476 3686 1548 ἀπεσχοινι-

2113 1549 2309 1618 σμένον
2355 1552 2447 1604 τοῦ
2499 1554 2711 1624 Πατρὸς
2753 1558 3000 1626 οἰόμενος
3050 1563 3141 1614 τὴν
3190 1564 3342 1632 Υἱὸν,
3389 1569 3686 1622 κάντεῦθεν

2112 1643 2497 1712 συμπεραινων
2532 1647 2768 1716 τετράδα
2803 1651 2922 1702 ἀντὶ
2957 1653 3194 1722 Τριάδος
3233 1659 3293 1708 ἐν
3327 1661 3392 1728 τῇ
3441 1658 3678 1728 θεότητι,

1889 1726 2004 1783 ien-
2109 1732 2228 1786 δέον
2255 1736 2490 1789 πεντάδα
2519 1739 2660 1792 κατὰ
2681 1740 2780 1811 τὴν
2805 1744 2902 1813 σὴν
2934 1745 3126 1813 σοφίαν
3152 1750 3418 1816 εἰσάγειν.
3445 1753 3681 1805 Ἔπειτα

433 1783 566 1837 tiam
608 1787 937 1855 quinarium.
961 1793 1224 1852 inducere
1257 1812 1528 1869 oporteat.
1558 1807 1767 1866 Deinde
1814 1783 1870 1868 et
1914 1832 2007 1887 ge-
2038 1829 2083 1885 Β

435 1879 614 1928 nerari
642 1886 699 1930 et
724 1880 950 1944 produci
991 1890 1367 1954 operationem
1399 1898 1714 1964 nominans,
1752 1909 2006 1972 quamvis

433 1970 788 2032 grammatica
827 1972 1139 2044 disciplina,
1185 1980 1241 2034 in
1295 1999 1403 2053 qua
1454 1987 1679 2056 frustra,
1731 1970 1791 2046 ut
1817 1995 2001 2062 video,

434 2057 552 2126 ipse
581 2071 832 2118 versatus
858 2081 940 2132 es,
976 2072 1209 2144 sanciat,
1258 2091 1450 2132 eorum
1495 2097 1618 2151 qua:
1650 2087 1864 2153 passiva
1893 2089 2004 2145 for-

431 2162 520 2201 ma
558 2149 864 2210 efferuntur
892 2157 1049 2226 plura
1097 2166 1410 2246 passionem
1439 2149 1779 2244 signiﬁcare,
1815 2181 2000 2249 qualia

429 2253 650 2309 quoque
695 2258 817 2299 esse
859 2253 1109 2318 generari
1143 2233 1202 2308 ct
1253 2259 1487 2324 produci
1536 2279 1698 2320 nemo
1750 2270 1998 2340 negabit.

428 2329 633 2386 Verum
676 2336 816 2392 scito
865 2349 922 2395 et
975 2351 1031 2396 tu
1072 2353 1124 2398 et
1169 2348 1263 2415 qui
1310 2349 1462 2408 hisce
1529 2357 1634 2410 tuis
1689 2329 1998 2418 rationibus

430 2423 671 2481 animum
706 2429 1019 2498 intendunt,
1046 2438 1194 2505 quod
1229 2440 1390 2498 Pater
1427 2460 1550 2500 cum
1602 2451 1672 2504 sit
1718 2451 1997 2522 ingenitus

427 2527 485 2572 et
515 2535 544 2575 α
574 2523 725 2579 nullo
760 2526 961 2583 habeat
989 2545 1132 2596 esse,
1157 2548 1391 2612 persona
1426 2537 1612 2596 divina
1643 2541 1696 2596 in
1723 2543 1994 2602 Trinitate

423 2621 480 2666 et
518 2615 786 2672 cxsistens
835 2628 892 2673 et
951 2622 1260 2679 subsistens
1308 2631 1612 2698 generandi
1668 2638 1993 2702 operatione

423 2698 650 2758 ἀιςίίιιὶισ
693 2715 747 2760 et
779 2718 1032 2778 separata
1055 2712 1486 2773 .subsistentiam
1522 2720 1616 2777 dat
1651 2698 1813 2792 Filio,
1864 2744 1989 2784 cum

423 2794 542 2860 ipso
568 2810 694 2849 vero
723 2798 806 2852 vel
832 2815 929 2867 per
952 2801 1131 2871 ipsum
1155 2806 1410 2874 producit
1431 2810 1702 2881 Spiritum
1737 2818 1987 2886 spirandi

420 2887 743 2952 operatione
786 2889 1037 2957 deﬁnita,
1073 2904 1241 2966 atque
1293 2915 1400 2955 una
1448 2903 1774 2975 eademque.
1807 2909 1989 2981 Atque

421 2975 502 3029 sic
525 2977 685 3033 nobis
709 2979 953 3038 Trinitas
973 2996 1228 3042 servatur
1249 2991 1474 3048 adorata
1497 3004 1554 3050 et
1575 3009 1738 3064 prout
1756 2975 1984 3071 dignum

417 3076 505 3120 cst
533 3083 561 3120 a
597 3069 755 3125 nobis
787 3071 1054 3130 honorata
1075 3115 1090 3140 ,
1128 3093 1158 3132 a
1193 3087 1244 3134 te
1278 3090 1462 3138 autem
1493 3087 1564 3140 ob
1595 3069 1981 3161 ignorantiam,

418 3172 529 3212 non
562 3162 712 3217 enim
749 3164 986 3224 dixerim
1021 3172 1308 3244 malitiam,
1342 3178 1428 3232 vel
1475 3184 1711 3243 maxime
1762 3187 1982 3263 injuriis

417 3250 639 3312 aﬁ’ecla.

789 3374 1033 3435 naues.
1075 3381 1227 3440 CAP.
1266 3384 1317 3441 Χ
1351 3387 1610 3458 (xxvn-i.

490 3486 723 3545 Deitatis
777 3493 1111 3566 principium
1162 3501 1254 3558 vel
1313 3504 1678 3576 liypostaseon
1735 3525 1828 3572 est
1856 3534 1985 3588 pro-

415 3582 598 3651 prium
629 3583 804 3640 Patris
829 3599 882 3642 et
914 3588 1036 3646 Filii
1067 3596 1366 3651 secundum
1397 3599 1624 3660 Latinos
1661 3609 1747 3664 vel
1789 3582 1985 3669 eorum

413 3687 622 3734 naturai
654 3681 738 3736 vel
774 3687 1133 3752 Operationis.
1172 3689 1229 3745 Si
1280 3692 1447 3760 igitur
1495 3697 1864 3768 hypostaseon
1897 3719 1982 3764 est

414 3773 721 3843 proprium,
751 3779 1027 3846 quomodo
1059 3797 1168 3857 non
1201 3783 1312 3840 duo
1340 3799 1505 3844 erunt
1529 3793 1823 3865 principia,
1851 3813 1976 3854 cum

412 3865 534 3920 duae
587 3882 808 3938 quoque
852 3870 963 3926 sint
1011 3873 1373 3944 hypostases,
1415 3885 1879 3951 quemadmodum
1922 3900 1979 3946 et

413 3958 835 4028 principiatum,
867 3967 1012 4032 quod
1041 3965 1260 4024 duabus
1298 3970 1687 4042 hypostasibus
1713 3985 1977 4040 convenit

410 4048 523 4104 duo
561 4050 728 4106 etiam
779 4055 1106 4126 principiata
1154 4062 1383 4117 omnino
1430 4064 1684 4123 inducit?
1723 4070 1782 4127 Si
1840 4089 1976 4130 vero

406 4144 694 4213 proprium
718 4155 804 4202 est
832 4157 1043 4205 natura:
1066 4165 1284 4217 eorum,
1313 4157 1522 4224 aequale
1566 4175 1794 4228 prorsus
1846 4181 1971 4222 cum

405 4250 468 4287 ea
503 4238 610 4289 erit
641 4245 697 4290 et
745 4252 854 4292 non
896 4241 1040 4296 ultra
1089 4246 1494 4314 extendentur,
1550 4252 1788 4323 Spiritus
1820 4260 1970 4314 enim

405 4341 515 4380 non
562 4339 648 4382 est
679 4331 1030 4401 principium.
1067 4333 1124 4389 Si
1173 4338 1305 4406 quid
1337 4357 1468 4411 ergo
1520 4345 1700 4402 Patris
1743 4358 1797 4404 et
1845 4350 1969 4405 Filii

403 4429 623 4486 natura,
661 4421 767 4476 hoc
795 4425 902 4478 erit
950 4425 1173 4482 deitatis
1221 4433 1590 4504 principium;
1641 4449 1699 4492 et
1745 4441 1790 4496 si
1837 4444 1968 4511 quid

2109 1825 2169 1876 τὸ
2193 1827 2480 1891 γεννᾶσθαι
2514 1829 2609 1882 καὶ
2635 1833 3038 1901 προόάλλεσθαι
3063 1833 3346 1907 ἐνέργειαν
3369 1840 3676 1910 ὀνομάζων,

2109 1915 2283 1969 καίτοι
2313 1919 2408 1989 τῆς
2438 1921 2495 1974 ἐν
2525 1915 2558 1996 ᾖ
2589 1923 2782 1975 σαυτὸν
2816 1925 2834 1995 (
2856 1927 3054 1997 μάτην,
3083 1930 3160 1994 ὡς
3185 1932 3332 2002 όρῶ)
3363 1936 3679 2003 κατατέτρι-

2111 2023 2216 2075 φας
2259 2013 2653 2082 γραμματικῆς
2686 2015 2795 2067 τῶν
2831 2017 3152 2087 παθητικῶς
3185 2023 3575 2095 ἐκφερομένων
3605 2029 3675 2080 τὰ

2105 2098 2274 2152 πλείω
2311 2103 2481 2166 πάθος
2515 2105 2801 2174 σημαίνειν
2835 2112 3249 2185 κανονιζούσης,
3285 2113 3375 2170 οἷα
3405 2116 3544 2172 εἶναι
3581 2125 3676 2176 καὶ

2103 2190 2163 2242 τὸ
2204 2194 2493 2260 γεννᾶσθαι
2533 2198 2628 2251 καὶ
2672 2198 2731 2250 τὸ
2773 2202 3173 2273 ἐκπορεύεσθαι
3214 2207 3389 2272 οὐδεὶς
3430 2198 3673 2282 ἀντερεῖξ

2115 2283 2252 2336 Ἀλλ’
2279 2283 2386 2340 ίσθι
2410 2287 2476 2340 σύ
2499 2305 2559 2341 τε
2587 2291 2682 2343 καὶ
2704 2292 2754 2344 οἰ
2775 2296 2887 2357 τοῖς
2914 2296 3027 2359 σοῖς
3050 2296 3262 2363 τούτοις
3286 2300 3350 2370 δὴ
3379 2304 3673 2373 προσέχον-

2099 2391 2189 2437 τες
2217 2375 2420 2444 λόγοις,
2447 2379 2522 2442 ὡς
2551 2381 2578 2433 ό
2607 2382 2794 2454 Πατὴρ
2823 2386 3118 2459 ἁγέννητος
3143 2388 3219 2443 ὢν
3247 2393 3341 2445 καὶ
3369 2397 3672 2464 παρ’ίοὺδε-

2098 2464 2186 2528 νὸς
2217 2466 2356 2534 ἔχων
2387 2469 2450 2522 τὸ
2481 2466 2618 2525 εἶναι
2637 2512 2654 2536 ,
2689 2474 2980 2545 πρόσωπόν
3011 2495 3074 2531 τε
3110 2480 3253 2536 θεῖον
3287 2484 3342 2536 ἐν
3373 2488 3438 2555 τῇ
3477 2487 3669 2557 Τριάδι

2098 2560 2190 2612 καὶ
2227 2559 2302 2612 ὢν
2335 2563 2428 2615 καὶ
2469 2563 2739 2633 ὑφεστὼς,
2780 2570 2845 2638 τῇ
2891 2569 2990 2639 μὲν
3023 2571 3116 2624 τοῦ
3157 2576 3352 2645 γεννᾷν
3387 2576 3666 2651 ὡρισμένῃ

2095 2652 2348 2724 ἐνεργείᾳ
2374 2653 2632 2725 ύφίστησι
2659 2658 2749 2711 τὸν
2778 2659 2927 2728 Υίδν,
2958 2663 3054 2714 σὺν
3080 2665 3229 2735 αὐτῷ
3258 2667 3316 2720 δὲ
3347 2669 3379 2739 ἢ
3411 2669 3477 2722 δι’
3499 2671 3664 2725 αὑτοῦ

2092 2744 2322 2814 προάγει
2355 2745 2420 2828 ⁴’τὸ
2462 2748 2682 2818 Πνεῦμα
2722 2751 3000 2826 ὡρισμένῃ
3049 2760 3147 2828 μιᾷ
3186 2775 3246 2812 τε
3290 2762 3380 2814 καὶ
3418 2765 3484 2833 τῇ
3524 2763 3662 2834 αὐτῇ

2089 2835 2186 2889 τοῦ
2228 2825 2553 2904 προϐάλλειν
2586 2842 2858 2922 ἐνεργείᾳ.
2893 2825 3003 2900 Καὶ
3041 2825 3218 2913 οὕτως
3259 2851 3392 2921 ἡμῖν
3425 2825 3664 2924 η”Τριὰς

2091 2928 2452 2997 περισώζεται
2487 2937 2936 3007 προσκυνουμένη
2968 2955 3028 2992 τε
3063 2941 3157 2994 καὶ
3193 2942 3359 3006 ἀξίως
3392 2944 3484 3014 ὑφ’
3507 2944 3661 3014 ἡμῶν

2086 3021 2408 3094 τιμωμένη,
2449 3024 2553 3102 ὑπὸ
2599 3025 2693 3080 σοῦ
2734 3028 2792 3082 δὲ
2832 3029 2902 3082 δι’
2925 3031 3184 3098 ἄγνοιαν,
3223 3034 3286 3086 οὐ
3331 3037 3438 3107 γὰρ
3481 3035 3546 3090 ἃν
3583 3036 3658 3088 ει-

2007 3159 2054 3223 c
2086 3129 2249 3186 ποιμι
2280 3117 2612 3190 μοχθηρίαν,
2645 3122 2739 3175 καὶ
2773 3123 2921 3193 μάλα
2949 3124 3302 3199 ὑϐριζομένη.

2437 3418 2701 3472 ΕΦΕΣογ
2735 3419 2891 3476 tum.
2928 3423 2967 3476 ιν
3005 3423 3152 3492 (KZ')
3194 3425 3292 3497 (ι).

2156 3529 2231 3584 To
2264 3532 2362 3602 τῆς
2402 3533 2654 3606 θεότητος
2696 3538 2873 3592 αἴτιον
2906 3538 2938 3608 ἢ
2973 3541 3083 3594 τῶν
3117 3542 3468 3598 ύποστάσεὼν
3503 3547 3652 3602 ἐστιν

2085 3620 2216 3675 ῐδιον
2244 3622 2338 3676 τοῦ
2368 3624 2582 3697 Πατρὺς
2612 3627 2706 3680 καὶ
2734 3627 2827 3680 τοῦ
2858 3629 2988 3683 Υίοῦ
3019 3632 3158 3685 κατὰ
3186 3634 3313 3694 τοὺς
3345 3634 3609 3700 Λατίνους
3630 3677 3648 3700 ,

2081 3710 2114 3780 ἦ
2150 3711 2251 3781 τῆς
2288 3714 2465 3768 αὐτῶν
2501 3715 2715 3784 φύσεως
2755 3717 2788 3787 ἢ
2827 3720 3127 3789 ἐνεργείας.
3167 3723 3226 3774 Εἰ
3271 3725 3370 3792 μὲν
3411 3725 3503 3779 οῦν
3538 3727 3648 3779 τῶν

2080 3802 2433 3859 ύποστάσεὼν
2467 3805 2616 3860 ἐστιν
2651 3807 2815 3874 ἴδιον,
2851 3809 2968 3871 πῶς
3009 3813 3070 3864 οὑ
3117 3812 3208 3867 δύο
3239 3815 3306 3867 τὰ
3351 3817 3499 3870 αἴτια
3535 3818 3649 3885 (δύο

2079 3895 2190 3965 γὰρ
2228 3898 2322 3949 καὶ
2347 3898 2404 3949 αἰ
2445 3898 2830 3969 ύποστάσεις)·
2870 3902 3126 3975 καθάπερ
3169 3907 3263 3958 καὶ
3301 3909 3359 3960 τὸ
3401 3911 3646 3963 αἰτιατόν

2077 3987 2198 4040 δυσὶ
2232 3990 2435 4058 προσὸν
2464 3990 2795 4045 ὑποστάσεσι
2829 3993 2922 4047 δύο
2955 3996 3049 4048 καὶ
3077 3997 3146 4049 τὰ
3178 3999 3394 4053 αίτιατὰ
3429 4002 3646 4066 πάντως

2075 4081 2320 4148 είσάγει;
2354 4081 2416 4135 Ei
2445 4081 2501 4133 δὲ
2530 4082 2628 4150 τῆς
2657 4083 2838 4136 αὐτῶν
2869 4085 3086 4152 φύσεως
3105 4129 3119 4150 ,
3156 4089 3396 4153 ἐξισάςει
3424 4092 3643 4158 πάντως

2075 4171 2211 4242 αὐτῇ
2245 4172 2338 4224 καὶ
2368 4170 2469 4224 οὐκ
2502 4171 2593 4224 ἐπὶ⁴
2627 4171 2786 4239 πλέον
2817 4173 3010 4229 ἔσται’
3045 4176 3107 4230 τὸ
3145 4182 3252 4248 γὰρ
3286 4182 3509 4254 Πνεῦμα
3541 4187 3642 4239 οὐκ

2074 4260 2221 4315 ἔστιν
2244 4260 2434 4314 αἴτιον.
2464 4262 2599 4317 Etet
2623 4263 2730 4332 ἄρα
2757 4264 2968 4335 Πατρὸς
2994 4270 3084 4321 καὶ
3112 4270 3242 4324 Υίοῦ
3272 4273 3452 4341 φύσις,
3483 4279 3642 4332 τοῦτο

2074 4354 2324 4420 θεότητος
2367 4354 2579 4406 αἴτιον*
2617 4355 2711 4407 καὶ
2757 4355 2813 4407 εἴ
2849 4374 2900 4410 τι
2947 4358 3202 4430 θεότητος
3242 4364 3439 4429 αἴτιον,
3483 4369 3640 4422 τοῦτο

2071 4441 2282 4510 Πατρός
2322 4441 2416 4495 καὶ
2453 4441 2581 4494 Υἱοῦ
2619 4442 2817 4511 φύσιςε
2858 4446 3139 4519 ἀλλότριον
3173 4453 3280 4522 ἄρα
3315 4455 3378 4507 τὸ
3414 4458 3640 4528 Πνεῦμα

403 4507 627 4564 deitatis
679 4511 1054 4582 principium,
1107 4517 1214 4572 hoc
1270 4519 1449 4578 Patris
1501 4537 1556 4580 et
1594 4526 1718 4583 Filii
1773 4507 1969 4588 natura

2088 4534 2134 4587 to
2160 4507 2313 4601 ἅγιον
2337 4535 2412 4604 (9.)
2439 4537 2532 4604 τῆς
2557 4507 2648 4588 τοῦ
2679 4537 2886 4608 Πατρός
2914 4543 3008 4594 καὶ
3023 4507 3162 4595 ’Υίοῦ
3190 4507 3424 4613 φύσεως,
3453 4507 3640 4621 ὦσξερ

403 4599 532 4656 erit.
579 4601 804 4657 Alienus
833 4619 962 4674 ergo
1010 4615 1096 4662 est
1140 4609 1380 4678 Spiritus
1423 4627 1647 4673 sanctus
1693 4637 1723 4674 a
1771 4633 1967 4679 natura

400 4688 582 4745 Patris
613 4700 669 4745 et
724 4692 845 4750 Filii
873 4738 887 4761 ,
931 4700 1396 4766 quemadmodum
1431 4715 1485 4760 et
1515 4723 1545 4761 a
1578 4711 1836 4782 principii
1873 4730 1961 4769 ra-

402 4779 553 4834 tione
595 4782 810 4839 alienus
853 4798 974 4852 est;
1011 4799 1066 4844 et
1114 4790 1298 4848 adhuc
1356 4795 1538 4852 Latini
1585 4779 1965 4862 Macedonium

398 4871 759 4939 vituperant?
790 4874 846 4932 Si
875 4894 1005 4934 vero
1031 4883 1372 4952 operationis
1397 4889 1684 4960 cujusdam
1719 4905 1804 4951 est
1841 4913 1968 4966 pro-

399 4961 608 5031 prium,
645 4964 1074 5037 inquirendum,
1110 4981 1292 5028 utrum
1329 4993 1436 5031 una
1484 4994 1548 5034 ea
1595 4999 1828 5041 numero
1871 4988 1961 5051 sit,

399 5070 469 5109 an
499 5055 638 5111 duae.
672 5057 751 5111 Ac
783 5060 826 5113 si
858 5061 1086 5130 quidem
1120 5064 1243 5122 dua:
1274 5078 1438 5136 sunt,
1466 5071 1577 5128 duo
1615 5092 1831 5132 rursum
1867 5096 1964 5136 ne-

396 5148 643 5204 cessatrio
669 5155 834 5204 erunt
869 5154 1173 5223 principia;
1201 5158 1246 5212 si
1285 5175 1416 5216 vero
1449 5179 1578 5229 una,
1602 5170 1960 5236 quaarendum

395 5245 481 5290 est
505 5252 718 5304 rursus,
757 5249 938 5295 utrum
976 5248 1281 5312 personalis
1313 5265 1377 5305 ca
1427 5253 1500 5308 sit
1550 5270 1619 5311 an
1671 5262 1958 5316 naturalis.

399 5323 456 5377 Si
495 5329 781 5395 naturalia,
814 5340 945 5387 tunc
977 5332 1217 5402 Spiritus
1258 5354 1289 5393 a
1319 5345 1558 5398 naturali
1607 5347 1792 5417 aliqua
1831 5366 1962 5420 ope-

398 5421 612 5474 ratione
637 5422 852 5478 alienus
887 5425 1015 5493 erit,
1057 5437 1235 5500 atque
1255 5435 1452 5490 exinde
1477 5439 1640 5492 etiam
1666 5457 1694 5494 a
1728 5450 1954 5511 natura;

393 5507 440 5563 si
476 5520 660 5565 autem
693 5517 1039 5586 personalis,
1097 5523 1164 5576 ad
1218 5541 1380 5582 unam
1415 5545 1705 5600 personam
1738 5536 1959 5594 deﬁnite

752 5650 878 5716 256,
913 5653 1294 5738 f.'.’r01__a,_e_st
1323 5681 1446 5738 cap.
1479 5668 1568 5726 28.

461 5718 539 5792 (ἓ)
581 5719 652 5792 [Ιξὸ
681 5720 835 5792 ᾷγιον
864 5726 1044 5780 οιιιὶιῐ.
1083 5718 1314 5792 Μίίὶὸϐ.

461 5785 540 5862 ῷι
580 5786 649 5845 Μ.
675 5788 801 5845 256.
833 5793 1171 5877 Μακεδονίιμ.

2071 4630 2166 4680 καὶ
2194 4626 2286 4680 τοῦ
2318 4627 2489 4680 αἰτίου
2522 4629 2803 4699 ἀλλότριον
2829 4648 2843 4660 ·
2881 4635 2976 4688 καὶ
3007 4635 3084 4688 ἔτι
3122 4637 3449 4694 Μακεδόνων
3481 4644 3562 4711 (5)
3588 4647 3638 4697 oi

2067 4719 2286 4772 Λατῖνοι
2341 4719 2687 4790 μέμφονται;
2724 4722 2783 4774 Εἰ
2829 4723 2886 4776 δέ
2935 4727 3216 4796 ἐνεργείας
3263 4734 3426 4795 τινὸς,
3474 4735 3640 4804 ζητη-

2066 4810 2207 4875 τέο-ι,
2245 4812 2293 4864 εί
2337 4812 2433 4880 μία
2466 4811 2544 4882 τῷ
2580 4812 2796 4884 ἀριθμῴ
2833 4818 2982 4871 ἐστιν
3018 4818 3180 4890 αὕτη,
3220 4821 3252 4890 ἢ
3291 4823 3405 4879 δύο.
3446 4827 3555 4878 Καὶ
3588 4830 3637 4880 εί

2069 4903 2169 4971 μὲν
2195 4901 2318 4967 δύο,
2348 4901 2440 4956 δύο
2473 4905 2632 4959 πάλιν
2658 4909 2715 4974 ἐξ
2746 4910 2992 4983 ἀνάγκης
3018 4915 3169 4967 ἔσται
3197 4918 3263 4970 τὰ
3293 4921 3436 4974 αἴτια
3459 4939 3474 4954 ο
3503 4925 3551 4973 εἰ
3578 4923 3636 4976 δὲ

2069 4996 2187 5062 μία,
2219 4995 2476 5067 ζητητέον
2507 4999 2582 5068 (4)
2613 4995 2787 5066 αὖθις,
2818 5006 2866 5058 εἰ
2899 5011 3228 5080 προσωπική
3259 5013 3405 5065 ἐστιν
3432 5013 3571 5086 αὕτη
3603 5018 3635 5089 ἢ

2065 5090 2287 5157 φυσική.
2321 5090 2428 5141 Καὶ
2454 5094 2503 5143 εἰ
2534 5092 2635 5160 μὲν
2664 5095 2886 5166 φυσικὴ,
2919 5101 3155 5168 φυσικῆς
3181 5121 3326 5167 τινος
3355 5107 3638 5178 ἐνεργείας

2065 5176 2216 5228 ἔσται
2254 5179 2312 5230 τὸ
2350 5180 2573 5250 Πνεῦμα
2610 5185 2924 5256 ἀλλότριον,
2967 5192 3264 5246 κάντεῦθεν
3304 5196 3365 5267 δὴ
3409 5176 3498 5250 καὶ
3537 5199 3637 5268 τῆς

2064 5269 2295 5335 φύσεως.
2333 5273 2394 5325 Εἰ
2432 5274 2488 5326 δὲ
2531 5282 2881 5351 προσωπικὴ,
2929 5284 3062 5352 πρὸς
3095 5285 3154 5338 ἓν
3188 5290 3473 5356 πρόσωπον
3507 5293 3636 5362 ὡρι-

2066 5364 2278 5430 σμένως
2313 5369 2727 5436 ἀνενεχθήσεται
2754 5388 2767 5401 ·
2803 5375 2898 5440 μία
2935 5377 3041 5446 γὰρ
3068 5378 3145 5447 τῷ
3175 5381 3392 5452 ἀριθμῷ
3423 5401 3635 5452 προσω-

2063 5459 2197 5525 πκὴ
2241 5460 2490 5529 ἐνέργεια
2531 5464 2731 5528 πάσαις
2767 5469 3034 5534 ἀνάγκαις
3075 5473 3188 5534 ἐνδς
3227 5473 3380 5528 ἔσται
3417 5479 3631 5545 προσώ-

2061 5566 2163 5601 που
2196 5552 2330 5619 πρὶς
2360 5552 2416 5603 ἓν
2445 5556 2725 5624 ἐνέργημα
2751 5560 3021 5614 τείνουσα.
3053 5563 3246 5634 Μάτην
3274 5566 3382 5634 ἄρα
3413 5570 3630 5622 Λατῖνοι

2132 5681 2207 5753 (ί)
2245 5683 2312 5768 μ.
2349 5686 2420 5768 2?
2465 5688 2503 5746 Γ.
2553 5689 2674 5768 ﬁlii
2721 5707 2748 5745 a
2804 5695 2985 5750 omitt.
3019 5699 3184 5752 verba
3232 5701 3279 5752 εἰ
3313 5700 3410 5767 μία
3451 5701 3528 5768 τῷ
3557 5731 3626 5744 ~—

2063 5749 2355 5831 ζηὲητέοη
2383 5756 2845 5840 Ιιοιιιωοιίλίυυιοη
2871 5769 3198 5837 exemplaris
3225 5769 3274 5824 in
3307 5749 3436 5825 δοκε
3464 5749 3630 5844 ἀτη·-

2059 5823 2177 5874 τέον
2215 5823 2268 5877 in
2299 5840 2459 5878 causa
2494 5844 2581 5882 οδε
2620 5832 2849 5889 ςὶιεςιιιιε.
