4124 6416
439 345 548 408 '20)

1485 341 1920 402 REFUTATIO
1959 344 2199 405 MARCI
2245 345 2632 409 EPlIESlNI.

3587 350 3692 414 Ξ).ίο

441 460 538 528 τὴν
573 455 702 527 μίαν
736 454 812 525 τῷ
854 455 1072 525 ἀριθμῷ
1112 454 1483 526 προτλ.-τ,τικ⁵πν
1519 457 1806 526 ἐνέργείαν
1838 473 1897 510 τε
1933 459 2028 510 καὶ

2149 459 2430 515 -el‘eretur.
2471 461 2585 516 Una
2631 465 2778 516 enim
2827 478 3057 518 numero
3106 465 3410 536 personalis
3449 467 3695 534 operatio

445 549 680 618 ἰδιότητα
709 548 784 618 τῷ
817 549 989 618 Πατρὶ
1023 550 1111 602 καὶ
1141 547 1218 618 τῷ
1250 549 1360 617 Υίῷ
1391 550 1625 602 διδόασιν
1661 549 1760 621 (ι).

2125 555 2271 605 omni
2307 556 2636 609 necessitate
2674 555 2836 610 unius
2865 557 2973 611 erit
3015 571 3265 627 personae
3306 557 3373 611 ad
3417 571 3583 610 unum
3617 556 3687 608 ef-

445 647 650 700 fectum
686 645 940 701 tendens.
965 645 1194 701 Frustra
1228 663 1358 719 ergo
1391 646 1569 701 Latini
1631 663 1802 710 unam,
1855 661 2086 704 numero
2126 649 2463 718 producendi
2518 653 2896 724 operationem
2971 669 3034 710 ac
3101 654 3495 724 proprietatem
3547 653 3694 708 Patri

443 740 694 811 Filioque
729 740 989 797 tribuunt
1017 743 1123 814 (α).

973 857 1112 910 ΤΟΥ
1139 857 1452 912 ΝΙΚΑΙΛΣ.

517 969 688 1034 Οὗτος
718 971 856 1041 ἀνὴρ
883 969 986 1024 ὑπὸ
1018 971 1112 1024 τοῦ
1147 972 1224 1042 μὴ
1246 972 1389 1042 ἔχειν
1424 973 1525 1042 μὲν
1557 973 1586 1026 ὃ
1615 990 1666 1027 τι
1699 973 1866 1041 εἴποι,
1905 974 2030 1044 βού-

2775 859 3048 916 ΝΙΟᾹΞΝΙ.

2203 976 2308 1030 Iste
2337 977 2423 1028 vir
2445 991 2512 1031 eo
2543 975 2689 1046 quod
2727 992 2832 1030 non
2862 977 3028 1030 habet
3051 975 3196 1045 quod
3231 975 3400 1038 dicat,
3425 973 3544 1028 vult
3565 987 3699 1028 vero

445 1062 636 1115 λεσθαι
691 1061 749 1115 δὲ
795 1062 964 1114 πολλὰ
1020 1062 1197 1130 λέγειν
1249 1063 1345 1115 καὶ
1399 1064 1577 1135 τούτῳ
1611 1065 1738 1128 τοὺς
1796 1066 2032 1133 ἀμαθεῖς

2149 1070 2304 1122 nulla
2333 1068 2518 1122 dicere
2549 1078 2714 1137 atque
2753 1083 2822 1122 eo
2852 1078 3076 1137 stupore
3119 1068 3424 1136 percellere
3463 1059 3698 1130 imperi;

445 1154 870 1221 καταπλήττειν,
922 1155 970 1206 οἳ
1015 1155 1074 1206 ὲν
1121 1153 1198 1224 τῷ
1234 1155 1408 1208 πολλὰ
1459 1155 1734 1225 συνείρειν
1785 1156 2034 1226 ἀκαίρως

446 1245 545 1314 τὴν
597 1245 787 1312 σοφίαν
834 1245 1132 1315 ὁρίζονται,
1189 1246 1256 1298 τὰ
1303 1247 1444 1300 αὑτά
1489 1248 1642 1315 λέγει
1689 1248 1952 1310 πολλάκις
1995 1247 2026 1318 ἢ

455 1339 696 1408 ῥήμασιν
726 1339 913 1401 ἄλλοις
946 1340 980 1410 ἣ
1017 1341 1111 1392 καί
1142 1358 1264 1394 τινα
1299 1340 1472 1412 μικρά
1519 1341 1920 1412 μεταλλάττων,
1951 1342 2026 1408 ὡς

449 1429 625 1482 δοκεῖν
665 1433 779 1494 τοῖς⁹
830 1430 1125 1484 ἀκούουσιν
1169 1432 1306 1484 ἄλλα
1353 1433 1474 1485 τινὰ
1534 1432 1778 1503 νεώτερα
1823 1433 2028 1502 λέγειν,

455 1522 634 1574 καίτοι
659 1522 835 1575 ταυτά
860 1522 1035 1589 λέγων
1063 1525 1154 1576 καὶ
1181 1523 1255 1590 τῷ
1284 1523 1399 1576 ὄντι
1441 1523 1748 1594 ἀδολεσχῶν
1766 1540 1781 1556 ο
1807 1525 1936 1588 ἴσως
1973 1525 2030 1577 δὲ

455 1614 549 1666 καὶ
584 1614 748 1676 αὺτδς
795 1613 969 1676 οὕτως
1027 1615 1115 1666 ὑπ’
1165 1613 1406 1684 ἀμαθίας
1457 1615 1649 1668 οἴεται.
1697 1615 1844 1668 Ἀλλ’
1870 1617 2031 1686 ἡμεῖς

2137 1171 2242 1225 tos,
2272 1161 2364 1230 qui
2411 1161 2541 1215 dum
2575 1161 2744 1215 multa
2775 1160 3158 1228 intempestive
3187 1168 3444 1226 congesta
3478 1172 3700 1210 coacer-

2133 1262 2366 1321 vataque
2401 1253 2588 1308 vident
2617 1253 2671 1306 in
2705 1267 2774 1306 eo
2824 1252 3148 1321 sapientiam
3182 1257 3434 1304 statuunt
3463 1290 3474 1311 ,
3507 1248 3696 1300 eadem

2137 1347 2334 1417 saepius
2359 1346 2496 1401 dicit
2527 1346 2611 1400 vel
2637 1345 2762 1400 aliis
2791 1345 2982 1398 verbis
3011 1344 3091 1398 vel
3120 1343 3284 1396 etiam
3320 1355 3483 1408 parva
3519 1338 3702 1407 aliqua

2135 1447 2506 1502 commutans,
2540 1447 2600 1492 ut
2630 1437 2988 1492 audientibus
3015 1437 3118 1490 alia
3147 1434 3394 1504 qumdam
3432 1448 3495 1486 ac
3531 1430 3703 1498 magis

2139 1548 2278 1588 nova
2310 1533 2496 1588 dicere
2531 1531 2805 1596 videatur,
2829 1530 2960 1585 licet
2989 1528 3180 1584 eadem
3208 1527 3400 1580 dicens
3427 1535 3482 1579 et
3509 1539 3702 1578 revera
3765 1559 3769 1562 -

2137 1626 2424 1695 nugaciter
2453 1623 2701 1694 garriens
2727 1641 2740 1687 ;
2771 1622 3003 1676 fortasse
3035 1636 3167 1673 vero
3193 1626 3248 1672 et
3291 1617 3406 1686 ipse
3439 1615 3491 1670 id
3525 1631 3588 1668 ex
3623 1613 3705 1665 in-

469 1705 613 1758 κατὰ
649 1703 742 1756 τοῦ
792 1705 1012 1773 πρώτου
1060 1706 1168 1757 τῶν
1200 1705 1367 1758 αὑτοῦ
1423 1707 1871 1776 ἐπιχειρημάτων
1925 1708 2034 1760 ἐνι-

2149 1715 2299 1770 scitia
2333 1714 2528 1768 credit.
2558 1712 2763 1766 Verum
2795 1726 2900 1765 nos
2931 1719 3126 1764 contra
3151 1708 3386 1776 primum
3409 1717 3708 1772 argumen-

455 1797 734 1864 στάμενοι,
776 1797 910 1848 ὅπου
962 1797 1134 1849 ταυτά
1194 1796 1530 1866 πλατύτερον
1577 1798 1766 1864 λέγει,
1817 1797 2021 1859 ἱκανῶς

413 1887 416 1890 ’
454 1887 627 1942 ταῦτά
657 1905 718 1964 τε
747 1887 978 1942 κάκεῖνα
1010 1888 1398 1960 διελυσάμεοα,
1420 1891 1582 1944 κάκεῖ
1609 1891 1700 1943 τὸν
1745 1889 2024 1961 ἀκροατὴν

455 1981 930 2050 παραπέμπομεν.
986 1981 1063 2034 Οὐ
1121 1982 1233 2052 γὰρ
1281 1983 1572 2036 ἐπαινετὸν
1624 1983 1762 2054 πρὸς
1799 1983 2030 2054 ἄκαιρον

460 2074 627 2142 ἐσμὸν
667 2072 844 2140 λόγων
875 2073 971 2126 καὶ
997 2073 1194 2136 αὐτοὺς
1229 2075 1402 2143 μῆκος
1429 2075 1901 2146 ἀντιπαρατείνειν
1925 2077 2028 2144 μάο

460 2182 618 2216 ταιον
647 2163 842 2234 λόγων.
899 2166 1072 2218 Τοῦτο
1101 2166 1159 2218 δὲ
1193 2167 1580 2237 ὐπομνήσομεν
1635 2170 1759 2232 τοὺς
1800 2167 2034 2236 φιλομα-

458 2259 570 2321 θεῖς
614 2261 796 2328 μόνον,
830 2259 905 2324 ὡς
938 2262 1048 2313 πᾶν
1077 2261 1264 2314 ποιοῦν
1295 2264 1438 2315 ποιεῖ
1472 2264 1572 2332 μὲν
1663 2263 1782 2315 τόδε
1833 2281 1888 2315 τι
1943 2263 2034 2315 καὶ

461 2351 685 2419 ἄτομον,
713 2353 860 2404 ποιεῖ
885 2351 1083 2420 δ’ὄμως
1129 2351 1272 2405 κατά
1299 2352 1398 2422 τὴν
1439 2352 1632 2405 ἑαυτοῦ
1664 2353 1824 2421 φύσιν
1878 2351 1912 2422 ἢ
1947 2353 2030 2405 τέ-

465 2461 600 2514 χνην
623 2460 640 2478 ο
675 2445 755 2498 διδ
790 2445 888 2498 καὶ
935 2445 1027 2497 τὸν
1055 2445 1273 2517 Πατέρα
1315 2446 1406 2498 καὶ
1433 2446 1558 2500 Υίόν
1611 2446 1873 2516 προάγειν
1922 2446 2027 2515 μὲν

469 2531 503 2612 ᾖ
537 2538 862 2602 ὑποστάσεις
888 2537 950 2590 τὸ
983 2537 1207 2606 Πνεῦμα
1229 2539 1289 2592 τὸ
1327 2539 1502 2607 ἅγιον,
1528 2537 1794 2608 προάγειν
1810 2537 1868 2591 δὲ
1896 2537 2038 2592 κατὰ

470 2632 570 2700 τὴν
623 2633 772 2688 θείαν
829 2634 1012 2686 αὐτῶν
1063 2635 1248 2703 φύσιν,
1299 2634 1487 2705 κοινήν
1540 2649 1597 2687 τι
1646 2635 1740 2687 καὶ
1773 2635 1904 2703 μίαν
1935 2635 2032 2687 καὶ

466 2726 566 2794 τὴν
607 2725 778 2794 αὐτὴν
807 2725 1061 2795 τάριθμῷ
1105 2725 1270 2779 οὖσαν
1305 2725 1508 2796 ἀμφοῖν
1537 2725 1631 2779 καὶ
1661 2725 2038 2796 ὑφεστηκυῖαν

465 2815 524 2867 ὲν
565 2817 749 2879 αὐτοῖς
797 2813 952 2869 ὀὔτε
994 2817 1050 2869 δὲ
1097 2815 1385 2886 τὴνφύσιν
1411 2817 1573 2886 μόνον
1596 2815 1720 2870 οὔτε
1763 2817 1832 2870 τά
1871 2817 2041 2888 πρόσ-

471 2923 598 2960 ωπα
661 2906 825 2976 μόνον
876 2907 1024 2962 αἴτια
1070 2907 1169 2978 τῆς
1196 2907 1288 2959 τοῦ
1343 2907 1658 2978 Πνεύματος
1695 2903 1836 2962 εῖναι
1884 2907 2045 2978 προό-

467 2999 580 3053 δου.
615 2999 725 3052 Καὶ
755 2999 944 3070 ἐπειδὴ
973 2999 1032 3053 ὲν
1077 2999 1260 3063 αὐτοῖς
1285 3001 1318 3069 ἡ
1355 2999 1517 3068 φύσις
1561 3001 1659 3072 οὐχ
1694 3003 1771 3065 ὡς
1805 2999 1864 3054 ἐν
1911 3002 2044 3070 ἡμῖν

466 3095 580 3157 τοῖς
611 3094 920 3164 ἀνθρώποις
950 3092 1086 3162 ἀλλη
1125 3091 1224 3147 καὶ
1264 3093 1403 3160 άλλη
1453 3093 1575 3148 ἐστὶ
1622 3092 1894 3164 τάριθμῷ,
1920 3093 2045 3148 οὐδὲ

477 3186 553 3257 μὴ
589 3187 934 3256 ὑφεστηκυῖα
965 3187 1021 3240 ὲν
1051 3186 1256 3252 αὐτοῖς,
1282 3186 1417 3240 ἀλλά
1447 3187 1542 3240 καὶ
1571 3187 1670 3256 μία
1703 3185 1798 3240 καὶ
1829 3187 1863 3258 ἡ
1907 3185 2046 3256 αὑτὴ

470 3279 564 3330 καὶ
591 3277 845 3348 τάρώμῷ
884 3278 943 3331 ὲν
965 3276 1140 3348 "arpi.
1169 3281 1265 3332 καὶ
1301 3278 1414 3349 Υἱῷ
1435 3279 1529 3332 καὶ
1561 3278 1928 3348 ὕφεστηκυῖα,
1969 3277 2044 3342 ὡς

471 3374 709 3443 ετρηται,
739 3373 828 3428 διὰ
859 3372 1020 3426 τοῦτο
1051 3375 1145 3428 καὶ
1185 3372 1285 3442 μία
1307 3373 1473 3443 ἄμφω
1523 3372 1662 3426 εἰσιν
1699 3369 1842 3442 ἀρχὴ
1889 3370 2045 3440 ἐνέρ-

472 3483 592 3534 γεισ
618 3467 716 3533 μία
737 3460 959 3538 δυοῖν,ᾖ
983 3467 1122 3520 εἰσιν
1141 3465 1220 3520 ἓν.
1245 3465 1433 3528 Οὕτως
1456 3463 1604 3536 αὐτῷ
1622 3463 1683 3517 τό
1707 3479 1766 3516 τε
1786 3463 1900 3526 ἐνὸς
1926 3463 2042 3516 δεῖν

471 3556 612 3612 εἶναι
630 3557 920 3626 προσώπου
949 3558 1230 3628 ἐνέργειαν
1260 3556 1358 3628 τὴν
1389 3555 1764 3627 προσλητικὴν
1793 3554 2043 3622 δύναμιν,

471 3653 540 3706 Ei
567 3669 630 3721 γε
679 3653 850 3724 αὐτὴν
893 3653 1251 3724 προσωπικὴν
1274 3651 1521 3722 θείημεν,
1557 3650 1592 3723 ἧ
1618 3667 1676 3704 τε
1716 3651 1948 3720 δυαρχία
1967 3649 2048 3710 εις

473 3746 534 3797 τὸ
557 3745 722 3816 μηδὲν
743 3743 980 3799 ἀπιοῦσα
996 3747 1218 3814 γέγονεν
1259 3745 1497 3814 ἄφαντος
1519 3761 1533 3776 ·
1565 3747 1659 3800 καὶ
1679 3747 1738 3800 τὸ
1766 3745 2048 3814 ἀντιστρέ-

479 3852 598 3904 φειν
631 3853 690 3889 τε
735 3837 828 3890 καὶ
874 3835 1145 3901 ὲξισάζειν
1174 3837 1274 3905 τὴν
1309 3837 1472 3905 φύσιν
1500 3855 1560 3890 τε
1609 3837 1703 3890 καὶ
1749 3837 1809 3889 τὸ
1861 3837 2036 3889 αἴτιον

475 3927 624 3979 ποιεῖ
701 3925 854 3980 οὐδὲν
899 3927 1050 4008 πρὸς,
1083 3926 1111 3979 ὅ
1145 3927 1414 3996 βούλεται,
1459 3925 1554 3979 τοῦ
1607 3926 1928 3995 [πνεύματος
1974 3923 2049 3993 μὴ

475 4019 777 4089 δυναμένου
805 4019 898 4072 καὶ
923 4020 1081 4074 ἑαυτδ
1101 4021 1386 4090 προάγειν,
1416 4019 1518 4072 κᾶν
1541 4018 1635 4072 καὶ
1660 4017 1865 4088 φυσικὴ
1891 4017 2048 4086 ἐνέρ-

473 4128 599 4180 γεια
727 4112 788 4165 τὸ
839 4111 1194 4183 προϐάλλειν,
1243 4113 1338 4165 καὶ
1377 4113 1478 4182 τῆς
1507 4111 1678 4182 αὐτῆς
1729 4105 1888 4184 ᾗκαὶ
1915 4107 2048 4163 αὐτὸ

476 4203 692 4271 φύσεως
721 4204 910 4275 ὥσπερ
940 4201 1033 4260 οὖν
1068 4207 1160 4260 καὶ
1197 4205 1332 4260 ἐστι.

2137 1815 2316 1860 torum
2349 1804 2417 1858 ab
2453 1805 2572 1871 ipso
2613 1803 2954 1872 prolatorum
2995 1801 3340 1866 insistentes,
3375 1795 3466 1850 ubi
3515 1794 3704 1848 eadem

2133 1898 2392 1954 dill'usius
2445 1895 2694 1965 exponit,
2747 1892 3083 1947 suiﬁcienter
3130 1899 3244 1943 tum
3285 1889 3403 1941 hzec
3457 1895 3570 1939 tum
3619 1883 3708 1936 illa

2135 1992 2526 2054 dissolvimus,
2577 1997 2742 2057 atque
2787 1985 2902 2040 illic
2965 1983 3276 2038 auditorem
3347 1977 3706 2033 remittimus.

2135 2087 2328 2156 Neque
2359 2086 2506 2139 enim
2547 2080 2822 2136 laudabile
2855 2077 3000 2133 foret
3033 2083 3226 2132 contra
3261 2073 3706 2141 intempestivum

2141 2180 2417 2234 rationum
2450 2189 2644 2246 agmen
2682 2181 2738 2228 et
2769 2173 2920 2240 ipsos
2965 2184 3066 2224 nos
3101 2167 3262 2222 inane
3316 2166 3532 2236 pondus
3587 2163 3710 2216 lon-

2140 2285 2375 2342 gamque
2425 2267 2624 2322 seriem
2671 2266 2952 2318 rationum
2995 2273 3296 2329 Opponere.
3347 2257 3405 2310 Id
3469 2269 3600 2310 vero
3653 2253 3708 2307 in

2145 2361 2468 2418 memoriam
2502 2359 2772 2414 duntaxat
2823 2352 3044 2409 dicendi
3097 2350 3314 2420 cupidis
3359 2359 3708 2410 revocamus.

2143 2457 2290 2529 quod
2327 2469 2490 2510 omne
2517 2466 2684 2522 agens
2713 2449 2824 2519 agit
2855 2449 2910 2503 in
2941 2453 3214 2516 quantum
3255 2441 3468 2496 esthoc
3503 2436 3710 2505 aliquid

2142 2561 2200 2608 et
2233 2546 2605 2606 individuum,
2655 2542 2768 2612 agit
2813 2553 2997 2596 tamen
3045 2535 3350 2593 secundum
3401 2532 3490 2588 sui
3543 2529 3714 2598 ipsius

2143 2651 2396 2698 naturam
2423 2637 2507 2692 vel
2537 2646 2736 2701 artem,
2763 2633 2974 2689 idcirco
3005 2631 3170 2686 etiam
3196 2627 3411 2682 Patrem
3435 2632 3491 2679 et
3515 2623 3712 2676 Filium

2147 2732 2464 2804 producere
2505 2729 2728 2798 quidem
2765 2735 3040 2796 quatenus
3085 2723 3406 2792 hypostases
3451 2715 3713 2804 Spiritum

2149 2803 2426 2886 sanctum,
2455 2819 2766 2890 producere
2793 2829 2924 2869 vero
2958 2810 3262 2868 secundum
3299 2807 3544 2861 divinam
3576 2803 3711 2871 ipso-

2143 2931 2269 2971 rum
2313 2921 2592 2973 naturam,
2644 2919 2996 2962 communem
3043 2912 3100 2958 et
3145 2915 3310 2955 unam
3359 2896 3715 2963 eamdemque

2148 3017 2382 3060 numero
2427 3000 2714 3056 amborum
2768 3003 2934 3066 atque
2973 2995 3030 3048 in
3095 2992 3232 3062 ipsis
3290 2987 3716 3049 subsistentem;

2153 3111 2335 3168 neque
2365 3103 2616 3150 naturam
2646 3091 2826 3146 solum
2857 3103 3038 3157 neque
3066 3086 3244 3140 solum
3272 3094 3539 3152 personas
3568 3077 3712 3147 prin-

2149 3190 2293 3260 cipia
2321 3201 2442 3244 esse
2477 3181 2890 3256 progressionis
2921 3178 3170 3250 Spiritus
3213 3177 3414 3231 sancti.
3459 3173 3526 3226 Et
3573 3185 3715 3240 quo-

2149 3285 2294 3338 niam
2324 3280 2378 3334 in
2415 3279 2549 3349 ipsis
2589 3285 2788 3331 natura
2821 3289 2932 3329 non
2969 3281 3031 3328 ut
3067 3272 3124 3327 in
3176 3269 3338 3324 nobis
3391 3264 3716 3320 hominibus

2148 3370 2255 3424 alia
2287 3375 2453 3436 atque
2488 3366 2596 3420 alia
2625 3377 2864 3420 numero
2887 3370 2994 3428 est,
3025 3375 3206 3430 neque
3237 3359 3310 3412 ita
3337 3357 3394 3410 in
3422 3353 3559 3425 ipsis
3595 3353 3726 3408 sub-

2149 3463 2372 3520 sistens.
2395 3475 2586 3514 verum
2615 3468 2671 3512 et
2703 3473 2812 3512 una
2853 3455 3163 3523 eademque
3195 3464 3426 3506 numero
3465 3448 3520 3501 in
3557 3447 3722 3500 I’atre

2147 3571 2214 3612 ac
2235 3553 2376 3610 Filio
2406 3562 2490 3609 est
2513 3561 2568 3607 et
2590 3549 2864 3610 subsistit.
2894 3548 3055 3603 sicuti
3101 3545 3316 3600 dictum
3347 3551 3451 3603 est,
3471 3547 3726 3610 propter—

2153 3662 2217 3702 ea
2261 3647 2429 3701 etiam
2479 3645 2640 3700 ambo
2681 3657 2854 3696 unum
2925 3637 3258 3710 principium
3313 3643 3444 3690 sunt
3504 3641 3560 3686 et
3614 3645 3726 3684 una

2154 3739 2390 3794 duorum
2423 3736 2673 3807 operatio
2709 3744 2980 3806 quatenus
3020 3739 3148 3786 sunt
3187 3743 3382 3783 unum.
3416 3723 3533 3778 Tali
3565 3731 3726 3793 pacto

2149 3831 2254 3902 ipsi
2287 3839 2402 3886 tum
2439 3831 2493 3884 id
2534 3829 2681 3900 quod
2732 3827 2896 3882 unius
2932 3837 3182 3894 persona:
3237 3817 3489 3890 operatio
3525 3816 3727 3869 debeat

2150 3937 2273 3978 esse
2305 3919 2632 3990 productiva
2676 3919 2876 3980 virtus,
2907 3912 3180 3982 siquidem
3215 3906 3558 3979 personaleut
3593 3919 3723 3955 eum

2153 4028 2361 4085 ponere
2387 4011 2646 4074 velimus,
2691 4018 2806 4062 tum
2839 4016 2896 4062 et
2947 4001 3347 4076 principiorum
3396 3997 3632 4050 dualitas
3669 3994 3719 4045 in

2152 4105 2387 4162 nihilum
2450 4103 2686 4157 abibunt
2735 4111 2792 4154 et
2847 4111 3080 4168 prorsus
3142 4097 3511 4152 evanescent;
3563 4095 3729 4154 atque

2153 4200 2342 4265 etiam,
2373 4194 2518 4267 quod
2551 4193 2771 4258 asserit,
2797 4189 3043 4246 converti
3090 4195 3146 4241 et
3168 4189 3445 4252 exmquarl
3484 4189 3596 4232 tum
3631 4193 3728 4231 na-

477 4311 654 4356 turam
687 4308 803 4355 tum
873 4300 1202 4370 principium
1267 4299 1407 4354 nihil
1445 4299 1573 4354 facit
1634 4297 1703 4353 ad
1749 4297 1921 4366 ipsius
1977 4295 2271 4357 intentum,
2319 4304 2445 4344 eum
2492 4285 2730 4356 Spiritus
2778 4283 3018 4354 seipsum
3098 4285 3337 4348 nequeat
3395 4274 3728 4344 producere,

479 4396 731 4464 quamvis
791 4404 849 4449 et
887 4395 1195 4466 producere
1259 4395 1526 4450 naturalis
1578 4393 1722 4450 l‘oret
1764 4392 2011 4464 Operatio
2069 4397 2126 4460 et
2164 4388 2412 4460 ejusdem
2455 4391 2602 4438 esset
2656 4391 2714 4437 et
2759 4379 2942 4451 ipsum
2993 4385 3246 4436 naturae,
3299 4369 3461 4424 sicuti
3509 4381 3734 4437 quoque

477 4501 670 4543 revera
711 4497 817 4542 est.

847 4607 1111 4662 sessor
1153 4607 1309 4661 1cm.
1343 4606 1424 4659 IA'
1469 4604 1627 4677 (καί)
1658 4603 1757 4678 (2).

564 4717 628 4773 Ἦ
655 4720 754 4788 μία
796 4717 874 4788 τῷ
906 4716 1123 4788 ἀριθμῷ
1173 4718 1268 4769 καὶ
1308 4714 1461 4785 ἁπλῆ
1495 4715 1744 4783 ἐνέργεια
1782 4711 1876 4765 καὶ
1911 4709 2050 4782 πρὸς

481 4813 538 4865 ἓν
567 4813 850 4882 ἐνέργημα
894 4810 1151 4862 τείνουσα
1201 4807 1295 4861 καὶ
1343 4808 1477 4874 πρὸς
1503 4806 1562 4860 ἓν
1595 4807 1813 4876 ἀριθμῷ
1856 4807 1916 4859 τὸ
1971 4807 2057 4858 ὲν·-

482 4903 681 4971 εργοῦν
719 4901 1070 4970 ἀναφέρεται.
1099 4899 1282 4952 Ἔστω
1321 4897 1382 4950 τδ
1415 4896 1674 4966 ἐνεργοῦν
1715 4886 1866 4963 ὲφόὗ
1895 4895 1962 4960 Α,
1993 4893 2054 4946 τὸ

556 5044 630 5110 (-I)
675 5039 744 5094 Μ.
782 5037 908 5103 256,
966 5035 1271 5110 30lhhanc
1339 5035 1390 5110 in
1451 5036 1696 5110 margipe
1740 5033 1910 5110 ponit
1954 5045 2051 5110 no-

490 5102 596 5166 tant
615 5102 644 5166 ’ς
684 5111 854 5164 Τοῦτο
887 5102 982 5161 καὶ
1009 5108 1037 5158 ὁ
1083 5105 1466 5176 Ἀριττοτέλης
1491 5106 1547 5176 εν
1573 5102 1649 5170 τῷ
1684 5103 1924 5176 πέμπτῳ
1951 5103 2057 5176 τῆς

488 5182 720 5257 saeui;
745 5178 1072 5257 ,ἀκρορτεως
1105 5171 1290 5257 etiam.
1311 5173 1682 5257 ἀπρφαίνξτα.ε
1703 5171 2055 5257 ’.λέγεεγάρς

485 5239 601 5306 Μία
627 5239 852 5319 ἀρὶθμῷ
877 5239 1144 5319 ἐνέργειζτ
1161 5239 1334 5319 ξρνὸς
1366 5239 1752 5319 ἀριθμῷ..κῄ
1786 5239 2055 5319 Evt-Evado

483 5309 690 5391 ἐννάτῴ
725 5309 833 5373 τοῦ-
867 5309 1036 5371 αὑτοῦ
1095 5315 1307 5385 βιϐλίου
1344 5327 1356 5343 ⁸
1392 5309 1513 5367 Μίά
1569 5312 1815 5378 κίνησις
1860 5309 1898 5376 ’ἡ
1946 5311 2047 5377 ὑφ’

556 5436 632 5504 (α)
673 5433 810 5487 Nota
847 5430 1174 5504 marginalis
1209 5445 1224 5482 :
1263 5429 1376 5504 [Ioc
1419 5427 1585 5504 etiam
1633 5423 1958 5504 Aristoteles
1983 5422 2050 5504 li.-

479 5492 584 5562 bro
616 5492 814 5573 quinto
848 5492 1124 5573 Naturalis
1173 5495 1592 5573 auscultationis
1647 5492 2061 5573 9:..untiat_.__Ait

481 5563 881 5642 enim'(Natur.
930 5571 1166 5625 auscult.
1221 5571 1257 5642 l.
1291 5585 1345 5642 ν,
1399 5582 1521 5642 cap.
1558 5566 1610 5642 ᾧ,
1649 5564 1674 5633 §
1708 5564 1761 5626 8,
1795 5579 1848 5631 p.
1886 5563 2060 5642 δρψ-τ

487 5645 632 5698 Unus
657 5633 900 5706 numero,
932 5649 1079 5696 actus
1101 5647 1177 5693 est
1200 5633 1637 5707 (habituslunius
1665 5633 1981 5707 ituntei'oiljjt
2008 5633 2061 5686 in

484 5730 632 5772 nono
657 5703 902 5783 ejusdem
931 5711 1116 5783 Operis
1144 5703 1301 5783 (ibid.
1335 5707 1371 5783 l.
1401 5703 1498 5770 vn,
1524 5723 1573 5760 c.
1600 5707 1652 5768 6,
1673 5703 1779 5774 §'5,
1809 5703 2021 5783 p._35{i_t
2046 5718 2060 5756 :

494 5793 636 5838 Unus
665 5773 834 5840 motus
866 5794 939 5837 est
969 5773 1057 5853 qui
1086 5773 1162 5835 est
1188 5781 1294 5852 (vel
1327 5779 1371 5832 si
1405 5786 1510 5844 est,
1541 5773 1811 5843 cumpro
1851 5775 1883 5841 ἡ
1915 5773 2063 5828 edita

2085 4605 2139 4666 Ι)

2519 4587 2762 4645 EPHES.
2794 4587 2946 4643 CAP.
2989 4583 3060 4638 Xl
3096 4581 3380 4654 (XXVIII).

2231 4705 2350 4762 Una
2386 4717 2615 4759 numero
2639 4709 2696 4756 et
2725 4700 2960 4769 simplex
2985 4698 3234 4768 operatio
3267 4707 3432 4766 atque
3458 4694 3525 4749 ad
3567 4711 3752 4748 unum

2163 4797 2396 4853 tendens
2419 4795 2680 4851 ell‘ectum
2712 4791 2876 4848 etiam
2910 4791 2976 4844 ad
3021 4805 3190 4843 unum
3223 4801 3456 4842 munero
3489 4801 3737 4854 operans

2163 4904 2260 4944 seu
2311 4901 2480 4957 agens
2531 4885 2794 4940 refertur.
2829 4883 2914 4938 Sit
2957 4896 3124 4951 agens
3156 4880 3246 4934 ubi
3295 4879 3363 4943 Α,
3403 4878 3456 4933 id
3492 4877 3558 4932 ad
3590 4877 3738 4947 quod

2170 5023 2310 5088 ἑνός
2341 5039 2402 5075 τε
2425 5021 2530 5074 τοῦ
2555 5019 2873 5081 κινοῦντος
2902 5016 3002 5070 καὶ
3038 5017 3178 5088 ἐνρς
3207 5015 3313 5070 τοῦ
3340 5013 3739 5088 κινουμέγους

2169 5097 2220 5147 εὶ
2251 5081 2360 5159 γὶίρ
2381 5109 2435 5145 τι
2465 5090 2623 5145 ἄλλο
2655 5096 2755 5144 καὶ
2789 5091 2948 5142 ἄλλο
2982 5081 3246 5156 κινήάει,
3280 5088 3352 5140 οὺ
3386 5081 3662 5151 συνεχὴς
3700 5082 3756 5149 ής

2169 5164 2281 5227 ὅλη
2308 5165 2576 5228 κίνησις.

2236 5224 2311 5304 (9)
2355 5231 2416 5285 In
2437 5224 2591 5286 Μοιι.
2629 5229 2758 5294 256,
2795 5225 2836 5283 f.
2869 5227 2970 5284 501
2999 5243 3030 5282 a
3059 5235 3146 5284 est
3173 5241 3294 5296 cap.
3324 5224 3416 5282 29.

2157 5419 2396 5474 habeant
2425 5418 2494 5486 εἰ)
2527 5417 2590 5470 ab
2610 5433 2712 5469 uno
2737 5422 2972 5486 movente
2999 5424 3046 5466 et
3071 5414 3228 5486 nnina
3244 5410 3381 5486 quod
3413 5413 3684 5462 moveatur
3710 5423 3742 5470 ς,

2169 5491 2216 5543 si
2243 5505 2402 5557 quant
2441 5482 2580 5541 enim
2613 5502 2721 5538 rem
2762 5485 2914 5539 aliud
2953 5485 3104 5557 utqui
3134 5482 3282 5557 aliud
3313 5487 3534 5557 moueat,
3589 5485 3754 5557 totus.

2171 5546 2342 5612 motus
2375 5573 2480 5610 non
2514 5570 2587 5609 est
2617 5557 2916 5608 continuus.
2957 5546 3184 5608 Videtur
3217 5553 3330 5604 haec
3355 5547 3641 5602 adnotatio
3667 5546 3748 5600 atl'

2169 5643 2405 5696 Sequens
2442 5626 2825 5696 Marciicaput
2871 5623 3055 5696 poiius
3099 5619 3425 5696 rg'lereltilzt,
3474 5619 3548 5696 ad.
3591 5618 3755 5696 quoiﬁ

2171 5687 2362 5776 revera
2408 5697 2604 5766 legitur
2629 5695 2683 5746 in
2712 5687 2832 5748 eod.
2874 5687 3086 5747 Monac.
3109 5689 3208 5757 Ἣ,
3251 5689 3287 5744 Γ.
3320 5689 3427 5742 ξιιϋ
3453 5703 3503 5754 a,
3538 5687 3592 5741 in
3636 5688 3750 5742 lino

2173 5783 2403 5836 pugnum.
