  <div class='ocr_page' id='page_1' title='image "/cluster/home/n/w/nwhite01/storage/ocr_20150623/161/coo.31924054870666/195.png"; bbox 0 0 4124 6458; ppageno 0'>
   <div class='ocr_carea' id='block_1_1' title="bbox 1320 284 1425 296">
    <p class='ocr_par' dir='ltr' id='par_1_1' title="bbox 1320 284 1425 296">
     <span class='ocr_line' id='line_1_1' title="bbox 1320 284 1425 296; baseline 0.019 -2"><span class='ocrx_word' id='word_1_1' title='bbox 1320 284 1425 296; x_wconf 47' lang='grc' dir='ltr'><strong>-.οπο-</strong></span> 
     </span>
    </p>
   </div>
   <div class='ocr_carea' id='block_1_2' title="bbox 385 336 1975 409">
    <p class='ocr_par' dir='ltr' id='par_1_2' title="bbox 385 336 1975 407">
     <span class='ocr_line' id='line_1_2' title="bbox 385 336 1975 407; baseline 0.004 -10"><span class='ocrx_word' id='word_1_2' title='bbox 385 336 449 397; x_wconf 77' lang='grc'><strong>21</strong></span> <span class='ocrx_word' id='word_1_3' title='bbox 469 336 485 397; x_wconf 91' lang='grc' dir='ltr'><strong>ι</strong></span> <span class='ocrx_word' id='word_1_4' title='bbox 1761 345 1975 407; x_wconf 80' lang='lat' dir='ltr'><strong>BESSA</strong></span> 
     </span>
    </p>
   </div>
   <div class='ocr_carea' id='block_1_3' title="bbox 2077 336 3641 409">
    <p class='ocr_par' dir='ltr' id='par_1_3' title="bbox 2077 342 3641 409">
     <span class='ocr_line' id='line_1_3' title="bbox 2077 342 3641 409; baseline 0.002 -5"><span class='ocrx_word' id='word_1_5' title='bbox 2077 345 2279 407; x_wconf 67' lang='lat' dir='ltr'><strong>.CNIS</strong></span> <span class='ocrx_word' id='word_1_6' title='bbox 3536 342 3641 409; x_wconf 62' lang='lat' dir='ltr'><strong>2P2</strong></span> 
     </span>
    </p>
   </div>
   <div class='ocr_carea' id='block_1_4' title="bbox 389 451 1975 532">
    <p class='ocr_par' dir='ltr' id='par_1_4' title="bbox 389 452 1953 532">
     <span class='ocr_line' id='line_1_4' title="bbox 389 452 1953 532; baseline 0.009 -30"><span class='ocrx_word' id='word_1_7' title='bbox 389 452 637 518; x_wconf 73' lang='lat' dir='ltr'><strong>Operatio</strong></span> <span class='ocrx_word' id='word_1_8' title='bbox 665 452 754 507; x_wconf 86' lang='lat' dir='ltr'><strong>uhi</strong></span> <span class='ocrx_word' id='word_1_9' title='bbox 789 453 857 520; x_wconf 80' lang='grc' dir='ltr'>ϐ,</span> <span class='ocrx_word' id='word_1_10' title='bbox 889 453 1216 513; x_wconf 77' lang='lat' dir='ltr'><strong>intermedia</strong></span> <span class='ocrx_word' id='word_1_11' title='bbox 1241 473 1370 514; x_wconf 92' lang='lat' dir='ltr'><strong>vero</strong></span> <span class='ocrx_word' id='word_1_12' title='bbox 1395 460 1541 516; x_wconf 90' lang='lat' dir='ltr'><strong>inter</strong></span> <span class='ocrx_word' id='word_1_13' title='bbox 1562 460 1677 516; x_wconf 72' lang='lat' dir='ltr'><strong>hzec</strong></span> <span class='ocrx_word' id='word_1_14' title='bbox 1700 461 1953 532; x_wconf 81' lang='lat' dir='ltr'><strong>operatio</strong></span> 
     </span>
    </p>
   </div>
   <div class='ocr_carea' id='block_1_5' title="bbox 2077 451 3640 532">
    <p class='ocr_par' dir='ltr' id='par_1_5' title="bbox 2077 451 3640 529">
     <span class='ocr_line' id='line_1_5' title="bbox 2077 451 3640 529; baseline -0.001 -18"><span class='ocrx_word' id='word_1_15' title='bbox 2077 459 2193 529; x_wconf 80' lang='grc' dir='ltr'>τρδς</span> <span class='ocrx_word' id='word_1_16' title='bbox 2222 459 2309 529; x_wconf 74' lang='grc' dir='ltr'><strong>δή</strong></span> <span class='ocrx_word' id='word_1_17' title='bbox 2345 458 2593 529; x_wconf 77' lang='grc' dir='ltr'>ἐνέργεια</span> <span class='ocrx_word' id='word_1_18' title='bbox 2645 451 2794 527; x_wconf 70' lang='grc' dir='ltr'>ὲφόὗ</span> <span class='ocrx_word' id='word_1_19' title='bbox 2826 459 2887 523; x_wconf 82' lang='grc' dir='ltr'>Γ,</span> <span class='ocrx_word' id='word_1_20' title='bbox 2920 456 3124 528; x_wconf 72' lang='grc' dir='ltr'>μεταξῦ</span> <span class='ocrx_word' id='word_1_21' title='bbox 3175 456 3233 512; x_wconf 78' lang='grc' dir='ltr'><strong>δὲ</strong></span> <span class='ocrx_word' id='word_1_22' title='bbox 3261 456 3440 511; x_wconf 73' lang='grc' dir='ltr'>αὐτῶν</span> <span class='ocrx_word' id='word_1_23' title='bbox 3489 456 3640 527; x_wconf 75' lang='grc' dir='ltr'>ἐνέρ-</span> 
     </span>
    </p>
   </div>
   <div class='ocr_carea' id='block_1_6' title="bbox 390 547 1975 623">
    <p class='ocr_par' dir='ltr' id='par_1_6' title="bbox 390 547 1960 622">
     <span class='ocr_line' id='line_1_6' title="bbox 390 547 1960 622; baseline 0.008 -28"><span class='ocrx_word' id='word_1_24' title='bbox 390 557 501 595; x_wconf 86' lang='lat' dir='ltr'><strong>una</strong></span> <span class='ocrx_word' id='word_1_25' title='bbox 558 559 813 606; x_wconf 84' lang='lat' dir='ltr'><strong>numero,</strong></span> <span class='ocrx_word' id='word_1_26' title='bbox 868 547 1128 602; x_wconf 70' lang='lat' dir='ltr'><strong>videlicet</strong></span> <span class='ocrx_word' id='word_1_27' title='bbox 1179 548 1307 613; x_wconf 80' lang='lat' dir='ltr'><strong>AG;</strong></span> <span class='ocrx_word' id='word_1_28' title='bbox 1365 566 1427 605; x_wconf 84' lang='lat' dir='ltr'><strong>ac</strong></span> <span class='ocrx_word' id='word_1_29' title='bbox 1493 552 1662 606; x_wconf 89' lang='lat' dir='ltr'><strong>etiam</strong></span> <span class='ocrx_word' id='word_1_30' title='bbox 1715 552 1960 622; x_wconf 83' lang='lat' dir='ltr'><strong>agensA</strong></span> 
     </span>
    </p>
   </div>
   <div class='ocr_carea' id='block_1_7' title="bbox 2077 547 3642 623">
    <p class='ocr_par' dir='ltr' id='par_1_7' title="bbox 2077 549 3642 623">
     <span class='ocr_line' id='line_1_7' title="bbox 2077 549 3642 623; baseline -0.003 -18"><span class='ocrx_word' id='word_1_31' title='bbox 2077 569 2189 621; x_wconf 79' lang='grc' dir='ltr'>γεια</span> <span class='ocrx_word' id='word_1_32' title='bbox 2230 552 2328 621; x_wconf 89' lang='grc' dir='ltr'><strong>μία</strong></span> <span class='ocrx_word' id='word_1_33' title='bbox 2364 551 2440 623; x_wconf 80' lang='grc' dir='ltr'>τῷ</span> <span class='ocrx_word' id='word_1_34' title='bbox 2465 549 2678 622; x_wconf 80' lang='grc' dir='ltr'>ἀριθμῷ</span> <span class='ocrx_word' id='word_1_35' title='bbox 2708 552 2742 620; x_wconf 80' lang='grc' dir='ltr'><strong>ἡ</strong></span> <span class='ocrx_word' id='word_1_36' title='bbox 2762 551 2846 605; x_wconf 78' lang='grc' dir='ltr'><strong>ΑΓ</strong></span> <span class='ocrx_word' id='word_1_37' title='bbox 2865 568 2878 582; x_wconf 89' lang='grc'><strong>·</strong></span> <span class='ocrx_word' id='word_1_38' title='bbox 2917 549 3059 618; x_wconf 82' lang='grc' dir='ltr'>λέγω</span> <span class='ocrx_word' id='word_1_39' title='bbox 3085 551 3164 603; x_wconf 77' lang='grc' dir='ltr'><strong>ὅτι</strong></span> <span class='ocrx_word' id='word_1_40' title='bbox 3184 549 3279 603; x_wconf 73' lang='grc' dir='ltr'>καὶ</span> <span class='ocrx_word' id='word_1_41' title='bbox 3308 549 3367 602; x_wconf 73' lang='grc' dir='ltr'>τὸ</span> <span class='ocrx_word' id='word_1_42' title='bbox 3385 549 3642 617; x_wconf 71' lang='grc' dir='ltr'>ἐνεργοῦν</span> 
     </span>
    </p>
   </div>
   <div class='ocr_carea' id='block_1_8' title="bbox 390 638 1975 711">
    <p class='ocr_par' dir='ltr' id='par_1_8' title="bbox 390 638 1959 708">
     <span class='ocr_line' id='line_1_8' title="bbox 390 638 1959 708; baseline 0.006 -21"><span class='ocrx_word' id='word_1_43' title='bbox 390 647 562 689; x_wconf 84' lang='lat' dir='ltr'><strong>unum</strong></span> <span class='ocrx_word' id='word_1_44' title='bbox 598 650 718 691; x_wconf 83' lang='lat' dir='ltr'><strong>esse</strong></span> <span class='ocrx_word' id='word_1_45' title='bbox 764 652 1017 693; x_wconf 86' lang='lat' dir='ltr'><strong>numero.</strong></span> <span class='ocrx_word' id='word_1_46' title='bbox 1069 638 1176 694; x_wconf 90' lang='lat' dir='ltr'><strong>Sed</strong></span> <span class='ocrx_word' id='word_1_47' title='bbox 1213 642 1326 695; x_wconf 87' lang='lat' dir='ltr'><strong>sint</strong></span> <span class='ocrx_word' id='word_1_48' title='bbox 1362 644 1471 697; x_wconf 87' lang='lat' dir='ltr'><strong>duo</strong></span> <span class='ocrx_word' id='word_1_49' title='bbox 1510 644 1637 708; x_wconf 81' lang='lat' dir='ltr'><strong>AB;</strong></span> <span class='ocrx_word' id='word_1_50' title='bbox 1684 644 1725 697; x_wconf 92' lang='lat' dir='ltr'><strong>B</strong></span> <span class='ocrx_word' id='word_1_51' title='bbox 1776 656 1959 700; x_wconf 84' lang='lat' dir='ltr'><strong>autem</strong></span> 
     </span>
    </p>
   </div>
   <div class='ocr_carea' id='block_1_9' title="bbox 2077 638 3641 711">
    <p class='ocr_par' dir='ltr' id='par_1_9' title="bbox 2077 639 3641 711">
     <span class='ocr_line' id='line_1_9' title="bbox 2077 639 3641 711; baseline -0.001 -18"><span class='ocrx_word' id='word_1_52' title='bbox 2077 643 2105 693; x_wconf 66' lang='grc' dir='ltr'>Α</span> <span class='ocrx_word' id='word_1_53' title='bbox 2139 642 2197 694; x_wconf 77' lang='grc' dir='ltr'>ἓν</span> <span class='ocrx_word' id='word_1_54' title='bbox 2217 644 2363 694; x_wconf 78' lang='grc' dir='ltr'>ἐστιν</span> <span class='ocrx_word' id='word_1_55' title='bbox 2388 639 2626 711; x_wconf 81' lang='grc' dir='ltr'>ἀριθμῷ.</span> <span class='ocrx_word' id='word_1_56' title='bbox 2651 642 2742 706; x_wconf 82' lang='grc' dir='ltr'><strong>Μὴ</strong></span> <span class='ocrx_word' id='word_1_57' title='bbox 2766 641 2875 711; x_wconf 74' lang='grc' dir='ltr'>γὰρ</span> <span class='ocrx_word' id='word_1_58' title='bbox 2891 641 3006 694; x_wconf 86' lang='grc' dir='ltr'>ἀλλ’</span> <span class='ocrx_word' id='word_1_59' title='bbox 3031 641 3172 694; x_wconf 72' lang='grc' dir='ltr'>ἔστω</span> <span class='ocrx_word' id='word_1_60' title='bbox 3188 639 3281 693; x_wconf 80' lang='grc' dir='ltr'><strong>δύο</strong></span> <span class='ocrx_word' id='word_1_61' title='bbox 3303 639 3371 692; x_wconf 84' lang='grc' dir='ltr'><strong>τά</strong></span> <span class='ocrx_word' id='word_1_62' title='bbox 3388 641 3569 702; x_wconf 66' lang='grc' dir='ltr'>ΑΒ,τδ</span> <span class='ocrx_word' id='word_1_63' title='bbox 3584 640 3641 692; x_wconf 84' lang='grc' dir='ltr'>δὲ</span> 
     </span>
    </p>
   </div>
   <div class='ocr_carea' id='block_1_10' title="bbox 388 723 1975 807">
    <p class='ocr_par' dir='ltr' id='par_1_10' title="bbox 388 723 1961 804">
     <span class='ocr_line' id='line_1_10' title="bbox 388 723 1961 804; baseline 0.009 -28"><span class='ocrx_word' id='word_1_64' title='bbox 388 723 479 779; x_wconf 66' lang='lat' dir='ltr'><strong>vel</strong></span> <span class='ocrx_word' id='word_1_65' title='bbox 510 740 634 793; x_wconf 85' lang='lat' dir='ltr'><strong>pars</strong></span> <span class='ocrx_word' id='word_1_66' title='bbox 666 734 749 781; x_wconf 87' lang='lat' dir='ltr'><strong>est</strong></span> <span class='ocrx_word' id='word_1_67' title='bbox 782 728 954 796; x_wconf 83' lang='lat' dir='ltr'><strong>ipsius</strong></span> <span class='ocrx_word' id='word_1_68' title='bbox 986 731 1052 796; x_wconf 81' lang='grc' dir='ltr'>Α,</span> <span class='ocrx_word' id='word_1_69' title='bbox 1091 731 1174 785; x_wconf 87' lang='lat' dir='ltr'><strong>vel</strong></span> <span class='ocrx_word' id='word_1_70' title='bbox 1218 742 1372 787; x_wconf 76' lang='lat' dir='ltr'><strong>extra</strong></span> <span class='ocrx_word' id='word_1_71' title='bbox 1406 734 1584 803; x_wconf 87' lang='lat' dir='ltr'><strong>ipsum</strong></span> <span class='ocrx_word' id='word_1_72' title='bbox 1615 737 1879 804; x_wconf 77' lang='lat' dir='ltr'><strong>positum.</strong></span> <span class='ocrx_word' id='word_1_73' title='bbox 1903 737 1961 792; x_wconf 88' lang='lat' dir='ltr'><strong>Si</strong></span> 
     </span>
    </p>
   </div>
   <div class='ocr_carea' id='block_1_11' title="bbox 2077 723 3642 807">
    <p class='ocr_par' dir='ltr' id='par_1_11' title="bbox 2077 731 3642 807">
     <span class='ocr_line' id='line_1_11' title="bbox 2077 731 3642 807; baseline -0.001 -22"><span class='ocrx_word' id='word_1_74' title='bbox 2077 734 2107 785; x_wconf 84' lang='grc' dir='ltr'>Β</span> <span class='ocrx_word' id='word_1_75' title='bbox 2136 735 2253 804; x_wconf 72' lang='grc' dir='ltr'>ἦτοι</span> <span class='ocrx_word' id='word_1_76' title='bbox 2297 734 2461 807; x_wconf 76' lang='grc' dir='ltr'>μέρος</span> <span class='ocrx_word' id='word_1_77' title='bbox 2479 733 2623 787; x_wconf 79' lang='grc' dir='ltr'>ἐστὶν</span> <span class='ocrx_word' id='word_1_78' title='bbox 2644 733 2811 789; x_wconf 79' lang='grc' dir='ltr'>αὑτοῦ</span> <span class='ocrx_word' id='word_1_79' title='bbox 2832 731 2926 786; x_wconf 82' lang='grc' dir='ltr'>τοῦ</span> <span class='ocrx_word' id='word_1_80' title='bbox 2949 732 2993 787; x_wconf 78' lang='grc' dir='ltr'>Α</span> <span class='ocrx_word' id='word_1_81' title='bbox 3015 732 3047 803; x_wconf 76' lang='grc' dir='ltr'>ἢ</span> <span class='ocrx_word' id='word_1_82' title='bbox 3070 732 3239 801; x_wconf 76' lang='grc' dir='ltr'>χωρὶς</span> <span class='ocrx_word' id='word_1_83' title='bbox 3261 731 3429 784; x_wconf 82' lang='grc' dir='ltr'>αὐτοῦ</span> <span class='ocrx_word' id='word_1_84' title='bbox 3454 732 3642 799; x_wconf 58' lang='grc' dir='ltr'>κείμε-</span> 
     </span>
    </p>
   </div>
   <div class='ocr_carea' id='block_1_12' title="bbox 390 813 1975 897">
    <p class='ocr_par' dir='ltr' id='par_1_12' title="bbox 390 813 1960 896">
     <span class='ocr_line' id='line_1_12' title="bbox 390 813 1960 896; baseline 0.008 -29"><span class='ocrx_word' id='word_1_85' title='bbox 390 813 561 882; x_wconf 78' lang='lat' dir='ltr'><strong>igitur</strong></span> <span class='ocrx_word' id='word_1_86' title='bbox 596 816 769 886; x_wconf 86' lang='lat' dir='ltr'><strong>ipsius</strong></span> <span class='ocrx_word' id='word_1_87' title='bbox 797 833 963 887; x_wconf 86' lang='lat' dir='ltr'><strong>pars,</strong></span> <span class='ocrx_word' id='word_1_88' title='bbox 1007 836 1117 876; x_wconf 85' lang='lat' dir='ltr'><strong>non</strong></span> <span class='ocrx_word' id='word_1_89' title='bbox 1176 821 1324 877; x_wconf 82' lang='lat' dir='ltr'><strong>aliud</strong></span> <span class='ocrx_word' id='word_1_90' title='bbox 1373 835 1572 893; x_wconf 73' lang='lat' dir='ltr'><strong>przeter</strong></span> <span class='ocrx_word' id='word_1_91' title='bbox 1622 827 1801 896; x_wconf 92' lang='lat' dir='ltr'><strong>ipsum</strong></span> <span class='ocrx_word' id='word_1_92' title='bbox 1852 835 1960 893; x_wconf 87' lang='lat' dir='ltr'><strong>est,</strong></span> 
     </span>
    </p>
   </div>
   <div class='ocr_carea' id='block_1_13' title="bbox 2077 813 3643 897">
    <p class='ocr_par' dir='ltr' id='par_1_13' title="bbox 2077 824 3643 897">
     <span class='ocr_line' id='line_1_13' title="bbox 2077 824 3643 897; baseline -0.003 -16"><span class='ocrx_word' id='word_1_93' title='bbox 2077 844 2172 881; x_wconf 65' lang='grc' dir='ltr'>νον.</span> <span class='ocrx_word' id='word_1_94' title='bbox 2198 828 2258 880; x_wconf 86' lang='grc' dir='ltr'>Εἰ</span> <span class='ocrx_word' id='word_1_95' title='bbox 2278 827 2378 895; x_wconf 81' lang='grc' dir='ltr'>μὲν</span> <span class='ocrx_word' id='word_1_96' title='bbox 2394 826 2487 880; x_wconf 81' lang='grc' dir='ltr'>οὖν</span> <span class='ocrx_word' id='word_1_97' title='bbox 2509 827 2674 897; x_wconf 81' lang='grc' dir='ltr'>μέρος</span> <span class='ocrx_word' id='word_1_98' title='bbox 2700 827 2847 880; x_wconf 74' lang='grc' dir='ltr'>ἐστὶν</span> <span class='ocrx_word' id='word_1_99' title='bbox 2867 825 3056 892; x_wconf 79' lang='grc' dir='ltr'>αὑτοῦ,</span> <span class='ocrx_word' id='word_1_100' title='bbox 3081 824 3181 878; x_wconf 82' lang='grc' dir='ltr'><strong>οὐκ</strong></span> <span class='ocrx_word' id='word_1_101' title='bbox 3203 824 3334 879; x_wconf 82' lang='grc' dir='ltr'>ἀλλο</span> <span class='ocrx_word' id='word_1_102' title='bbox 3356 824 3487 895; x_wconf 85' lang='grc' dir='ltr'>παρ’</span> <span class='ocrx_word' id='word_1_103' title='bbox 3510 824 3643 876; x_wconf 75' lang='grc' dir='ltr'>αὐτό</span> 
     </span>
    </p>
   </div>
   <div class='ocr_carea' id='block_1_14' title="bbox 391 904 1975 990">
    <p class='ocr_par' dir='ltr' id='par_1_14' title="bbox 391 904 1964 979">
     <span class='ocr_line' id='line_1_14' title="bbox 391 904 1964 979; baseline 0.01 -22"><span class='ocrx_word' id='word_1_104' title='bbox 391 904 487 958; x_wconf 89' lang='lat' dir='ltr'><strong>scd</strong></span> <span class='ocrx_word' id='word_1_105' title='bbox 522 921 689 959; x_wconf 91' lang='lat' dir='ltr'><strong>unum</strong></span> <span class='ocrx_word' id='word_1_106' title='bbox 744 923 869 962; x_wconf 92' lang='lat' dir='ltr'><strong>cum</strong></span> <span class='ocrx_word' id='word_1_107' title='bbox 925 909 1066 979; x_wconf 87' lang='lat' dir='ltr'><strong>ipso,</strong></span> <span class='ocrx_word' id='word_1_108' title='bbox 1103 921 1158 966; x_wconf 88' lang='lat' dir='ltr'><strong>et</strong></span> <span class='ocrx_word' id='word_1_109' title='bbox 1212 913 1292 966; x_wconf 91' lang='lat' dir='ltr'><strong>sic</strong></span> <span class='ocrx_word' id='word_1_110' title='bbox 1342 930 1563 969; x_wconf 85' lang='lat' dir='ltr'><strong>rursum</strong></span> <span class='ocrx_word' id='word_1_111' title='bbox 1625 925 1796 971; x_wconf 89' lang='lat' dir='ltr'><strong>totum</strong></span> <span class='ocrx_word' id='word_1_112' title='bbox 1855 920 1964 973; x_wconf 87' lang='lat' dir='ltr'><strong>erit</strong></span> 
     </span>
    </p>
   </div>
   <div class='ocr_carea' id='block_1_15' title="bbox 2077 904 3642 990">
    <p class='ocr_par' dir='ltr' id='par_1_15' title="bbox 2077 916 3642 990">
     <span class='ocr_line' id='line_1_15' title="bbox 2077 916 3642 990; baseline -0.004 -19"><span class='ocrx_word' id='word_1_113' title='bbox 2077 920 2232 985; x_wconf 67' lang='grc' dir='ltr'>ἐστιν,</span> <span class='ocrx_word' id='word_1_114' title='bbox 2255 921 2367 974; x_wconf 81' lang='grc' dir='ltr'>ἀλλ’</span> <span class='ocrx_word' id='word_1_115' title='bbox 2385 921 2443 973; x_wconf 83' lang='grc' dir='ltr'>ἓν</span> <span class='ocrx_word' id='word_1_116' title='bbox 2460 921 2771 990; x_wconf 82' lang='grc' dir='ltr'>μετάὑτοῦ,</span> <span class='ocrx_word' id='word_1_117' title='bbox 2793 919 2886 972; x_wconf 75' lang='grc' dir='ltr'>καὶ</span> <span class='ocrx_word' id='word_1_118' title='bbox 2908 918 3050 971; x_wconf 78' lang='grc' dir='ltr'>οὕτω</span> <span class='ocrx_word' id='word_1_119' title='bbox 3079 916 3241 972; x_wconf 83' lang='grc' dir='ltr'>πάλιν</span> <span class='ocrx_word' id='word_1_120' title='bbox 3264 916 3421 970; x_wconf 77' lang='grc' dir='ltr'>ἔσται</span> <span class='ocrx_word' id='word_1_121' title='bbox 3440 916 3500 968; x_wconf 84' lang='grc' dir='ltr'>τὸ</span> <span class='ocrx_word' id='word_1_122' title='bbox 3522 916 3642 968; x_wconf 78' lang='grc' dir='ltr'>ὅλον</span> 
     </span>
    </p>
   </div>
   <div class='ocr_carea' id='block_1_16' title="bbox 392 994 1975 1083">
    <p class='ocr_par' dir='ltr' id='par_1_16' title="bbox 392 1000 1963 1065">
     <span class='ocr_line' id='line_1_16' title="bbox 392 1000 1963 1065; baseline 0.011 -18"><span class='ocrx_word' id='word_1_123' title='bbox 392 1010 565 1049; x_wconf 85' lang='lat' dir='ltr'><strong>unum</strong></span> <span class='ocrx_word' id='word_1_124' title='bbox 617 1014 866 1053; x_wconf 82' lang='lat' dir='ltr'><strong>numero.</strong></span> <span class='ocrx_word' id='word_1_125' title='bbox 898 1000 952 1056; x_wconf 87' lang='lat' dir='ltr'><strong>Si</strong></span> <span class='ocrx_word' id='word_1_126' title='bbox 986 1018 1117 1057; x_wconf 88' lang='lat' dir='ltr'><strong>vero</strong></span> <span class='ocrx_word' id='word_1_127' title='bbox 1150 1006 1380 1059; x_wconf 90' lang='lat' dir='ltr'><strong>seorsim</strong></span> <span class='ocrx_word' id='word_1_128' title='bbox 1431 1018 1487 1062; x_wconf 91' lang='lat' dir='ltr'><strong>et</strong></span> <span class='ocrx_word' id='word_1_129' title='bbox 1535 1018 1688 1064; x_wconf 83' lang='lat' dir='ltr'><strong>extra</strong></span> <span class='ocrx_word' id='word_1_130' title='bbox 1727 1011 1859 1065; x_wconf 89' lang='lat' dir='ltr'><strong>illud</strong></span> <span class='ocrx_word' id='word_1_131' title='bbox 1890 1011 1963 1065; x_wconf 91' lang='lat' dir='ltr'><strong>si-</strong></span> 
     </span>
    </p>
   </div>
   <div class='ocr_carea' id='block_1_17' title="bbox 2077 994 3642 1083">
    <p class='ocr_par' dir='ltr' id='par_1_17' title="bbox 2077 994 3642 1083">
     <span class='ocr_line' id='line_1_17' title="bbox 2077 994 3642 1083; baseline -0.005 -18"><span class='ocrx_word' id='word_1_132' title='bbox 2077 1012 2124 1065; x_wconf 69' lang='grc' dir='ltr'>ἓν</span> <span class='ocrx_word' id='word_1_133' title='bbox 2155 1012 2398 1083; x_wconf 83' lang='grc' dir='ltr'>ἀριθμῷ.</span> <span class='ocrx_word' id='word_1_134' title='bbox 2437 1014 2497 1065; x_wconf 80' lang='lat' dir='ltr'><strong>Ei</strong></span> <span class='ocrx_word' id='word_1_135' title='bbox 2527 1011 2582 1065; x_wconf 75' lang='grc' dir='ltr'><strong>δὲ</strong></span> <span class='ocrx_word' id='word_1_136' title='bbox 2620 1011 2791 1080; x_wconf 72' lang='grc' dir='ltr'>χωρὶς</span> <span class='ocrx_word' id='word_1_137' title='bbox 2841 1008 3008 1064; x_wconf 81' lang='grc' dir='ltr'>αὑτοῦ</span> <span class='ocrx_word' id='word_1_138' title='bbox 3057 994 3493 1069; x_wconf 59' lang='grc' dir='ltr'>κείται,ῗιείσθω</span> <span class='ocrx_word' id='word_1_139' title='bbox 3543 1006 3642 1057; x_wconf 76' lang='grc' dir='ltr'><strong>κά-</strong></span> 
     </span>
    </p>
   </div>
   <div class='ocr_carea' id='block_1_18' title="bbox 391 1092 1975 1173">
    <p class='ocr_par' dir='ltr' id='par_1_18' title="bbox 391 1092 1964 1170">
     <span class='ocr_line' id='line_1_18' title="bbox 391 1092 1964 1170; baseline 0.011 -31"><span class='ocrx_word' id='word_1_140' title='bbox 391 1096 507 1141; x_wconf 93' lang='lat' dir='ltr'><strong>tum</strong></span> <span class='ocrx_word' id='word_1_141' title='bbox 561 1098 665 1154; x_wconf 82' lang='lat' dir='ltr'><strong>est,</strong></span> <span class='ocrx_word' id='word_1_142' title='bbox 709 1092 887 1160; x_wconf 88' lang='lat' dir='ltr'><strong>primo</strong></span> <span class='ocrx_word' id='word_1_143' title='bbox 941 1097 1012 1147; x_wconf 81' lang='lat' dir='ltr'><strong>sit</strong></span> <span class='ocrx_word' id='word_1_144' title='bbox 1063 1096 1303 1165; x_wconf 87' lang='lat' dir='ltr'><strong>positum</strong></span> <span class='ocrx_word' id='word_1_145' title='bbox 1357 1098 1426 1152; x_wconf 88' lang='lat' dir='ltr'><strong>ab</strong></span> <span class='ocrx_word' id='word_1_146' title='bbox 1474 1099 1613 1153; x_wconf 79' lang='lat' dir='ltr'><strong>infra</strong></span> <span class='ocrx_word' id='word_1_147' title='bbox 1645 1142 1659 1166; x_wconf 94' lang='lat'><strong>,</strong></span> <span class='ocrx_word' id='word_1_148' title='bbox 1712 1103 1964 1170; x_wconf 77' lang='lat' dir='ltr'><strong>operatio</strong></span> 
     </span>
    </p>
   </div>
   <div class='ocr_carea' id='block_1_19' title="bbox 2077 1092 3645 1173">
    <p class='ocr_par' dir='ltr' id='par_1_19' title="bbox 2077 1099 3645 1173">
     <span class='ocr_line' id='line_1_19' title="bbox 2077 1099 3645 1173; baseline -0.006 -17"><span class='ocrx_word' id='word_1_149' title='bbox 2077 1103 2248 1157; x_wconf 79' lang='grc' dir='ltr'>τωθεν</span> <span class='ocrx_word' id='word_1_150' title='bbox 2287 1108 2509 1173; x_wconf 81' lang='grc' dir='ltr'>πρῶτον</span> <span class='ocrx_word' id='word_1_151' title='bbox 2528 1119 2541 1133; x_wconf 80' lang='grc'><strong><em>⁸</em></strong></span> <span class='ocrx_word' id='word_1_152' title='bbox 2566 1104 2600 1173; x_wconf 85' lang='grc' dir='ltr'>ὴ</span> <span class='ocrx_word' id='word_1_153' title='bbox 2630 1103 2685 1156; x_wconf 82' lang='grc' dir='ltr'><strong>δὲ</strong></span> <span class='ocrx_word' id='word_1_154' title='bbox 2713 1103 2820 1157; x_wconf 82' lang='grc' dir='ltr'><strong>ἀπὸ</strong></span> <span class='ocrx_word' id='word_1_155' title='bbox 2843 1100 2936 1154; x_wconf 72' lang='grc' dir='ltr'>τοῦ</span> <span class='ocrx_word' id='word_1_156' title='bbox 2968 1100 3013 1154; x_wconf 79' lang='grc' dir='ltr'><strong>Α</strong></span> <span class='ocrx_word' id='word_1_157' title='bbox 3047 1100 3180 1171; x_wconf 79' lang='grc' dir='ltr'>πρὸς</span> <span class='ocrx_word' id='word_1_158' title='bbox 3213 1099 3274 1152; x_wconf 78' lang='grc' dir='ltr'><strong>τὸ</strong></span> <span class='ocrx_word' id='word_1_159' title='bbox 3300 1099 3340 1152; x_wconf 83' lang='grc' dir='ltr'><strong>Γ</strong></span> <span class='ocrx_word' id='word_1_160' title='bbox 3390 1099 3645 1166; x_wconf 73' lang='grc' dir='ltr'>ἐνέργεια</span> 
     </span>
    </p>
   </div>
   <div class='ocr_carea' id='block_1_20' title="bbox 390 1178 1975 1266">
    <p class='ocr_par' dir='ltr' id='par_1_20' title="bbox 390 1178 1960 1258">
     <span class='ocr_line' id='line_1_20' title="bbox 390 1178 1960 1258; baseline 0.013 -30"><span class='ocrx_word' id='word_1_161' title='bbox 390 1192 526 1231; x_wconf 84' lang='lat' dir='ltr'><strong>vero</strong></span> <span class='ocrx_word' id='word_1_162' title='bbox 573 1178 747 1242; x_wconf 78' lang='lat' dir='ltr'><strong>ipsius</strong></span> <span class='ocrx_word' id='word_1_163' title='bbox 777 1184 813 1233; x_wconf 78' lang='grc' dir='ltr'><strong>Α</strong></span> <span class='ocrx_word' id='word_1_164' title='bbox 851 1181 917 1237; x_wconf 91' lang='lat' dir='ltr'><strong>ad</strong></span> <span class='ocrx_word' id='word_1_165' title='bbox 948 1183 993 1239; x_wconf 89' lang='lat' dir='ltr'><strong><em>G</em></strong></span> <span class='ocrx_word' id='word_1_166' title='bbox 1030 1185 1113 1239; x_wconf 87' lang='lat' dir='ltr'><strong>vel</strong></span> <span class='ocrx_word' id='word_1_167' title='bbox 1151 1188 1439 1256; x_wconf 65' lang='lat' dir='ltr'><strong>mquahilis</strong></span> <span class='ocrx_word' id='word_1_168' title='bbox 1471 1200 1528 1245; x_wconf 82' lang='lat' dir='ltr'><strong>et</strong></span> <span class='ocrx_word' id='word_1_169' title='bbox 1555 1193 1817 1247; x_wconf 79' lang='lat' dir='ltr'><strong>continua</strong></span> <span class='ocrx_word' id='word_1_170' title='bbox 1856 1202 1960 1258; x_wconf 88' lang='lat' dir='ltr'><strong>est,</strong></span> 
     </span>
    </p>
   </div>
   <div class='ocr_carea' id='block_1_21' title="bbox 2077 1178 3644 1266">
    <p class='ocr_par' dir='ltr' id='par_1_21' title="bbox 2077 1190 3644 1266">
     <span class='ocr_line' id='line_1_21' title="bbox 2077 1190 3644 1266; baseline -0.004 -19"><span class='ocrx_word' id='word_1_171' title='bbox 2077 1196 2194 1266; x_wconf 64' lang='grc' dir='ltr'>ἤτοι</span> <span class='ocrx_word' id='word_1_172' title='bbox 2279 1196 2461 1266; x_wconf 77' lang='grc' dir='ltr'>ὁμαλὴ</span> <span class='ocrx_word' id='word_1_173' title='bbox 2522 1195 2615 1249; x_wconf 73' lang='grc' dir='ltr'>καὶ</span> <span class='ocrx_word' id='word_1_174' title='bbox 2656 1195 2889 1264; x_wconf 77' lang='grc' dir='ltr'>συνεχής</span> <span class='ocrx_word' id='word_1_175' title='bbox 2926 1196 3074 1247; x_wconf 76' lang='grc' dir='ltr'>ἐστιν</span> <span class='ocrx_word' id='word_1_176' title='bbox 3128 1192 3161 1263; x_wconf 78' lang='grc' dir='ltr'>ἢ</span> <span class='ocrx_word' id='word_1_177' title='bbox 3214 1190 3521 1260; x_wconf 82' lang='grc' dir='ltr'>ἀνώμαλος.</span> <span class='ocrx_word' id='word_1_178' title='bbox 3583 1191 3644 1241; x_wconf 81' lang='grc' dir='ltr'><strong>Εἰ</strong></span> 
     </span>
    </p>
   </div>
   <div class='ocr_carea' id='block_1_22' title="bbox 392 1270 1975 1357">
    <p class='ocr_par' dir='ltr' id='par_1_22' title="bbox 392 1270 1963 1351">
     <span class='ocr_line' id='line_1_22' title="bbox 392 1270 1963 1351; baseline 0.013 -30"><span class='ocrx_word' id='word_1_179' title='bbox 392 1270 478 1322; x_wconf 85' lang='lat' dir='ltr'><strong>vel</strong></span> <span class='ocrx_word' id='word_1_180' title='bbox 516 1270 865 1340; x_wconf 68' lang='lat' dir='ltr'><strong>inmquahilis</strong></span> <span class='ocrx_word' id='word_1_181' title='bbox 899 1276 1000 1347; x_wconf 91' lang='lat' dir='ltr'><strong>(a).</strong></span> <span class='ocrx_word' id='word_1_182' title='bbox 1032 1278 1087 1332; x_wconf 89' lang='lat' dir='ltr'><strong>Si</strong></span> <span class='ocrx_word' id='word_1_183' title='bbox 1123 1282 1413 1349; x_wconf 82' lang='lat' dir='ltr'><strong>aequabilis</strong></span> <span class='ocrx_word' id='word_1_184' title='bbox 1442 1293 1497 1337; x_wconf 90' lang='lat' dir='ltr'><strong>et</strong></span> <span class='ocrx_word' id='word_1_185' title='bbox 1526 1286 1809 1351; x_wconf 89' lang='lat' dir='ltr'><strong>continua,</strong></span> <span class='ocrx_word' id='word_1_186' title='bbox 1835 1301 1963 1341; x_wconf 87' lang='lat' dir='ltr'><strong>cum</strong></span> 
     </span>
    </p>
   </div>
   <div class='ocr_carea' id='block_1_23' title="bbox 2077 1270 3645 1357">
    <p class='ocr_par' dir='ltr' id='par_1_23' title="bbox 2077 1278 3645 1357">
     <span class='ocr_line' id='line_1_23' title="bbox 2077 1278 3645 1357; baseline -0.005 -18"><span class='ocrx_word' id='word_1_187' title='bbox 2077 1289 2180 1357; x_wconf 79' lang='grc' dir='ltr'>μὲν</span> <span class='ocrx_word' id='word_1_188' title='bbox 2212 1283 2308 1340; x_wconf 74' lang='grc' dir='ltr'>οὖν</span> <span class='ocrx_word' id='word_1_189' title='bbox 2343 1285 2522 1356; x_wconf 77' lang='grc' dir='ltr'>ὁμαλὴ</span> <span class='ocrx_word' id='word_1_190' title='bbox 2573 1286 2669 1340; x_wconf 71' lang='grc' dir='ltr'><strong>καὶ</strong></span> <span class='ocrx_word' id='word_1_191' title='bbox 2700 1285 2934 1354; x_wconf 81' lang='grc' dir='ltr'>συνεχής</span> <span class='ocrx_word' id='word_1_192' title='bbox 2982 1284 3096 1335; x_wconf 75' lang='grc' dir='ltr'>ἐστι</span> <span class='ocrx_word' id='word_1_193' title='bbox 3149 1281 3248 1352; x_wconf 78' lang='grc' dir='ltr'><strong>μία</strong></span> <span class='ocrx_word' id='word_1_194' title='bbox 3294 1280 3372 1349; x_wconf 84' lang='grc' dir='ltr'>τῷ</span> <span class='ocrx_word' id='word_1_195' title='bbox 3426 1278 3645 1348; x_wconf 63' lang='grc' dir='ltr'>ἀριθμῷ</span> 
     </span>
    </p>
   </div>
   <div class='ocr_carea' id='block_1_24' title="bbox 396 1367 1975 1449">
    <p class='ocr_par' dir='ltr' id='par_1_24' title="bbox 396 1367 1964 1439">
     <span class='ocr_line' id='line_1_24' title="bbox 396 1367 1964 1439; baseline 0.013 -28"><span class='ocrx_word' id='word_1_196' title='bbox 396 1375 503 1413; x_wconf 88' lang='lat' dir='ltr'><strong>una</strong></span> <span class='ocrx_word' id='word_1_197' title='bbox 542 1377 774 1418; x_wconf 89' lang='lat' dir='ltr'><strong>numero</strong></span> <span class='ocrx_word' id='word_1_198' title='bbox 828 1367 920 1431; x_wconf 93' lang='lat' dir='ltr'><strong>sit,</strong></span> <span class='ocrx_word' id='word_1_199' title='bbox 978 1371 1334 1426; x_wconf 80' lang='lat' dir='ltr'><strong>manifestum</strong></span> <span class='ocrx_word' id='word_1_200' title='bbox 1376 1382 1483 1439; x_wconf 90' lang='lat' dir='ltr'><strong>est,</strong></span> <span class='ocrx_word' id='word_1_201' title='bbox 1535 1376 1670 1429; x_wconf 88' lang='lat' dir='ltr'><strong>nihil</strong></span> <span class='ocrx_word' id='word_1_202' title='bbox 1707 1379 1757 1431; x_wconf 82' lang='lat' dir='ltr'><strong>ei</strong></span> <span class='ocrx_word' id='word_1_203' title='bbox 1798 1378 1964 1432; x_wconf 91' lang='lat' dir='ltr'><strong>colla-</strong></span> 
     </span>
    </p>
   </div>
   <div class='ocr_carea' id='block_1_25' title="bbox 2077 1367 3642 1449">
    <p class='ocr_par' dir='ltr' id='par_1_25' title="bbox 2077 1370 3642 1449">
     <span class='ocr_line' id='line_1_25' title="bbox 2077 1370 3642 1449; baseline -0.007 -16"><span class='ocrx_word' id='word_1_204' title='bbox 2077 1376 2232 1442; x_wconf 78' lang='grc' dir='ltr'>οὖσα,</span> <span class='ocrx_word' id='word_1_205' title='bbox 2256 1379 2415 1449; x_wconf 79' lang='grc' dir='ltr'>δῆλον</span> <span class='ocrx_word' id='word_1_206' title='bbox 2437 1380 2519 1432; x_wconf 80' lang='grc' dir='ltr'><strong>ὅτι</strong></span> <span class='ocrx_word' id='word_1_207' title='bbox 2562 1378 2716 1431; x_wconf 82' lang='grc' dir='ltr'>οὐδὲν</span> <span class='ocrx_word' id='word_1_208' title='bbox 2737 1377 2872 1446; x_wconf 78' lang='grc' dir='ltr'>αὐτῇ</span> <span class='ocrx_word' id='word_1_209' title='bbox 2905 1374 3265 1445; x_wconf 73' lang='grc' dir='ltr'>συμϐαλεῖται</span> <span class='ocrx_word' id='word_1_210' title='bbox 3286 1373 3346 1425; x_wconf 80' lang='grc' dir='ltr'>τὸ</span> <span class='ocrx_word' id='word_1_211' title='bbox 3371 1370 3409 1424; x_wconf 86' lang='grc' dir='ltr'><strong>Β</strong></span> <span class='ocrx_word' id='word_1_212' title='bbox 3437 1372 3642 1441; x_wconf 76' lang='grc' dir='ltr'>μεταξῦ</span> 
     </span>
    </p>
   </div>
   <div class='ocr_carea' id='block_1_26' title="bbox 398 1456 1975 1541">
    <p class='ocr_par' dir='ltr' id='par_1_26' title="bbox 398 1456 1961 1536">
     <span class='ocr_line' id='line_1_26' title="bbox 398 1456 1961 1536; baseline 0.013 -34"><span class='ocrx_word' id='word_1_213' title='bbox 398 1460 581 1506; x_wconf 84' lang='lat' dir='ltr'><strong>turum</strong></span> <span class='ocrx_word' id='word_1_214' title='bbox 628 1470 750 1510; x_wconf 88' lang='lat' dir='ltr'><strong>esse</strong></span> <span class='ocrx_word' id='word_1_215' title='bbox 796 1456 877 1524; x_wconf 92' lang='lat' dir='ltr'><strong>B,</strong></span> <span class='ocrx_word' id='word_1_216' title='bbox 926 1462 1073 1530; x_wconf 89' lang='lat' dir='ltr'><strong>quod</strong></span> <span class='ocrx_word' id='word_1_217' title='bbox 1130 1463 1520 1520; x_wconf 76' lang='lat' dir='ltr'><strong>intermedium</strong></span> <span class='ocrx_word' id='word_1_218' title='bbox 1581 1469 1819 1536; x_wconf 91' lang='lat' dir='ltr'><strong>positum</strong></span> <span class='ocrx_word' id='word_1_219' title='bbox 1855 1478 1961 1534; x_wconf 90' lang='lat' dir='ltr'><strong>est,</strong></span> 
     </span>
    </p>
   </div>
   <div class='ocr_carea' id='block_1_27' title="bbox 2077 1456 3645 1541">
    <p class='ocr_par' dir='ltr' id='par_1_27' title="bbox 2077 1463 3645 1541">
     <span class='ocr_line' id='line_1_27' title="bbox 2077 1463 3645 1541; baseline -0.006 -17"><span class='ocrx_word' id='word_1_220' title='bbox 2077 1471 2340 1541; x_wconf 81' lang='grc' dir='ltr'>κείμενον,</span> <span class='ocrx_word' id='word_1_221' title='bbox 2371 1470 2484 1523; x_wconf 84' lang='grc' dir='ltr'>ἀλλ’</span> <span class='ocrx_word' id='word_1_222' title='bbox 2519 1470 2638 1541; x_wconf 73' lang='grc' dir='ltr'>ἦτοι</span> <span class='ocrx_word' id='word_1_223' title='bbox 2683 1470 2786 1522; x_wconf 74' lang='grc' dir='ltr'><strong>οὐκ</strong></span> <span class='ocrx_word' id='word_1_224' title='bbox 2838 1469 3126 1537; x_wconf 74' lang='grc' dir='ltr'>ἐνεργήσει</span> <span class='ocrx_word' id='word_1_225' title='bbox 3156 1466 3187 1535; x_wconf 83' lang='grc' dir='ltr'><strong>ἢ</strong></span> <span class='ocrx_word' id='word_1_226' title='bbox 3212 1464 3274 1518; x_wconf 84' lang='grc' dir='ltr'>οὐ</span> <span class='ocrx_word' id='word_1_227' title='bbox 3310 1465 3444 1534; x_wconf 66' lang='grc' dir='ltr'>πρὸς</span> <span class='ocrx_word' id='word_1_228' title='bbox 3477 1463 3536 1516; x_wconf 70' lang='grc' dir='ltr'>τὸ</span> <span class='ocrx_word' id='word_1_229' title='bbox 3586 1464 3645 1528; x_wconf 83' lang='grc' dir='ltr'>Γ,</span> 
     </span>
    </p>
   </div>
   <div class='ocr_carea' id='block_1_28' title="bbox 396 1543 1975 1633">
    <p class='ocr_par' dir='ltr' id='par_1_28' title="bbox 396 1543 1963 1626">
     <span class='ocr_line' id='line_1_28' title="bbox 396 1543 1963 1626; baseline 0.015 -31"><span class='ocrx_word' id='word_1_230' title='bbox 396 1543 492 1596; x_wconf 84' lang='lat' dir='ltr'><strong>sed</strong></span> <span class='ocrx_word' id='word_1_231' title='bbox 528 1543 568 1596; x_wconf 86' lang='grc' dir='ltr'><strong>Β</strong></span> <span class='ocrx_word' id='word_1_232' title='bbox 598 1558 692 1601; x_wconf 91' lang='lat' dir='ltr'><strong>aut</strong></span> <span class='ocrx_word' id='word_1_233' title='bbox 739 1550 879 1603; x_wconf 91' lang='lat' dir='ltr'><strong>nihil</strong></span> <span class='ocrx_word' id='word_1_234' title='bbox 928 1562 1182 1608; x_wconf 86' lang='lat' dir='ltr'><strong>acturum</strong></span> <span class='ocrx_word' id='word_1_235' title='bbox 1230 1566 1326 1611; x_wconf 90' lang='lat' dir='ltr'><strong>aut</strong></span> <span class='ocrx_word' id='word_1_236' title='bbox 1358 1572 1467 1611; x_wconf 90' lang='lat' dir='ltr'><strong>non</strong></span> <span class='ocrx_word' id='word_1_237' title='bbox 1500 1568 1759 1614; x_wconf 84' lang='lat' dir='ltr'><strong>acturum</strong></span> <span class='ocrx_word' id='word_1_238' title='bbox 1803 1562 1869 1616; x_wconf 90' lang='lat' dir='ltr'><strong>ad</strong></span> <span class='ocrx_word' id='word_1_239' title='bbox 1896 1562 1963 1626; x_wconf 89' lang='lat' dir='ltr'><strong>G,</strong></span> 
     </span>
    </p>
   </div>
   <div class='ocr_carea' id='block_1_29' title="bbox 2077 1543 3647 1633">
    <p class='ocr_par' dir='ltr' id='par_1_29' title="bbox 2077 1556 3647 1633">
     <span class='ocr_line' id='line_1_29' title="bbox 2077 1556 3647 1633; baseline -0.008 -17"><span class='ocrx_word' id='word_1_240' title='bbox 2077 1562 2319 1633; x_wconf 78' lang='grc' dir='ltr'>καθάπερ</span> <span class='ocrx_word' id='word_1_241' title='bbox 2368 1562 2428 1614; x_wconf 85' lang='grc' dir='ltr'>τδ</span> <span class='ocrx_word' id='word_1_242' title='bbox 2457 1563 2523 1615; x_wconf 78' lang='grc' dir='ltr'><strong>Α.</strong></span> <span class='ocrx_word' id='word_1_243' title='bbox 2566 1561 2629 1615; x_wconf 84' lang='lat' dir='ltr'><strong>El</strong></span> <span class='ocrx_word' id='word_1_244' title='bbox 2652 1559 2986 1630; x_wconf 85' lang='grc' dir='ltr'>δ’ἀνὼμαλός</span> <span class='ocrx_word' id='word_1_245' title='bbox 3018 1560 3158 1623; x_wconf 74' lang='grc' dir='ltr'>ἐστι,</span> <span class='ocrx_word' id='word_1_246' title='bbox 3190 1556 3371 1626; x_wconf 80' lang='grc' dir='ltr'>δῆλον,</span> <span class='ocrx_word' id='word_1_247' title='bbox 3408 1556 3486 1608; x_wconf 80' lang='grc' dir='ltr'>ὅτι</span> <span class='ocrx_word' id='word_1_248' title='bbox 3526 1556 3647 1607; x_wconf 53' lang='lat' dir='ltr'><strong>tat?-</strong></span> 
     </span>
    </p>
   </div>
   <div class='ocr_carea' id='block_1_30' title="bbox 396 1636 1975 1723">
    <p class='ocr_par' dir='ltr' id='par_1_30' title="bbox 396 1636 1956 1723">
     <span class='ocr_line' id='line_1_30' title="bbox 396 1636 1956 1723; baseline 0.014 -36"><span class='ocrx_word' id='word_1_249' title='bbox 396 1636 541 1690; x_wconf 88' lang='lat' dir='ltr'><strong>sicut</strong></span> <span class='ocrx_word' id='word_1_250' title='bbox 574 1639 684 1708; x_wconf 87' lang='lat' dir='ltr'><strong>agit</strong></span> <span class='ocrx_word' id='word_1_251' title='bbox 709 1641 773 1694; x_wconf 84' lang='lat' dir='ltr'><strong>A.</strong></span> <span class='ocrx_word' id='word_1_252' title='bbox 817 1641 876 1697; x_wconf 90' lang='lat' dir='ltr'><strong>Si</strong></span> <span class='ocrx_word' id='word_1_253' title='bbox 908 1660 1036 1699; x_wconf 92' lang='lat' dir='ltr'><strong>vero</strong></span> <span class='ocrx_word' id='word_1_254' title='bbox 1066 1647 1414 1717; x_wconf 63' lang='lat' dir='ltr'><strong>intequabilis</strong></span> <span class='ocrx_word' id='word_1_255' title='bbox 1441 1661 1545 1717; x_wconf 88' lang='lat' dir='ltr'><strong>est,</strong></span> <span class='ocrx_word' id='word_1_256' title='bbox 1578 1651 1774 1721; x_wconf 89' lang='lat' dir='ltr'><strong>liquet,</strong></span> <span class='ocrx_word' id='word_1_257' title='bbox 1805 1656 1956 1723; x_wconf 84' lang='lat' dir='ltr'><strong>quod</strong></span> 
     </span>
    </p>
   </div>
   <div class='ocr_carea' id='block_1_31' title="bbox 2077 1636 3645 1723">
    <p class='ocr_par' dir='ltr' id='par_1_31' title="bbox 2077 1648 3645 1718">
     <span class='ocr_line' id='line_1_31' title="bbox 2077 1648 3645 1718; baseline -0.004 -15"><span class='ocrx_word' id='word_1_258' title='bbox 2077 1650 2263 1703; x_wconf 82' lang='grc' dir='ltr'>στασίν</span> <span class='ocrx_word' id='word_1_259' title='bbox 2285 1668 2408 1704; x_wconf 89' lang='grc' dir='ltr'>τινα</span> <span class='ocrx_word' id='word_1_260' title='bbox 2429 1651 2643 1715; x_wconf 75' lang='grc' dir='ltr'>δέξεται</span> <span class='ocrx_word' id='word_1_261' title='bbox 2672 1652 2813 1704; x_wconf 84' lang='grc' dir='ltr'>κατά</span> <span class='ocrx_word' id='word_1_262' title='bbox 2836 1650 2895 1703; x_wconf 85' lang='grc' dir='ltr'><strong>τὸ</strong></span> <span class='ocrx_word' id='word_1_263' title='bbox 2918 1651 2980 1715; x_wconf 88' lang='grc' dir='ltr'><strong>Β,</strong></span> <span class='ocrx_word' id='word_1_264' title='bbox 3014 1651 3108 1706; x_wconf 79' lang='grc' dir='ltr'><strong>καὶ</strong></span> <span class='ocrx_word' id='word_1_265' title='bbox 3133 1648 3483 1718; x_wconf 70' lang='grc' dir='ltr'>σφοδρωτέρα</span> <span class='ocrx_word' id='word_1_266' title='bbox 3520 1648 3645 1717; x_wconf 78' lang='grc' dir='ltr'>ἑαυ-</span> 
     </span>
    </p>
   </div>
   <div class='ocr_carea' id='block_1_32' title="bbox 397 1734 1975 1816">
    <p class='ocr_par' dir='ltr' id='par_1_32' title="bbox 397 1734 1963 1816">
     <span class='ocr_line' id='line_1_32' title="bbox 397 1734 1963 1816; baseline 0.013 -34"><span class='ocrx_word' id='word_1_267' title='bbox 397 1744 608 1783; x_wconf 87' lang='lat' dir='ltr'><strong>moram</strong></span> <span class='ocrx_word' id='word_1_268' title='bbox 640 1734 931 1800; x_wconf 84' lang='lat' dir='ltr'><strong>quamdam</strong></span> <span class='ocrx_word' id='word_1_269' title='bbox 982 1738 1246 1808; x_wconf 84' lang='lat' dir='ltr'><strong>suscipiet</strong></span> <span class='ocrx_word' id='word_1_270' title='bbox 1274 1744 1578 1798; x_wconf 86' lang='lat' dir='ltr'><strong>secundum</strong></span> <span class='ocrx_word' id='word_1_271' title='bbox 1625 1744 1666 1797; x_wconf 85' lang='grc' dir='ltr'><strong>Β</strong></span> <span class='ocrx_word' id='word_1_272' title='bbox 1693 1753 1747 1799; x_wconf 91' lang='lat' dir='ltr'><strong>ct</strong></span> <span class='ocrx_word' id='word_1_273' title='bbox 1783 1748 1963 1816; x_wconf 89' lang='lat' dir='ltr'><strong>seipsa</strong></span> 
     </span>
    </p>
   </div>
   <div class='ocr_carea' id='block_1_33' title="bbox 2077 1734 3645 1816">
    <p class='ocr_par' dir='ltr' id='par_1_33' title="bbox 2077 1737 3645 1813">
     <span class='ocr_line' id='line_1_33' title="bbox 2077 1737 3645 1813; baseline -0.005 -18"><span class='ocrx_word' id='word_1_274' title='bbox 2077 1743 2167 1813; x_wconf 84' lang='grc' dir='ltr'>τῆς</span> <span class='ocrx_word' id='word_1_275' title='bbox 2199 1742 2350 1797; x_wconf 77' lang='grc' dir='ltr'>ἔσται</span> <span class='ocrx_word' id='word_1_276' title='bbox 2371 1742 2622 1811; x_wconf 81' lang='grc' dir='ltr'>καθάπερ</span> <span class='ocrx_word' id='word_1_277' title='bbox 2648 1758 2733 1801; x_wconf 89' lang='grc' dir='ltr'><strong>τις</strong></span> <span class='ocrx_word' id='word_1_278' title='bbox 2764 1740 3012 1808; x_wconf 69' lang='grc' dir='ltr'>ποταμὸς</span> <span class='ocrx_word' id='word_1_279' title='bbox 3046 1738 3488 1809; x_wconf 75' lang='grc' dir='ltr'>προσλαμϐάνων</span> <span class='ocrx_word' id='word_1_280' title='bbox 3526 1737 3645 1788; x_wconf 80' lang='grc' dir='ltr'>ἓτε-</span> 
     </span>
    </p>
   </div>
   <div class='ocr_carea' id='block_1_34' title="bbox 400 1819 1975 1905">
    <p class='ocr_par' dir='ltr' id='par_1_34' title="bbox 400 1819 1966 1903">
     <span class='ocr_line' id='line_1_34' title="bbox 400 1819 1966 1903; baseline 0.013 -32"><span class='ocrx_word' id='word_1_281' title='bbox 400 1819 599 1874; x_wconf 70' lang='lat' dir='ltr'><strong>Fortior</strong></span> <span class='ocrx_word' id='word_1_282' title='bbox 628 1824 754 1887; x_wconf 86' lang='lat' dir='ltr'><strong>erit,</strong></span> <span class='ocrx_word' id='word_1_283' title='bbox 793 1825 934 1879; x_wconf 83' lang='lat' dir='ltr'><strong>sicut</strong></span> <span class='ocrx_word' id='word_1_284' title='bbox 965 1826 1166 1884; x_wconf 84' lang='lat' dir='ltr'><strong>ﬂuvius</strong></span> <span class='ocrx_word' id='word_1_285' title='bbox 1200 1830 1422 1901; x_wconf 83' lang='lat' dir='ltr'><strong>aliquis,</strong></span> <span class='ocrx_word' id='word_1_286' title='bbox 1458 1834 1553 1903; x_wconf 90' lang='lat' dir='ltr'><strong>qui</strong></span> <span class='ocrx_word' id='word_1_287' title='bbox 1583 1835 1731 1889; x_wconf 88' lang='lat' dir='ltr'><strong>aliud</strong></span> <span class='ocrx_word' id='word_1_288' title='bbox 1761 1835 1966 1892; x_wconf 83' lang='lat' dir='ltr'><strong>ﬂumen</strong></span> 
     </span>
    </p>
   </div>
   <div class='ocr_carea' id='block_1_35' title="bbox 2077 1819 3645 1905">
    <p class='ocr_par' dir='ltr' id='par_1_35' title="bbox 2077 1826 3645 1905">
     <span class='ocr_line' id='line_1_35' title="bbox 2077 1826 3645 1905; baseline -0.005 -21"><span class='ocrx_word' id='word_1_289' title='bbox 2077 1850 2167 1905; x_wconf 70' lang='grc' dir='ltr'><strong>ρον</strong></span> <span class='ocrx_word' id='word_1_290' title='bbox 2198 1832 2399 1902; x_wconf 78' lang='grc' dir='ltr'>ῥεῦμα.</span> <span class='ocrx_word' id='word_1_291' title='bbox 2420 1830 2593 1885; x_wconf 79' lang='grc' dir='ltr'>Τοῦτο</span> <span class='ocrx_word' id='word_1_292' title='bbox 2622 1830 2771 1884; x_wconf 74' lang='grc' dir='ltr'><strong>δὀὐκ</strong></span> <span class='ocrx_word' id='word_1_293' title='bbox 2792 1829 2905 1882; x_wconf 76' lang='grc' dir='ltr'>ἔστι</span> <span class='ocrx_word' id='word_1_294' title='bbox 2937 1830 3066 1898; x_wconf 77' lang='grc' dir='ltr'>μιᾶς</span> <span class='ocrx_word' id='word_1_295' title='bbox 3090 1826 3377 1896; x_wconf 75' lang='grc' dir='ltr'>ἐνεργείας</span> <span class='ocrx_word' id='word_1_296' title='bbox 3405 1826 3496 1878; x_wconf 79' lang='grc' dir='ltr'><strong>καὶ</strong></span> <span class='ocrx_word' id='word_1_297' title='bbox 3520 1842 3645 1877; x_wconf 84' lang='grc' dir='ltr'>συν-</span> 
     </span>
    </p>
   </div>
   <div class='ocr_carea' id='block_1_36' title="bbox 400 1913 1975 2000">
    <p class='ocr_par' dir='ltr' id='par_1_36' title="bbox 400 1913 1971 2000">
     <span class='ocr_line' id='line_1_36' title="bbox 400 1913 1971 2000; baseline 0.013 -35"><span class='ocrx_word' id='word_1_298' title='bbox 400 1913 454 1966; x_wconf 89' lang='lat' dir='ltr'><strong>in</strong></span> <span class='ocrx_word' id='word_1_299' title='bbox 486 1929 543 1969; x_wconf 90' lang='lat' dir='ltr'><strong>se</strong></span> <span class='ocrx_word' id='word_1_300' title='bbox 572 1917 790 1985; x_wconf 82' lang='lat' dir='ltr'><strong>recipit.</strong></span> <span class='ocrx_word' id='word_1_301' title='bbox 824 1917 939 1975; x_wconf 84' lang='lat' dir='ltr'><strong>Hoc</strong></span> <span class='ocrx_word' id='word_1_302' title='bbox 966 1937 1099 1978; x_wconf 86' lang='lat' dir='ltr'><strong>vero</strong></span> <span class='ocrx_word' id='word_1_303' title='bbox 1128 1939 1238 1979; x_wconf 91' lang='lat' dir='ltr'><strong>non</strong></span> <span class='ocrx_word' id='word_1_304' title='bbox 1286 1936 1373 1981; x_wconf 86' lang='lat' dir='ltr'><strong>est</strong></span> <span class='ocrx_word' id='word_1_305' title='bbox 1413 1930 1575 1985; x_wconf 85' lang='lat' dir='ltr'><strong>unius</strong></span> <span class='ocrx_word' id='word_1_306' title='bbox 1630 1933 1971 2000; x_wconf 83' lang='lat' dir='ltr'><strong>Operationis</strong></span> 
     </span>
    </p>
   </div>
   <div class='ocr_carea' id='block_1_37' title="bbox 2077 1913 3643 2000">
    <p class='ocr_par' dir='ltr' id='par_1_37' title="bbox 2077 1916 3643 1992">
     <span class='ocr_line' id='line_1_37' title="bbox 2077 1916 3643 1992; baseline -0.004 -18"><span class='ocrx_word' id='word_1_307' title='bbox 2077 1921 2236 1992; x_wconf 85' lang='grc' dir='ltr'>εχοῦς</span> <span class='ocrx_word' id='word_1_308' title='bbox 2291 1922 2422 1976; x_wconf 76' lang='grc' dir='ltr'>ἴδιον</span> <span class='ocrx_word' id='word_1_309' title='bbox 2442 1936 2455 1950; x_wconf 87' lang='lat'><strong><em>°</em></strong></span> <span class='ocrx_word' id='word_1_310' title='bbox 2487 1919 2729 1990; x_wconf 76' lang='grc' dir='ltr'><strong>διακοπὴ</strong></span> <span class='ocrx_word' id='word_1_311' title='bbox 2753 1920 2861 1987; x_wconf 82' lang='grc' dir='ltr'>γάρ</span> <span class='ocrx_word' id='word_1_312' title='bbox 2892 1935 2974 1978; x_wconf 81' lang='grc' dir='ltr'><strong>τις</strong></span> <span class='ocrx_word' id='word_1_313' title='bbox 3000 1917 3205 1985; x_wconf 79' lang='grc' dir='ltr'>μεταξὺ</span> <span class='ocrx_word' id='word_1_314' title='bbox 3226 1920 3521 1987; x_wconf 77' lang='grc' dir='ltr'>γενήσεται</span> <span class='ocrx_word' id='word_1_315' title='bbox 3550 1916 3643 1968; x_wconf 78' lang='grc' dir='ltr'>καὶ</span> 
     </span>
    </p>
   </div>
   <div class='ocr_carea' id='block_1_38' title="bbox 396 2006 1975 2091">
    <p class='ocr_par' dir='ltr' id='par_1_38' title="bbox 396 2008 1972 2091">
     <span class='ocr_line' id='line_1_38' title="bbox 396 2008 1972 2091; baseline 0.014 -34"><span class='ocrx_word' id='word_1_316' title='bbox 396 2020 461 2057; x_wconf 89' lang='lat' dir='ltr'><strong>ac</strong></span> <span class='ocrx_word' id='word_1_317' title='bbox 488 2008 764 2063; x_wconf 78' lang='lat' dir='ltr'><strong>continuze</strong></span> <span class='ocrx_word' id='word_1_318' title='bbox 794 2015 1097 2080; x_wconf 85' lang='lat' dir='ltr'><strong>proprium.</strong></span> <span class='ocrx_word' id='word_1_319' title='bbox 1153 2014 1284 2071; x_wconf 87' lang='lat' dir='ltr'><strong>Nam</strong></span> <span class='ocrx_word' id='word_1_320' title='bbox 1325 2019 1564 2089; x_wconf 86' lang='lat' dir='ltr'><strong>irruptio</strong></span> <span class='ocrx_word' id='word_1_321' title='bbox 1618 2023 1867 2091; x_wconf 77' lang='lat' dir='ltr'><strong>quaedam</strong></span> <span class='ocrx_word' id='word_1_322' title='bbox 1914 2034 1972 2080; x_wconf 87' lang='lat' dir='ltr'><strong>et</strong></span> 
     </span>
    </p>
   </div>
   <div class='ocr_carea' id='block_1_39' title="bbox 2077 2006 3641 2091">
    <p class='ocr_par' dir='ltr' id='par_1_39' title="bbox 2079 2006 3641 2084">
     <span class='ocr_line' id='line_1_39' title="bbox 2079 2006 3641 2084; baseline -0.005 -17"><span class='ocrx_word' id='word_1_323' title='bbox 2079 2014 2327 2084; x_wconf 80' lang='grc' dir='ltr'>συμϐολὴ</span> <span class='ocrx_word' id='word_1_324' title='bbox 2381 2013 2479 2082; x_wconf 81' lang='grc' dir='ltr'><strong>τῆς</strong></span> <span class='ocrx_word' id='word_1_325' title='bbox 2527 2011 2636 2066; x_wconf 75' lang='grc' dir='ltr'><strong>ἀπὸ</strong></span> <span class='ocrx_word' id='word_1_326' title='bbox 2685 2008 2842 2064; x_wconf 78' lang='grc' dir='ltr'><strong>τοῦΒ</strong></span> <span class='ocrx_word' id='word_1_327' title='bbox 2875 2009 3184 2079; x_wconf 62' lang='grc' dir='ltr'>ἐνεργείας,</span> <span class='ocrx_word' id='word_1_328' title='bbox 3236 2009 3331 2062; x_wconf 75' lang='grc' dir='ltr'>καὶ</span> <span class='ocrx_word' id='word_1_329' title='bbox 3371 2006 3515 2061; x_wconf 78' lang='grc' dir='ltr'>οὕτω</span> <span class='ocrx_word' id='word_1_330' title='bbox 3562 2009 3641 2059; x_wconf 83' lang='grc' dir='ltr'>δι-</span> 
     </span>
    </p>
   </div>
   <div class='ocr_carea' id='block_1_40' title="bbox 401 2094 1970 2186">
    <p class='ocr_par' dir='ltr' id='par_1_40' title="bbox 401 2094 1970 2186">
     <span class='ocr_line' id='line_1_40' title="bbox 401 2094 1970 2186; baseline 0.016 -39"><span class='ocrx_word' id='word_1_331' title='bbox 401 2094 659 2153; x_wconf 79' lang='lat' dir='ltr'><strong>incursus</strong></span> <span class='ocrx_word' id='word_1_332' title='bbox 695 2103 916 2169; x_wconf 84' lang='lat' dir='ltr'><strong>quidam</strong></span> <span class='ocrx_word' id='word_1_333' title='bbox 952 2105 1317 2165; x_wconf 90' lang='lat' dir='ltr'><strong>intermedius</strong></span> <span class='ocrx_word' id='word_1_334' title='bbox 1346 2110 1436 2166; x_wconf 86' lang='lat' dir='ltr'><strong>ﬁet</strong></span> <span class='ocrx_word' id='word_1_335' title='bbox 1465 2115 1826 2181; x_wconf 79' lang='lat' dir='ltr'><strong>Operationis,</strong></span> <span class='ocrx_word' id='word_1_336' title='bbox 1848 2131 1970 2186; x_wconf 65' lang='lat' dir='ltr'><strong>qua:</strong></span> 
     </span>
    </p>
   </div>
   <div class='ocr_carea' id='block_1_41' title="bbox 398 2186 1968 2271">
    <p class='ocr_par' dir='ltr' id='par_1_41' title="bbox 398 2186 1968 2271">
     <span class='ocr_line' id='line_1_41' title="bbox 398 2186 1968 2271; baseline 0.014 -30"><span class='ocrx_word' id='word_1_337' title='bbox 398 2186 497 2242; x_wconf 80' lang='lat' dir='ltr'><strong>est</strong></span> <span class='ocrx_word' id='word_1_338' title='bbox 522 2206 553 2244; x_wconf 90' lang='lat' dir='ltr'><strong>a</strong></span> <span class='ocrx_word' id='word_1_339' title='bbox 583 2191 643 2255; x_wconf 87' lang='grc' dir='ltr'>Β,</span> <span class='ocrx_word' id='word_1_340' title='bbox 698 2201 751 2248; x_wconf 89' lang='lat' dir='ltr'><strong>et</strong></span> <span class='ocrx_word' id='word_1_341' title='bbox 783 2196 864 2251; x_wconf 88' lang='lat' dir='ltr'><strong>sic</strong></span> <span class='ocrx_word' id='word_1_342' title='bbox 906 2197 1111 2268; x_wconf 61' lang='lat' dir='ltr'><strong>duplex</strong></span> <span class='ocrx_word' id='word_1_343' title='bbox 1146 2204 1396 2271; x_wconf 83' lang='lat' dir='ltr'><strong>operatio</strong></span> <span class='ocrx_word' id='word_1_344' title='bbox 1423 2206 1554 2269; x_wconf 90' lang='lat' dir='ltr'><strong>erit,</strong></span> <span class='ocrx_word' id='word_1_345' title='bbox 1588 2217 1644 2263; x_wconf 91' lang='lat' dir='ltr'><strong>et</strong></span> <span class='ocrx_word' id='word_1_346' title='bbox 1692 2225 1801 2263; x_wconf 89' lang='lat' dir='ltr'><strong>non</strong></span> <span class='ocrx_word' id='word_1_347' title='bbox 1831 2209 1968 2263; x_wconf 85' lang='lat' dir='ltr'><strong>sim-</strong></span> 
     </span>
    </p>
   </div>
   <div class='ocr_carea' id='block_1_42' title="bbox 398 2280 1971 2368">
    <p class='ocr_par' dir='ltr' id='par_1_42' title="bbox 398 2280 1971 2368">
     <span class='ocr_line' id='line_1_42' title="bbox 398 2280 1971 2368; baseline 0.015 -37"><span class='ocrx_word' id='word_1_348' title='bbox 398 2280 546 2349; x_wconf 75' lang='lat' dir='ltr'><strong>plex.</strong></span> <span class='ocrx_word' id='word_1_349' title='bbox 575 2281 773 2339; x_wconf 86' lang='lat' dir='ltr'><strong>Eadem</strong></span> <span class='ocrx_word' id='word_1_350' title='bbox 808 2302 936 2341; x_wconf 81' lang='lat' dir='ltr'><strong>vero</strong></span> <span class='ocrx_word' id='word_1_351' title='bbox 966 2294 1241 2358; x_wconf 86' lang='lat' dir='ltr'><strong>evenient,</strong></span> <span class='ocrx_word' id='word_1_352' title='bbox 1276 2295 1321 2348; x_wconf 92' lang='lat' dir='ltr'><strong>si</strong></span> <span class='ocrx_word' id='word_1_353' title='bbox 1354 2310 1518 2365; x_wconf 86' lang='lat' dir='ltr'><strong>supra</strong></span> <span class='ocrx_word' id='word_1_354' title='bbox 1547 2297 1591 2351; x_wconf 82' lang='lat' dir='ltr'><strong>A</strong></span> <span class='ocrx_word' id='word_1_355' title='bbox 1620 2299 1861 2368; x_wconf 88' lang='lat' dir='ltr'><strong>positum</strong></span> <span class='ocrx_word' id='word_1_356' title='bbox 1884 2309 1971 2354; x_wconf 90' lang='lat' dir='ltr'><strong>est</strong></span> 
     </span>
    </p>
   </div>
   <div class='ocr_carea' id='block_1_43' title="bbox 400 2374 1971 2454">
    <p class='ocr_par' dir='ltr' id='par_1_43' title="bbox 400 2374 1971 2454">
     <span class='ocr_line' id='line_1_43' title="bbox 400 2374 1971 2454; baseline 0.012 -26"><span class='ocrx_word' id='word_1_357' title='bbox 400 2374 462 2440; x_wconf 85' lang='lat' dir='ltr'><strong>B,</strong></span> <span class='ocrx_word' id='word_1_358' title='bbox 493 2377 588 2430; x_wconf 83' lang='lat' dir='ltr'><strong>sed</strong></span> <span class='ocrx_word' id='word_1_359' title='bbox 629 2388 866 2447; x_wconf 87' lang='lat' dir='ltr'><strong>ponatur</strong></span> <span class='ocrx_word' id='word_1_360' title='bbox 893 2397 959 2437; x_wconf 82' lang='lat' dir='ltr'><strong>ex</strong></span> <span class='ocrx_word' id='word_1_361' title='bbox 985 2383 1213 2453; x_wconf 84' lang='lat' dir='ltr'><strong>obliquo</strong></span> <span class='ocrx_word' id='word_1_362' title='bbox 1237 2385 1332 2439; x_wconf 82' lang='grc' dir='ltr'>τοῦ</span> <span class='ocrx_word' id='word_1_363' title='bbox 1366 2389 1451 2454; x_wconf 77' lang='grc' dir='ltr'><strong>Α;</strong></span> <span class='ocrx_word' id='word_1_364' title='bbox 1485 2390 1841 2446; x_wconf 78' lang='lat' dir='ltr'><strong>manifestum</strong></span> <span class='ocrx_word' id='word_1_365' title='bbox 1878 2391 1971 2447; x_wconf 90' lang='lat' dir='ltr'><strong>hic</strong></span> 
     </span>
    </p>
   </div>
   <div class='ocr_carea' id='block_1_44' title="bbox 400 2468 1968 2550">
    <p class='ocr_par' dir='ltr' id='par_1_44' title="bbox 400 2468 1968 2550">
     <span class='ocr_line' id='line_1_44' title="bbox 400 2468 1968 2550; baseline 0.011 -30"><span class='ocrx_word' id='word_1_366' title='bbox 400 2468 577 2523; x_wconf 86' lang='lat' dir='ltr'><strong>multo</strong></span> <span class='ocrx_word' id='word_1_367' title='bbox 621 2471 790 2542; x_wconf 83' lang='lat' dir='ltr'><strong>magis</strong></span> <span class='ocrx_word' id='word_1_368' title='bbox 840 2484 954 2540; x_wconf 88' lang='lat' dir='ltr'><strong>est;</strong></span> <span class='ocrx_word' id='word_1_369' title='bbox 1000 2476 1137 2533; x_wconf 83' lang='lat' dir='ltr'><strong>duas</strong></span> <span class='ocrx_word' id='word_1_370' title='bbox 1165 2493 1288 2550; x_wconf 74' lang='lat' dir='ltr'><strong>esse</strong></span> <span class='ocrx_word' id='word_1_371' title='bbox 1331 2482 1708 2550; x_wconf 86' lang='lat' dir='ltr'><strong>opcrationes,</strong></span> <span class='ocrx_word' id='word_1_372' title='bbox 1739 2484 1968 2539; x_wconf 88' lang='lat' dir='ltr'><strong>alteram</strong></span> 
     </span>
    </p>
   </div>
   <div class='ocr_carea' id='block_1_45' title="bbox 397 2560 1973 2637">
    <p class='ocr_par' dir='ltr' id='par_1_45' title="bbox 397 2560 1973 2637">
     <span class='ocr_line' id='line_1_45' title="bbox 397 2560 1973 2637; baseline 0.012 -24"><span class='ocrx_word' id='word_1_373' title='bbox 397 2560 621 2629; x_wconf 85' lang='lat' dir='ltr'><strong>quidem</strong></span> <span class='ocrx_word' id='word_1_374' title='bbox 670 2579 814 2631; x_wconf 88' lang='lat' dir='ltr'><strong>eam,</strong></span> <span class='ocrx_word' id='word_1_375' title='bbox 866 2583 987 2637; x_wconf 70' lang='lat' dir='ltr'><strong>quae</strong></span> <span class='ocrx_word' id='word_1_376' title='bbox 1026 2579 1111 2625; x_wconf 90' lang='lat' dir='ltr'><strong>est</strong></span> <span class='ocrx_word' id='word_1_377' title='bbox 1139 2571 1208 2626; x_wconf 85' lang='lat' dir='ltr'><strong>ab</strong></span> <span class='ocrx_word' id='word_1_378' title='bbox 1240 2572 1277 2626; x_wconf 82' lang='grc' dir='ltr'>Α</span> <span class='ocrx_word' id='word_1_379' title='bbox 1310 2573 1376 2627; x_wconf 89' lang='lat' dir='ltr'><strong>ad</strong></span> <span class='ocrx_word' id='word_1_380' title='bbox 1410 2574 1477 2636; x_wconf 87' lang='lat' dir='ltr'><strong>G.</strong></span> <span class='ocrx_word' id='word_1_381' title='bbox 1538 2576 1767 2630; x_wconf 88' lang='lat' dir='ltr'><strong>alteram</strong></span> <span class='ocrx_word' id='word_1_382' title='bbox 1835 2592 1973 2632; x_wconf 84' lang='lat' dir='ltr'><strong>vero</strong></span> 
     </span>
    </p>
   </div>
   <div class='ocr_carea' id='block_1_46' title="bbox 397 2659 1968 2739">
    <p class='ocr_par' dir='ltr' id='par_1_46' title="bbox 397 2659 1968 2739">
     <span class='ocr_line' id='line_1_46' title="bbox 397 2659 1968 2739; baseline 0.01 -32"><span class='ocrx_word' id='word_1_383' title='bbox 397 2670 541 2717; x_wconf 79' lang='lat' dir='ltr'><strong>eam,</strong></span> <span class='ocrx_word' id='word_1_384' title='bbox 577 2672 699 2725; x_wconf 77' lang='lat' dir='ltr'><strong>quae</strong></span> <span class='ocrx_word' id='word_1_385' title='bbox 730 2666 811 2713; x_wconf 91' lang='lat' dir='ltr'><strong>est</strong></span> <span class='ocrx_word' id='word_1_386' title='bbox 839 2674 866 2712; x_wconf 91' lang='lat' dir='ltr'><strong>a</strong></span> <span class='ocrx_word' id='word_1_387' title='bbox 898 2659 940 2713; x_wconf 89' lang='lat' dir='ltr'><strong>B</strong></span> <span class='ocrx_word' id='word_1_388' title='bbox 970 2661 1036 2715; x_wconf 84' lang='lat' dir='ltr'><strong>ad</strong></span> <span class='ocrx_word' id='word_1_389' title='bbox 1066 2661 1212 2717; x_wconf 92' lang='lat' dir='ltr'><strong>idem</strong></span> <span class='ocrx_word' id='word_1_390' title='bbox 1241 2662 1306 2719; x_wconf 90' lang='lat' dir='ltr'><strong>G.</strong></span> <span class='ocrx_word' id='word_1_391' title='bbox 1342 2662 1690 2734; x_wconf 86' lang='lat' dir='ltr'><strong>lmpossibilc</strong></span> <span class='ocrx_word' id='word_1_392' title='bbox 1711 2677 1968 2739; x_wconf 83' lang='lat' dir='ltr'><strong>estergo,</strong></span> 
     </span>
    </p>
   </div>
   <div class='ocr_carea' id='block_1_47' title="bbox 310 2755 1972 2829">
    <p class='ocr_par' dir='ltr' id='par_1_47' title="bbox 310 2755 1972 2829">
     <span class='ocr_line' id='line_1_47' title="bbox 310 2755 1972 2829; baseline 0.01 -29"><span class='ocrx_word' id='word_1_393' title='bbox 310 2766 311 2769; x_wconf 44' lang='grc' dir='ltr'><strong>η</strong></span> <span class='ocrx_word' id='word_1_394' title='bbox 398 2762 562 2803; x_wconf 88' lang='lat' dir='ltr'><strong>unam</strong></span> <span class='ocrx_word' id='word_1_395' title='bbox 608 2765 837 2805; x_wconf 90' lang='lat' dir='ltr'><strong>numero</strong></span> <span class='ocrx_word' id='word_1_396' title='bbox 868 2755 1248 2822; x_wconf 88' lang='lat' dir='ltr'><strong>operationem</strong></span> <span class='ocrx_word' id='word_1_397' title='bbox 1301 2763 1369 2810; x_wconf 84' lang='lat' dir='ltr'><strong>ad</strong></span> <span class='ocrx_word' id='word_1_398' title='bbox 1419 2758 1528 2814; x_wconf 91' lang='lat' dir='ltr'><strong>duo</strong></span> <span class='ocrx_word' id='word_1_399' title='bbox 1567 2761 1785 2829; x_wconf 83' lang='lat' dir='ltr'><strong>agentia</strong></span> <span class='ocrx_word' id='word_1_400' title='bbox 1830 2763 1972 2816; x_wconf 87' lang='lat' dir='ltr'><strong>rela-</strong></span> 
     </span>
    </p>
   </div>
   <div class='ocr_carea' id='block_1_48' title="bbox 398 2839 1973 2918">
    <p class='ocr_par' dir='ltr' id='par_1_48' title="bbox 398 2839 1973 2918">
     <span class='ocr_line' id='line_1_48' title="bbox 398 2839 1973 2918; baseline 0.012 -27"><span class='ocrx_word' id='word_1_401' title='bbox 398 2839 606 2896; x_wconf 87' lang='lat' dir='ltr'><strong>tionem</strong></span> <span class='ocrx_word' id='word_1_402' title='bbox 643 2842 868 2905; x_wconf 86' lang='lat' dir='ltr'><strong>habere,</strong></span> <span class='ocrx_word' id='word_1_403' title='bbox 915 2846 1380 2913; x_wconf 84' lang='lat' dir='ltr'><strong>quemadmodum</strong></span> <span class='ocrx_word' id='word_1_404' title='bbox 1426 2849 1766 2918; x_wconf 88' lang='lat' dir='ltr'><strong>impossibile</strong></span> <span class='ocrx_word' id='word_1_405' title='bbox 1804 2854 1973 2910; x_wconf 91' lang='lat' dir='ltr'><strong>unius</strong></span> 
     </span>
    </p>
   </div>
   <div class='ocr_carea' id='block_1_49' title="bbox 397 2927 1969 3005">
    <p class='ocr_par' dir='ltr' id='par_1_49' title="bbox 397 2927 1969 3005">
     <span class='ocr_line' id='line_1_49' title="bbox 397 2927 1969 3005; baseline 0.011 -24"><span class='ocrx_word' id='word_1_406' title='bbox 397 2927 561 2983; x_wconf 77' lang='lat' dir='ltr'><strong>linea:</strong></span> <span class='ocrx_word' id='word_1_407' title='bbox 637 2947 705 2984; x_wconf 83' lang='lat' dir='ltr'><strong>ex</strong></span> <span class='ocrx_word' id='word_1_408' title='bbox 764 2932 1030 2989; x_wconf 90' lang='lat' dir='ltr'><strong>alterutra</strong></span> <span class='ocrx_word' id='word_1_409' title='bbox 1078 2945 1266 3005; x_wconf 87' lang='lat' dir='ltr'><strong>parte</strong></span> <span class='ocrx_word' id='word_1_410' title='bbox 1321 2938 1462 2993; x_wconf 89' lang='lat' dir='ltr'><strong>duos</strong></span> <span class='ocrx_word' id='word_1_411' title='bbox 1503 2954 1627 2995; x_wconf 85' lang='lat' dir='ltr'><strong>esse</strong></span> <span class='ocrx_word' id='word_1_412' title='bbox 1684 2943 1969 2999; x_wconf 87' lang='lat' dir='ltr'><strong>terminos.</strong></span> 
     </span>
    </p>
   </div>
   <div class='ocr_carea' id='block_1_50' title="bbox 400 3020 1971 3097">
    <p class='ocr_par' dir='ltr' id='par_1_50' title="bbox 400 3020 1971 3097">
     <span class='ocr_line' id='line_1_50' title="bbox 400 3020 1971 3097; baseline 0.011 -25"><span class='ocrx_word' id='word_1_413' title='bbox 400 3020 575 3089; x_wconf 83' lang='lat' dir='ltr'><strong>Igitur</strong></span> <span class='ocrx_word' id='word_1_414' title='bbox 633 3037 742 3077; x_wconf 92' lang='lat' dir='ltr'><strong>uno</strong></span> <span class='ocrx_word' id='word_1_415' title='bbox 801 3039 1036 3080; x_wconf 88' lang='lat' dir='ltr'><strong>numero</strong></span> <span class='ocrx_word' id='word_1_416' title='bbox 1082 3028 1335 3097; x_wconf 83' lang='lat' dir='ltr'><strong>Operatio</strong></span> <span class='ocrx_word' id='word_1_417' title='bbox 1391 3030 1459 3084; x_wconf 86' lang='lat' dir='ltr'><strong>ad</strong></span> <span class='ocrx_word' id='word_1_418' title='bbox 1519 3046 1689 3086; x_wconf 88' lang='lat' dir='ltr'><strong>unum</strong></span> <span class='ocrx_word' id='word_1_419' title='bbox 1739 3049 1971 3091; x_wconf 91' lang='lat' dir='ltr'><strong>numero</strong></span> 
     </span>
    </p>
   </div>
   <div class='ocr_carea' id='block_1_51' title="bbox 2071 2097 3642 2177">
    <p class='ocr_par' dir='ltr' id='par_1_51' title="bbox 2071 2097 3642 2177">
     <span class='ocr_line' id='line_1_51' title="bbox 2071 2097 3642 2177; baseline -0.005 -17"><span class='ocrx_word' id='word_1_420' title='bbox 2071 2107 2180 2177; x_wconf 83' lang='grc' dir='ltr'>πλῆ</span> <span class='ocrx_word' id='word_1_421' title='bbox 2208 2107 2242 2177; x_wconf 79' lang='grc' dir='ltr'><strong>ἠ</strong></span> <span class='ocrx_word' id='word_1_422' title='bbox 2273 2105 2523 2177; x_wconf 72' lang='grc' dir='ltr'>ἐνέργεια</span> <span class='ocrx_word' id='word_1_423' title='bbox 2551 2103 2727 2167; x_wconf 73' lang='grc' dir='ltr'>ἔσται,</span> <span class='ocrx_word' id='word_1_424' title='bbox 2774 2101 2870 2155; x_wconf 82' lang='grc' dir='ltr'><strong>καὶ</strong></span> <span class='ocrx_word' id='word_1_425' title='bbox 2899 2101 2998 2170; x_wconf 84' lang='grc' dir='ltr'>οὐχ</span> <span class='ocrx_word' id='word_1_426' title='bbox 3030 2098 3200 2170; x_wconf 84' lang='grc' dir='ltr'>ἁπλῆ,</span> <span class='ocrx_word' id='word_1_427' title='bbox 3253 2098 3375 2152; x_wconf 82' lang='grc' dir='ltr'>οὐδὲ</span> <span class='ocrx_word' id='word_1_428' title='bbox 3412 2098 3529 2167; x_wconf 89' lang='grc' dir='ltr'>μία.</span> <span class='ocrx_word' id='word_1_429' title='bbox 3560 2097 3642 2152; x_wconf 70' lang='grc' dir='ltr'>Τᾶι</span> 
     </span>
    </p>
   </div>
   <div class='ocr_carea' id='block_1_52' title="bbox 2071 2192 3641 2267">
    <p class='ocr_par' dir='ltr' id='par_1_52' title="bbox 2071 2192 3641 2267">
     <span class='ocr_line' id='line_1_52' title="bbox 2071 2192 3641 2267; baseline -0.008 -12"><span class='ocrx_word' id='word_1_430' title='bbox 2071 2200 2259 2255; x_wconf 70' lang='grc' dir='ltr'>δἀὐτὰ</span> <span class='ocrx_word' id='word_1_431' title='bbox 2294 2201 2388 2253; x_wconf 79' lang='grc' dir='ltr'>καὶ</span> <span class='ocrx_word' id='word_1_432' title='bbox 2433 2199 2483 2250; x_wconf 84' lang='grc' dir='ltr'><strong>εί</strong></span> <span class='ocrx_word' id='word_1_433' title='bbox 2528 2196 2606 2267; x_wconf 83' lang='lat' dir='ltr'><strong>(l)</strong></span> <span class='ocrx_word' id='word_1_434' title='bbox 2656 2194 2772 2249; x_wconf 83' lang='grc' dir='ltr'>ἀνω</span> <span class='ocrx_word' id='word_1_435' title='bbox 2797 2192 2892 2247; x_wconf 79' lang='grc' dir='ltr'>τοῦ</span> <span class='ocrx_word' id='word_1_436' title='bbox 2927 2194 2973 2245; x_wconf 83' lang='lat' dir='ltr'><strong>A</strong></span> <span class='ocrx_word' id='word_1_437' title='bbox 2998 2195 3058 2245; x_wconf 88' lang='grc' dir='ltr'><strong>τὸ</strong></span> <span class='ocrx_word' id='word_1_438' title='bbox 3111 2192 3151 2246; x_wconf 90' lang='grc' dir='ltr'><strong>Β</strong></span> <span class='ocrx_word' id='word_1_439' title='bbox 3184 2193 3385 2256; x_wconf 85' lang='grc' dir='ltr'>κεῖται,</span> <span class='ocrx_word' id='word_1_440' title='bbox 3426 2192 3641 2261; x_wconf 78' lang='grc' dir='ltr'>συμϐή·</span> 
     </span>
    </p>
   </div>
   <div class='ocr_carea' id='block_1_53' title="bbox 2073 2284 3634 2361">
    <p class='ocr_par' dir='ltr' id='par_1_53' title="bbox 2073 2284 3634 2361">
     <span class='ocr_line' id='line_1_53' title="bbox 2073 2284 3634 2361; baseline -0.006 -14"><span class='ocrx_word' id='word_1_441' title='bbox 2073 2311 2246 2347; x_wconf 83' lang='grc' dir='ltr'>σεται.</span> <span class='ocrx_word' id='word_1_442' title='bbox 2288 2291 2451 2345; x_wconf 84' lang='grc' dir='ltr'>Ἀλλά</span> <span class='ocrx_word' id='word_1_443' title='bbox 2501 2291 2569 2361; x_wconf 84' lang='grc' dir='ltr'><strong>δὴ</strong></span> <span class='ocrx_word' id='word_1_444' title='bbox 2609 2287 2815 2343; x_wconf 80' lang='grc' dir='ltr'>κείσθω</span> <span class='ocrx_word' id='word_1_445' title='bbox 2848 2288 2914 2340; x_wconf 86' lang='grc' dir='ltr'><strong>ὲκ</strong></span> <span class='ocrx_word' id='word_1_446' title='bbox 2967 2284 3208 2354; x_wconf 77' lang='grc' dir='ltr'><strong>πλαγίου</strong></span> <span class='ocrx_word' id='word_1_447' title='bbox 3253 2284 3347 2339; x_wconf 79' lang='grc' dir='ltr'>τοῦ</span> <span class='ocrx_word' id='word_1_448' title='bbox 3386 2286 3429 2338; x_wconf 86' lang='grc' dir='ltr'>Α</span> <span class='ocrx_word' id='word_1_449' title='bbox 3473 2285 3634 2353; x_wconf 81' lang='grc' dir='ltr'>δῆλον</span> 
     </span>
    </p>
   </div>
   <div class='ocr_carea' id='block_1_54' title="bbox 2071 2376 3642 2455">
    <p class='ocr_par' dir='ltr' id='par_1_54' title="bbox 2071 2376 3642 2455">
     <span class='ocr_line' id='line_1_54' title="bbox 2071 2376 3642 2455; baseline -0.007 -16"><span class='ocrx_word' id='word_1_450' title='bbox 2071 2386 2135 2455; x_wconf 75' lang='grc' dir='ltr'><strong>δὴ</strong></span> <span class='ocrx_word' id='word_1_451' title='bbox 2167 2384 2399 2440; x_wconf 76' lang='grc' dir='ltr'>ἐνταῦθα</span> <span class='ocrx_word' id='word_1_452' title='bbox 2436 2380 2618 2452; x_wconf 86' lang='grc' dir='ltr'>πολλῷ</span> <span class='ocrx_word' id='word_1_453' title='bbox 2678 2378 2906 2451; x_wconf 81' lang='grc' dir='ltr'>μᾶλλον,</span> <span class='ocrx_word' id='word_1_454' title='bbox 2945 2379 3029 2433; x_wconf 83' lang='grc' dir='ltr'><strong>ὅτι</strong></span> <span class='ocrx_word' id='word_1_455' title='bbox 3079 2376 3175 2429; x_wconf 78' lang='grc' dir='ltr'><strong>δύο</strong></span> <span class='ocrx_word' id='word_1_456' title='bbox 3202 2376 3341 2430; x_wconf 78' lang='grc' dir='ltr'>εἰσὶν</span> <span class='ocrx_word' id='word_1_457' title='bbox 3389 2377 3445 2429; x_wconf 84' lang='grc' dir='ltr'><strong>αί</strong></span> <span class='ocrx_word' id='word_1_458' title='bbox 3485 2376 3642 2444; x_wconf 77' lang='grc' dir='ltr'>ἐνέρ-</span> 
     </span>
    </p>
   </div>
   <div class='ocr_carea' id='block_1_55' title="bbox 2072 2465 3644 2548">
    <p class='ocr_par' dir='ltr' id='par_1_55' title="bbox 2072 2465 3644 2548">
     <span class='ocr_line' id='line_1_55' title="bbox 2072 2465 3644 2548; baseline -0.01 -16"><span class='ocrx_word' id='word_1_459' title='bbox 2072 2495 2240 2548; x_wconf 90' lang='grc' dir='ltr'>γειαι,</span> <span class='ocrx_word' id='word_1_460' title='bbox 2275 2478 2373 2548; x_wconf 85' lang='grc' dir='ltr'><strong>μία</strong></span> <span class='ocrx_word' id='word_1_461' title='bbox 2405 2477 2506 2547; x_wconf 75' lang='grc' dir='ltr'><strong>μὲν</strong></span> <span class='ocrx_word' id='word_1_462' title='bbox 2535 2477 2569 2545; x_wconf 78' lang='grc' dir='ltr'>ἠ</span> <span class='ocrx_word' id='word_1_463' title='bbox 2601 2473 2709 2528; x_wconf 84' lang='grc' dir='ltr'><strong>ἀπὸ</strong></span> <span class='ocrx_word' id='word_1_464' title='bbox 2757 2470 2855 2526; x_wconf 81' lang='grc' dir='ltr'><strong>τοῦ</strong></span> <span class='ocrx_word' id='word_1_465' title='bbox 2908 2472 2954 2525; x_wconf 81' lang='grc' dir='ltr'><strong>Δ</strong></span> <span class='ocrx_word' id='word_1_466' title='bbox 2982 2470 3120 2541; x_wconf 71' lang='grc' dir='ltr'>πρὸς</span> <span class='ocrx_word' id='word_1_467' title='bbox 3169 2466 3228 2521; x_wconf 85' lang='grc' dir='ltr'>τὺ</span> <span class='ocrx_word' id='word_1_468' title='bbox 3260 2468 3322 2533; x_wconf 89' lang='grc' dir='ltr'>Γ,</span> <span class='ocrx_word' id='word_1_469' title='bbox 3373 2465 3535 2535; x_wconf 78' lang='grc' dir='ltr'>ἑτέρα</span> <span class='ocrx_word' id='word_1_470' title='bbox 3586 2465 3644 2518; x_wconf 78' lang='grc' dir='ltr'>δὲ</span> 
     </span>
    </p>
   </div>
   <div class='ocr_carea' id='block_1_56' title="bbox 2072 2556 3646 2640">
    <p class='ocr_par' dir='ltr' id='par_1_56' title="bbox 2072 2556 3646 2640">
     <span class='ocr_line' id='line_1_56' title="bbox 2072 2556 3646 2640; baseline -0.01 -16"><span class='ocrx_word' id='word_1_471' title='bbox 2072 2572 2107 2640; x_wconf 79' lang='grc' dir='ltr'>ἡ</span> <span class='ocrx_word' id='word_1_472' title='bbox 2154 2570 2262 2623; x_wconf 71' lang='grc' dir='ltr'>ἀπὸ</span> <span class='ocrx_word' id='word_1_473' title='bbox 2297 2567 2392 2622; x_wconf 78' lang='grc' dir='ltr'>τοῦ</span> <span class='ocrx_word' id='word_1_474' title='bbox 2433 2569 2473 2619; x_wconf 85' lang='grc' dir='ltr'><strong>Β</strong></span> <span class='ocrx_word' id='word_1_475' title='bbox 2517 2566 2654 2635; x_wconf 82' lang='grc' dir='ltr'>πρὸς</span> <span class='ocrx_word' id='word_1_476' title='bbox 2687 2564 2749 2619; x_wconf 83' lang='grc' dir='ltr'><strong>τὸ</strong></span> <span class='ocrx_word' id='word_1_477' title='bbox 2794 2562 2928 2617; x_wconf 82' lang='grc' dir='ltr'>αὐτὸ</span> <span class='ocrx_word' id='word_1_478' title='bbox 2954 2560 3327 2616; x_wconf 81' lang='grc' dir='ltr'>Γ.Ἀδύνατον</span> <span class='ocrx_word' id='word_1_479' title='bbox 3363 2557 3475 2628; x_wconf 82' lang='grc' dir='ltr'>ἄρα</span> <span class='ocrx_word' id='word_1_480' title='bbox 3514 2556 3646 2627; x_wconf 86' lang='grc' dir='ltr'>μίαν</span> 
     </span>
    </p>
   </div>
   <div class='ocr_carea' id='block_1_57' title="bbox 2071 2646 3646 2730">
    <p class='ocr_par' dir='ltr' id='par_1_57' title="bbox 2071 2646 3646 2730">
     <span class='ocr_line' id='line_1_57' title="bbox 2071 2646 3646 2730; baseline -0.01 -16"><span class='ocrx_word' id='word_1_481' title='bbox 2071 2661 2150 2729; x_wconf 84' lang='grc' dir='ltr'><strong>τῷ</strong></span> <span class='ocrx_word' id='word_1_482' title='bbox 2180 2658 2400 2730; x_wconf 79' lang='grc' dir='ltr'>ἀριθμῷ</span> <span class='ocrx_word' id='word_1_483' title='bbox 2440 2657 2724 2727; x_wconf 76' lang='grc' dir='ltr'><strong>ἐνέργειαν</strong></span> <span class='ocrx_word' id='word_1_484' title='bbox 2757 2653 2896 2725; x_wconf 77' lang='grc' dir='ltr'>πρὸς</span> <span class='ocrx_word' id='word_1_485' title='bbox 2940 2652 3035 2705; x_wconf 85' lang='grc' dir='ltr'><strong>δύο</strong></span> <span class='ocrx_word' id='word_1_486' title='bbox 3078 2651 3148 2703; x_wconf 82' lang='grc' dir='ltr'>τὰ</span> <span class='ocrx_word' id='word_1_487' title='bbox 3184 2646 3515 2718; x_wconf 77' lang='grc' dir='ltr'><strong>ἐνεργοῦντα</strong></span> <span class='ocrx_word' id='word_1_488' title='bbox 3546 2647 3646 2716; x_wconf 82' lang='grc' dir='ltr'><strong>τὴν</strong></span> 
     </span>
    </p>
   </div>
   <div class='ocr_carea' id='block_1_58' title="bbox 2074 2742 3645 2822">
    <p class='ocr_par' dir='ltr' id='par_1_58' title="bbox 2074 2742 3645 2822">
     <span class='ocr_line' id='line_1_58' title="bbox 2074 2742 3645 2822; baseline -0.008 -16"><span class='ocrx_word' id='word_1_489' title='bbox 2074 2753 2367 2822; x_wconf 73' lang='grc' dir='ltr'>ἀναφορὰν</span> <span class='ocrx_word' id='word_1_490' title='bbox 2385 2751 2555 2820; x_wconf 73' lang='grc' dir='ltr'>ἔχειν,</span> <span class='ocrx_word' id='word_1_491' title='bbox 2609 2747 2860 2815; x_wconf 83' lang='grc' dir='ltr'>καθάπερ</span> <span class='ocrx_word' id='word_1_492' title='bbox 2896 2744 3159 2800; x_wconf 80' lang='grc' dir='ltr'>ἀδύνατον</span> <span class='ocrx_word' id='word_1_493' title='bbox 3212 2744 3345 2812; x_wconf 82' lang='grc' dir='ltr'>μιᾶς</span> <span class='ocrx_word' id='word_1_494' title='bbox 3379 2742 3645 2812; x_wconf 81' lang='grc' dir='ltr'>γραμμῆς</span> 
     </span>
    </p>
   </div>
   <div class='ocr_carea' id='block_1_59' title="bbox 2074 2830 3648 2913">
    <p class='ocr_par' dir='ltr' id='par_1_59' title="bbox 2074 2830 3648 2913">
     <span class='ocr_line' id='line_1_59' title="bbox 2074 2830 3648 2913; baseline -0.01 -13"><span class='ocrx_word' id='word_1_495' title='bbox 2074 2847 2138 2900; x_wconf 78' lang='grc' dir='ltr'><strong>ἐκ</strong></span> <span class='ocrx_word' id='word_1_496' title='bbox 2168 2844 2395 2913; x_wconf 77' lang='grc' dir='ltr'><strong>θατέρου</strong></span> <span class='ocrx_word' id='word_1_497' title='bbox 2432 2841 2631 2912; x_wconf 81' lang='grc' dir='ltr'>μέρους</span> <span class='ocrx_word' id='word_1_498' title='bbox 2664 2838 2759 2892; x_wconf 84' lang='grc' dir='ltr'><strong>δύο</strong></span> <span class='ocrx_word' id='word_1_499' title='bbox 2800 2838 2877 2892; x_wconf 73' lang='grc' dir='ltr'>τὰ</span> <span class='ocrx_word' id='word_1_500' title='bbox 2894 2838 3112 2908; x_wconf 81' lang='grc' dir='ltr'>πέρατα</span> <span class='ocrx_word' id='word_1_501' title='bbox 3152 2830 3313 2889; x_wconf 74' lang='grc' dir='ltr'>εἶναι.</span> <span class='ocrx_word' id='word_1_502' title='bbox 3369 2834 3485 2888; x_wconf 86' lang='grc' dir='ltr'>Μία</span> <span class='ocrx_word' id='word_1_503' title='bbox 3536 2832 3648 2902; x_wconf 81' lang='grc' dir='ltr'><strong>ἀρα</strong></span> 
     </span>
    </p>
   </div>
   <div class='ocr_carea' id='block_1_60' title="bbox 2072 2925 3643 3009">
    <p class='ocr_par' dir='ltr' id='par_1_60' title="bbox 2072 2925 3643 3009">
     <span class='ocr_line' id='line_1_60' title="bbox 2072 2925 3643 3009; baseline -0.009 -18"><span class='ocrx_word' id='word_1_504' title='bbox 2072 2936 2151 3009; x_wconf 79' lang='grc' dir='ltr'>τῷ</span> <span class='ocrx_word' id='word_1_505' title='bbox 2175 2934 2393 3006; x_wconf 73' lang='grc' dir='ltr'>ἀριθμῷ</span> <span class='ocrx_word' id='word_1_506' title='bbox 2428 2934 2682 3002; x_wconf 68' lang='grc' dir='ltr'>ἐνέργεια</span> <span class='ocrx_word' id='word_1_507' title='bbox 2714 2930 2852 3002; x_wconf 81' lang='grc' dir='ltr'>πρὸς</span> <span class='ocrx_word' id='word_1_508' title='bbox 2900 2930 2959 2984; x_wconf 79' lang='grc' dir='ltr'>ἓν</span> <span class='ocrx_word' id='word_1_509' title='bbox 3018 2926 3239 2999; x_wconf 79' lang='grc' dir='ltr'>ἀριθμῷ</span> <span class='ocrx_word' id='word_1_510' title='bbox 3270 2927 3330 2980; x_wconf 84' lang='grc' dir='ltr'><strong>τὸ</strong></span> <span class='ocrx_word' id='word_1_511' title='bbox 3380 2925 3643 2997; x_wconf 79' lang='grc' dir='ltr'>ἐνεργοῦν</span> 
     </span>
    </p>
   </div>
   <div class='ocr_carea' id='block_1_61' title="bbox 2074 3017 3647 3099">
    <p class='ocr_par' dir='ltr' id='par_1_61' title="bbox 2074 3017 3647 3099">
     <span class='ocr_line' id='line_1_61' title="bbox 2074 3017 3647 3099; baseline -0.011 -13"><span class='ocrx_word' id='word_1_512' title='bbox 2074 3029 2432 3099; x_wconf 78' lang='grc' dir='ltr'>ἀναφέρεται.</span> <span class='ocrx_word' id='word_1_513' title='bbox 2490 3027 2671 3078; x_wconf 82' lang='grc' dir='ltr'>Ἔστω</span> <span class='ocrx_word' id='word_1_514' title='bbox 2733 3022 2794 3076; x_wconf 86' lang='grc' dir='ltr'>τδ</span> <span class='ocrx_word' id='word_1_515' title='bbox 2847 3020 3104 3092; x_wconf 72' lang='grc' dir='ltr'>ὲονεργοῦν</span> <span class='ocrx_word' id='word_1_516' title='bbox 3132 3019 3197 3086; x_wconf 81' lang='grc' dir='ltr'>Α,</span> <span class='ocrx_word' id='word_1_517' title='bbox 3230 3019 3422 3088; x_wconf 85' lang='grc' dir='ltr'>Πατήρ</span> <span class='ocrx_word' id='word_1_518' title='bbox 3449 3034 3508 3070; x_wconf 81' lang='grc' dir='ltr'><strong>τε</strong></span> <span class='ocrx_word' id='word_1_519' title='bbox 3550 3017 3647 3071; x_wconf 74' lang='grc' dir='ltr'><strong>καὶ</strong></span> 
     </span>
    </p>
   </div>
   <div class='ocr_carea' id='block_1_62' title="bbox 397 3111 1975 3195">
    <p class='ocr_par' dir='ltr' id='par_1_62' title="bbox 397 3112 1968 3195">
     <span class='ocr_line' id='line_1_62' title="bbox 397 3112 1968 3195; baseline 0.011 -31"><span class='ocrx_word' id='word_1_520' title='bbox 397 3127 567 3181; x_wconf 85' lang='lat' dir='ltr'><strong>agens</strong></span> <span class='ocrx_word' id='word_1_521' title='bbox 596 3112 854 3170; x_wconf 82' lang='lat' dir='ltr'><strong>refertur.</strong></span> <span class='ocrx_word' id='word_1_522' title='bbox 890 3114 1020 3171; x_wconf 87' lang='lat' dir='ltr'><strong>Esto</strong></span> <span class='ocrx_word' id='word_1_523' title='bbox 1043 3134 1212 3188; x_wconf 83' lang='lat' dir='ltr'><strong>agens</strong></span> <span class='ocrx_word' id='word_1_524' title='bbox 1257 3119 1517 3183; x_wconf 37' lang='lat' dir='ltr'><strong>A,‘Pater</strong></span> <span class='ocrx_word' id='word_1_525' title='bbox 1539 3131 1593 3177; x_wconf 90' lang='lat' dir='ltr'><strong>et</strong></span> <span class='ocrx_word' id='word_1_526' title='bbox 1628 3123 1968 3195; x_wconf 82' lang='lat' dir='ltr'><strong>productor;</strong></span> 
     </span>
    </p>
   </div>
   <div class='ocr_carea' id='block_1_63' title="bbox 2077 3111 3632 3195">
    <p class='ocr_par' dir='ltr' id='par_1_63' title="bbox 2077 3111 3632 3195">
     <span class='ocr_line' id='line_1_63' title="bbox 2077 3111 3632 3195; baseline -0.008 -19"><span class='ocrx_word' id='word_1_527' title='bbox 2077 3120 2394 3195; x_wconf 73' lang='grc' dir='ltr'>προϐολεὺς,</span> <span class='ocrx_word' id='word_1_528' title='bbox 2428 3122 2490 3184; x_wconf 76' lang='grc' dir='ltr'><strong>τὸ</strong></span> <span class='ocrx_word' id='word_1_529' title='bbox 2518 3116 2655 3189; x_wconf 76' lang='grc' dir='ltr'>πρὸς</span> <span class='ocrx_word' id='word_1_530' title='bbox 2685 3115 2713 3169; x_wconf 84' lang='grc' dir='ltr'><strong>ὃ</strong></span> <span class='ocrx_word' id='word_1_531' title='bbox 2755 3117 2790 3185; x_wconf 80' lang='grc' dir='ltr'>ἡ</span> <span class='ocrx_word' id='word_1_532' title='bbox 2842 3112 3092 3185; x_wconf 75' lang='grc' dir='ltr'>ἐνέργεια</span> <span class='ocrx_word' id='word_1_533' title='bbox 3128 3112 3167 3165; x_wconf 81' lang='grc' dir='ltr'>Ρ</span> <span class='ocrx_word' id='word_1_534' title='bbox 3189 3152 3204 3174; x_wconf 92' lang='grc'><strong>,</strong></span> <span class='ocrx_word' id='word_1_535' title='bbox 3231 3114 3266 3183; x_wconf 77' lang='grc' dir='ltr'><strong>ἡ</strong></span> <span class='ocrx_word' id='word_1_536' title='bbox 3324 3112 3419 3165; x_wconf 81' lang='grc' dir='ltr'><strong>τοῦ</strong></span> <span class='ocrx_word' id='word_1_537' title='bbox 3471 3111 3632 3179; x_wconf 76' lang='grc' dir='ltr'>ἁγίου</span> 
     </span>
    </p>
   </div>
   <div class='ocr_carea' id='block_1_64' title="bbox 402 3204 1971 3280">
    <p class='ocr_par' dir='ltr' id='par_1_64' title="bbox 402 3204 1971 3280">
     <span class='ocr_line' id='line_1_64' title="bbox 402 3204 1971 3280; baseline 0.009 -22"><span class='ocrx_word' id='word_1_538' title='bbox 402 3204 456 3258; x_wconf 86' lang='lat' dir='ltr'><strong>id</strong></span> <span class='ocrx_word' id='word_1_539' title='bbox 492 3206 563 3259; x_wconf 89' lang='lat' dir='ltr'><strong>ad</strong></span> <span class='ocrx_word' id='word_1_540' title='bbox 598 3205 743 3275; x_wconf 88' lang='lat' dir='ltr'><strong>quod</strong></span> <span class='ocrx_word' id='word_1_541' title='bbox 776 3208 1025 3276; x_wconf 87' lang='lat' dir='ltr'><strong>operatio</strong></span> <span class='ocrx_word' id='word_1_542' title='bbox 1054 3209 1121 3277; x_wconf 91' lang='lat' dir='ltr'><strong>G,</strong></span> <span class='ocrx_word' id='word_1_543' title='bbox 1173 3210 1417 3280; x_wconf 87' lang='lat' dir='ltr'><strong>Spiritus</strong></span> <span class='ocrx_word' id='word_1_544' title='bbox 1449 3215 1621 3269; x_wconf 86' lang='lat' dir='ltr'><strong>sancti</strong></span> <span class='ocrx_word' id='word_1_545' title='bbox 1657 3214 1971 3274; x_wconf 87' lang='lat' dir='ltr'><strong>subsisten-</strong></span> 
     </span>
    </p>
   </div>
   <div class='ocr_carea' id='block_1_65' title="bbox 404 3294 1979 3370">
    <p class='ocr_par' dir='ltr' id='par_1_65' title="bbox 404 3294 1979 3370">
     <span class='ocr_line' id='line_1_65' title="bbox 404 3294 1979 3370; baseline 0.007 -22"><span class='ocrx_word' id='word_1_546' title='bbox 404 3298 506 3355; x_wconf 85' lang='lat' dir='ltr'><strong>tia,</strong></span> <span class='ocrx_word' id='word_1_547' title='bbox 539 3294 872 3350; x_wconf 86' lang='lat' dir='ltr'><strong>intermedia</strong></span> <span class='ocrx_word' id='word_1_548' title='bbox 896 3310 1029 3351; x_wconf 90' lang='lat' dir='ltr'><strong>vero</strong></span> <span class='ocrx_word' id='word_1_549' title='bbox 1064 3298 1211 3352; x_wconf 90' lang='lat' dir='ltr'><strong>inter</strong></span> <span class='ocrx_word' id='word_1_550' title='bbox 1243 3299 1359 3354; x_wconf 75' lang='lat' dir='ltr'><strong>haec</strong></span> <span class='ocrx_word' id='word_1_551' title='bbox 1408 3302 1733 3370; x_wconf 76' lang='lat' dir='ltr'><strong>productiva</strong></span> <span class='ocrx_word' id='word_1_552' title='bbox 1766 3318 1872 3357; x_wconf 87' lang='lat' dir='ltr'><strong>una</strong></span> <span class='ocrx_word' id='word_1_553' title='bbox 1921 3312 1979 3359; x_wconf 86' lang='lat' dir='ltr'><strong>et</strong></span> 
     </span>
    </p>
   </div>
   <div class='ocr_carea' id='block_1_66' title="bbox 401 3384 1977 3460">
    <p class='ocr_par' dir='ltr' id='par_1_66' title="bbox 401 3384 1977 3460">
     <span class='ocr_line' id='line_1_66' title="bbox 401 3384 1977 3460; baseline 0.008 -24"><span class='ocrx_word' id='word_1_554' title='bbox 401 3384 636 3453; x_wconf 81' lang='lat' dir='ltr'><strong>simplex</strong></span> <span class='ocrx_word' id='word_1_555' title='bbox 676 3395 843 3455; x_wconf 88' lang='lat' dir='ltr'><strong>atque</strong></span> <span class='ocrx_word' id='word_1_556' title='bbox 877 3388 1214 3457; x_wconf 87' lang='lat' dir='ltr'><strong>sempiterna</strong></span> <span class='ocrx_word' id='word_1_557' title='bbox 1238 3391 1510 3460; x_wconf 87' lang='lat' dir='ltr'><strong>operatio,</strong></span> <span class='ocrx_word' id='word_1_558' title='bbox 1543 3392 1584 3445; x_wconf 84' lang='grc' dir='ltr'>Β</span> <span class='ocrx_word' id='word_1_559' title='bbox 1609 3408 1740 3448; x_wconf 86' lang='lat' dir='ltr'><strong>vero</strong></span> <span class='ocrx_word' id='word_1_560' title='bbox 1781 3394 1854 3449; x_wconf 91' lang='lat' dir='ltr'><strong>sit</strong></span> <span class='ocrx_word' id='word_1_561' title='bbox 1887 3395 1977 3449; x_wconf 83' lang='lat' dir='ltr'><strong>Fi-</strong></span> 
     </span>
    </p>
   </div>
   <div class='ocr_carea' id='block_1_67' title="bbox 401 3475 1980 3549">
    <p class='ocr_par' dir='ltr' id='par_1_67' title="bbox 401 3475 1980 3549">
     <span class='ocr_line' id='line_1_67' title="bbox 401 3475 1980 3549; baseline 0.004 -20"><span class='ocrx_word' id='word_1_562' title='bbox 401 3475 533 3530; x_wconf 90' lang='lat' dir='ltr'><strong>lius.</strong></span> <span class='ocrx_word' id='word_1_563' title='bbox 575 3476 657 3531; x_wconf 90' lang='lat' dir='ltr'><strong>Ad</strong></span> <span class='ocrx_word' id='word_1_564' title='bbox 696 3492 868 3530; x_wconf 90' lang='lat' dir='ltr'><strong>unum</strong></span> <span class='ocrx_word' id='word_1_565' title='bbox 903 3492 1036 3549; x_wconf 87' lang='lat' dir='ltr'><strong>ergo</strong></span> <span class='ocrx_word' id='word_1_566' title='bbox 1064 3478 1307 3547; x_wconf 83' lang='lat' dir='ltr'><strong>Patrem,</strong></span> <span class='ocrx_word' id='word_1_567' title='bbox 1329 3489 1384 3536; x_wconf 91' lang='lat' dir='ltr'><strong>et</strong></span> <span class='ocrx_word' id='word_1_568' title='bbox 1420 3495 1532 3536; x_wconf 92' lang='lat' dir='ltr'><strong>non</strong></span> <span class='ocrx_word' id='word_1_569' title='bbox 1562 3481 1629 3537; x_wconf 88' lang='lat' dir='ltr'><strong>ad</strong></span> <span class='ocrx_word' id='word_1_570' title='bbox 1664 3482 1861 3538; x_wconf 84' lang='lat' dir='ltr'><strong>Filium</strong></span> <span class='ocrx_word' id='word_1_571' title='bbox 1894 3498 1980 3536; x_wconf 89' lang='lat' dir='ltr'><strong>re-</strong></span> 
     </span>
    </p>
   </div>
   <div class='ocr_carea' id='block_1_68' title="bbox 405 3567 1979 3645">
    <p class='ocr_par' dir='ltr' id='par_1_68' title="bbox 405 3567 1979 3645">
     <span class='ocr_line' id='line_1_68' title="bbox 405 3567 1979 3645; baseline 0.007 -26"><span class='ocrx_word' id='word_1_572' title='bbox 405 3567 584 3620; x_wconf 83' lang='lat' dir='ltr'><strong>fertur</strong></span> <span class='ocrx_word' id='word_1_573' title='bbox 613 3568 940 3638; x_wconf 87' lang='lat' dir='ltr'><strong>productiva</strong></span> <span class='ocrx_word' id='word_1_574' title='bbox 993 3571 1175 3625; x_wconf 89' lang='lat' dir='ltr'><strong>sancti</strong></span> <span class='ocrx_word' id='word_1_575' title='bbox 1217 3570 1464 3642; x_wconf 91' lang='lat' dir='ltr'><strong>Spiritus</strong></span> <span class='ocrx_word' id='word_1_576' title='bbox 1514 3575 1802 3645; x_wconf 88' lang='lat' dir='ltr'><strong>operatio,</strong></span> <span class='ocrx_word' id='word_1_577' title='bbox 1856 3590 1979 3645; x_wconf 68' lang='lat' dir='ltr'><strong>qua:</strong></span> 
     </span>
    </p>
   </div>
   <div class='ocr_carea' id='block_1_69' title="bbox 406 3663 1089 3732">
    <p class='ocr_par' dir='ltr' id='par_1_69' title="bbox 406 3663 1089 3732">
     <span class='ocr_line' id='line_1_69' title="bbox 406 3663 1089 3732; baseline 0.003 -18"><span class='ocrx_word' id='word_1_578' title='bbox 406 3676 512 3715; x_wconf 86' lang='lat' dir='ltr'><strong>una</strong></span> <span class='ocrx_word' id='word_1_579' title='bbox 544 3676 609 3716; x_wconf 88' lang='lat' dir='ltr'><strong>ac</strong></span> <span class='ocrx_word' id='word_1_580' title='bbox 638 3663 949 3732; x_wconf 86' lang='lat' dir='ltr'><strong>personalis</strong></span> <span class='ocrx_word' id='word_1_581' title='bbox 984 3672 1089 3719; x_wconf 84' lang='lat' dir='ltr'><strong>est.</strong></span> 
     </span>
    </p>
   </div>
   <div class='ocr_carea' id='block_1_70' title="bbox 1063 3754 1344 3837">
    <p class='ocr_par' dir='ltr' id='par_1_70' title="bbox 1063 3754 1344 3837">
     <span class='ocr_line' id='line_1_70' title="bbox 1063 3754 1344 3837; baseline 0.011 -4"><span class='ocrx_word' id='word_1_582' title='bbox 1063 3754 1344 3837; x_wconf 73' lang='lat' dir='ltr'><strong>NlCAENI.</strong></span> 
     </span>
    </p>
   </div>
   <div class='ocr_carea' id='block_1_71' title="bbox 462 3862 1985 3966">
    <p class='ocr_par' dir='ltr' id='par_1_71' title="bbox 462 3862 1985 3966">
     <span class='ocr_line' id='line_1_71' title="bbox 462 3862 1985 3966; baseline 0.005 -21"><span class='ocrx_word' id='word_1_583' title='bbox 462 3862 639 3945; x_wconf 53' lang='lat' dir='ltr'><strong>.Suhit</strong></span> <span class='ocrx_word' id='word_1_584' title='bbox 679 3906 765 3945; x_wconf 89' lang='lat' dir='ltr'><strong>me</strong></span> <span class='ocrx_word' id='word_1_585' title='bbox 800 3890 965 3959; x_wconf 88' lang='lat' dir='ltr'><strong>risus,</strong></span> <span class='ocrx_word' id='word_1_586' title='bbox 994 3891 1152 3962; x_wconf 88' lang='lat' dir='ltr'><strong>isque</strong></span> <span class='ocrx_word' id='word_1_587' title='bbox 1195 3892 1516 3961; x_wconf 85' lang='lat' dir='ltr'><strong>vehemens,</strong></span> <span class='ocrx_word' id='word_1_588' title='bbox 1548 3896 1771 3966; x_wconf 88' lang='lat' dir='ltr'><strong>quando</strong></span> <span class='ocrx_word' id='word_1_589' title='bbox 1808 3903 1861 3952; x_wconf 87' lang='lat' dir='ltr'><strong>te</strong></span> <span class='ocrx_word' id='word_1_590' title='bbox 1901 3897 1985 3953; x_wconf 89' lang='lat' dir='ltr'><strong>vi-</strong></span> 
     </span>
    </p>
   </div>
   <div class='ocr_carea' id='block_1_72' title="bbox 405 3981 1983 4057">
    <p class='ocr_par' dir='ltr' id='par_1_72' title="bbox 405 3981 1983 4057">
     <span class='ocr_line' id='line_1_72' title="bbox 405 3981 1983 4057; baseline 0.005 -22"><span class='ocrx_word' id='word_1_591' title='bbox 405 3982 512 4037; x_wconf 86' lang='lat' dir='ltr'><strong>deo</strong></span> <span class='ocrx_word' id='word_1_592' title='bbox 544 3981 1119 4038; x_wconf 87' lang='lat' dir='ltr'><strong>demonstrationihus</strong></span> <span class='ocrx_word' id='word_1_593' title='bbox 1149 3996 1218 4036; x_wconf 79' lang='lat' dir='ltr'><strong>ex</strong></span> <span class='ocrx_word' id='word_1_594' title='bbox 1263 3982 1465 4039; x_wconf 84' lang='lat' dir='ltr'><strong>litteris</strong></span> <span class='ocrx_word' id='word_1_595' title='bbox 1485 3993 1542 4040; x_wconf 87' lang='lat' dir='ltr'><strong>et</strong></span> <span class='ocrx_word' id='word_1_596' title='bbox 1599 3984 1762 4041; x_wconf 88' lang='lat' dir='ltr'><strong>lineis</strong></span> <span class='ocrx_word' id='word_1_597' title='bbox 1794 3987 1983 4057; x_wconf 82' lang='lat' dir='ltr'><strong>petitis</strong></span> 
     </span>
    </p>
   </div>
   <div class='ocr_carea' id='block_1_73' title="bbox 402 4074 1985 4148">
    <p class='ocr_par' dir='ltr' id='par_1_73' title="bbox 402 4074 1985 4148">
     <span class='ocr_line' id='line_1_73' title="bbox 402 4074 1985 4148; baseline 0.004 -19"><span class='ocrx_word' id='word_1_598' title='bbox 402 4075 474 4129; x_wconf 87' lang='lat' dir='ltr'><strong>dc</strong></span> <span class='ocrx_word' id='word_1_599' title='bbox 502 4074 570 4129; x_wconf 88' lang='lat' dir='ltr'><strong>iis</strong></span> <span class='ocrx_word' id='word_1_600' title='bbox 599 4090 721 4145; x_wconf 70' lang='lat' dir='ltr'><strong>quae</strong></span> <span class='ocrx_word' id='word_1_601' title='bbox 747 4074 950 4130; x_wconf 91' lang='lat' dir='ltr'><strong>mentis</strong></span> <span class='ocrx_word' id='word_1_602' title='bbox 983 4074 1159 4130; x_wconf 86' lang='lat' dir='ltr'><strong>aciem</strong></span> <span class='ocrx_word' id='word_1_603' title='bbox 1192 4075 1593 4132; x_wconf 82' lang='lat' dir='ltr'><strong>transcendunt</strong></span> <span class='ocrx_word' id='word_1_604' title='bbox 1625 4079 1779 4148; x_wconf 89' lang='lat' dir='ltr'><strong>quasi</strong></span> <span class='ocrx_word' id='word_1_605' title='bbox 1812 4079 1985 4135; x_wconf 86' lang='lat' dir='ltr'><strong>ratio-</strong></span> 
     </span>
    </p>
   </div>
   <div class='ocr_carea' id='block_1_74' title="bbox 404 4169 1982 4239">
    <p class='ocr_par' dir='ltr' id='par_1_74' title="bbox 404 4169 1982 4239">
     <span class='ocr_line' id='line_1_74' title="bbox 404 4169 1982 4239; baseline 0.003 -16"><span class='ocrx_word' id='word_1_606' title='bbox 404 4169 678 4223; x_wconf 83' lang='lat' dir='ltr'><strong>cinanteln</strong></span> <span class='ocrx_word' id='word_1_607' title='bbox 706 4178 763 4223; x_wconf 89' lang='lat' dir='ltr'><strong>et</strong></span> <span class='ocrx_word' id='word_1_608' title='bbox 795 4183 860 4223; x_wconf 88' lang='lat' dir='ltr'><strong>ea</strong></span> <span class='ocrx_word' id='word_1_609' title='bbox 907 4184 1030 4239; x_wconf 76' lang='lat' dir='ltr'><strong>qua:</strong></span> <span class='ocrx_word' id='word_1_610' title='bbox 1064 4176 1196 4224; x_wconf 90' lang='lat' dir='ltr'><strong>sunt</strong></span> <span class='ocrx_word' id='word_1_611' title='bbox 1249 4184 1417 4239; x_wconf 88' lang='lat' dir='ltr'><strong>supra</strong></span> <span class='ocrx_word' id='word_1_612' title='bbox 1451 4185 1673 4226; x_wconf 87' lang='lat' dir='ltr'><strong>omnem</strong></span> <span class='ocrx_word' id='word_1_613' title='bbox 1710 4171 1982 4229; x_wconf 90' lang='lat' dir='ltr'><strong>rationem</strong></span> 
     </span>
    </p>
   </div>
   <div class='ocr_carea' id='block_1_75' title="bbox 404 4259 1987 4331">
    <p class='ocr_par' dir='ltr' id='par_1_75' title="bbox 404 4259 1987 4331">
     <span class='ocr_line' id='line_1_75' title="bbox 404 4259 1987 4331; baseline 0.004 -18"><span class='ocrx_word' id='word_1_614' title='bbox 404 4259 757 4329; x_wconf 86' lang='lat' dir='ltr'><strong>geometricis</strong></span> <span class='ocrx_word' id='word_1_615' title='bbox 794 4259 1217 4316; x_wconf 87' lang='lat' dir='ltr'><strong>necessitatibus</strong></span> <span class='ocrx_word' id='word_1_616' title='bbox 1273 4262 1746 4331; x_wconf 87' lang='lat' dir='ltr'><strong>comprehendere</strong></span> <span class='ocrx_word' id='word_1_617' title='bbox 1779 4278 1987 4320; x_wconf 89' lang='lat' dir='ltr'><strong>conan-</strong></span> 
     </span>
    </p>
   </div>
   <div class='ocr_carea' id='block_1_76' title="bbox 405 4354 1984 4426">
    <p class='ocr_par' dir='ltr' id='par_1_76' title="bbox 405 4354 1984 4426">
     <span class='ocr_line' id='line_1_76' title="bbox 405 4354 1984 4426; baseline 0.006 -20"><span class='ocrx_word' id='word_1_618' title='bbox 405 4363 537 4417; x_wconf 83' lang='lat' dir='ltr'><strong>tem,</strong></span> <span class='ocrx_word' id='word_1_619' title='bbox 572 4362 628 4408; x_wconf 89' lang='lat' dir='ltr'><strong>ct</strong></span> <span class='ocrx_word' id='word_1_620' title='bbox 649 4354 871 4423; x_wconf 87' lang='lat' dir='ltr'><strong>quando</strong></span> <span class='ocrx_word' id='word_1_621' title='bbox 900 4355 1050 4409; x_wconf 90' lang='lat' dir='ltr'><strong>nulla</strong></span> <span class='ocrx_word' id='word_1_622' title='bbox 1093 4354 1193 4410; x_wconf 84' lang='lat' dir='ltr'><strong>tibi</strong></span> <span class='ocrx_word' id='word_1_623' title='bbox 1232 4365 1431 4426; x_wconf 63' lang='lat' dir='ltr'><strong>prresto</strong></span> <span class='ocrx_word' id='word_1_624' title='bbox 1458 4367 1545 4411; x_wconf 85' lang='lat' dir='ltr'><strong>est</strong></span> <span class='ocrx_word' id='word_1_625' title='bbox 1587 4356 1751 4421; x_wconf 86' lang='lat' dir='ltr'><strong>ratio,</strong></span> <span class='ocrx_word' id='word_1_626' title='bbox 1791 4357 1984 4415; x_wconf 85' lang='lat' dir='ltr'><strong>Eccle-</strong></span> 
     </span>
    </p>
   </div>
   <div class='ocr_carea' id='block_1_77' title="bbox 2079 3204 3648 3287">
    <p class='ocr_par' dir='ltr' id='par_1_77' title="bbox 2079 3204 3648 3287">
     <span class='ocr_line' id='line_1_77' title="bbox 2079 3204 3648 3287; baseline -0.009 -17"><span class='ocrx_word' id='word_1_627' title='bbox 2079 3216 2406 3287; x_wconf 84' lang='grc' dir='ltr'>Πνεύματσς</span> <span class='ocrx_word' id='word_1_628' title='bbox 2439 3211 2710 3282; x_wconf 74' lang='grc' dir='ltr'>ὖπαρξιςο</span> <span class='ocrx_word' id='word_1_629' title='bbox 2747 3207 2956 3280; x_wconf 80' lang='grc' dir='ltr'>μεταξῦ</span> <span class='ocrx_word' id='word_1_630' title='bbox 3014 3207 3072 3260; x_wconf 83' lang='grc' dir='ltr'>δὲ</span> <span class='ocrx_word' id='word_1_631' title='bbox 3118 3204 3298 3260; x_wconf 81' lang='grc' dir='ltr'>αὐτῶν</span> <span class='ocrx_word' id='word_1_632' title='bbox 3334 3206 3367 3274; x_wconf 86' lang='grc' dir='ltr'><strong>ή</strong></span> <span class='ocrx_word' id='word_1_633' title='bbox 3408 3205 3648 3275; x_wconf 75' lang='grc' dir='ltr'>προϐλη-</span> 
     </span>
    </p>
   </div>
   <div class='ocr_carea' id='block_1_78' title="bbox 2080 3298 3650 3379">
    <p class='ocr_par' dir='ltr' id='par_1_78' title="bbox 2080 3298 3650 3379">
     <span class='ocr_line' id='line_1_78' title="bbox 2080 3298 3650 3379; baseline -0.01 -17"><span class='ocrx_word' id='word_1_634' title='bbox 2080 3310 2209 3379; x_wconf 80' lang='grc' dir='ltr'>τικὴ</span> <span class='ocrx_word' id='word_1_635' title='bbox 2246 3306 2342 3360; x_wconf 81' lang='grc' dir='ltr'>τοῦ</span> <span class='ocrx_word' id='word_1_636' title='bbox 2387 3305 2705 3375; x_wconf 77' lang='grc' dir='ltr'>Πνεὺματος</span> <span class='ocrx_word' id='word_1_637' title='bbox 2741 3302 2841 3373; x_wconf 83' lang='grc' dir='ltr'><strong>μία</strong></span> <span class='ocrx_word' id='word_1_638' title='bbox 2877 3300 2972 3355; x_wconf 74' lang='grc' dir='ltr'><strong>καὶ</strong></span> <span class='ocrx_word' id='word_1_639' title='bbox 3000 3299 3179 3366; x_wconf 82' lang='grc' dir='ltr'><strong>ἁπλῆς</strong></span> <span class='ocrx_word' id='word_1_640' title='bbox 3227 3298 3319 3352; x_wconf 72' lang='grc' dir='ltr'>καὶ</span> <span class='ocrx_word' id='word_1_641' title='bbox 3350 3298 3521 3359; x_wconf 73' lang='grc' dir='ltr'>ἀΐδιος</span> <span class='ocrx_word' id='word_1_642' title='bbox 3563 3300 3650 3348; x_wconf 80' lang='grc' dir='ltr'><strong>ἐν-</strong></span> 
     </span>
    </p>
   </div>
   <div class='ocr_carea' id='block_1_79' title="bbox 2077 3388 3649 3471">
    <p class='ocr_par' dir='ltr' id='par_1_79' title="bbox 2077 3388 3649 3471">
     <span class='ocr_line' id='line_1_79' title="bbox 2077 3388 3649 3471; baseline -0.01 -17"><span class='ocrx_word' id='word_1_643' title='bbox 2077 3403 2266 3471; x_wconf 81' lang='grc' dir='ltr'>έργεια</span> <span class='ocrx_word' id='word_1_644' title='bbox 2289 3414 2305 3431; x_wconf 78' lang='grc' dir='ltr'>ο</span> <span class='ocrx_word' id='word_1_645' title='bbox 2337 3399 2400 3452; x_wconf 85' lang='grc' dir='ltr'>τὸ</span> <span class='ocrx_word' id='word_1_646' title='bbox 2422 3398 2461 3451; x_wconf 81' lang='grc' dir='ltr'><strong>Β</strong></span> <span class='ocrx_word' id='word_1_647' title='bbox 2486 3396 2544 3450; x_wconf 73' lang='grc' dir='ltr'><strong>δὲ</strong></span> <span class='ocrx_word' id='word_1_648' title='bbox 2573 3398 2601 3451; x_wconf 89' lang='grc' dir='ltr'><em>ὀ</em></span> <span class='ocrx_word' id='word_1_649' title='bbox 2633 3395 2783 3459; x_wconf 77' lang='grc' dir='ltr'>Υἱός.</span> <span class='ocrx_word' id='word_1_650' title='bbox 2804 3393 2950 3464; x_wconf 83' lang='grc' dir='ltr'>Πρὸς</span> <span class='ocrx_word' id='word_1_651' title='bbox 2979 3392 3144 3463; x_wconf 76' lang='grc' dir='ltr'>μόνον</span> <span class='ocrx_word' id='word_1_652' title='bbox 3176 3390 3284 3461; x_wconf 84' lang='grc' dir='ltr'>ἄρα</span> <span class='ocrx_word' id='word_1_653' title='bbox 3312 3388 3402 3442; x_wconf 74' lang='grc' dir='ltr'><strong>τὸν</strong></span> <span class='ocrx_word' id='word_1_654' title='bbox 3431 3388 3649 3456; x_wconf 78' lang='grc' dir='ltr'>Πατέρα</span> 
     </span>
    </p>
   </div>
   <div class='ocr_carea' id='block_1_80' title="bbox 2078 3483 3650 3563">
    <p class='ocr_par' dir='ltr' id='par_1_80' title="bbox 2078 3483 3650 3563">
     <span class='ocr_line' id='line_1_80' title="bbox 2078 3483 3650 3563; baseline -0.009 -15"><span class='ocrx_word' id='word_1_655' title='bbox 2078 3496 2174 3548; x_wconf 82' lang='grc' dir='ltr'>καὶ</span> <span class='ocrx_word' id='word_1_656' title='bbox 2206 3493 2268 3548; x_wconf 76' lang='grc' dir='ltr'><strong>οὗ</strong></span> <span class='ocrx_word' id='word_1_657' title='bbox 2326 3492 2465 3563; x_wconf 82' lang='grc' dir='ltr'>πρὸς</span> <span class='ocrx_word' id='word_1_658' title='bbox 2495 3491 2586 3545; x_wconf 69' lang='grc' dir='ltr'><strong>τὸν</strong></span> <span class='ocrx_word' id='word_1_659' title='bbox 2629 3488 2759 3543; x_wconf 80' lang='grc' dir='ltr'>Υίὸν</span> <span class='ocrx_word' id='word_1_660' title='bbox 2816 3486 3156 3559; x_wconf 69' lang='grc' dir='ltr'>ἀναφέρεται</span> <span class='ocrx_word' id='word_1_661' title='bbox 3208 3488 3242 3555; x_wconf 80' lang='grc' dir='ltr'>ἡ</span> <span class='ocrx_word' id='word_1_662' title='bbox 3302 3483 3650 3555; x_wconf 78' lang='grc' dir='ltr'>προσλητικὴ</span> 
     </span>
    </p>
   </div>
   <div class='ocr_carea' id='block_1_81' title="bbox 2078 3574 3513 3652">
    <p class='ocr_par' dir='ltr' id='par_1_81' title="bbox 2078 3574 3513 3652">
     <span class='ocr_line' id='line_1_81' title="bbox 2078 3574 3513 3652; baseline -0.004 -15"><span class='ocrx_word' id='word_1_663' title='bbox 2078 3583 2174 3637; x_wconf 80' lang='grc' dir='ltr'>τοῦ</span> <span class='ocrx_word' id='word_1_664' title='bbox 2211 3581 2534 3652; x_wconf 82' lang='grc' dir='ltr'>Πνεύματσς</span> <span class='ocrx_word' id='word_1_665' title='bbox 2591 3581 2691 3652; x_wconf 87' lang='grc' dir='ltr'><strong>μία</strong></span> <span class='ocrx_word' id='word_1_666' title='bbox 2742 3580 3071 3652; x_wconf 80' lang='grc' dir='ltr'>προσωπικὴ</span> <span class='ocrx_word' id='word_1_667' title='bbox 3124 3576 3378 3648; x_wconf 71' lang='grc' dir='ltr'>ἐνέργεια</span> <span class='ocrx_word' id='word_1_668' title='bbox 3412 3574 3513 3649; x_wconf 75' lang='grc'>(2).</span> 
     </span>
    </p>
   </div>
   <div class='ocr_carea' id='block_1_82' title="bbox 2623 3780 3101 3837">
    <p class='ocr_par' dir='ltr' id='par_1_82' title="bbox 2623 3780 3101 3837">
     <span class='ocr_line' id='line_1_82' title="bbox 2623 3780 3101 3837; baseline -0.002 -1"><span class='ocrx_word' id='word_1_669' title='bbox 2623 3782 2763 3837; x_wconf 82' lang='grc' dir='ltr'><strong>ΤΟΥ</strong></span> <span class='ocrx_word' id='word_1_670' title='bbox 2794 3780 3101 3836; x_wconf 77' lang='grc' dir='ltr'><strong>ΝΙΚΑΙΑΣ.</strong></span> 
     </span>
    </p>
   </div>
   <div class='ocr_carea' id='block_1_83' title="bbox 2156 3890 3653 3970">
    <p class='ocr_par' dir='ltr' id='par_1_83' title="bbox 2156 3890 3653 3970">
     <span class='ocr_line' id='line_1_83' title="bbox 2156 3890 3653 3970; baseline -0.011 -13"><span class='ocrx_word' id='word_1_671' title='bbox 2156 3899 2378 3956; x_wconf 84' lang='grc' dir='ltr'>Ἔπεισί</span> <span class='ocrx_word' id='word_1_672' title='bbox 2409 3899 2617 3970; x_wconf 72' lang='grc' dir='ltr'>μοικαὶ</span> <span class='ocrx_word' id='word_1_673' title='bbox 2646 3895 2852 3967; x_wconf 78' lang='grc' dir='ltr'>σφόδρα</span> <span class='ocrx_word' id='word_1_674' title='bbox 2883 3895 3072 3966; x_wconf 76' lang='grc' dir='ltr'>γελᾷν,</span> <span class='ocrx_word' id='word_1_675' title='bbox 3099 3893 3229 3947; x_wconf 79' lang='grc' dir='ltr'>ὅταν</span> <span class='ocrx_word' id='word_1_676' title='bbox 3262 3890 3323 3944; x_wconf 79' lang='grc' dir='ltr'>σὲ</span> <span class='ocrx_word' id='word_1_677' title='bbox 3347 3893 3440 3944; x_wconf 53' lang='grc' dir='ltr'><strong>καὶ⁸</strong></span> <span class='ocrx_word' id='word_1_678' title='bbox 3474 3905 3653 3961; x_wconf 83' lang='grc' dir='ltr'>γραμ-</span> 
     </span>
    </p>
   </div>
   <div class='ocr_carea' id='block_1_84' title="bbox 2086 3982 3657 4067">
    <p class='ocr_par' dir='ltr' id='par_1_84' title="bbox 2086 3982 3657 4067">
     <span class='ocr_line' id='line_1_84' title="bbox 2086 3982 3657 4067; baseline -0.01 -18"><span class='ocrx_word' id='word_1_679' title='bbox 2086 3996 2276 4067; x_wconf 87' lang='grc' dir='ltr'>μικαῖς</span> <span class='ocrx_word' id='word_1_680' title='bbox 2331 3991 2672 4058; x_wconf 81' lang='grc' dir='ltr'>ἀποδείξεσιν</span> <span class='ocrx_word' id='word_1_681' title='bbox 2717 3988 2830 4059; x_wconf 81' lang='grc' dir='ltr'><strong>ὁρῶ</strong></span> <span class='ocrx_word' id='word_1_682' title='bbox 2861 3986 2991 4058; x_wconf 73' lang='grc' dir='ltr'>περὶ</span> <span class='ocrx_word' id='word_1_683' title='bbox 3022 3987 3134 4040; x_wconf 84' lang='grc' dir='ltr'><strong>τῶν</strong></span> <span class='ocrx_word' id='word_1_684' title='bbox 3168 3983 3307 4055; x_wconf 70' lang='grc' dir='ltr'>ὑπὲρ</span> <span class='ocrx_word' id='word_1_685' title='bbox 3340 3982 3466 4038; x_wconf 75' lang='grc' dir='ltr'>νοῦν</span> <span class='ocrx_word' id='word_1_686' title='bbox 3495 3983 3657 4036; x_wconf 83' lang='grc' dir='ltr'>οἱονει</span> 
     </span>
    </p>
   </div>
   <div class='ocr_carea' id='block_1_85' title="bbox 2086 4077 3657 4156">
    <p class='ocr_par' dir='ltr' id='par_1_85' title="bbox 2086 4077 3657 4156">
     <span class='ocr_line' id='line_1_85' title="bbox 2086 4077 3657 4156; baseline -0.011 -13"><span class='ocrx_word' id='word_1_687' title='bbox 2086 4085 2556 4156; x_wconf 76' lang='grc' dir='ltr'>συλλογιζόμενον,</span> <span class='ocrx_word' id='word_1_688' title='bbox 2578 4082 2674 4138; x_wconf 80' lang='grc' dir='ltr'>καὶ</span> <span class='ocrx_word' id='word_1_689' title='bbox 2719 4082 2789 4135; x_wconf 77' lang='grc' dir='ltr'>τὰ</span> <span class='ocrx_word' id='word_1_690' title='bbox 2829 4079 2972 4150; x_wconf 80' lang='grc' dir='ltr'>ὑπὲρ</span> <span class='ocrx_word' id='word_1_691' title='bbox 3004 4079 3185 4133; x_wconf 84' lang='grc' dir='ltr'>πάντα</span> <span class='ocrx_word' id='word_1_692' title='bbox 3232 4077 3388 4145; x_wconf 82' lang='grc' dir='ltr'>λόγον</span> <span class='ocrx_word' id='word_1_693' title='bbox 3436 4091 3657 4145; x_wconf 82' lang='grc' dir='ltr'>γεωμε-</span> 
     </span>
    </p>
   </div>
   <div class='ocr_carea' id='block_1_86' title="bbox 2084 4167 3657 4251">
    <p class='ocr_par' dir='ltr' id='par_1_86' title="bbox 2084 4167 3657 4251">
     <span class='ocr_line' id='line_1_86' title="bbox 2084 4167 3657 4251; baseline -0.01 -17"><span class='ocrx_word' id='word_1_694' title='bbox 2084 4181 2302 4251; x_wconf 81' lang='grc' dir='ltr'>τρικαῖς</span> <span class='ocrx_word' id='word_1_695' title='bbox 2354 4178 2627 4246; x_wconf 81' lang='grc' dir='ltr'>ἀνάγκαις</span> <span class='ocrx_word' id='word_1_696' title='bbox 2680 4172 3113 4247; x_wconf 77' lang='grc' dir='ltr'>περιλαμϐάνειν</span> <span class='ocrx_word' id='word_1_697' title='bbox 3164 4169 3527 4239; x_wconf 82' lang='grc' dir='ltr'>πειρώμενον,</span> <span class='ocrx_word' id='word_1_698' title='bbox 3562 4167 3657 4220; x_wconf 84' lang='grc' dir='ltr'>καὶ</span> 
     </span>
    </p>
   </div>
   <div class='ocr_carea' id='block_1_87' title="bbox 2086 4257 3657 4341">
    <p class='ocr_par' dir='ltr' id='par_1_87' title="bbox 2086 4257 3657 4341">
     <span class='ocr_line' id='line_1_87' title="bbox 2086 4257 3657 4341; baseline -0.011 -15"><span class='ocrx_word' id='word_1_699' title='bbox 2086 4273 2216 4326; x_wconf 83' lang='grc' dir='ltr'>ὅταν</span> <span class='ocrx_word' id='word_1_700' title='bbox 2245 4272 2344 4341; x_wconf 78' lang='grc' dir='ltr'>μὲν</span> <span class='ocrx_word' id='word_1_701' title='bbox 2399 4267 2627 4339; x_wconf 85' lang='grc' dir='ltr'>μηδενὸς</span> <span class='ocrx_word' id='word_1_702' title='bbox 2668 4268 2911 4335; x_wconf 81' lang='grc' dir='ltr'>εὐπορῇς</span> <span class='ocrx_word' id='word_1_703' title='bbox 2954 4262 3138 4332; x_wconf 79' lang='grc' dir='ltr'>λόγου,</span> <span class='ocrx_word' id='word_1_704' title='bbox 3187 4264 3284 4330; x_wconf 78' lang='grc' dir='ltr'>τῆς</span> <span class='ocrx_word' id='word_1_705' title='bbox 3330 4257 3657 4328; x_wconf 81' lang='grc' dir='ltr'>Ἐκκλησίας</span> 
     </span>
    </p>
   </div>
   <div class='ocr_carea' id='block_1_88' title="bbox 2088 4347 3659 4428">
    <p class='ocr_par' dir='ltr' id='par_1_88' title="bbox 2088 4347 3659 4428">
     <span class='ocr_line' id='line_1_88' title="bbox 2088 4347 3659 4428; baseline -0.019 -3"><span class='ocrx_word' id='word_1_706' title='bbox 2088 4360 2212 4422; x_wconf 70' lang='grc' dir='ltr'><strong>τοὺς</strong></span> <span class='ocrx_word' id='word_1_707' title='bbox 2247 4358 2647 4428; x_wconf 76' lang='grc' dir='ltr'>συλλογισμοὺς</span> <span class='ocrx_word' id='word_1_708' title='bbox 2682 4357 2758 4420; x_wconf 84' lang='grc' dir='ltr'><strong>ὡς</strong></span> <span class='ocrx_word' id='word_1_709' title='bbox 2788 4355 2851 4425; x_wconf 81' lang='grc' dir='ltr'><strong>δὴ</strong></span> <span class='ocrx_word' id='word_1_710' title='bbox 2878 4357 2939 4407; x_wconf 84' lang='grc' dir='ltr'>οὐ</span> <span class='ocrx_word' id='word_1_711' title='bbox 2969 4352 3192 4423; x_wconf 85' lang='grc' dir='ltr'>θεμιτὸν</span> <span class='ocrx_word' id='word_1_712' title='bbox 3235 4350 3294 4404; x_wconf 79' lang='grc' dir='ltr'>ὃν</span> <span class='ocrx_word' id='word_1_713' title='bbox 3321 4351 3499 4408; x_wconf 77' lang='grc' dir='ltr'>αὐτοῖς</span> <span class='ocrx_word' id='word_1_714' title='bbox 3531 4347 3659 4418; x_wconf 72' lang='grc' dir='ltr'><strong>χρῆ-</strong></span> 
     </span>
    </p>
   </div>
   <div class='ocr_carea' id='block_1_89' title="bbox 405 4440 1975 4526">
    <p class='ocr_par' dir='ltr' id='par_1_89' title="bbox 405 4447 1975 4522">
     <span class='ocr_line' id='line_1_89' title="bbox 405 4447 1975 4522; baseline 0.007 -24"><span class='ocrx_word' id='word_1_715' title='bbox 405 4447 499 4500; x_wconf 75' lang='lat' dir='ltr'><strong>size</strong></span> <span class='ocrx_word' id='word_1_716' title='bbox 534 4447 897 4517; x_wconf 85' lang='lat' dir='ltr'><strong>syllogismos,</strong></span> <span class='ocrx_word' id='word_1_717' title='bbox 931 4448 1087 4517; x_wconf 86' lang='lat' dir='ltr'><strong>quasi</strong></span> <span class='ocrx_word' id='word_1_718' title='bbox 1114 4447 1196 4503; x_wconf 88' lang='lat' dir='ltr'><strong>eis</strong></span> <span class='ocrx_word' id='word_1_719' title='bbox 1224 4449 1301 4504; x_wconf 91' lang='lat' dir='ltr'><strong>uti</strong></span> <span class='ocrx_word' id='word_1_720' title='bbox 1334 4450 1408 4505; x_wconf 92' lang='lat' dir='ltr'><strong>sit</strong></span> <span class='ocrx_word' id='word_1_721' title='bbox 1438 4449 1616 4512; x_wconf 81' lang='lat' dir='ltr'><strong>nefas.</strong></span> <span class='ocrx_word' id='word_1_722' title='bbox 1676 4451 1827 4507; x_wconf 91' lang='lat' dir='ltr'><strong>clare</strong></span> <span class='ocrx_word' id='word_1_723' title='bbox 1853 4469 1975 4522; x_wconf 92' lang='lat' dir='ltr'><strong>pro-</strong></span> 
     </span>
    </p>
   </div>
   <div class='ocr_carea' id='block_1_90' title="bbox 2077 4440 3658 4526">
    <p class='ocr_par' dir='ltr' id='par_1_90' title="bbox 2089 4440 3658 4521">
     <span class='ocr_line' id='line_1_90' title="bbox 2089 4440 3658 4521; baseline -0.013 -13"><span class='ocrx_word' id='word_1_724' title='bbox 2089 4453 2214 4508; x_wconf 81' lang='grc' dir='ltr'>σθαι</span> <span class='ocrx_word' id='word_1_725' title='bbox 2260 4451 2531 4521; x_wconf 80' lang='grc' dir='ltr'>λαμπρῶς</span> <span class='ocrx_word' id='word_1_726' title='bbox 2583 4447 2935 4518; x_wconf 77' lang='grc' dir='ltr'>ἑξορίζοντα·</span> <span class='ocrx_word' id='word_1_727' title='bbox 2973 4446 3102 4499; x_wconf 82' lang='grc' dir='ltr'>ὅταν</span> <span class='ocrx_word' id='word_1_728' title='bbox 3145 4442 3203 4496; x_wconf 79' lang='grc' dir='ltr'><strong>δὲ</strong></span> <span class='ocrx_word' id='word_1_729' title='bbox 3263 4440 3464 4512; x_wconf 84' lang='grc' dir='ltr'>μικρᾶς</span> <span class='ocrx_word' id='word_1_730' title='bbox 3516 4453 3658 4499; x_wconf 85' lang='grc' dir='ltr'>τινος</span> 
     </span>
    </p>
   </div>
   <div class='ocr_carea' id='block_1_91' title="bbox 404 4538 1978 4614">
    <p class='ocr_par' dir='ltr' id='par_1_91' title="bbox 404 4538 1978 4614">
     <span class='ocr_line' id='line_1_91' title="bbox 404 4538 1978 4614; baseline 0.006 -23"><span class='ocrx_word' id='word_1_731' title='bbox 404 4538 493 4591; x_wconf 85' lang='lat' dir='ltr'><strong>cul</strong></span> <span class='ocrx_word' id='word_1_732' title='bbox 559 4538 918 4607; x_wconf 82' lang='lat' dir='ltr'><strong>relegantem,</strong></span> <span class='ocrx_word' id='word_1_733' title='bbox 952 4538 1173 4610; x_wconf 92' lang='lat' dir='ltr'><strong>quando</strong></span> <span class='ocrx_word' id='word_1_734' title='bbox 1207 4555 1338 4595; x_wconf 87' lang='lat' dir='ltr'><strong>vero</strong></span> <span class='ocrx_word' id='word_1_735' title='bbox 1373 4540 1652 4597; x_wconf 87' lang='lat' dir='ltr'><strong>inveneris</strong></span> <span class='ocrx_word' id='word_1_736' title='bbox 1709 4544 1796 4598; x_wconf 84' lang='lat' dir='ltr'><strong>vel</strong></span> <span class='ocrx_word' id='word_1_737' title='bbox 1849 4559 1978 4614; x_wconf 88' lang='lat' dir='ltr'><strong>par-</strong></span> 
     </span>
    </p>
   </div>
   <div class='ocr_carea' id='block_1_92' title="bbox 2088 4528 3658 4613">
    <p class='ocr_par' dir='ltr' id='par_1_92' title="bbox 2088 4528 3658 4613">
     <span class='ocr_line' id='line_1_92' title="bbox 2088 4528 3658 4613; baseline -0.011 -16"><span class='ocrx_word' id='word_1_738' title='bbox 2088 4542 2441 4613; x_wconf 78' lang='grc' dir='ltr'>ὲπιλαμόἀνῃ</span> <span class='ocrx_word' id='word_1_739' title='bbox 2492 4539 2773 4610; x_wconf 81' lang='grc' dir='ltr'><strong>ἀφορμῆς,</strong></span> <span class='ocrx_word' id='word_1_740' title='bbox 2839 4538 3057 4609; x_wconf 81' lang='grc' dir='ltr'>μεγάλα</span> <span class='ocrx_word' id='word_1_741' title='bbox 3113 4533 3418 4606; x_wconf 80' lang='grc' dir='ltr'>φρονοῦντα</span> <span class='ocrx_word' id='word_1_742' title='bbox 3457 4531 3548 4583; x_wconf 78' lang='grc' dir='ltr'><strong>ἐπὶ</strong></span> <span class='ocrx_word' id='word_1_743' title='bbox 3583 4528 3658 4597; x_wconf 81' lang='grc' dir='ltr'>τῷ</span> 
     </span>
    </p>
   </div>
   <div class='ocr_carea' id='block_1_93' title="bbox 476 4650 2663 4729">
    <p class='ocr_par' dir='ltr' id='par_1_93' title="bbox 476 4650 2663 4729">
     <span class='ocr_line' id='line_1_93' title="bbox 476 4650 2663 4729; baseline 0 -23"><span class='ocrx_word' id='word_1_744' title='bbox 476 4652 555 4722; x_wconf 87' lang='lat' dir='ltr'><strong>(a)</strong></span> <span class='ocrx_word' id='word_1_745' title='bbox 597 4650 672 4706; x_wconf 86' lang='lat' dir='ltr'><strong>De</strong></span> <span class='ocrx_word' id='word_1_746' title='bbox 708 4653 794 4707; x_wconf 83' lang='lat' dir='ltr'><strong>his</strong></span> <span class='ocrx_word' id='word_1_747' title='bbox 825 4650 949 4707; x_wconf 86' lang='lat' dir='ltr'><strong>vide</strong></span> <span class='ocrx_word' id='word_1_748' title='bbox 992 4653 1227 4708; x_wconf 86' lang='lat' dir='ltr'><strong>Aristot.</strong></span> <span class='ocrx_word' id='word_1_749' title='bbox 1261 4652 1425 4725; x_wconf 85' lang='lat' dir='ltr'><strong>Phys.</strong></span> <span class='ocrx_word' id='word_1_750' title='bbox 1478 4655 1717 4711; x_wconf 88' lang='lat' dir='ltr'><strong>auscult.</strong></span> <span class='ocrx_word' id='word_1_751' title='bbox 1753 4655 1791 4711; x_wconf 89' lang='grc' dir='ltr'><strong>Ι.</strong></span> <span class='ocrx_word' id='word_1_752' title='bbox 1829 4671 1895 4723; x_wconf 87' lang='lat' dir='ltr'><strong>v,</strong></span> <span class='ocrx_word' id='word_1_753' title='bbox 1927 4672 1978 4712; x_wconf 93' lang='lat' dir='ltr'><strong>c.</strong></span> <span class='ocrx_word' id='word_1_754' title='bbox 2012 4659 2066 4725; x_wconf 72' lang='grc'><strong>4,</strong></span> <span class='ocrx_word' id='word_1_755' title='bbox 2100 4656 2157 4729; x_wconf 83' lang='lat'><strong>§§</strong></span> <span class='ocrx_word' id='word_1_756' title='bbox 2194 4656 2257 4710; x_wconf 76' lang='grc'>15</span> <span class='ocrx_word' id='word_1_757' title='bbox 2286 4671 2406 4725; x_wconf 89' lang='lat' dir='ltr'><strong>seq.</strong></span> <span class='ocrx_word' id='word_1_758' title='bbox 2440 4670 2498 4726; x_wconf 91' lang='lat' dir='ltr'><strong>p.</strong></span> <span class='ocrx_word' id='word_1_759' title='bbox 2535 4653 2663 4709; x_wconf 74' lang='lat'><strong>314.</strong></span> 
     </span>
    </p>
   </div>
   <div class='ocr_carea' id='block_1_94' title="bbox 477 4766 1274 4843">
    <p class='ocr_par' dir='ltr' id='par_1_94' title="bbox 477 4766 1274 4843">
     <span class='ocr_line' id='line_1_94' title="bbox 477 4766 1274 4843; baseline 0.001 -21"><span class='ocrx_word' id='word_1_760' title='bbox 477 4770 553 4843; x_wconf 93' lang='grc' dir='ltr'><strong>(Ι)</strong></span> <span class='ocrx_word' id='word_1_761' title='bbox 594 4766 741 4824; x_wconf 81' lang='lat' dir='ltr'><strong>Mon.</strong></span> <span class='ocrx_word' id='word_1_762' title='bbox 775 4767 939 4834; x_wconf 76' lang='lat'><strong>27,1‘.</strong></span> <span class='ocrx_word' id='word_1_763' title='bbox 968 4766 1075 4823; x_wconf 73' lang='grc'><strong>246</strong></span> <span class='ocrx_word' id='word_1_764' title='bbox 1100 4782 1132 4823; x_wconf 88' lang='lat' dir='ltr'><strong>a</strong></span> <span class='ocrx_word' id='word_1_765' title='bbox 1169 4786 1183 4823; x_wconf 89' lang='lat'><strong>:</strong></span> <span class='ocrx_word' id='word_1_766' title='bbox 1217 4769 1274 4840; x_wconf 80' lang='grc' dir='ltr'><strong>ἠ.</strong></span> 
     </span>
    </p>
   </div>
   <div class='ocr_carea' id='block_1_95' title="bbox 1204 4904 2955 5383">
    <p class='ocr_par' dir='ltr' id='par_1_95' title="bbox 1208 4908 2951 5383">
     <span class='ocr_line' id='line_1_95' title="bbox 1208 4908 2951 5383; baseline 0.009 -4"><span class='ocrx_word' id='word_1_767' title='bbox 1208 4908 2951 5383; x_wconf 49' lang='lat' dir='ltr'><strong>/5\/O</strong></span> 
     </span>
     <span class='ocr_line' id='line_1_96' title="bbox 1926 5318 1971 5345; baseline 0.267 -12"><span class='ocrx_word' id='word_1_768' title='bbox 1926 5318 1971 5345; x_wconf 69' lang='grc' dir='ltr'><strong>η</strong></span> 
     </span>
    </p>
   </div>
   <div class='ocr_carea' id='block_1_96' title="bbox 2150 4762 3304 4842">
    <p class='ocr_par' dir='ltr' id='par_1_96' title="bbox 2150 4762 3304 4842">
     <span class='ocr_line' id='line_1_97' title="bbox 2150 4762 3304 4842; baseline -0.007 -19"><span class='ocrx_word' id='word_1_769' title='bbox 2150 4769 2228 4842; x_wconf 77' lang='lat'><strong>(‘2)</strong></span> <span class='ocrx_word' id='word_1_770' title='bbox 2260 4769 2319 4822; x_wconf 91' lang='lat' dir='ltr'><strong>In</strong></span> <span class='ocrx_word' id='word_1_771' title='bbox 2349 4766 2593 4837; x_wconf 86' lang='lat' dir='ltr'><strong>margine</strong></span> <span class='ocrx_word' id='word_1_772' title='bbox 2632 4768 2750 4822; x_wconf 66' lang='lat' dir='ltr'><strong>haec</strong></span> <span class='ocrx_word' id='word_1_773' title='bbox 2782 4764 3058 4836; x_wconf 86' lang='lat' dir='ltr'><strong>reperitur</strong></span> <span class='ocrx_word' id='word_1_774' title='bbox 3082 4762 3255 4834; x_wconf 82' lang='lat' dir='ltr'><strong>ﬁgura</strong></span> <span class='ocrx_word' id='word_1_775' title='bbox 3287 4776 3304 4815; x_wconf 89' lang='lat'><strong>:</strong></span> 
     </span>
    </p>
   </div>
   <div class='ocr_carea' id='block_1_97' title="bbox 2984 4867 3057 5057">
    <p class='ocr_par' dir='ltr' id='par_1_97' title="bbox 3004 4867 3057 4909">
     <span class='ocr_line' id='line_1_98' title="bbox 3004 4867 3057 4909; baseline 0 0"><span class='ocrx_word' id='word_1_776' title='bbox 3004 4867 3057 4909; x_wconf 66' lang='grc' dir='ltr'><strong><em>Ξ</em></strong></span> 
     </span>
    </p>

    <p class='ocr_par' dir='ltr' id='par_1_98' title="bbox 3005 4916 3039 4947">
     <span class='ocr_line' id='line_1_99' title="bbox 3005 4916 3039 4947; baseline 0 -4"><span class='ocrx_word' id='word_1_777' title='bbox 3005 4916 3039 4947; x_wconf 66' lang='grc' dir='ltr'><strong>Ω</strong></span> 
     </span>
    </p>

    <p class='ocr_par' dir='ltr' id='par_1_99' title="bbox 2984 4952 3056 5057">
     <span class='ocr_line' id='line_1_100' title="bbox 3004 4952 3040 4980; baseline 0 -2"><span class='ocrx_word' id='word_1_778' title='bbox 3004 4952 3040 4980; x_wconf 60' lang='grc' dir='ltr'><strong>ἢ</strong></span> 
     </span>
     <span class='ocr_line' id='line_1_101' title="bbox 2984 4985 3056 5017; baseline 0 -16"><span class='ocrx_word' id='word_1_779' title='bbox 2984 4985 3056 5017; x_wconf 50' lang='grc' dir='ltr'><strong>ὃ-</strong></span> 
     </span>
     <span class='ocr_line' id='line_1_102' title="bbox 2986 5025 3037 5057; baseline 0 0"><span class='ocrx_word' id='word_1_780' title='bbox 2986 5025 3037 5057; x_wconf 76' lang='grc' dir='ltr'>ὀ</span> 
     </span>
    </p>
   </div>
   <div class='ocr_carea' id='block_1_98' title="bbox 1008 5148 1078 5582">
    <p class='ocr_par' dir='ltr' id='par_1_100' title="bbox 1011 5148 1078 5582">
     <span class='ocr_line' id='line_1_103' title="bbox 1021 5148 1073 5211; baseline 0 0"><span class='ocrx_word' id='word_1_781' title='bbox 1021 5148 1073 5211; x_wconf 65' lang='grc' dir='ltr'><em>εὲ</em></span> 
     </span>
     <span class='ocr_line' id='line_1_104' title="bbox 1024 5210 1058 5227; baseline 0 -1"><span class='ocrx_word' id='word_1_782' title='bbox 1024 5210 1058 5227; x_wconf 59' lang='grc' dir='ltr'>κ.</span> 
     </span>
     <span class='ocr_line' id='line_1_105' title="bbox 1026 5304 1062 5375; baseline 0 -4"><span class='ocrx_word' id='word_1_783' title='bbox 1026 5304 1062 5375; x_wconf 68' lang='grc' dir='ltr'><strong>ἐἰ</strong></span> 
     </span>
     <span class='ocr_line' id='line_1_106' title="bbox 1026 5422 1078 5456; baseline 0 -10"><span class='ocrx_word' id='word_1_784' title='bbox 1026 5422 1078 5456; x_wconf 69' lang='lat' dir='ltr'><strong>gs</strong></span> 
     </span>
     <span class='ocr_line' id='line_1_107' title="bbox 1011 5459 1064 5517; baseline 0 -5"><span class='ocrx_word' id='word_1_785' title='bbox 1011 5459 1064 5517; x_wconf 71' lang='grc' dir='ltr'><strong>τε</strong></span> 
     </span>
     <span class='ocr_line' id='line_1_108' title="bbox 1026 5522 1065 5582; baseline 0 0"><span class='ocrx_word' id='word_1_786' title='bbox 1026 5522 1065 5582; x_wconf 74' lang='grc' dir='ltr'>ἓ</span> 
     </span>
    </p>
   </div>
   <div class='ocr_carea' id='block_1_99' title="bbox 1123 5349 2875 5809">
    <p class='ocr_par' dir='ltr' id='par_1_101' title="bbox 1123 5349 2875 5809">
     <span class='ocr_line' id='line_1_109' title="bbox 1123 5349 2875 5809; baseline 0.002 -2"><span class='ocrx_word' id='word_1_787' title='bbox 1123 5349 2875 5809; x_wconf 30' lang='lat'><strong>3“\\</strong></span> 
     </span>
    </p>
   </div>
   <div class='ocr_carea' id='block_1_100' title="bbox 2978 5360 3046 5848">
    <p class='ocr_par' dir='ltr' id='par_1_102' title="bbox 2978 5789 3045 5848">
     <span class='ocr_line' id='line_1_110' title="bbox 2978 5789 3045 5848; baseline 0 0"><span class='ocrx_word' id='word_1_788' title='bbox 2978 5789 3045 5848; x_wconf 61' lang='grc' dir='ltr'><strong>π’</strong></span> 
     </span>
    </p>
   </div>
  </div>
