4124 6408
495 344 602 411 913
1534 353 1962 415 ὶὶΕΈΠΤΑΤΙί)
2006 358 2243 418 MAHCl
2294 361 2673 425 EPIIESINI.
3626 361 3734 427 ΞΗ

496 456 931 525 συλλογίζεσθαι.
966 459 1084 511 Ἵνα
1112 458 1167 512 δὲ
1205 460 1374 531 εἰδῇς,
1402 461 1479 526 ὡς
1514 463 1702 537 οὗτεὴ
1736 470 1799 521 ἐκ
1836 469 2066 538 πλαγίου

2188 486 2293 525 ram
2324 473 2616 541 quamdam
2650 474 3022 537 occasionem,
3081 474 3134 529 in
3199 475 3558 531 ratiocinandi
3615 489 3740 534 arte

496 567 583 607 σοι
617 550 741 606 οὔτε
771 552 804 621 ή
831 550 943 605 ἄνω
972 551 1097 605 οὔτε
1122 554 1154 623 ἠ
1188 555 1338 608 κάτω
1370 556 1463 609 τοῦ
1499 557 1752 630 δευτέρου
1779 561 2063 625 ποιοῦντος

2188 556 2513 631 ιῦηιηιυροτο
2542 564 2866 633 gloriantem
2896 572 2950 617 et
2989 565 3418 633 superbientem.
3450 565 3523 623 Ut
3552 577 3732 621 autem

498 645 648 707 θέσις
679 643 831 697 οὐδὲν
858 644 995 714 πρὸς
1017 646 1113 698 τὸν
1145 647 1505 716 προκείμενον
1525 650 1704 718 λόγον,
1732 652 1864 706 ἀλλὰ
1894 654 2065 707 πάντα

2188 655 2334 718 ιείοε,
2371 664 2517 708 tuam
2576 655 2803 709 secundi
2844 657 3065 726 agentis
3093 658 3178 723 vel
3202 674 3270 711 ex
3305 658 3526 726 obliguo
3564 658 3647 711 vel
3679 659 3733 711 in

498 736 705 805 μάταιά
730 752 789 788 τε
820 737 916 789 καὶ
949 737 1240 807 σωματικά
1274 739 1390 791 ἔστι
1424 741 1517 793 καὶ
1556 741 1800 805 διανοίας
1840 744 2065 814 μηδαμῆ

2188 746 2396 800 ιυηιιιιῖε
2424 746 2509 800 vel
2568 748 2621 801 in
2657 747 2862 803 inlimis
2937 748 3270 818 positionem
3309 749 3447 802 nihil
3508 750 3734 802 omnino

494 827 596 895 τὴν
645 827 899 896 αἴσθησιν
946 827 1384 899 ὑπερϐαινούσης
1432 833 1818 903 φαντάσματα,
1865 836 2066 901 φαμὲν,

496 916 545 969 εί
587 919 681 968 καὶ
714 917 978 980 πολλάκις
1009 920 1335 990 είρήκαμεν,
1370 921 1445 984 ὡς
1488 923 1587 992 μία
1638 926 1733 977 καὶ
1781 926 1813 994 ἡ
1843 926 1980 995 αὐτὴ
2012 928 2068 978 ὲν

496 1008 673 1078 Πατρὶ
711 1010 806 1062 καὶ
841 1009 957 1079 Υίῷ
988 1010 1081 1063 τοῦ
1112 1013 1441 1083 προϐάλλειν
1472 1015 1625 1068 ἐστὶν
1667 1016 1940 1086 ἐνέργεια,
1975 1017 2070 1069 καὶ

496 1094 577 1161 εἷς
619 1101 729 1152 είσι
760 1102 1060 1171 προϐολεῦς
1087 1104 1253 1172 ἄμφω
1302 1105 1398 1158 καὶ
1444 1105 1503 1158 ἓν
1530 1106 1751 1176 ἀριθμῷ
1786 1109 2069 1177 ἐνεργοῦν,

498 1191 551 1242 εί
575 1206 657 1252 τις
684 1190 881 1261 δηλαδὴ
914 1192 1013 1260 τὴν
1050 1192 1214 1260 φύσιν
1247 1195 1421 1265 αὐτὴν
1448 1196 1620 1267 ὁρῴη,
1654 1198 1778 1250 καθ’
1808 1199 1872 1269 ἢν
1902 1200 2070 1267 ἄμφω

499 1282 801 1369 ἐνεργοῦσι,
842 1284 943 1355 τὴν
990 1285 1160 1356 αὐτὴν
1208 1287 1302 1340 καὶ
1351 1288 1480 1355 μίαν
1532 1290 1751 1360 ἀριθμῷ
1799 1294 1893 1344 καὶ
1927 1281 2070 1360 ’ὑφε-

504 1380 768 1445 στηκυῖαν
800 1378 858 1430 ὲν
885 1379 1086 1448 ἀμφοῖν
1105 1376 1291 1435 οὖσαν.
1318 1382 1398 1435 Τὰ
1422 1383 1532 1453 γὰρ
1560 1385 1655 1437 καὶ
1682 1384 1777 1438 δύο
1806 1386 2073 1456 πρόσωπα

502 1462 665 1531 εἶναι,
694 1470 790 1522 καὶ
818 1468 913 1523 δύο
936 1472 1063 1534 τοὺς
1095 1473 1496 1541 προϐάλλοντας
1596 1458 1943 1542 ὗποστάσεις,
1981 1478 2074 1530 0'5-

502 1558 592 1612 δὲν
636 1559 714 1629 τῷ
747 1560 890 1630 λόγῳ
938 1562 1281 1631 λυμαίνεται*
1337 1564 1460 1619 οὔτε
1507 1568 1739 1638 δυαρχία
1787 1569 1875 1622 διὰ
1917 1568 2075 1622 τοῦτο

505 1652 815 1720 εἰσάγεται,
843 1654 968 1707 οὔτε
995 1657 1265 1727 ἐνέργειαι
1288 1659 1402 1723 δύο,
1439 1660 1545 1723 ἕως
1570 1660 1635 1713 ἂν
1666 1664 1700 1730 ἡ
1739 1663 1923 1730 φύσις,
1954 1664 2074 1716 καθ’

2168 836 2232 890 ad
2266 848 2594 905 pnesenlem
2616 825 2797 894 facere
2830 840 3235 901 tractationem,
3292 842 3385 893 sed
3414 849 3612 893 cuncta
3641 853 3734 890 va-

2172 943 2235 980 na
2264 942 2383 981 esse
2412 936 2467 982 et
2504 932 2829 999 corporalia,
2861 939 2915 984 et
2947 931 3148 986 mentis
3184 946 3530 1000 nequaquam
3565 944 3733 997 super

2171 1032 2367 1072 sensus
2405 1029 2579 1075 semet
2601 1022 2868 1077 elevantis
2918 1021 3323 1092 phantasmata,
3374 1021 3633 1078 dicimus,
3669 1018 3736 1070 li-

2172 1121 2256 1163 cet
2280 1110 2392 1179 jam
2424 1112 2623 1180 saepius
2648 1112 2964 1167 dixerimus.
2999 1129 3161 1167 unam
3188 1112 3549 1179 eamdemque
3606 1123 3735 1162 esse

2174 1202 2227 1255 in
2264 1202 2425 1257 Patre
2454 1212 2510 1257 et
2534 1203 2671 1258 Filio
2687 1203 3029 1274 producendi
3060 1203 3459 1273 operationem,
3487 1211 3541 1255 et
3566 1215 3739 1253 unum

2174 1307 2293 1346 esse
2356 1293 2651 1362 spirantem
2705 1304 2999 1365 utrumque
3057 1302 3223 1362 atque
3282 1306 3449 1343 unum
3509 1302 3737 1343 numero

2174 1396 2362 1451 agens,
2392 1384 2436 1438 si
2466 1384 2591 1453 quis
2629 1383 2888 1438 nimirum
2942 1392 3195 1437 naturam
3263 1380 3438 1450 ipsam
3488 1388 3739 1447 spectet;

2175 1475 2476 1530 secundum
2511 1490 2677 1545 quam
2733 1474 2897 1530 ambo
2928 1481 3250 1544 operantur,
3309 1486 3432 1540 quae
3484 1486 3590 1523 una
3648 1484 3742 1523 ea-

2176 1569 2413 1638 demque
2439 1584 2672 1624 numero
2695 1584 2759 1625 ac
2783 1569 3086 1625 subsistens
3110 1568 3164 1621 in
3183 1565 3451 1621 ambobus
3474 1572 3576 1617 est.
3604 1561 3740 1614 Nam

2177 1662 2321 1733 quod
2357 1662 2479 1717 dua:
2510 1677 2758 1732 personae
2792 1670 2996 1717 suntet
3024 1659 3135 1714 duo
3177 1659 3452 1729 spirantes
3472 1663 3743 1724 quatenus

507 1742 573 1810 ἣν
607 1741 775 1810 ἄμφω
806 1742 1196 1813 προϐάλλουσι,
1236 1749 1333 1817 μία
1370 1750 1464 1803 καὶ
1492 1751 1525 1818 ἡ
1559 1750 1695 1822 αὐτὴ
1731 1750 1952 1822 ἀριθμῷ
1983 1754 2076 1806 καὶ

2188 1755 2519 1824 hypostases,
2548 1754 2602 1808 id
2632 1753 2769 1809 nihil
2814 1753 2980 1808 ollicit
3014 1751 3214 1807 rationi
3259 1749 3409 1809 huic,
3452 1762 3630 1812 neque
3658 1746 3741 1798 id-

506 1833 845 1905 ὑφεστηκυῖα
943 1840 1002 1891 ὲν
1035 1840 1258 1908 ἀμφοῖν,
1292 1840 1368 1904 ὡς
1390 1841 1632 1913 εἴρηται.
1660 1843 1737 1897 Οὐ
1771 1847 1953 1913 μέντοι
1985 1846 2072 1899 διὰ

2188 1848 2329 1902 circo
2359 1845 2757 1916 principiorum
2789 1845 3026 1900 dualitas
3076 1842 3361 1900 inducitur
3391 1855 3572 1909 neque
3621 1837 3742 1890 dum

507 1923 666 1979 τοῦτο
706 1927 800 1981 καὶ
834 1927 896 1981 τὸ
945 1928 1170 2000 Πνεῦμα
1212 1932 1243 2001 ἢ
1281 1933 1442 1985 ἑαυτὸ
1496 1934 1823 2005 προϐάλλειν
1861 1937 2073 2003 ἀνάγκη

505 2018 594 2071 διὰ
620 2020 679 2071 τὸ
710 2020 852 2073 κατὰ
892 2021 991 2093 τὴν
1021 2023 1212 2094 κοινὴν
1248 2026 1649 2094 προϐάλλεσθαι
1691 2026 1877 2096 φύσιν,
1910 2030 1944 2101 ἢ
1980 2030 2076 2083 ἄλ-

506 2107 605 2176 λης
640 2110 855 2178 φύσεως
891 2110 1030 2167 εἶναι
1071 2114 1148 2185 μὴ
1180 2116 1343 2169 ἑαυτὸ
1399 2118 1702 2188 προϐάλλον
1733 2119 1833 2189 (1).
1870 2120 1930 2173 τὸ
1976 2120 2077 2190 μὲν

507 2199 596 2252 διά
630 2201 693 2254 τὸ
728 2206 803 2273 μὴ
836 2203 1097 2259 δύνασθαι
1134 2210 1227 2259 καὶ
1278 2208 1606 2278 προϐάλλειν
1636 2212 1730 2264 καὶ
1776 2212 2077 2284 προϐάλλες

510 2294 655 2359 σθαι,
706 2296 768 2347 τὸ
795 2295 849 2348 δὲ
880 2297 962 2350 ὅτι
1015 2298 1137 2351 οὐδὲ
1178 2300 1269 2353 τὸν
1301 2302 1429 2353 Υίδν
1484 2302 1651 2372 ἄλλης
1687 2303 1899 2372 φύσεως
1938 2300 2079 2357 εἶναι

511 2386 704 2454 φήσεις
729 2383 868 2440 εἶναι
895 2388 928 2458 ἢ
961 2391 988 2442 ὀ
1020 2390 1229 2461 Πατὴρ.
1260 2394 1439 2446 καίτοι
1478 2411 1541 2460 γε
1576 2396 1716 2449 κατά
1759 2398 1860 2467 τὴν
1890 2396 2080 2468 κοινὴν

513 2478 612 2547 μὲν
653 2479 817 2547 φύσιν
869 2481 1230 2551 γεννώμενον,
1281 2486 1345 2537 οὐ
1385 2486 1569 2554 μέντοι
1608 2504 1671 2553 γε
1706 2487 1902 2541 ἑαυτὸν
1956 2504 2083 2556 γεν-

510 2568 708 2625 νῶντα.
742 2571 815 2624 Ἤ
868 2588 926 2624 τε
966 2572 1061 2627 οὖν
1113 2575 1206 2628 τοῦ
1252 2577 1578 2646 προϐάλλειν
1630 2579 1841 2649 Πατρός
1890 2595 1951 2632 τε
1985 2580 2083 2633 καὶ

512 2659 643 2713 Υξοῦ
692 2663 943 2732 ἐνέργεια
987 2665 1087 2734 μία
1132 2668 1226 2721 καὶ
1275 2669 1308 2739 ἡ
1357 2669 1495 2739 αὑτὴ
1528 2670 1798 2741 τάριθμῷ,
1855 2672 1949 2725 καὶ
1982 2672 2081 2743 οὐχ

511 2751 689 2820 ἥττων
721 2756 820 2823 μὲν
842 2758 905 2809 ἔκ
938 2757 1150 2829 Πατρὸς
1177 2760 1363 2830 μόνου,
1396 2762 1597 2830 μείζων
1626 2762 1684 2816 δὲ
1713 2766 1746 2835 ἡ
1773 2766 1838 2818 ὲκ
1869 2766 2083 2835 Πατρδς

512 2846 609 2897 καὶ
642 2846 794 2910 Υἱοῦ,
821 2847 944 2901 οὔτε
974 2852 1140 2919 μέρος
1169 2853 1199 2921 ἡ
1233 2851 1294 2918 ἐξ
1332 2852 1461 2905 Υἱοῦ
1498 2855 1594 2925 τῆς
1625 2857 1687 2908 ὲκ
1720 2855 1816 2909 τοῦ
1846 2858 2081 2928 Πατρδς,

514 2938 548 3006 ἦ
600 2939 660 2992 τὸ
710 2939 1003 3006 ἀνάπαλιν,
1052 2941 1176 2997 οὔτε
1228 2946 1511 3016 ἀνώμαλος
1562 2948 1829 3020 πρότερόν
1880 2967 1939 3003 τε
1989 2952 2088 3007 καὶ

2178 1939 2546 2006 Operationes,
2567 1936 2807 2008 quandiu
2830 1950 3043 2001 natura,
3062 1935 3363 1992 seetmdum
3388 1947 3548 2001 quam
3581 1927 3748 1981 amho

2174 2030 2487 2100 producunt
2543 2032 2659 2087 sive
2706 2038 2941 2098 spirant,
3013 2027 3205 2082 eadem
3261 2038 3493 2080 numero
3524 2019 3744 2074 ac-sub-

2178 2123 2378 2177 sistens
2421 2123 2493 2176 sit
2526 2122 2580 2176 in
2621 2120 2892 2177 ambobus
2923 2119 3001 2175 uti
3033 2119 3242 2173 dictum
3273 2124 3377 2171 est.
3411 2113 3531 2168 Non
3560 2120 3742 2164 tamen

2179 2224 2475 2284 propterea
2508 2222 2563 2269 et
2599 2212 2863 2283 Spiritum
2892 2213 2976 2268 vel
3006 2227 3064 2267 se
3094 2211 3272 2279 ipsum
3301 2206 3609 2279 producere
3646 2219 3742 2255 ne-

2182 2321 2334 2361 cesse
2365 2313 2467 2370 est,
2510 2305 2638 2376 quia
2681 2304 2983 2360 secundum
3017 2316 3364 2358 communem
3422 2295 3746 2374 producitur

2181 2405 2456 2456 naturam,
2486 2396 2575 2451 vel
2609 2395 2837 2451 alterius
2861 2405 3073 2449 natura;
3103 2407 3246 2455 esse,
3284 2390 3332 2445 si
3357 2404 3468 2461 non
3503 2387 3742 2453 seipsum

2182 2489 2489 2560 producat;
2520 2489 2654 2544 illud
2687 2489 2934 2558 quidem,
2959 2487 3088 2558 quia
3122 2501 3229 2541 nou
3258 2491 3439 2555 potest
3485 2479 3645 2536 simul
3680 2488 3734 2531 et

2183 2578 2490 2646 producere
2517 2586 2572 2633 et
2609 2579 2858 2648 produci,
2893 2577 3000 2632 hoc
3027 2591 3160 2633 vero
3184 2575 3313 2645 quia
3350 2586 3528 2642 neque
3546 2568 3747 2625 Filium

2184 2673 2412 2727 alterius
2442 2683 2656 2727 naturae
2682 2687 2804 2727 esse
2827 2670 3145 2735 allirmabis,
3203 2683 3369 2739 quam
3437 2673 3545 2723 est.
3566 2663 3749 2725 Pater,

2186 2766 2438 2835 quamvis
2478 2765 2781 2821 secundum
2828 2777 3176 2817 communem
3213 2768 3467 2815 naturam
3498 2756 3569 2810 sit
3601 2754 3753 2824 geni—

2185 2869 2297 2926 tus,
2332 2867 2650 2914 nontamen
2689 2859 2931 2927 seipsum
2980 2856 3054 2912 sit
3088 2868 3377 2926 generans.
3423 2849 3592 2920 Igitur
3645 2845 3757 2914 spi—

2186 2952 2358 3005 rativa
2388 2951 2569 3006 Patris
2602 2960 2656 3005 et
2693 2950 2816 3005 Filii
2847 2946 3095 3019 operatio
3142 2960 3249 3001 una
3304 2942 3607 3009 eademque
3647 2953 3752 2991 nu-

518 3028 763 3100 ὖστερον,
796 3030 911 3083 ἀλλ’
950 3034 1128 3106 ὁμαλὴ
1159 3034 1253 3087 καὶ
1287 3036 1540 3107 συνεχὴς,
1566 3039 1685 3090 ἐπεὶ
1719 3039 1855 3110 μηδὲ
1886 3041 2085 3109 πρότε-

2190 3062 2381 3113 mero;
2416 3062 2596 3118 neque
2627 3047 2807 3102 minor
2842 3053 2930 3101 est
2954 3060 3015 3100 ea
3040 3058 3163 3113 qua:
3191 3056 3256 3096 ex
3281 3039 3443 3094 Patre
3472 3036 3613 3097 solo,
3641 3046 3756 3085 ma-

520 3120 613 3191 ρόν
644 3139 698 3174 τι
749 3125 846 3177 καὶ
887 3124 1120 3195 ὕστερόν
1168 3129 1317 3180 ἐστιν
1347 3129 1405 3181 ἐν
1450 3130 1613 3200 αὐτῇ,
1653 3130 1766 3184 οὐδ’
1797 3134 2085 3187 ἐπίστασιν

2188 3140 2275 3212 jor
2295 3156 2429 3197 vero
2461 3155 2584 3211 quae
2616 3156 2683 3197 ex
2710 3140 2868 3195 Patre
2896 3145 2952 3195 et
2980 3136 3120 3193 Filio
3152 3144 3260 3197 est,
3294 3144 3470 3200 neque
3503 3142 3625 3197 pars
3674 3132 3760 3179 est

520 3216 612 3267 καὶ
642 3216 825 3269 ἄνεσιν
861 3216 1221 3289 ὲπιδεχομένη
1250 3235 1263 3248 θ
1295 3218 1322 3271 δ
1365 3236 1425 3271 τε
1453 3221 1544 3284 σδς
1584 3219 1692 3275 τῶν
1720 3221 1894 3292 λόγων
1920 3223 2085 3295 ἑσμὸς

2193 3244 2258 3286 ea
2303 3245 2424 3301 quae
2454 3246 2521 3284 ex
2554 3230 2717 3292 Filio,
2758 3229 2906 3285 illius
2934 3241 3055 3297 quae
3075 3234 3161 3281 est
3187 3238 3252 3279 ex
3282 3220 3466 3283 Patre,
3491 3217 3577 3271 vel
3639 3214 3761 3269 vice

518 3306 672 3360 οὐδὲν
704 3309 817 3361 οὐδ’
844 3310 1081 3365 ἐνταῦθα
1117 3312 1388 3382 περαίνει.

2193 3336 2374 3387 versa,
2404 3336 2580 3390 neque
2634 3319 2978 3391 inaequabilis
3010 3317 3165 3388 prius
3227 3322 3396 3381 atque
3457 3304 3756 3379 posterius,

519 3403 616 3459 sed
649 3407 931 3476 aequabilis
955 3420 1010 3464 et
1032 3408 1333 3474 continua;
1366 3425 1493 3465 cum
1527 3426 1657 3467 vero
1706 3428 1887 3484 neque
1931 3416 2086 3485 prius
2125 3417 2422 3487 quidquam
2493 3426 2550 3473 et
2584 3419 2857 3488 posterius
2883 3417 2937 3471 in
2997 3415 3115 3485 ipsa
3144 3413 3238 3476 sit,
3271 3423 3450 3479 neque
3480 3403 3764 3461 remiss'w-

520 3518 646 3556 nem
674 3512 729 3557 et
763 3504 1165 3573 repressionem
1196 3505 1436 3575 aliquam
1491 3506 1741 3577 suscipit,
1772 3520 1939 3579 atque
2001 3522 2153 3567 tuum
2186 3513 2463 3567 rationum
2497 3526 2724 3567 examen
2772 3523 2951 3579 neque
2980 3506 3071 3563 hic
3111 3502 3315 3575 aliquid
3340 3516 3569 3571 prorsus
3628 3512 3763 3553 cou-

523 3597 713 3651 cludit.

858 3690 1122 3743 εφεΣοΥ
1161 3689 1319 3744 ΚΕΦ.
1360 3687 1441 3744 lB'
1475 3689 1623 3763 (Ke')
1660 3691 1776 3762 (2);

595 3805 670 3859 τὸ
703 3806 766 3857 ὲκ
823 3805 1038 3873 Πατρδς
1087 3801 1230 3858 εἶναι
1290 3804 1470 3859 κοινὸν
1502 3804 1617 3875 Υίῷ
1666 3807 1762 3859 καὶ
1819 3806 2095 3876 Πνεύματι

523 3899 827 3969 Γρηγόριος
880 3900 907 3951 δ
944 3897 1212 3967 Θεολόγος
1263 3899 1543 3952 ἀπέδωκεν
1587 3899 1684 3968 (5).
1723 3899 1783 3952 Ei
1828 3898 1885 3951 δὲ
1928 3901 1955 3952 ὁ
1996 3900 2096 3968 μὲν

525 3992 656 4054 Υἱὸς
683 3993 902 4060 ἀμέσως
942 3992 1005 4043 ἐκ
1034 3990 1125 4043 τοῦ
1167 3992 1380 4062 Ιιατρὺς
1407 3992 1503 4044 καὶ
1552 3991 1756 4061 μηδένα
1789 3990 1980 4061 ἕτερον
2014 3990 2097 4044 αῖ-

523 4100 643 4136 τιον
668 4083 829 4151 ἔχων,
875 4082 936 4135 τὸ
968 4082 1024 4135 δὲ
1058 4082 1284 4152 Πνεῦμα
1316 4083 1417 4136 οὐκ
1465 4082 1706 4150 ἁμέσως,
1737 4082 1876 4136 ἀλλὰ
1913 4082 2101 4135 συναίη

524 4192 639 4227 τιον
692 4174 883 4228 ἑαυτοῦ
938 4174 1026 4227 τὸν
1078 4174 1205 4227 Υἱὸν
1251 4173 1396 4245 ἔχον,
1452 4175 1634 4228 οὐκέτι
1687 4174 1867 4227 κοινὸν
1913 4176 2102 4237 αὐτοῖς

526 4271 677 4323 ἔσται
715 4270 775 4322 τὸ
824 4273 887 4323 ἑκ
917 4269 1153 4340 Πατρδς,
1196 4261 1257 4320 οὗ
1286 4272 1361 4337 μὴ
1409 4261 1608 4336 ἐπίσης
1649 4268 1994 4337 μετέχουσιν.
2029 4268 2102 4320 Ἢ

526 4362 706 4416 τοίνυν
749 4360 841 4413 τὸν
880 4360 1143 4427 Θεολόγον
1200 4359 1414 4428 ἀνάγκη
1469 4356 1786 4425 ψεύδεσθαι,
1844 4358 1878 4428 ἢ
1925 4358 1973 4409 εί
2026 4357 2100 4426 μὴ

2520 3656 2763 3744 rienes.
2795 3683 2950 3741 CAP.
2992 3678 3090 3737 xu
3136 3675 3375 3751 (XXIX).

2273 3808 2354 3864 Ea:
2383 3807 2545 3861 Patre
2575 3821 2683 3859 esse
2708 3815 2997 3859 commune
3022 3798 3163 3854 Filio
3191 3811 3255 3851 ac
3298 3793 3529 3864 Spiritui
3555 3791 3763 3859 Grego-

2197 3903 2315 3957 rius
2355 3898 2666 3967 Theologus
2694 3895 2969 3950 attribuit.
3019 3889 3077 3945 Si
3109 3898 3292 3943 autem
3324 3886 3504 3940 Filius
3538 3881 3762 3952 quidem

2198 3991 2517 4049 immediate
2546 3997 2632 4042 est
2663 4003 2728 4041 ex
2759 3987 2920 4040 Patre
2955 3992 3009 4039 et
3042 3982 3248 4037 nullam
3268 3979 3429 4033 aliam
3459 3988 3766 4046 agnoscens

2197 4099 2442 4147 causam,
2468 4081 2707 4151 Spiritus
2735 4092 2868 4133 vero
2892 4091 3001 4130 non
3046 4069 3497 4134 immediate,sed
3530 4083 3769 4124 concau-

2206 4194 2321 4233 sam
2348 4176 2433 4231 sui
2464 4175 2639 4244 ipsius
2678 4169 2888 4225 habens
2933 4166 3156 4229 Filium,
3190 4179 3299 4219 non
3339 4162 3578 4231 amplius
3617 4173 3770 4214 com-

2202 4283 2365 4324 mune
2400 4266 2482 4321 eis
2529 4264 2634 4317 erit
2659 4278 2723 4315 ex
2766 4261 2925 4315 Patre
2957 4276 3084 4320 esse,
3115 4258 3181 4311 de
3208 4273 3317 4328 quo
3350 4270 3457 4309 nou
3481 4252 3770 4321 aequaliter

2198 4361 2549 4432 participant.
2610 4358 2711 4411 Aut
2746 4356 2930 4424 itaque
2970 4352 3280 4421 'l‘heologus
3334 4349 3635 4403 mentiatur
3679 4360 3771 4402 uc-

524 4455 703 4517 τοῦτο,
741 4453 917 4521 πάντη
957 4468 1017 4505 τε
1055 4456 1149 4505 καὶ
1176 4452 1396 4515 πάντως
1444 4452 1665 4504 Λατῖνοι
1696 4450 1989 4520 ψεύδονται
2019 4449 2085 4520 (4)

2205 4466 2358 4507 cesse
2398 4461 2498 4513 est,
2528 4459 2643 4512 aut,
2695 4447 2736 4500 si
2779 4446 2884 4500 hoc
2915 4460 3022 4499 non
3077 4441 3500 4506 admittendum,
3546 4442 3775 4497 omnino

524 4546 604 4616 τῷ
638 4546 755 4617 Υἱῴ
791 4546 889 4617 τὴν
917 4546 1096 4599 αἰτίαν
1128 4545 1364 4608 διδόντες
1394 4544 1489 4598 τοῦ
1525 4544 1861 4613 Πνεύματος.

939 4748 1079 4804 ΤΟΥ
1122 4747 1344 4804 ΣΟΦΟΥ
1380 4746 1689 4801 ΝΙΚΑΙΑΣ.

598 4869 799 4939 Πρῶτοι
834 4867 932 4936 μὲν
966 4867 1028 4918 τὸ
1054 4864 1292 4930 ἀμέσως
1324 4863 1422 4915 καὶ
1464 4862 1737 4931 ὲμμέσως
1770 4860 2006 4914 ἐνταῦθα
2037 4860 2097 4912 οὺ

529 4965 674 5016 ποιεῖ
697 4959 960 5030 διαφοράν
999 4957 1279 5026 οὐδεμίαν,
1310 4954 1341 5025 ἢ
1365 4956 1447 5008 ὅτι
1483 4955 1511 5007 ὁ
1538 4954 1636 5024 μὲν
1668 4953 1973 5023 γεννητῶς,
2002 4954 2030 5006 δ
2054 4951 2101 5005 δ’

531 5054 874 5125 ὲκπορευτῶς
921 5056 985 5104 ἐκ
1024 5048 1237 5119 Πατρδς
1266 5047 1482 5120 πρόεισι
1507 5062 1520 5075 ⁸
1552 5045 1710 5100 τοῦτο
1738 5045 1795 5099 δὲ
1829 5045 1973 5099 κατὰ
2005 5044 2098 5097 σοῦ

529 5146 676 5199 ἐστιν
726 5143 881 5198 οὐδὲν
918 5136 1106 5214 ἦττον,
1132 5140 1273 5208 εἴγε
1324 5137 1447 5193 καθ’
1477 5138 1637 5209 ἡμῶν
1670 5138 1864 5208 ίσχύει.
1907 5136 2102 5200 Ἀλλος

527 5239 640 5309 γὰρ
681 5240 709 5291 δ
756 5237 851 5304 τῆς
881 5236 1196 5303 γεννήσεως
1224 5235 1321 5286 καὶ
1352 5232 1494 5285 κατὰ
1523 5231 1582 5283 σὲ
1626 5231 1825 5301 τρόπος
1854 5228 1949 5282 τοῦ
1974 5229 2102 5298 τρό-

526 5349 632 5385 που
659 5331 758 5399 τῆς
779 5327 1180 5398 ὲκπορεύσεως,
1207 5326 1298 5379 καὶ
1327 5323 1501 5386 οὕτως
1530 5323 1711 5386 ἄλλος,
1742 5322 1818 5386 ὡς
1855 5326 1945 5375 καὶ
1974 5323 2100 5376 ἱκα-

524 5421 614 5483 νὸς
654 5416 795 5472 εῖναι
828 5417 1129 5487 διακρίνειν
1168 5414 1414 5483 ἀλλήλων
1455 5413 1584 5466 Υίόν
1614 5429 1673 5463 τε
1719 5412 1814 5464 καὶ
1853 5411 2099 5479 Πνεῦμα,

523 5514 601 5579 ὑς
636 5514 730 5565 καὶ
760 5513 921 5573 αὐτὸς
956 5509 1060 5562 οἴει
1097 5508 1191 5561 καί
1228 5524 1372 5570 τινες
1404 5502 1514 5559 τῶν
1558 5506 1807 5559 Λατίνων
1836 5504 2100 5558 τίθενται.

526 5610 593 5664 Εἰ
621 5603 713 5660 οὖν
743 5606 829 5659 διὰ
858 5606 919 5656 τὸ
967 5600 1210 5670 ἀμέσως
1245 5600 1337 5653 καὶ
1374 5598 1649 5669 ἐμμέσως
1682 5597 1867 5651 οὐκέτι
1920 5598 2102 5661 αὐτοῖς

589 5722 667 5789 (ι)
702 5719 822 5774 Μυιι
893 5717 933 5772 ί.
960 5716 1071 5789 246Δ
1099 5716 1159 5789 ι),
1190 5713 1532 5789 προβάλλων.

599 5782 674 5855 ia)
710 5789 937 5845 ιιιιιοη.
1142 5788 1178 5839 r.
1209 5785 1310 5841 502
1338 5802 1395 5851 ιι,
1423 5795 1505 5838 est
1539 5799 1655 5855 cap.
1688 5782 1777 5837 50.

2205 4552 2262 4598 et
2293 4541 2440 4596 omni
2470 4540 2632 4593 modo
2664 4538 3008 4592 mentiuntur
3051 4534 3259 4599 Latini,-
3287 4532 3418 4588 dum
3472 4532 3609 4589 Filio
3644 4534 3772 4605 Spi-

2174 4629 2177 4633 ’
2204 4634 2342 4689 ritus
2367 4632 2544 4690 sancti
2573 4647 2791 4685 causam
2831 4630 3097 4684 tribuunt.

2648 4743 3005 4800 SAPIENTIS
3059 4741 3339 4798 NlC/ENI.

2272 4865 2333 4917 ln
2365 4861 2560 4933 primis
2587 4875 2750 4916 voces
2778 4860 3079 4915 immediate
3130 4863 3179 4909 et
3212 4858 3440 4911 mediate
3488 4856 3594 4911 hoc
3652 4856 3774 4910 loco

2204 4955 2411 5011 nullam
2438 4954 2601 5009 aliam
2642 4952 2852 5007 faciunt
2882 4949 3279 5011 dill‘erentiam,
3307 4964 3469 5018 quam
3501 4946 3649 5016 quod
3686 4947 3776 5001 ille

2208 5061 2307 5116 per
2340 5046 2780 5115 generationem,
2834 5040 2925 5094 hic
2948 5055 3079 5094 vero
3112 5053 3207 5107 per
3257 5037 3661 5107 processionem
3711 5050 3777 5088 ex

2206 5140 2370 5195 Patre
2401 5137 2608 5207 prodit.
2665 5133 2785 5189 Hoc
2820 5141 3005 5189 autem
3052 5130 3234 5185 nihilo
3265 5130 3463 5202 minus
3492 5135 3678 5181 contra
3729 5135 3779 5180 te

2205 5236 2310 5292 εει,
2376 5225 2650 5296 siquidem
2691 5231 2885 5278 contra
2944 5236 3047 5277 nos
3079 5220 3246 5275 valet.
3277 5219 3436 5273 Alius
3490 5216 3638 5271 enim
3691 5224 3776 5269 est

2205 5318 2581 5392 generationis
2628 5317 2825 5371 modus
2872 5315 3039 5370 etiam
3088 5313 3395 5369 secundum
3443 5320 3591 5365 tuam
3648 5323 3777 5363 sen-

2205 5412 2433 5468 tentiam
2463 5426 2492 5464 a
2525 5408 2897 5480 processionis
2923 5406 3107 5470 modo,
3137 5413 3303 5473 atque
3336 5404 3473 5456 adeo
3492 5402 3764 5465 diversus,

2207 5514 2267 5559 ut
2302 5512 2359 5558 et
2391 5512 2550 5573 aptus
2588 5500 2656 5555 ad
2698 5497 3125 5569 distinguendos
3172 5496 3241 5550 ab
3271 5495 3507 5549 invicem
3573 5491 3781 5547 Filium

2204 5607 2259 5653 et
2285 5596 2551 5667 Spiritum
2588 5592 2861 5655 videatur,
2893 5599 2951 5645 ut
3000 5598 3057 5645 et
3116 5597 3172 5642 tu
3226 5596 3387 5658 putas
3435 5596 3491 5642 et
3543 5584 3776 5656 quidam

2274 5708 2352 5777 (3)
2385 5709 2512 5762 Νη.
2542 5716 2681 5761 orat.
2714 5705 2805 5767 25,
2833 5704 2940 5777 col.
2973 5702 3063 5777 ἢῆ,
3091 5699 3145 5755 in
3182 5699 3471 5777 Ilerullent__
3497 5700 3707 5777 philos.

2277 5770 2352 5849 ξι)
2379 5779 2520 5834 Mou.
2549 5777 2639 5843 ‘27,
2683 5775 2999 5829 Ψεύδεδδαι.
3029 5772 3195 5829 liectc
3229 5770 3372 5826 Μιυιι.
3405 5771 3539 5829 τιὸϋν
