4124 6466
393 328 499 389 2ῖῦ

1765 330 2274 390 ΒΕΒΞΛΠΙΟΝΙΒ

3549 336 3652 400 ἓῖϐ

390 437 716 493 Latinorum
755 445 1026 494 statuunt.
1054 439 1285 505 Quando
1318 439 1484 508 igitur
1541 449 1768 509 propter
1800 453 1967 494 voces

2090 442 2248 492 ιοινδν
2280 443 2431 496 ἔσται
2478 446 2539 498 τὸ
2569 445 2638 499 ἐκ
2685 447 2916 515 Πατρύς
2943 445 3097 504 εἶναι
3151 449 3235 520 (οὗ
3271 449 3380 520 γὰρ
3433 450 3652 515 ἐπίσης.

391 532 694 586 immediate
721 540 776 585 et
823 532 1053 586 mediate
1088 546 1194 586 non
1248 531 1487 602 amplius
1516 531 1649 600 ipsis
1678 546 1971 585 commune

391 623 501 678 erit
529 640 592 676 ea:
633 623 799 677 Patre
828 641 937 678 esse
972 624 1175 694 (neque
1205 623 1370 687 enim,
1428 625 1533 688 ais,
1570 623 1857 694 mqualiter
1905 624 1972 678 de

391 731 462 772 eo
486 718 878 787 participant),
927 719 1200 788 siquidem
1284 719 1475 772 cadem
1515 718 1631 771 haec
1665 727 1794 772 sunt
1843 731 1969 770 cum

394 811 622 864 vocibus
659 826 752 876 per
779 812 1168 879 generationem
1201 821 1257 864 et
1296 827 1388 878 per
1405 811 1811 881 processionem,
1842 819 1975 863 tunc

393 904 558 952 etiam
603 901 698 953 tibi
737 901 1023 954 “UbiSI'IIHI
1086 902 1450 955 nihilominus
1503 901 1971 955 considerandum

391 1003 499 1048 est.
527 993 806 1060 quomodo
842 993 986 1046 hanc
1020 1004 1166 1047 tuam
1201 993 1470 1047 rationem
1514 993 1786 1047 dissolvas
1821 993 1978 1058 (con-

395 1093 474 1135 tra
514 1085 858 1153 temetipsum
904 1102 1138 1155 namque
1178 1102 1299 1139 eam
1338 1085 1723 1154 proferebas);
1793 1086 1837 1138 si
1884 1101 1978 1138 ve-

395 1193 453 1228 ro
486 1193 649 1228 voces
679 1195 773 1246 per
802 1181 1201 1248 generationem
1231 1190 1287 1234 et
1321 1197 1414 1251 per
1449 1181 1837 1249 processionem
1863 1193 1981 1232 ma-

385 1269 562 1337 jnrt‘m
596 1272 891 1329 (luaunlam
934 1271 1000 1325 ad
1042 1273 1278 1328 invicem
1348 1273 1716 1326 diﬂ'crentiam
1773 1273 1978 1338 impur-

395 1371 529 1419 ι·ιιιι,
561 1378 721 1429 quant
751 1363 1048 1417 immediate
1079 1373 1129 1417 et
1162 1365 1413 1428 mediate,
1447 1365 1630 1418 adhuc
1667 1363 1838 1432 magis
1877 1361 1978 1416 tibi

392 1454 953 1522 circumspiciendum
1057 1467 1186 1520 est,
1278 1446 1555 1526 quomodo
1640 1456 1980 1526 labyrinthus

394 1545 590 1598 harum
622 1547 896 1600 rationum
926 1547 1172 1618 eﬂ‘ugias.
1212 1549 1420 1603 Deinde
1452 1549 1564 1602 noli
1637 1558 1830 1602 contra
1873 1546 1972 1600 [ιιι-

402 1639 548 1690 tinos
585 1639 693 1693 hoc
727 1639 1029 1694 absurdum
1086 1641 1311 1706 inferre,
1346 1643 1440 1698 sed
1494 1653 1685 1696 contra
1716 1651 1969 1695 sanctum

396 1728 720 1796 Gn-gorium
759 1728 1108 1801 Nyssenum;
1153 1732 1312 1786 vobis
1369 1731 1516 1786 enim
1573 1731 1700 1784 talia
1760 1742 1981 1799 quoque

399 1832 593 1875 contra
626 1821 820 1877 Patres
848 1822 1052 1877 audere
1085 1823 1237 1878 licet.
1272 1824 1406 1878 Nam
1440 1823 1531 1878 illc
1579 1832 1687 1885 est,
1733 1822 1826 1892 qui
1887 1820 1980 1874 Fi-
2013 1808 2055 1864 Β

396 1915 533 1968 lium
565 1915 622 1968 id
659 1917 801 1986 quod
831 1918 1075 1987 proxime
1104 1933 1168 1970 ea:
1198 1919 1392 1988 primo,
1427 1916 1697 1988 Spiritum
1732 1931 1864 1970 vero
1889 1930 1984 1985 per

399 2006 455 2058 id
487 2007 625 2075 quod
651 2009 890 2077 proxime
920 2024 983 2062 ex
1004 2009 1176 2078 primo
1209 2009 1548 2078 praedicavit.
1584 2008 1850 2062 Praeterea
1885 2022 1985 2060 ne-

403 2115 510 2167 que
557 2100 660 2154 hoc
691 2100 1146 2170 tclateat,quo.|
1197 2101 1301 2155 etsi
1361 2107 1491 2154 sunt
1548 2101 1824 2166 doctores,
1889 2100 1984 2169 qui

407 2192 636 2245 madiate
667 2191 934 2261 Spiritum
971 2209 1035 2247 ex
1091 2191 1252 2247 Patre
1289 2192 1587 2262 procedere
1622 2193 1837 2256 dicunt,
1872 2208 1982 2246 non

408 2291 590 2335 tamen
629 2282 716 2337 isti
779 2284 1115 2354 negaverint,
1153 2288 1319 2337 et.'am
1360 2285 1662 2337 immediate
1697 2299 1760 2336 ex
1825 2283 1984 2337 Patre

399 2387 528 2425 eum
565 2389 720 2440 esse;
759 2375 889 2429 illud
927 2376 1019 2444 qui
1045 2378 1171 2438 lem,
1203 2375 1428 2446 quando
1459 2375 1771 2443 respiciunt
1803 2374 1870 2428 ad
1897 2390 1988 2428 or-

399 2468 586 2523 dinem
617 2469 671 2521 in
697 2468 880 2522 divina
925 2469 1232 2534 Trinitate,
1269 2467 1576 2521 sccundum
1600 2483 1762 2536 quem
1799 2467 1977 2521 Filius

400 2566 486 2612 cst
526 2560 762 2626 medius,
795 2560 1032 2630 Spiritus
1074 2575 1204 2614 vero
1259 2559 1454 2614 tertius
1505 2574 1533 2612 a
1579 2560 1736 2612 Patre
1787 2568 1842 2613 et
1892 2574 1988 2628 per

402 2647 599 2703 Filium
627 2665 694 2704 ex
729 2650 886 2704 Patre
922 2651 1219 2719 prodiens;
1246 2649 1351 2704 hoc
1385 2656 1571 2704 autem
1617 2658 1841 2718 propter
1874 2649 1988 2702 sin-

402 2742 648 2812 gularem
683 2753 741 2798 et
776 2743 1015 2798 maxime
1045 2743 1264 2796 unicam
1306 2742 1429 2811 ejus
1467 2757 1536 2794 ex
1584 2752 1821 2810 utroque
1852 2757 1981 2808 pro-

403 2834 765 2903 gressionem,
798 2842 853 2889 ct
889 2835 1016 2903 quia
1042 2834 1204 2887 Pater
1235 2833 1357 2887 fons
1387 2841 1442 2888 et
1501 2849 1759 2903 suprema
1821 2848 1987 2889 causa

402 2926 624 2979 deitatis
660 2935 767 2991 est,
805 2925 878 2978 ita
912 2935 970 2978 ut
998 2927 1044 2979 si
1078 2925 1194 2994 ipse
1220 2942 1328 2979 non
1355 2934 1521 2988 esset,
1579 2925 1752 2980 Filius
1809 2940 1989 2995 neque

403 3018 640 3087 alicujus
668 3033 834 3072 causa
866 3017 1006 3072 roret
1060 3032 1241 3086 neque
1292 3019 1518 3072 omnino
1553 3018 1848 3074 exsisteret
1884 3018 1984 3086 (a).

406 3109 587 3175 Quare
618 3109 904 3178 theologus
935 3108 1231 3180 Gregorius
1263 3110 1468 3180 optime
1495 3110 1655 3165 docet
1685 3124 1750 3163 ac
1783 3108 1988 3178 praedi-

402 3213 514 3267 cat,
547 3204 676 3256 dum
717 3203 937 3268 statuit,
964 3217 1255 3256 commune
1286 3217 1412 3258 esse
1440 3254 1451 3272 ,
1477 3202 1613 3257 Filio
1644 3216 1706 3255 ac
1750 3199 1984 3268 Spiritui

404 3304 597 3348 sancto
621 3312 685 3349 ex
721 3295 882 3350 Patre
925 3310 1044 3350 esse
1072 3313 1086 3361 ;
1115 3301 1172 3350 et
1211 3297 1308 3365 qui
1341 3295 1487 3350 idem
1520 3309 1646 3349 cum
1679 3308 1746 3348 eo
1780 3307 1980 3346 nomen

2082 527 2208 598 φῂς,
2237 531 2404 586 αὑτοῦ
2452 535 2798 606 μετέχουσιν)
2823 554 2836 567 ο
2875 539 2923 591 εί
2970 537 3070 608 μὲν
3100 541 3296 592 ταυτὸν
3344 541 3453 593 εἰσὶ
3483 541 3657 595 ταῦτα

2079 624 2156 688 τῷ
2193 623 2497 692 γεννητῶς
2525 627 2619 679 καὶ
2649 627 3047 696 ἐκπορευτῶς,
3095 631 3190 682 καὶ
3223 630 3307 683 σο).
3349 630 3470 700 μεθ’
3503 631 3658 702 ἡμῶν

2081 712 2234 764 οὐδὲν
2266 708 2428 786 ἦττον
2477 719 2767 784 σκεπτέον,
2806 721 2958 785 ὅπως
3009 737 3106 775 σου
3137 721 3329 774 τοῦτον
3357 721 3531 794 λύσῃς
3569 722 3660 776 τὸν

2081 805 2239 873 λόγον
2271 808 2390 875 (καὶ
2429 811 2568 863 κατὰ
2614 813 2812 864 σαυτοῦ
2855 814 2964 883 γὰρ
3003 813 3168 868 αὐτὸν
3219 815 3472 883 ἑξέθουΓ
3523 819 3572 868 εί
3603 817 3660 868 δὲ

2081 896 2143 949 τὸ
2182 897 2483 967 rer-mra;
2533 903 2626 954 καὶ
2663 903 3041 972 ἐκπορευτῶς
3091 905 3316 975 μείζονά
3347 925 3468 958 ’τιναι
3521 906 3660 977 πρδς

2083 988 2292 1059 ἄλληλα
2337 991 2607 1063 διαφορὰν
2637 994 2670 1065 ἢ
2708 995 2770 1048 τὸ
2814 997 3054 1064 ἀμέσως
3084 997 3179 1049 κα).
3213 997 3494 1065 ἐμμέσως
3527 999 3663 1068 ἔχει,

2085 1085 2182 1137 γα).
2218 1082 2420 1150 μᾶλλόν
2452 1101 2532 1137 σοι
2580 1085 2865 1154 σκεπτέον,
2900 1088 3047 1151 ὅπως
3094 1087 3189 1140 σοῦ
3235 1090 3362 1151 τοὺς
3403 1089 3664 1158 λαϐυρίν-

2087 1172 2215 1236 θους
2237 1175 2349 1226 τῶν
2384 1175 2560 1242 λόγων
2597 1175 2803 1231 τούτων
2835 1177 3104 1251 ἐκφεύξῃ.
3139 1180 3372 1233 Ἔπειτα
3408 1181 3481 1250 μὴ
3522 1181 3666 1233 κατὰ

2089 1266 2357 1327 Λατίνων.
2391 1267 2532 1320 ἀλλὰ
2565 1271 2710 1322 κατὰ
2740 1270 2834 1323 τοῦ
2872 1272 3020 1341 ίεροῦ
3063 1272 3368 1342 Γρηγορίου
3394 1271 3490 1324 τοῦ
3525 1273 3667 1325 Νύσ-

2089 1373 2190 1424 σης
2216 1358 2434 1426 πρῶτον
2465 1358 2625 1412 τοῦτο
2671 1359 2733 1412 τὸ
2759 1359 2962 1415 ἄτοπον
2991 1359 3190 1430 σύναγε
3219 1377 3233 1392 ·
3271 1361 3402 1430 ὑμῖν
3437 1361 3544 1432 γὰρ
3577 1362 3670 1414 καὶ

2087 1446 2312 1500 τοιαῦτα
2354 1448 2500 1501 κατὰ
2525 1449 2634 1502 τῶν
2662 1450 2922 1521 Πατέρων
2958 1451 3134 1516 ἔξεστι
3162 1451 3388 1522 τολμᾷν.
3429 1450 3669 1515 Ἐκεῖνος

2089 1538 2198 1606 γὰρ
2240 1539 2390 1591 ἐστὶν
2421 1540 2449 1591 ό
2480 1539 2572 1592 τὸν
2617 1538 2717 1608 μὲν
2755 1539 2882 1594 Υίὸν
2912 1543 3233 1611 προσεχῶς
3261 1543 3329 1597 ἐκ
3376 1543 3485 1598 τοῦ
3515 1543 3670 1612 πρώ-

2088 1649 2195 1685 του
2221 1633 2281 1683 τὸ
2303 1631 2358 1684 δὲ
2390 1632 2616 1700 Πνεῦμα
2657 1633 2755 1688 διὰ
2785 1633 2892 1688 τοῦ
2937 1635 3252 1705 προσεχῶς
3284 1636 3353 1689 ἐκ
3378 1637 3485 1690 τοῦ
3520 1636 3670 1704 πρώ-

2090 1723 2597 1796 του,θεολογήσας.
2639 1725 2852 1790 ¹Ἄλλως
2895 1745 2955 1780 τε
2990 1728 3126 1799 μηδὲ
3175 1728 3330 1782 τοῦτό
3376 1746 3436 1782 σε
3468 1728 3671 1782 λανθα-

2085 1821 2241 1886 νέτω,
2276 1820 2350 1884 ὡς
2385 1822 2434 1874 εί
2477 1824 2570 1874 καὶ
2603 1821 2878 1893 ἐμμέσως
2908 1825 3051 1878 είσὶν
3095 1825 3144 1878 οἳ
3181 1825 3291 1879 τῶν
3337 1824 3672 1879 διδασκάλων

2087 1912 2147 1964 τὸ
2190 1911 2420 1982 Πνεῦμα
2469 1914 2534 1965 ὲκ
2571 1913 2786 1983 Πατρὸς
2819 1914 3224 1986 ἐκπορεύεσθαι
3269 1915 3543 1983 λέγουσιν,
3572 1916 3674 1968 οὐκ

2089 2007 2156 2062 ἂν
2184 2007 2305 2061 οὐδὲ
2331 2007 2391 2060 τὸ
2418 2006 2518 2062 καὶ
2548 2007 2790 2077 ἀμέσως
2821 2007 2879 2074 ἐξ
2921 2008 3086 2062 αὐτοῦ
3114 2004 3254 2062 εἶναι
3303 2009 3636 2079 άρνήσαιντο
3657 2025 3672 2038 ο

2090 2102 2270 2154 ἐκεῖνο
2305 2100 2427 2171 μὶν,
2460 2100 2598 2171 πρὸς
2623 2099 2724 2170 τὴν
2761 2102 2821 2153 ὲν
2847 2103 2913 2171 τῇ
2951 2100 3071 2172 θείᾳ
3117 2100 3310 2172 Τριάδι
3348 2101 3502 2166 τάξιν
3539 2102 3676 2155 ἀπο-

2089 2197 2406 2264 ϐλέποντες,
2447 2195 2572 2250 καθ’
2598 2197 2664 2266 ἥν
2698 2198 2726 2250 ὁ
2760 2195 2861 2268 μὲν
2893 2195 3022 2260 Υἱός
3056 2197 3173 2250 ἐστι
3205 2197 3391 2265 μέσος.
3437 2196 3532 2248 καὶ
3555 2195 3669 2263 cpi-

2087 2307 2180 2342 τον
2212 2289 2322 2342 ἀπὸ
2348 2281 2442 2342 τοῦ
2481 2289 2698 2361 Πατρδς
2729 2289 2792 2342 τὸ
2828 2286 3056 2358 Πνεῦμα
3090 2289 3185 2341 καὶ
3217 2290 3288 2341 δι’
3320 2287 3450 2340 Υἱοῦ
3484 2289 3673 2358 πρόει-

2091 2397 2176 2434 σιν
2204 2381 2269 2434 ἐκ
2299 2380 2517 2451 Πατρός
2539 2398 2554 2414 ο
2621 2381 2782 2435 τοῦτο
2821 2381 2879 2434 δὲ
2914 2381 3006 2436 διὰ
3037 2380 3136 2450 τὴν
3169 2380 3470 2451 μοναδικήν
3496 2397 3553 2433 τε
3582 2381 3676 2432 καὶ

2090 2472 2302 2526 ἑνιαίαν
2345 2472 2405 2537 ἐξ
2461 2473 2667 2541 ἀμφοῖν
2713 2471 2881 2545 αὑτοῦ
2928 2471 3176 2543 πρόοδον,
3225 2471 3320 2524 καὶ
3371 2470 3549 2525 διὰτὸ
3582 2470 3673 2524 τὸν

2093 2564 2318 2634 Πατέρα
2373 2565 2560 2634 πηγήν
2587 2580 2647 2616 τε
2699 2565 2794 2616 καὶ
2833 2563 3017 2616 αἰτίαν
3063 2562 3165 2632 τῆς
3216 2562 3473 2633 θεότητος
3507 2557 3670 2628 εἶναι,

2089 2648 2166 2721 ὡς
2204 2657 2372 2712 αὑτοῦ
2404 2657 2482 2728 μὴ
2525 2657 2701 2722 ὄντος,
2737 2658 2875 2728 μηδὲ
2903 2657 2996 2711 τὸν
3041 2657 3170 2711 Υίδν
3208 2659 3350 2728 μήτε
3385 2675 3479 2712 του
3505 2656 3582 2728 (1)
3605 2658 3673 2711 ἂν

2092 2750 2266 2802 αἴτιον
2321 2750 2452 2802 ὄντα
2503 2748 2636 2820 μήθ’
2666 2750 2802 2812 ὅλως
2844 2749 2995 2804 ὄντα.
3027 2749 3190 2804 Ὥστε
3229 2750 3324 2804 κα)⁵
3366 2751 3394 2804 ό
3426 2749 3676 2820 θεολόγος

2091 2841 2398 2911 Γρηγόριος
2447 2839 2648 2911 ἄριστα
2691 2839 2955 2909 θεολογεί,
2991 2843 3167 2896 κοινὸν
3213 2842 3332 2914 Υίῷ
3369 2843 3464 2897 καὶ
3505 2843 3677 2900 Ilvati-

2096 2951 2227 3003 ματι
2256 2934 2318 2988 τὸ
2345 2935 2410 2986 ὲκ
2438 2933 2652 3004 Πατρὸς
2679 2928 2821 2986 εἶναι
2848 2933 3133 3004 τιθέμενος
3159 2951 3174 2966 ·
3199 2937 3293 2992 καὶ
3325 2937 3354 2990 ὁ
3386 2939 3676 3007 ὁμώνυμος

2094 3026 2246 3097 αὐτῷ
2320 3026 2421 3096 τῆς
2480 3026 2740 3080 Νυσσέων
2789 3027 2866 3098 (2)
2933 3027 3159 3098 φωστὴρ
3215 3031 3482 3098 σύμφωνα
3525 3029 3676 3099 αὐτῷ

2094 3116 2398 3186 φθέγγεται
2423 3131 2441 3150 ο
2473 3118 2568 3171 καὶ
2606 3119 2830 3172 Λατῖνοι
2865 3119 3073 3191 σφόδρα
3112 3119 3440 3190 ἀληθεύουσι
3467 3121 3582 3184 τοῖς
3609 3136 3673 3174 τε

2092 3204 2438 3268 διδασκάλοις
2486 3205 2582 3260 καὶ
2633 3207 2748 3267 τοῖς
2801 3206 2914 3260 ἀπὸ
2939 3207 3049 3262 τῶν
3091 3206 3265 3277 λόγων
3307 3209 3672 3280 συμϐαίνουσι

2094 3293 2242 3362 μάλα
2273 3294 2532 3362 εὐμαθῶς
2566 3312 2627 3348 τε
2655 3297 2753 3350 καὶ
2783 3295 3024 3360 εὐσεϐῶς
3063 3296 3180 3368 ἆμα
3211 3299 3496 3367 ἑπόμενοι.

405 3389 634 3454 sortitus
665 3400 770 3453 est,
800 3389 1156 3460 Nyssensium
1195 3390 1451 3446 Ecclesiae
1483 3390 1694 3451 lumen,
1763 3400 2008 3442 consona
2048 3385 2155 3455 ipsi
2215 3387 2516 3458 eloquitur,
2551 3389 2730 3444 Latini
2765 3405 2930 3462 quam
2960 3390 3194 3446 maxime
3218 3407 3406 3446 verum
3437 3392 3652 3446 dicunt.

405 3483 728 3540 doctoribus
750 3493 916 3557 atque
947 3485 1038 3554 iis,
1079 3502 1204 3557 quae
1247 3501 1312 3542 ex
1346 3485 1657 3540 rationibus
1725 3482 2015 3548 resultant,
2058 3497 2258 3551 magna
2329 3500 2455 3540 eum
2490 3485 2770 3543 docilitate
2821 3501 2887 3542 ac
2920 3485 3084 3542 simul
3113 3502 3238 3544 cum
3294 3487 3497 3557 pietate
3559 3487 3664 3542 ob-

407 3583 806 3644 temperantes.

761 3699 1006 3755 EPHES.
1070 3698 1223 3755 CAP.
1257 3697 1379 3753 Xlll
1412 3695 1630 3769 (XXX).

497 3815 815 3869 Exsistendi
853 3815 1077 3868 modum
1113 3823 1169 3866 et
1201 3810 1594 3882 proprietatem
1613 3809 1788 3866 sancti
1815 3786 1992 3881 Spiri-

411 3919 499 3960 tus
545 3903 782 3974 theologi
814 3903 1005 3956 dicunt
1034 3916 1144 3955 non
1175 3899 1500 3971 simpliciter
1556 3901 1858 3972 procedere,
1893 3915 1989 3956 ve-

406 4012 528 4050 rum
556 3996 841 4066 procedere
875 4008 940 4047 ea:
977 3992 1158 4048 Patre.
1201 3991 1322 4048 Jam
1353 4005 1487 4046 vero
1520 3991 1565 4048 si
1603 3992 1708 4046 hoc
1763 3991 1868 4062 ipsi
1899 4000 1987 4048 est

416 4089 716 4144 exsistendi
743 4086 942 4142 modus
971 4097 1136 4157 atque
1185 4085 1514 4157 proprietas,
1593 4084 1876 4155 processio
1911 4098 1981 4139 ex

407 4181 554 4235 Filio
609 4183 694 4237 vel
734 4181 936 4236 frustra
957 4180 1056 4252 ipsi
1089 4179 1266 4245 acht,
1298 4179 1385 4234 vel
1415 4178 1734 4250 superaddit
1786 4177 1991 4248 aliquid

411 4275 757 4329 exsistentize
786 4283 841 4330 et
869 4275 1146 4346 duplicem
1185 4273 1368 4329 reddit
1397 4273 1517 4343 ejus
1547 4271 1944 4343 proprietatem
1979 4289 1994 4338 ;

407 4377 466 4420 et
495 4376 598 4427 est.
637 4368 681 4421 si
720 4368 939 4436 quidem
977 4366 1262 4438 proprium
1305 4380 1532 4421 necesse
1589 4375 1676 4420 est
1734 4365 1993 4420 converti

405 4469 535 4508 cum
573 4470 659 4519 eo,
683 4455 845 4525 cujus
875 4457 1158 4526 proprium
1184 4465 1292 4520 est,
1325 4465 1382 4510 et
1409 4470 1591 4524 neque
1653 4456 1999 4525 superabun-

2445 3690 2714 3748 ΕΦΕΣΟΥ
2751 3692 2910 3747 ΚΕΦ.
2947 3693 3018 3746 ll"
3059 3692 3162 3764 (Λ’)
3196 3695 3298 3762 (5).

2161 3807 2382 3879 Τρόπον
2411 3806 2700 3876 ὑπάρξεως
2741 3805 2837 3858 καὶ
2893 3805 3137 3875 ίδιότητα
3173 3804 3270 3858 τοῦ
3315 3804 3472 3872 ἁγίου
3505 3805 3676 3858 Ilvati-

2091 3914 2266 3972 ματος
2295 3899 2344 3952 οι
2371 3898 2615 3964 θεολόγοι
2643 3897 2810 3966 φασὶν
2835 3896 2896 3950 οὐ
2919 3896 2982 3949 τδ
3006 3897 3443 3965 ἐκπορεύεσθαι
3467 3885 3701 3960 ἁπλῶς,’

2091 3994 2233 4049 ἀλλὰ
2257 3993 2317 4047 τὸ
2345 3994 2415 4046 ἐκ
2443 3991 2552 4048 τοῦ
2583 3991 2817 4060 Πατρός
2841 3990 3298 4058 ἐκπορεύεσθαι.
3331 3990 3396 4044 Ei
3422 3990 3487 4059 δὴ
3519 3991 3678 4042 τοῦτο

2093 4083 2298 4152 τρόπος
2331 4082 2480 4150 αὐτῷ
2516 4079 2809 4152 ὑπάρξεως
2841 4078 2938 4134 καὶ
2969 4080 3170 4148 ἰδιότης
3212 4079 3350 4146 ἐστὶ,
3383 4078 3443 4133 τὸ
3473 4080 3540 4134 ἐκ
3571 4080 3679 4134 τοῦ

2093 4173 2234 4229 Υιοῦ
2281 4174 2740 4242 ἐκπορεύεσθαι,
2789 4172 2823 4243 ἢ
2883 4172 3062 4242 μάτην
3112 4172 3264 4242 αὐτῷ
3315 4173 3677 4244 πρόσεστινῆ

2099 4266 2425 4337 προστίθησί
2455 4283 2508 4320 τι
2537 4265 2620 4334 (4)
2650 4267 2716 4336 τῇ
2751 4265 3008 4334 ὑπάρξει,
3037 4265 3132 4318 καὶ
3173 4264 3372 4334 διπλῆν
3409 4268 3555 4318 ποιεῖ
3582 4265 3681 4334 τὴν

2099 4359 2266 4412 αὑτοῦ
2315 4358 2559 4428 ἰδιότητα
2587 4357 2664 4428 (5)
2691 4371 2706 4387 ·
2738 4357 2834 4411 καὶ
2873 4354 3043 4420 ἐστιν,
3077 4357 3125 4408 εί
3151 4355 3212 4408 τὸ
3240 4356 3368 4410 ῐδιον
3395 4358 3678 4425 ἀντιστρέ-

2104 4466 2228 4516 φειν
2257 4449 2476 4518 ἀνάγκη
2519 4447 2654 4515 πρὸς
2681 4445 2742 4500 τὸ
2775 4445 2837 4498 οὗ
2861 4448 3010 4500 ἐστιν
3041 4446 3195 4510 ἴδιον,
3233 4447 3328 4499 καὶ
3365 4445 3491 4499 οὔτε
3524 4449 3682 4499 πλεο-

407 4547 543 4600 dare
583 4563 759 4616 neque
798 4549 1127 4613 deiicere,et
1152 4550 1267 4618 ipse
1293 4547 1518 4617 duplex.
1550 4548 1629 4601 Ex
1660 4548 1822 4603 Patre
1853 4564 1985 4619 ergo

2101 4538 2283 4603 νάζειν
2335 4535 2459 4590 οὔτε
2513 4535 2784 4588 ἐλλείπειν
2820 4534 2922 4604 (6),
2975 4537 3069 4590 καὶ
3120 4535 3253 4589 αὐτὸ
3302 4536 3547 4592 διπλοῦν.
3591 4538 3683 4588 Ἐκ

407 4638 532 4691 solo
589 4640 838 4707 procedit
901 4639 1143 4709 Spiritus
1203 4649 1452 4694 sanctus.

840 4837 1201 4895 SAPIENTIS
1245 4838 1515 4895 NICIENI.

491 4957 563 5008 lux
593 4953 752 5008 Patre
787 4952 1088 5023 procedere
1129 4951 1267 5006 nihil
1295 4959 1382 5006 est
1408 4949 1560 5006 aliud
1583 4950 1690 5004 nisi
1727 4966 1795 5006 ex
1827 4952 1991 5006 Patre

413 5046 689 5114 Filioque,
725 5047 807 5100 vel
836 5062 904 5101 ex
937 5045 1097 5100 Patre
1145 5060 1242 5113 per
1278 5043 1477 5100 Filium
1516 5043 1840 5112 procedere,
1899 5059 1997 5097 ne-

416 5155 525 5208 que
560 5137 708 5191 aliud
748 5136 1089 5192 illud‘Latini
1120 5136 1331 5191 dicunt.
1361 5136 1423 5188 Et
1453 5133 1693 5188 rationes
1717 5135 1831 5204 jam
1893 5149 1996 5188 szr-

494 5253 571 5322 (Ι)
602 5271 697 5305 του
729 5253 936 5308 habent
961 5251 1106 5306 Non.
1149 5251 1218 5304 27
1249 5249 1286 5306 f.
1317 5250 1421 5305 247
1457 5265 1486 5302 a
1521 5262 1578 5302 et
1632 5245 1802 5302 Marc.
1847 5247 1885 5301 Γ.
1925 5247 1996 5302 83

413 5322 456 5387 gl)
489 5326 610 5393 (pro
641 5323 831 5392 τινος).

495 5390 570 5460 ᾖξ’.)
607 5396 740 5449 Scil.
787 5390 1138 5463 Ἐκκλησίας.

493 5465 572 5532 (3t
606 5468 751 5520 Mon.
783 5463 908 5528 256,
941 5462 983 5517 f.
1022 5462 1128 5517 ’502
1171 5478 1221 5524 a,
1256 5471 1340 5516 est
1368 5476 1488 5530 cap.
1520 5464 1610 5516 5|.

380 5536 390 5544 ’
497 5536 572 5606 14)
614 5537 760 5592 Mam.
798 5535 888 5588 9.7.
921 5534 962 5588 f.
1009 5533 1111 5588 247
1148 5535 1202 5598 b,
1246 5533 1431 5594 habet,
1465 5549 1568 5596 τις.

495 5649 577 5716 ια)
605 5649 878 5720 Respectu
936 5647 1122 5703 habito
1178 5646 1246 5702 ad
1311 5645 1569 5720 virtutem
1621 5644 1994 5720 spiratricem,

418 5714 746 5774 hinnediate
773 5736 836 5774 cx
872 5720 1031 5774 Patre
1067 5720 1270 5772 dicitur
1304 5717 1544 5784 Spiritus
1574 5733 1588 5768 ι
1623 5727 1873 5782 respectu
1899 5714 1997 5784 ha-

419 5789 542 5848 bito
569 5789 630 5842 ad
667 5805 930 5860 personas
962 5791 1108 5859 apira
1155 5801 1253 5848 tes.
1282 5798 1508 5840 eatenus
1545 5786 1766 5838 mcdiatc
1798 5801 1862 5838 cx
1893 5783 1992 5837 Pa-

2103 4629 2198 4682 τοῦ
2242 4628 2454 4699 Πατρδς
2495 4627 2604 4698 ἄρα
2655 4627 2818 4696 μόνου
2849 4628 2911 4680 τὸ
2960 4627 3185 4697 Πνεῦμα
3224 4627 3284 4680 τὸ
3333 4627 3489 4696 ἅγιον
3521 4630 3684 4680 ἐκπο-

2109 4739 2346 4789 ρευεται.

2519 4833 2658 4890 ΤΟΥ
2698 4835 2918 4889 ΣΟΦΟΥ
2956 4835 3265 4889 ΝΙΚΑΙᾹΣ.

2179 4949 2251 5004 Τὸ
2281 4950 2351 5004 ἐκ
2398 4950 2634 5018 Πατρός
2672 4950 3110 5019 ἐκπορεύεσθαι
3155 4951 3258 5004 οὐκ
3308 4950 3438 5004 ἄλλο
3482 4947 3573 5002 τοῦ
3613 4946 3685 5002 ἐκ

2102 5043 2334 5112 Πατρὸς
2379 5042 2478 5096 καὶ
2513 5043 2652 5097 Υίοῦ
2683 5043 2714 5114 ἢ
2747 5044 2816 5097 ἐκ
2862 5045 3092 5112 Πατρός
3118 5042 3194 5096 δι’
3231 5041 3368 5096 Υιοῦ
3399 5039 3686 5107 ἐκπορεύ-

2100 5140 2296 5198 εσθαι,
2327 5134 2438 5188 οὔτ⁸
2472 5136 2621 5188 ἐστιν
2643 5135 2764 5188 οὔτε
2795 5135 2958 5204 φασὶν
2981 5137 3031 5187 oi
3065 5135 3426 5188 Λατῖνοι.Καὶ
3461 5134 3511 5183 oi
3537 5132 3684 5199 λόγοι

2177 5250 2253 5319 (5)
2291 5251 2422 5316 Quae
2452 5261 2573 5318 post
2607 5252 2845 5321 ἰδιότητα
2873 5257 3202 5319 sequuntur,
3233 5249 3431 5304 desunt
3469 5248 3521 5301 in
3557 5244 3685 5301 eod.

2103 5321 2313 5374 Monac.
2349 5321 2472 5375 9.56.

2179 5391 2254 5459 (6t
2293 5389 2393 5444 llic
2428 5405 2617 5444 revera
2646 5390 2851 5460 aliquid
2890 5390 2942 5444 in
2975 5399 3122 5445 textu
3165 5399 3357 5445 nostro
3397 5389 3684 5458 deﬁciens,

2106 5463 2253 5529 quod
2305 5461 2703 5530 supplevitnus.

2101 5655 2182 5700 tre
2214 5655 2316 5705 est,
2346 5652 2712 5713 quatenuscsl
2738 5662 2764 5698 a
2787 5645 2943 5709 Filio,
2967 5645 3105 5714 quia
3144 5648 3297 5700 Patre
3329 5647 3546 5714 genitus
3581 5652 3686 5710 est,

2103 5717 2408 5768 immediate
2466 5731 2616 5773 vero,
2684 5727 2958 5782 quatenus
3015 5729 3145 5771 esta
3180 5718 3338 5771 Patre
3383 5718 3520 5782 ipso.
3552 5716 3688 5772 Vide

2102 5787 2156 5838 S.
2195 5785 2482 5846 Thommn,
2546 5787 2599 5837 iu
2632 5787 2667 5842 l.
2709 5801 2720 5838 I
2753 5786 2908 5839 Sent.
2945 5786 2999 5839 ιΙ.
3059 5787 3135 5851 12,
3174 5803 3228 5854 q.
3265 5790 3312 5852 1,
3347 5795 3449 5839 art.
3483 5789 3536 5842 3.
