4124 6412
500 423 604 486 917

503 625 838 693 πορεύεσθαι
876 629 1055 682 καὶτὸ
1104 630 1173 694 ἐξ
1231 631 1366 684 Υίοῦ
1399 634 1428 700 ἦ
1462 631 1537 684 δι’
1564 631 1706 686 Υίοῦ
1742 633 2075 701 περιέχεται,

503 724 660 792 εἰπερ
711 722 784 792 μὴ
878 724 1090 794 Πατρός
1123 728 1187 779 ἐκ
1235 725 1328 778 τοῦ
1367 727 1601 796 Πατρὺς,
1655 720 1833 798 ἀλλ’ᾔ
1875 726 2078 794 προϐο-

501 814 644 877 λέως
671 813 730 878 ἐξ
765 815 930 868 αὐτοῦ
955 817 1016 869 τί,
1053 816 1274 887 Πνεῦμα
1299 820 1358 870 το
1387 821 1539 885 ἅγιον
1568 818 1928 887 ἐκπορεύεται
1953 833 1968 849 ο
1998 811 2078 881 εἷς

502 904 562 957 δὲ
593 905 897 973 προϐολεὺς
933 909 960 960 6
991 909 1182 978 Πατὴρ
1215 909 1336 978 μεθ’
1366 909 1520 974 Υίνιῦ,
1552 911 1646 963 καὶ
1677 910 1764 962 διὰ
1797 911 1951 962 τοῦτο
1983 909 2078 962 καὶ

505 997 605 1062 μία
638 1000 667 1064 ἡ
714 998 772 1063 ἐξ
825 999 1027 1066 ἀμφοῖν
1061 1001 1308 1068 πρόοδος.
1353 1001 1506 1055 Ὥστ⁹
1541 1001 1667 1055 οὔτε
1705 1004 1884 1073 μάτην
1929 1001 2077 1070 αὐτῷ

505 1075 799 1158 πρόσεστιν
829 1089 890 1142 τὸ
921 1091 991 1156 ἐξ
1027 1092 1186 1158 Υίοῦ,
1226 1093 1350 1147 οὔτε
1383 1112 1432 1146 τι
1467 1095 1536 1164 τῇ
1592 1093 1824 1165 ὑπάρξει
1859 1095 2078 1163 προστί-

504 1181 684 1250 θησιν,
742 1181 866 1235 οὔτε
899 1184 1125 1256 διπλόην
1171 1189 1404 1255 εἰσάγει,
1455 1189 1531 1254 ὡς
1564 1189 1726 1252 αὐτὸς
1779 1189 1904 1255 οίει,
1960 1186 2078 1241 ἀλλ’

501 1272 773 1340 ἁνὼτερός
806 1290 865 1325 τε
897 1274 1076 1344 πάσης
1111 1280 1474 1345 συκοφαντίας
1506 1283 1534 1332 6
1567 1279 1745 1347 λόγος,
1778 1280 1873 1331 καὶ
1906 1278 2076 1346 τάληε

505 1363 594 1427 θὲς
627 1366 825 1419 ἑαυτοῦ
869 1368 1148 1439 πανταχοῦ
1197 1373 1506 1440 σύμφωνον,
1535 1373 1724 1426 καὶ-τὶ
1776 1374 1906 1425 ἴδιον
1941 1373 2076 1441 πρὸς

500 1457 559 1509 τὸ
587 1456 646 1509 οὗ
682 1458 812 1511 ίδιον
846 1460 1204 1530 ἁντιστρέφον
1229 1464 1506 1517 κάνταῦθα
1537 1465 1620 1537 (τὸ
1652 1465 1761 1536 γὰρ
1785 1465 2074 1535 πρόϐλημα

504 1548 637 1618 προς
675 1552 766 1603 τὶν
797 1550 1086 1620 προϐολέα,
1134 1555 1230 1605 καὶ
1275 1555 1304 1606 6
1339 1557 1642 1625 προϐολεὺς
1680 1558 1817 1628 πρὸς
1859 1556 1918 1609 τὸ
1946 1555 2077 1625 πρό-

499 1642 681 1709 ὗὶημα
715 1643 1092 1713 ἀναφέρεται),
1128 1645 1220 1698 τὸν
1262 1646 1554 1702 Λατινικδν
1595 1649 1795 1720 ἄριστα
1849 1648 2076 1718 συνιστᾷ

499 1734 677 1802 λογον.

835 1939 1103 1996 scissor
1138 1939 1295 1994 xm.
1333 1943 1412 1996 ιΔν
1443 1938 1591 2013 (ΑΑν)
1631 1939 1730 2012 (ι).

573 2054 743 2109 Ὀταν
797 2053 929 2124 μίαν
973 2055 1150 2126 ἀρχὴν
1181 2055 1292 2110 τῶν
1344 2055 1662 2126 κτισμάτων
1709 2056 1958 2126 λέγωμεν
1985 2058 2077 2112 τὸν

502 2147 720 2216 Πατέρα
748 2148 844 2200 καὶ
865 2148 957 2201 τὸν
980 2149 1110 2203 Υίδν
1138 2150 1231 2204 καὶ
1264 2151 1322 2203 τὸ
1348 2150 1573 2220 Πνεῦμα
1599 2150 1659 2204 τὸ
1681 2151 1858 2218 ἅγιον,
1893 2151 2074 2222 δῆλον,

499 2238 582 2290 ὅτι
611 2239 708 2309 τὴν
739 2238 891 2294 θείαν
936 2240 1100 2310 φύσιν
1141 2242 1280 2314 πρὸς
1324 2244 1422 2306 τὰς
1451 2243 1643 2307 λοιπὰς
1689 2245 2076 2315 συγκρίνοντες

501 2331 661 2383 τοῦτο
692 2331 946 2401 λέγομεν,
975 2335 1098 2404 ἥτις
1153 2335 1273 2388 ἐστὶ
1307 2336 1407 2405 μία
1455 2336 1668 2390 πολλῶν
1725 2338 1950 2390 ἐκείνων
1982 2339 2076 2392 καὶ

499 2420 776 2492 διαφόρων
796 2423 994 2478 οὐσῶν.
1023 2425 1179 2479 Κατὰ
1206 2426 1296 2479 τὸν
1325 2425 1486 2479 αὑτὸν
1509 2427 1574 2497 δὴ
1605 2427 1805 2497 τρόπον
1831 2431 1926 2482 καὶ
1947 2430 2076 2484 ὅταν

503 2515 634 2582 μίαν
672 2516 848 2586 ἀρχὴν
878 2515 1135 2587 θεότητος
1171 2519 1442 2589 λέγωμεν,
1482 2517 1542 2572 ἓν
1569 2520 1861 2590 πρόσωπον
1891 2521 2074 2592 δῆλον,

496 2607 580 2659 ὅτι
613 2607 748 2678 πρὸς
780 2608 852 2660 τὰ
898 2607 1065 2663 λοιπὰ
1099 2610 1489 2679 συγκρίνοντες
1516 2610 1674 2664 τοῦτο
1703 2612 1908 2682 φαμέν,
1965 2615 2077 2667 Καὶ

497 2699 689 2770 ὥσπερ
742 2701 898 2754 οὐδὲν
930 2703 1040 2754 τῶν
1095 2703 1417 2772 κτισμάτων
1455 2704 1536 2765 είς
1588 2703 1687 2774 τὴν
1721 2704 1852 2774 μίαν
1901 2706 2076 2777 ἀρχὴν

500 2794 646 2847 κατὰ
676 2795 776 2861 τὴν
810 2795 1176 2864 δημιουργίαν
1229 2797 1745 2867 παραλαμϐάνεται,
1780 2799 1950 2862 οὕτως
1980 2803 2074 2853 οὐ·

498 2887 716 2956 δέτερον
742 2889 855 2940 τοῖν
905 2887 1054 2941 δυοῖν
1091 2888 1405 2958 προσώποιν
1448 2893 1526 2954 εἰς
1574 2891 1674 2962 τὴν
1725 2891 1857 2962 μίαν
1901 2893 2077 2965 ἀρχὴν

501 2977 644 3030 κατὰ
672 2977 771 3048 τὴν
803 2979 1036 3049 θεότητα
1070 2980 1461 3051 παραληπτέον
1483 2982 1620 3036 ἐστί.
1650 2980 1722 3035 Τὸ
1747 2984 1854 3052 γὰρ
1881 2983 1940 3036 ἓν
1965 2985 2076 3038 τῶν

503 3067 770 3125 πλειόνων
803 3071 980 3143 ἀρχὴν
1009 3066 1151 3126 εἶναι
1205 3072 1410 3142 μᾶλλον
1463 3073 1634 3137 εἰκὸς,
1672 3073 1822 3144 ῆ-τὰ
1852 3074 2078 3128 πλείονα

497 3161 593 3213 τοῦ
623 3162 764 3223 ἑνός.
801 3163 977 3223 Μόνο;
1009 3163 1118 3232 ἄρα
1155 3162 1230 3233 (2)
1265 3165 1292 3218 ό
1316 3163 1507 3235 Πατὴρ
1533 3165 1677 3235 ἀρχὴ
1709 3165 1803 3234 μία
1828 3165 1920 3218 τοῦ
1944 3165 2075 3220 Υίοῦ

1528 431 1972 493 REFUTATIO
2018 429 2256 488 MARCI
2301 429 2689 492 EPllESlNl.

503 539 768 601 πολλάκις
802 539 1182 610 προείρηνται.
1226 541 1313 595 Ἐν
1361 543 1467 612 γάρ
1509 543 1588 611 τῷ
1634 544 1698 595 ὲκ
1748 543 1958 611 Πατρὶς
1996 543 2070 594 ἐκ·

2188 555 2255 609 pe
2282 537 2442 594 antea
2477 540 2700 609 prolatae
2725 553 2872 595 sunt.

3640 431 3755 495 228

2959 539 3092 596 Nam
3149 541 3204 594 in
3268 541 3530 605 dictione,
3577 559 3759 613 procer-

2184 633 2304 686 dere
2327 649 2390 685 ea:
2421 633 2604 698 Patre,
2631 633 2952 688 continetur
2981 642 3038 688 et
3068 633 3373 688 includitur
3390 635 3554 690 etiam
3589 635 3761 690 dictio

2180 743 2244 781 ex
2274 725 2416 780 Filio
2455 727 2539 781 vel
2576 743 2670 796 per
2700 724 2924 790 Filium,
2949 721 3397 797 quandoquidem
3428 743 3539 782 non
3570 743 3634 781 ex
3659 729 3758 782 Pa-

2183 829 2262 873 tre
2291 829 2394 882 est,
2427 830 2703 888 quatenus
2741 829 2822 873 est
2875 819 3062 883 Pater,
3094 820 3187 874 sed
3223 828 3497 889 quatenus
3527 828 3612 874 est
3642 819 3755 888 spi-

2182 919 2348 972 rator.
2381 925 2446 963 ex
2481 911 2597 980 ipso
2628 911 2866 978 Spiritus
2896 922 3122 965 sanctus
3153 911 3422 980 procedit.
3467 911 3620 966 υιιιις
3643 927 3740 964 ve-

2181 1019 2240 1054 ro
2266 1003 2504 1070 spirator
2532 1011 2615 1057 est
2641 1003 2935 1057 l’atercum
2972 1001 3134 1066 Filio,
3180 1011 3228 1056 et
3265 1013 3552 1072 propterea
3586 1003 3751 1054 etiam

2183 1109 2287 1146 una
2324 1102 2409 1148 est
2441 1095 2753 1164 progressio
2775 1109 2842 1148 ex
2877 1102 3131 1162 utroque.
3176 1094 3545 1158 Quamobrem
3573 1108 3756 1160 neque

2181 1186 2382 1239 l'rustra
2418 1184 2470 1238 ei
2512 1187 2665 1239 aalest
2695 1185 2745 1238 id
2783 1201 2849 1237 ea:
2882 1183 3044 1248 Filio,
3076 1199 3255 1253 neque
3284 1184 3580 1252 quidquam
3631 1186 3755 1253 ejus

2179 1276 2515 1331 exsistentia:
2550 1276 2762 1345 adjicit,
2792 1291 2971 1345 neque
3007 1275 3386 1345 duplicitatem
3424 1274 3657 1337 inducit,
3691 1284 3754 1327 ut

2182 1369 2296 1438 ipse
2327 1378 2508 1437 putas,
2541 1368 2634 1421 sed
2666 1383 2830 1436 super
2861 1383 3080 1422 onmem
3109 1367 3441 1421 calumniam
3473 1367 3589 1419 inec
3653 1367 3758 1418 do-

2181 1459 2359 1512 ctrina
2397 1467 2481 1513 est
2510 1458 2719 1513 elevata
2745 1468 2801 1512 et
2826 1458 3027 1513 veritas
3060 1457 3262 1527 ubique
3291 1457 3396 1512 sibi
3431 1457 3531 1526 ipsi
3561 1471 3762 1511 conso-

2178 1563 2272 1604 nat
2299 1561 2355 1605 et
2379 1553 2663 1620 proprium
2697 1567 2824 1604 cum
2857 1567 2922 1606 eo
2941 1541 3110 1621 lcujus
3137 1550 3422 1620 proprium
3451 1560 3534 1604 est
3562 1560 3617 1604 et
3649 1551 3756 1603 hoc

2181 1641 2304 1696 loco
2339 1643 2702 1696 convertibile
2745 1644 2893 1712 (nam
2943 1644 3209 1711 spiratum
3242 1641 3308 1694 ad
3349 1644 3649 1710 spirantem
3703 1649 3760 1693 et

2177 1736 2394 1804 spirans
2428 1737 2494 1788 ad
2547 1735 2812 1804 spiiatum
2850 1734 3110 1803 refertur)
3149 1733 3473 1788 Latinorum
3532 1746 3758 1789 senten-

2179 1827 2310 1882 tiam
2343 1828 2551 1898 optiuzo
2589 1829 2750 1881 modo
2780 1827 3012 1884 stabilit.

2544 1940 2788 1996 senss.
2820 1940 2975 1996 CAP.
3008 1943 3150 1998 Xiv.
3190 1940 3408 2014 (xxxn
3466 1901 3476 1910 ’

2249 2052 2484 2118 Quando
2520 2069 2688 2107 unum
2715 2062 3094 2110 creaturarum
3121 2056 3455 2126 principium
3519 2055 3756 2110 dicimus

2178 2145 2392 2202 Patrem
2436 2154 2490 2216 et
2518 2145 2716 2201 Filium
2767 2156 2824 2200 et
2860 2145 3126 2216 Spiritum
3193 2157 3469 2214 sanctum,
3524 2147 3758 2202 manile-

2178 2243 2324 2290 stum
2355 2245 2460 2302 est,
2493 2236 2545 2290 id
2586 2251 2688 2290 nos
2718 2236 2822 2290 fari
2866 2238 3108 2292 divinam
3151 2248 3403 2293 naturam
3433 2253 3759 2308 comparan-

2180 2337 2260 2381 tes
2281 2343 2403 2381 cum
2436 2327 2682 2396 reliquis,
2711 2345 2833 2398 qua:
2869 2345 2976 2384 una
3003 2339 3108 2395 est,
3154 2329 3285 2384 dum
3344 2330 3449 2384 illae
3480 2330 3662 2384 multae
3690 2344 3756 2384 ac

2178 2417 2406 2473 diversa:
2449 2428 2598 2473 sunt.
2629 2420 2803 2475 Porro
2844 2422 3148 2477 secundum
3220 2422 3478 2477 eumdem
3527 2422 3752 2476 modum

2178 2509 2344 2564 etiam
2383 2510 2602 2579 quando
2638 2527 2808 2566 unum
2845 2512 3070 2569 deitatis
3119 2515 3456 2584 principium
3493 2515 3749 2579 dicimus,

2176 2600 2373 2671 liquet,
2409 2617 2511 2656 nos
2542 2602 2597 2657 id
2625 2603 2809 2658 dicere
2842 2621 3008 2659 unam
3058 2621 3350 2675 personam
3383 2622 3506 2662 cum
3541 2609 3757 2663 caeteris

2179 2703 2582 2761 comparantes.
2624 2695 2690 2749 Et
2721 2698 3188 2765 quemadmodum
3239 2702 3389 2756 nulla
3413 2716 3481 2754 ex
3530 2713 3751 2754 creatu-

2179 2785 2256 2838 ris
2283 2786 2338 2840 in
2371 2803 2540 2840 unum
2580 2790 2915 2860 principium
2973 2792 3281 2846 secundum
3333 2809 3519 2848 rerum
3561 2795 3756 2848 condi-

2183 2875 2389 2933 tionem
2421 2879 2742 2946 assumitur,
2793 2881 2870 2935 ita
2901 2891 3097 2936 neutra
3143 2898 3210 2936 cx
3263 2884 3474 2938 duabus
3507 2885 3758 2953 personis

2178 2969 2235 3022 in
2262 2984 2430 3022 unum
2466 2971 2798 3041 principium
2842 2973 3145 3028 secundum
3183 2975 3441 3030 deitatem
3468 2992 3756 3031 assumen-

2180 3060 2248 3115 da
2289 3072 2392 3116 est.
2421 3061 2557 3117 Nam
2591 3079 2757 3117 unum
2794 3066 3037 3136 plurium
3071 3082 3196 3123 esse
3250 3070 3584 3140 principium
3634 3086 3754 3125 ma-

2181 3152 2263 3222 gis
2301 3153 2637 3209 conveniens
2669 3162 2779 3219 est,
2810 3172 2971 3226 quam
3005 3158 3159 3227 plura
3185 3161 3370 3214 unius.
3432 3161 3590 3216 Solus
3622 3177 3754 3230 ergo

499 3253 594 3304 καὶ
624 3255 718 3306 τοῦ
753 3254 1096 3322 Πνεύματος,
1133 3253 1324 3326 ὥσπερ
1363 3257 1458 3309 καὶ
1491 3259 1626 3326 μόνη
1658 3257 1688 3326 ή
1724 3257 1896 3326 Τριὰς
1929 3259 2070 3329 ἀρχὴ

2177 3243 2344 3297 Pater
2387 3259 2554 3297 unum
2615 3245 2950 3315 principium
3000 3248 3121 3304 Filii
3175 3259 3230 3304 et
3266 3253 3438 3307 sancti
3494 3253 3755 3323 Spiritus,

503 3347 601 3415 μία
629 3347 806 3414 πάσης
847 3348 944 3415 τῆς
977 3349 1235 3410 κτίσεως.
1269 3348 1444 3401 Τοῦτο
1474 3347 1532 3400 δὲ
1580 3347 1674 3401 καὶ
1700 3351 1728 3401 ὁ
1775 3349 1919 3413 θεῖος
1953 3353 2074 3404 Διο-

496 3438 680 3502 νύσιος
712 3439 1225 3510 διαρρήδην’“φησίο
1267 3442 1434 3510 Μόνη
1470 3439 1634 3510 πηγὴ
1671 3439 1784 3510 τῆς
1814 3445 2070 3512 ὑπερουο

496 3532 638 3586 σίου
675 3531 956 3600 θεότητος
986 3535 1020 3588 ό
1053 3531 1256 3602 Πατήρ
1284 3531 1389 3604 (5).

1038 3727 1175 3783 ΤΟΥ
1207 3728 1517 3782 ΝΙΚΑΙΑΣ.

568 3843 734 3904 Τίνας
770 3843 870 3913 μὲν
919 3842 1156 3896 ἐνταῦθα
1193 3841 1494 3913 λαμϐάνεις
1527 3842 1845 3913 προτάσεις,
1894 3844 1962 3897 δι’
1993 3837 2070 3898 ὧν

495 3938 562 3991 ἄν
586 3953 670 3989 σοι
699 3936 763 3988 τὸ
787 3935 1154 4005 προκείμενον
1181 3935 1498 4006 συναχθείη,
1525 3933 1638 4005 ἐγὼ
1664 3935 1766 4006 μὲν
1790 3937 1889 3990 οὐκ
1914 3933 2033 3991 οῐδα
2050 3953 2065 3967 ·

495 4027 686 4100 θαῦμα
719 4029 800 4095 δὲ,
833 4032 883 4084 εί
914 4030 1077 4092 αὐτὸς
1112 4029 1324 4101 συνίης,
1355 4024 1431 4084 ὧν
1462 4027 1644 4098 λέγεις
1671 4045 1686 4060 ·
1720 4031 1802 4084 ὅτι
1832 4031 1888 4083 δὲ
1917 4031 2070 4085 ἀδια-

493 4123 662 4192 νόητα
693 4123 821 4194 φῂς,
857 4124 962 4176 κᾶν
1006 4121 1168 4184 αὐτὸς
1217 4121 1429 4192 βέλτιον
1478 4120 1820 4192 σκεψάμενος
1876 4124 2064 4194 φαίης.

492 4217 621 4270 Δέον
681 4217 789 4287 γάρ
821 4231 880 4268 σε
911 4215 1124 4268 είπείν·
1167 4216 1266 4268 Διὰ
1317 4214 1478 4268 τοῦτο
1526 4215 1626 4284 τὴν
1681 4215 1887 4285 Τριάδα
1937 4217 2065 4285 μίαν

493 4309 670 4379 ἀρχὴν
718 4309 814 4378 τῆς
846 4308 1078 4371 κτίσεως
1115 4303 1256 4360 εῖναι
1291 4306 1493 4378 φαμὲν,
1541 4307 1677 4360 διότι
1731 4307 1831 4377 μία
1884 4308 2066 4361 αὐτῶν

494 4401 587 4454 καὶ
619 4402 651 4469 ἡ
688 4399 828 4469 αὑτὴ
872 4399 1093 4471 ἀριθμῷ
1145 4398 1387 4467 θέλησις,
1437 4399 1561 4452 καθ’
1599 4398 1666 4469 ἢν
1739 4399 1838 4468 τὴν
1885 4398 2064 4451 κτίσιν

495 4497 821 4565 προάγουσι.
863 4494 934 4548 Σὺ
969 4493 1014 4551 δῗ
1045 4495 1147 4548 οὐκ
1185 4491 1282 4548 οἷδ’
1313 4496 1339 4547 ὃ
1374 4511 1426 4548 τι
1452 4495 1726 4564 συνείρεις
1752 4497 1844 4548 καὶ
1871 4494 2063 4566 ἥντινα

2178 3334 2320 3390 sicut
2347 3345 2403 3389 et
2448 3338 2561 3391 sola
2601 3336 2844 3394 Trinitas
2883 3355 3055 3393 unum
3107 3342 3441 3413 principium
3481 3346 3755 3401 universae

2176 3438 2466 3482 creaturas.
2494 3427 2606 3484 Hoc
2659 3441 2841 3483 autem
2878 3431 3048 3486 divus.
3077 3449 3300 3503 quoque
3339 3435 3635 3508 Dionysius
3670 3437 3755 3491 di-

2177 3529 2322 3574 serte
2377 3519 2519 3574 dicit
2579 3538 2593 3576 :
2649 3519 2812 3577 Solus
2843 3523 2961 3593 {om
3019 3527 3476 3594 superessemialis
3541 3532 3750 3586 deitatis

2175 3619 2252 3664 est
2282 3610 2462 3665 Pater.

2831 3727 3111 3784 NICENI.

2243 3837 2443 3904 Quales
2461 3840 2680 3909 quidem
2713 3841 2817 3896 hoc
2850 3840 2972 3897 loco
3004 3859 3256 3898 assumas
3320 3847 3744 3917 pr0positioues.

2169 3946 2400 4000 quarum
2449 3947 2555 4001 ope
2612 3948 2729 3987 rem
2787 3936 3124 4003 propositam
3158 3938 3416 4007 colligas,
3486 3957 3588 4010 ego
3619 3943 3754 4010 qui--

2170 4023 2295 4077 dem
2339 4024 2556 4090 nescio;
2621 4025 2822 4079 mirum
2880 4042 3012 4081 vero
3063 4029 3189 4093 erit,
3240 4033 3284 4084 si
3320 4031 3434 4100 ipse
3468 4036 3747 4105 intelligas

2169 4129 2289 4182 qua!
2315 4113 2488 4180 dicis;
2527 4126 2578 4169 te
2613 4129 2734 4169 vero
2774 4115 2958 4170 dicere
2991 4133 3113 4187 (μιαί
3152 4120 3382 4188 cogitari
3421 4139 3728 4191 nequeunt.
3761 4121 3766 4124 ’

2169 4208 2253 4261 vel
2316 4208 2455 4276 ipse,
2503 4207 2548 4262 si
2610 4208 2810 4264 melius
2877 4224 2990 4264 rem
3025 4221 3302 4266 scrutatus
3348 4214 3736 4279 l'ueris,dice-'.

2166 4295 2468 4367 Oportebat
2493 4299 2638 4354 enim
2699 4310 2750 4354 te
2801 4300 3034 4356 dicere:
3083 4304 3379 4373 Propterea
3412 4307 3736 4362 Trinitatem

2169 4406 2336 4444 unum
2375 4408 2560 4447 rerum
2591 4403 2902 4449 crcatarum
2951 4397 3288 4467 principium
3325 4417 3446 4454 esse
3480 4402 3737 4467 dicimus,

2167 4486 2293 4555 quia
2360 4503 2465 4541 una
2533 4503 2731 4543 earum
2793 4505 3154 4559 personarum
3180 4492 3479 4563 eademque
3510 4510 3742 4549 numero

495 4587 632 4656 πρὸς
663 4587 763 4657 τὴν
793 4588 972 4638 κτίσιν
1000 4585 1323 4656 παραϐολήν
1349 4587 1447 4656 τῆς
1474 4586 1708 4658 Τριάδος
1731 4590 1880 4658 ποιῇ.
1917 4587 2062 4640 Ἀλλ’

2173 4580 2445 4646 voluntas,
2487 4584 2791 4636 secundum
2829 4599 2993 4652 quam
3023 4599 3112 4638 res
3147 4593 3363 4640 creatas
3397 4585 3733 4656 producunt.

493 4680 653 4748 ἡμεῖς
684 4696 770 4732 σοι.
818 4681 1022 4749 φαμὲν,
1058 4679 1338 4749 ἄνθρωπε,
1380 4680 1456 4743 ὡς
1486 4679 1546 4733 ὃν
1596 4680 1796 4749 τρόπον
1829 4682 1916 4735 διὰ
1964 4682 2064 4750 τὴν

493 4769 816 4840 ὁμοδουλίαν
862 4770 956 4822 καὶ⁹
980 4770 1042 4822 τὸ
1089 4770 1286 4824 ταυτὸν
1314 4771 1412 4841 τῆς
1453 4768 1727 4840 θελήσεως
1775 4771 1872 4840 μία
1919 4771 2065 4842 ἁρχὴ

494 4863 722 4920 κτίσεως
753 4864 786 4932 ἡ
824 4861 1015 4932 Τριὰς,
1047 4863 1226 4915 καίτοι
1269 4862 1396 4933 τρία
1442 4862 1712 4934 πρόσωπα
1746 4862 1921 4928 ὄντες,
1974 4862 2066 4916 οὖ-

492 4969 598 5015 τως
631 4954 726 5006 καὶ
754 4953 841 5006 διὰ
872 4953 970 5022 τὴν
996 4953 1094 5023 τῆς
1128 4953 1504 5024 προσλητικῆς
1548 4953 1832 5020 δυνάμεως
1857 4955 1916 5007 ἐν
1953 4956 2064 5006 Πα-

490 5046 578 5112 τρὶ
613 5047 706 5098 καὶ
759 5045 875 5116 Υἱῷ
912 5047 1220 5117 ταυτότητά
1253 5047 1286 5118 ἢ
1321 5046 1524 5116 μᾶλλον
1574 5047 1804 5118 ἑνότητα
1837 5047 1935 5114 μία
1966 5047 2061 5100 τοῦ

493 5136 810 5205 Πνεὺματος
843 5138 1010 5208 ἀρχὴ,
1045 5141 1136 5192 καὶ
1167 5139 1199 5209 ή
1228 5137 1367 5207 αὑτὴ
1399 5138 1650 5207 τάριθμῷ
1675 5140 1703 5191 ὁ
1727 5139 1913 5209 Πατήρ
1946 5141 2061 5192 ἐστι

489 5231 584 5282 καὶ
614 5230 763 5292 Υἱός.
791 5230 923 5284 Οίαν
955 5230 1012 5282 δὲ
1043 5229 1139 5282 καὶ
1166 5228 1493 5282 ἀκολουθίαν
1523 5233 1762 5299 εἰσάγεις
1799 5231 1937 5298 πλὴν
1969 5231 2061 5282 σοῦ

485 5320 662 5373 οὐδενί
714 5338 793 5389 τῳ
825 5320 1085 5385 δόξουσαν
1138 5321 1282 5388 ἄλλῳ
1310 5337 1326 5386 ;
1359 5320 1431 5372 Τὸ
1467 5321 1566 5392 μὲν
1594 5323 1702 5392 γὰρ
1757 5322 1922 5390 μηδὲν
1956 5323 2062 5375 τῶν

488 5411 809 5480 κτισμάτων
867 5409 1064 5465 ἑαυτοῦ
1091 5411 1266 5482 ἀρχὴν
1317 5405 1458 5464 εἶναι
1496 5412 1636 5480 μετὰ
1686 5411 1786 5480 τῆς
1829 5411 2062 5480 Τριάδος

486 5501 646 5571 ὁμοῦ,
697 5503 998 5569 ἀναγκαῖον
1029 5503 1169 5574 (πῶς
1197 5504 1304 5574 γὰρ
1351 5501 1419 5558 ἂν
1455 5505 1540 5574 εἴη
1593 5504 1816 5573 κτίστης
1853 5504 1914 5556 τὸ
1943 5504 2061 5556 κτί-

488 5593 649 5661 σμα),
682 5595 764 5646 ὅτι
810 5594 866 5647 δὲ
905 5595 992 5648 διὰ
1027 5594 1188 5648 τοῦτο
1220 5595 1343 5648 οὐδὲ
1383 5597 1500 5648 τοῖν
1541 5595 1709 5648 θείοιν
1740 5596 2058 5664 προσώπων

485 5685 772 5757 οὐδέτερον
830 5689 932 5758 μία
963 5687 1193 5758 θατέρου
1245 5688 1385 5760 ἀρχὴ
1439 5695 1578 5758 μετά
1623 5688 1852 5756 θατέρου
1889 5691 2056 5754 ἐστὶν,

559 5795 634 5863 (l)
669 5797 810 5851 Mon.
843 5798 948 5852 256
979 5799 1016 5852 f.
1055 5798 1228 5865 5023,
1261 5811 1345 5854 est
1375 5815 1492 5868 cap.
1525 5799 1615 5854 5‘2.

558 5867 636 5921 t2)
665 5868 770 5922 ἄρα
801 5869 966 5923 habet
997 5870 1141 5924 Mon.
1185 5870 1306 5924 256.
1342 5867 1541 5924 omittit
1581 5869 1724 5923 Man.
1754 5870 1821 5923 27
1854 5871 1890 5924 Γ.
1927 5871 2053 5924 ἳηίὸ.

2169 4673 2248 4726 Tu
2273 4689 2402 4728 vero
2436 4675 2624 4728 nescio
2653 4674 2780 4744 quid
2806 4675 3032 4746 copules
3060 4685 3116 4731 et
3153 4693 3446 4746 quamnam
3483 4683 3740 4735 instituas

2169 4765 2454 4820 Trinitatis
2492 4767 2559 4821 ad
2593 4783 2679 4821 res
2728 4777 2942 4823 creatas
2997 4772 3488 4838 comparationem.
3533 4774 3732 4826 Verum

2165 4861 2446 4915 enimvero
2470 4861 2704 4915 dicimus
2735 4861 2852 4926 tibi,
2894 4875 2927 4914 ο
2962 4863 3149 4926 homo,
3172 4880 3280 4932 quo
3323 4867 3485 4918 modo
3517 4879 3739 4936 pruptcr

2165 4955 2432 5024 aequalem
2474 4956 2793 5010 volitiunem
2881 4967 2938 5010 ct
3019 4958 3318 5012 voluntatis
3393 4960 3734 5012 identitaL-m

2166 5062 2335 5100 unum
2371 5063 2554 5101 rerum
2616 5057 2930 5102 creatarum
2977 5049 3309 5117 principium
3342 5060 3426 5103 est
3469 5051 3732 5112 Trinitas,

2163 5139 2294 5192 licet
2349 5149 2458 5194 tres
2511 5155 2756 5208 persona:
2789 5141 2920 5206 sint,
2949 5140 3143 5195 eodem
3173 5141 3333 5209 plane
3368 5143 3530 5195 modo
3564 5148 3728 5198 etiam

2163 5234 2390 5294 propter
2443 5227 2718 5295 Spirativze
2760 5228 2980 5283 virtutis
3029 5230 3084 5282 in
3123 5228 3284 5283 Patre
3317 5240 3373 5284 et
3407 5231 3541 5283 Filio
3577 5232 3732 5284 iden-

2165 5317 2374 5370 titatem
2423 5319 2508 5370 vel
2566 5320 2748 5387 potius
2801 5320 3066 5373 unitatem
3119 5335 3287 5372 unum
3332 5320 3583 5388 idemque
3628 5336 3732 5373 nn-

2163 5423 2316 5461 mero
2363 5407 2602 5478 Spiritus
2665 5412 2838 5465 sancti
2895 5412 3230 5481 principium
3267 5428 3386 5466 esse
3425 5413 3642 5467 Patrem
3676 5425 3732 5467 ct

2162 5497 2384 5553 Filium.
2421 5499 2646 5565 Qualem
2681 5517 2812 5555 vero
2843 5505 3293 5557 consecutionem
3333 5503 3554 5558 inducis
3591 5522 3732 5574 prae-

2164 5600 2246 5644 ter
2291 5601 2342 5645 te
2389 5593 2528 5646 nulli
2583 5591 2824 5661 cuipiam
2883 5593 3040 5646 alteri
3108 5595 3322 5647 visaml
3385 5597 3542 5661 Quod
3575 5601 3726 5651 enim

2112 5673 2120 5679 ’
2163 5683 2312 5736 nulla
2358 5699 2423 5738 ex
2467 5684 2738 5738 creaturis
2793 5685 2877 5738 sui
2940 5684 3112 5754 ipsius
3137 5686 3569 5758 sitprincipimn
3604 5706 3731 5745 cum

2235 5801 2313 5868 (ὃ)
2351 5797 2680 5872 l)ionys._Dc
2722 5796 2831 5872 div.
2885 5813 3036 5872 nom.
3071 5814 3120 5854 c.
3151 5799 3216 5857 2:
3261 5804 3402 5872 apul
3472 5806 3729 5863 (ἶ-ιιηιιιο.

2162 5886 2303 5924 rum.
2335 5889 2385 5923 ρ.
2418 5872 2516 5924 Hb
2543 5869 2656 5922 (ΕΓ.
2691 5870 2838 5925 orth.
2880 5880 2916 5924 ι.
2970 5870 3030 5934 ΙΙ,
3069 5886 3122 5935 p.
3162 5869 3310 5931 λίϋῖλ
