4124 6406
378 403 486 471 2l9
1286 386 1290 390 ’
1746 391 2253 455 θΕεεΑῐιιυλις
3527 383 3631 448 £20

377 514 649 569 Trinitate
702 510 905 576 simul,
963 508 1015 564 id
1068 506 1441 564 necessarium
1502 515 1625 574 est;
1659 505 1957 577 (quomodo

2069 503 2233 554 πόθεν
2286 499 2479 552 ἕπεται
2507 496 2541 565 ἢ
2592 494 2736 548 τῖσιν
2783 493 3050 560 ἀνάγκαις
3099 491 3254 546 τοῦτο
3291 490 3627 559 συνάγεταις

377 607 527 662 enim
578 604 830 660 creatura
888 574 1032 656 l'oret
1074 601 1359 669 creator?)
1432 600 1577 670 quod
1627 574 1759 654 vero
1816 614 1948 669 pro-

2066 574 2348 649 ἰσθι”οῦν,
2387 586 2461 649 ὼς
2482 585 2576 639 καὶ
2604 586 2765 653 ἡμεῖς
2793 583 2852 636 ἓν
2880 582 2999 646 ἐνὸς
3030 582 3065 653 ἢ
3106 584 3200 635 καὶ
3228 581 3338 636 τῶν
3366 580 3631 634 πλειόνων

316 734 319 735 ν
379 710 568 769 pterea
626 704 815 749 neutra
871 693 1105 747 duarum
1176 692 1490 748 divinarum
1549 706 1946 762 personarum,

2066 682 2236 751 ραμὲν
2290 678 2491 743 αιτιον,
2550 676 2775 731 καὶτὸν
2825 674 3045 745 Πατέρα
3090 674 3263 745 μόνην
3316 673 3502 744 πηγὴν
3533 674 3632 742 τῆς

382 764 542 844 unam
579 788 807 841 alterius
830 801 954 839 cum
988 785 1159 839 altera
1218 785 1290 839 sit
1321 784 1673 854 principium,
1710 784 1766 838 id
1802 784 1949 838 unde

2066 774 2388 844 ὑπερουσίου
2440 771 2695 840 θεότητος
2742 771 2843 823 οὐκ
2879 766 3212 837 ἀρνούμεθα,
3252 766 3422 833 μόνην
3470 764 3634 854 αύτδν

381 878 634 945 sequitur
658 887 757 929 aut
784 875 989 945 quibus
1024 850 1452 929 necessitatibus
1491 850 1949 928 demonstratur?

2066 867 2240 936 πηγὴν
2264 866 2367 918 οῦκ
2400 864 2465 917 ἐκ
2490 862 2699 932 πηγῆς,
2731 863 2822 913 καὶ
2852 860 3029 929 ἀρχὴν
3057 859 3157 910 οὐκ
3192 857 3249 922 ἐξ
3284 856 3456 925 ἀρχῆς
3490 850 3634 907 εἶναι

379 970 529 1023 Scito
586 983 738 1033 ergo,
800 982 902 1022 nos
961 982 1183 1035 quoque
1235 981 1404 1020 unum
1462 964 1629 1020 unius
1664 967 1748 1020 vel
1778 965 1945 1019 etiam

2066 959 2263 1020 εἰδότες
2302 973 2361 1009 τε
2390 955 2486 1008 καὶ
2516 954 2888 1016 πιστεύοντες,
2925 950 3019 1003 καὶ
3059 945 3141 1010 οἷς
3175 947 3357 1010 ἄλλοις
3394 946 3631 1015 ἀλλαχοῦ

375 1060 616 1127 plurium
686 1058 870 1112 dicere
934 1056 1271 1126 principium
1327 1064 1386 1111 et
1448 1055 1677 1110 minime
1739 1054 1951 1109 inlicias

2066 1048 2400 1117 πλατύτερόν
2448 1062 2508 1099 τι
2550 1043 2648 1098 κα)⁵
2678 1042 3017 1110 σαφέστερον
3070 1041 3379 1111 είρήκαμεν
3424 1038 3624 1104 λόγοις,

378 1152 497 1213 ire,
552 1151 768 1204 Patrem
811 1149 986 1202 solum
1040 1163 1160 1203 esse
1208 1147 1414 1203 fontem
1472 1145 1955 1217 superessentialis

2066 1144 2155 1197 καὶ
2188 1143 2296 1212 πρὸ
2331 1140 2489 1211 ἡμῶν
2523 1141 2571 1192 οἱ
2604 1138 2913 1209 φθάσαντες
2938 1137 3090 1207 ἡμᾶς
3124 1136 3387 1205 μακάριοι
3417 1133 3512 1185 καὶ
3548 1147 3635 1183 σο-

379 1240 624 1300 deitatis,
685 1240 861 1293 solum
906 1239 1086 1308 ipsum
1157 1238 1362 1292 fontem
1414 1254 1525 1293 non
1594 1253 1662 1292 ex
1702 1237 1871 1300 fonte,
1902 1244 1959 1291 et

2066 1237 2302 1307 φώτατοι
2340 1236 2555 1303 ἄνδρες.
3140 1276 3147 1281 .

378 1334 712 1404 principium
776 1346 884 1385 non
932 1346 998 1386 ex
1032 1331 1307 1402 principio
1340 1340 1743 1399 cognoscentes
1806 1341 1971 1398 atque
2011 1333 2303 1387 credentes
2374 1331 2541 1386 etiam
2574 1329 2645 1383 iis
2692 1327 2909 1384 caeteris
2971 1324 3303 1389 rationibus,
3332 1336 3470 1392 quas
3500 1316 3632 1376 alibi

380 1427 559 1483 fusius
612 1427 925 1497 clariusque
986 1428 1343 1496 exposuimus
1389 1437 1444 1482 et
1496 1438 1622 1483 ante
1648 1443 1768 1493 nos,
1819 1430 1913 1500 qui
1953 1445 2053 1485 nos
2085 1437 2536 1500 praecesserunt,
2569 1427 2716 1480 beati
2744 1435 2799 1481 et
2829 1422 3212 1493 sapientissimi
3246 1421 3373 1475 viri.

740 1549 982 1606 EPHES.
1023 1548 1175 1614 CAP,
1210 1548 1306 1603 XV
1341 1549 1603 1621 (XXXII).

454 1666 534 1721 Ab
583 1665 777 1721 eodem
844 1672 1040 1734 agente
1091 1662 1286 1723 eodem
1342 1674 1588 1734 tempore
1641 1665 1955 1734 procedens

2410 1551 2676 1607 [scissor
2717 1550 2874 1604 κεφ.
2915 1546 2993 1602 ιε’
3025 1548 3171 1619 (ΛΒ’)
3198 1545 3298 1617 (ι).

2143 1669 2204 1724 Ἦ
2263 1668 2416 1738 παρὰ
2448 1668 2545 1720 τοῦ
2605 1664 2772 1718 αὑτοῦ
2829 1662 3187 1734 ἐνεργοῦντος
3229 1662 3287 1715 ἐν
3339 1659 3418 1731 τῷ
3484 1661 3635 1731 αύτῷ

383 1757 601 1814 diversa
636 1755 883 1825 operatio
935 1754 1213 1809 diversum
1268 1770 1495 1825 prorsus
1554 1756 1954 1825 perﬁciteﬂ‘ec-

2066 1763 2237 1835 χρόνῳ
2260 1761 2522 1829 διάφορος
2549 1758 2802 1828 ἐνέργεια
2825 1756 3085 1824 διάφορον
3106 1744 3371 1806 ’ἀποτελεῖ
3394 1751 3455 1804 τὸ
3486 1752 3629 1820 ἐνέρ-

384 1858 523 1903 tum.
557 1848 641 1903 Sit
667 1847 809 1903 idem
834 1860 1000 1917 agens
1030 1845 1124 1900 ubi
1167 1845 1234 1911 A,
1266 1846 1618 1916 operationes
1646 1863 1778 1903 vero
1802 1850 1955 1920 ejus-

383 1939 509 1993 dem
545 1938 741 1993 eodem
776 1945 1045 2005 tempore,
1079 1936 1252 1992 altera
1301 1937 1521 2008 quidem
1544 1954 1667 2009 qua:
1687 1947 1772 1994 est
1794 1939 1861 1994 ad
1896 1940 1958 2005 Β,

385 2028 559 2083 altera
616 2042 749 2082 vero
810 2026 1026 2082 diversa
1082 2025 1151 2081 ab
1182 2027 1320 2096 ipsa,
1352 2043 1473 2098 quae
1502 2038 1587 2084 est
1608 2028 1674 2083 ad
1702 2029 1768 2085 G.
1802 2030 1958 2097 Dico,

383 2121 551 2175 etiam
607 2118 651 2174 G
700 2119 979 2174 diversum
1026 2117 1146 2173 fore
1193 2134 1223 2173 a
1252 2118 1314 2174 Β.
1372 2119 1507 2174 Nam
1542 2121 1588 2176 si
1618 2120 1761 2176 idem
1788 2120 1958 2187 foret,

387 2220 717 2282 congrueret
772 2225 997 2281 prorsus
1026 2224 1150 2265 cum
1180 2210 1325 2281 ipso,
1357 2220 1412 2266 et
1444 2213 1693 2283 operatio
1725 2228 1848 2283 quae
1876 2223 1962 2270 est

388 2305 455 2359 ad
496 2306 670 2375 ipsum
702 2314 1031 2374 congrueret
1058 2311 1114 2358 et
1146 2303 1447 2381 quadraret
1469 2320 1595 2361 cum
1637 2306 1958 2375 operatione

387 2413 521 2466 quae
559 2403 644 2451 est
695 2396 764 2450 ad
820 2396 889 2462 B;
948 2410 1057 2449 una
1111 2410 1244 2467 ergo
1295 2404 1351 2451 et
1385 2396 1579 2453 eadem
1602 2397 1731 2454 erit.
1754 2396 1960 2455 Verum

386 2491 682 2560 supposita:
716 2500 845 2544 sunt
878 2499 936 2545 ut
977 2489 1103 2545 dum
1127 2498 1181 2544 et
1228 2488 1535 2545 adiutricem
1569 2489 1801 2545 diversae
1830 2505 1958 2560 ope-

388 2584 662 2648 rationes;
706 2566 872 2651 igitur
904 2590 959 2636 et
993 2579 1038 2637 G
1075 2581 1355 2636 diversum
1396 2584 1504 2636 erit
1536 2596 1565 2634 a
1594 2581 1655 2635 Β.
1703 2581 1785 2637 Sit
1816 2595 1963 2635 nunc

389 2677 429 2729 A
490 2675 649 2730 Pater
709 2674 1042 2744 sempiterne
1110 2674 1529 2739 ietnaturalitrr
1583 2689 1854 2743 operans,
1920 2674 1963 2727 Β

386 2777 520 2817 vero
570 2763 762 2827 Filius,
818 2760 863 2817 G
919 2760 1157 2830 Spiritus
1201 2772 1463 2829 sanctus;
1515 2763 1747 2818 diversa:
1777 2773 1961 2819 autem

389 2852 460 2907 ad
531 2852 762 2906 invicem
810 2850 1166 2920 Operationes
1212 2866 1277 2905 ea
1327 2866 1449 2920 quae
1511 2859 1599 2906 est
1632 2851 1701 2905 ad
1738 2851 1799 2918 Β,
1838 2851 1964 2908 Filii

390 2944 702 3014 generatio.
725 2957 845 3012 quae
880 2956 1010 2997 vero
1038 2941 1106 2996 ad
1149 2940 1216 3007 G,
1255 2941 1495 3011 Spiritus
1522 2942 1697 2998 sancti
1729 2959 1961 3014 proces-

391 3037 498 3090 sio.
527 3036 788 3090 Diversus
813 3033 977 3104 igitur
1008 3048 1038 3088 a
1089 3032 1230 3088 Filio
1279 3032 1517 3103 Spiritus
1554 3044 1803 3102 sanctus,
1831 3036 1962 3107 quia

392 3127 560 3181 etiam
597 3127 948 3195 operationes
976 3141 1099 3195 quae
1131 3125 1199 3180 ad
1231 3126 1516 3197 utriusque
1547 3128 1963 3185 subsistentiam
1992 3125 2034 3183 C

397 3227 546 3282 sunt,
608 3235 639 3273 a
697 3234 755 3273 se
810 3216 1111 3284 diﬂ‘erunt;
1179 3233 1358 3289 neque
1420 3218 1587 3273 etiam
1644 3221 1801 3276 nobis
1827 3237 1966 3290 opus

395 3312 564 3367 fuerit
614 3313 722 3368 alia
782 3312 1146 3368 distinctione
1197 3310 1324 3366 Filii
1382 3318 1439 3365 et
1484 3312 1730 3382 Spiritus
1762 3316 1964 3381 sancti,

396 3418 523 3457 cum
583 3403 714 3473 ipsa:
771 3402 1007 3458 diversae
1065 3402 1420 3474 operationes
1465 3413 1521 3458 et
1546 3404 1967 3476 progressiones

395 3508 493 3550 eos
522 3496 733 3565 possint
754 3493 1120 3567 distinguere.

1054 3608 1333 3668 NIC/ENI.

471 3721 597 3778 Hzec
627 3722 850 3794 quidem
880 3723 1113 3793 quaestio
1138 3732 1223 3780 est
1262 3725 1323 3789 iu
1344 3723 1527 3779 medio
1546 3725 1747 3796 posita,
1786 3738 1969 3781 utrum

400 3818 573 3874 Filius
594 3834 625 3873 a
654 3817 864 3888 Spiritu
897 3816 1271 3888 distinguatur
1301 3818 1516 3873 diversa
1551 3836 1619 3874 ex
1653 3820 1817 3875 Patre
1845 3837 1973 3890 pro-

398 3911 703 3983 gressione,
733 3925 803 3963 an
833 3924 901 3963 ex
931 3924 1023 3974 eo,
1077 3910 1225 3980 quod
1260 3911 1401 3966 alter
1434 3926 1500 3965 ex
1532 3912 1707 3966 altero
1733 3911 1824 3965 sit.
1866 3913 1968 3964 At-

398 4017 507 4073 que
554 4000 679 4056 aliis
727 3999 950 4070 quidem
1018 4000 1143 4065 hoc,
1178 4002 1302 4056 aliis
1348 4016 1478 4056 vero
1529 4000 1663 4055 illud
1726 4002 1965 4069 videtur,

399 4096 568 4149 etiam
622 4094 764 4148 inter
818 4093 971 4163 ipsos
1021 4092 1244 4150 Latinos
1279 4096 1395 4164 (a);
1434 4103 1563 4149 sunt
1594 4094 1799 4148 etenim
1838 4110 1975 4149 non-

402 4185 539 4240 nulli
569 4200 789 4255 quoque
819 4182 1143 4239 Latinorum
1179 4186 1494 4249 doctorum,
1524 4182 1618 4254 qui
1654 4184 1874 4238 diversa
1905 4200 1974 4239 ex

2064 1863 2243 1925 γημα.
2273 1853 2455 1905 Ἔστω
2496 1849 2556 1903 τὸ
2586 1848 2720 1903 αὐτὸ
2758 1846 3014 1916 ἐνεργοῦν
3045 1846 3131 1912 ἐφ’
3159 1842 3219 1896 οῦ
3264 1844 3332 1906 Α,
3364 1844 3634 1913 ἐνέργειαι

2062 1946 2120 2000 δὲ
2148 1941 2316 1998 αὑτοῦ
2366 1943 2423 1995 ἐν
2450 1940 2530 2011 τῷ
2562 1938 2711 2011 αὐτῷ
2755 1940 2934 2010 χρόνῳ
2977 1937 3074 2008 μία
3110 1935 3269 2007 μὲνὴ
3313 1935 3447 2005 πρὸς
3486 1934 3547 1987 τὸ
3572 1935 3631 1999 Β,

2062 2037 2226 2106 ἐτέρα
2265 2035 2324 2089 δὲ
2357 2034 2615 2103 διάφορος
2639 2030 2777 2102 πρὸς
2810 2029 3001 2100 αὐτὴν,
3034 2030 3065 2098 ἡ
3101 2028 3240 2099 πρὸς
3270 2027 3329 2079 τὸ
3363 2027 3422 2080 Γ.
3450 2028 3631 2093 Λέγω,

2060 2129 2144 2182 ὅτι
2179 2125 2354 2180 καὶτὸ
2388 2124 2427 2177 Γ
2458 2124 2715 2192 διαφέρον
2748 2121 2903 2173 ἐσται
2938 2117 3031 2173 τοῦ
3061 2120 3123 2175 Β.
3173 2118 3234 2171 Εί
3264 2119 3375 2187 γὰρ
3399 2117 3460 2170 τὸ
3502 2117 3635 2168 αὐτὸ

2062 2217 2239 2279 ἐσται,
2270 2214 2575 2287 ἐφαρμόσει
2605 2213 2828 2275 πάντως
2852 2210 3025 2282 αὐτῷ,
3051 2212 3147 2265 καὶ
3175 2213 3208 2281 ἡ
3239 2211 3377 2281 πρδς
3412 2211 3544 2264 αὐτὸ
3575 2209 3633 2262 δὲ

2062 2294 2313 2380 ἐνέργεια
2345 2306 2421 2378 (2)
2451 2306 2753 2376 ἐφαρμόσει
2787 2306 2852 2375 τῇ
2882 2304 3018 2375 πρὸς
3068 2304 3127 2356 τὸ
3156 2303 3233 2372 (ὅ)
3263 2303 3304 2355 Β
3362 2303 3634 2374 ἐνεργείᾳ.

2062 2402 2177 2458 Μία
2203 2400 2312 2470 ἄρα
2341 2399 2433 2453 καὶ
2462 2400 2494 2469 ή
2527 2398 2666 2468 αὐτὴ
2692 2396 2768 2467 (4)
2816 2397 2992 2451 ἔσται.
3047 2397 3192 2451 Ἀλλ’
3222 2398 3515 2451 ὑπέκειντο
3548 2399 3633 2468 (5)

2064 2490 2206 2550 εἶναι
2243 2492 2338 2547 δύο
2367 2491 2463 2544 καὶ
2492 2490 2629 2562 πρὸς
2653 2490 2889 2561 ἀλλήλας
2927 2491 3178 2561 διάφοροι
3204 2507 3218 2521 ·
3250 2492 3345 2545 καὶ
3372 2492 3433 2545 τὸ
3457 2493 3495 2544 Γ
3530 2491 3638 2561 ἄρα

2063 2587 2318 2657 διαφέρον
2349 2584 2501 2639 ἔσται
2549 2582 2643 2636 τοῦ
2677 2581 2737 2638 Β.
2778 2583 2961 2637 Ἔστω
2987 2584 3048 2637 τὸ
3095 2584 3195 2653 μὲν
3222 2584 3266 2637 Α
3296 2586 3324 2638 ὁ
3358 2585 3571 2653 Πατὴρ,
3608 2586 3636 2637 ὁ

2064 2677 2249 2739 ὰῖδίως
2281 2679 2376 2731 κα).
2404 2677 2652 2746 φυσικῶς
2683 2674 2925 2746 ἐνεργῶν
2950 2691 2965 2706 ·
3006 2675 3067 2729 τὸ
3094 2676 3135 2727 Β
3163 2677 3219 2730 δὲ
3248 2677 3276 2728 ὁ
3304 2677 3451 2742 Υἱὸς,
3486 2678 3548 2729 τὸ
3581 2677 3638 2729 δι

2064 2770 2105 2823 Γ
2139 2768 2199 2822 τὸ
2225 2766 2451 2838 Πνεῦμα
2486 2769 2549 2820 τὸ
2577 2767 2734 2836 ἅγιον
2759 2782 2779 2798 ο
2812 2768 3090 2839 ἐνέργειαι
3123 2768 3182 2821 δὲ
3229 2768 3478 2840 διάφοροι
3503 2769 3642 2840 πρὸς

2066 2860 2303 2932 ἀλλήλας
2353 2861 2386 2931 ὴ
2421 2860 2557 2930 πρὸς
2587 2861 2648 2914 τὸ
2686 2860 2728 2912 Β
2777 2860 2875 2931 μὲν
2902 2862 2936 2930 ἡ
2984 2860 3080 2915 τοῦ
3120 2859 3252 2914 Υίοῦ
3302 2862 3571 2931 γέννησις,
3603 2862 3637 2932 ἡ

2065 2954 2122 3007 δὲ
2157 2953 2295 3025 πρὸς
2347 2951 2406 3005 τὺ
2439 2952 2479 3005 Γ
2509 2953 2541 3022 ἡ
2576 2950 2671 3005 τοῦ
2723 2952 2869 3007 θείου
2919 2952 3243 3023 Πνεύματος
3289 2954 3638 3024 ἐκπόρευσις.

2067 3046 2336 3117 Διαφέρον
2368 3045 2477 3117 ἄρα
2524 3044 2621 3098 τοῦ
2652 3045 2786 3099 Υίοῦ
2825 3043 2888 3099 τδ
2939 3045 3163 3115 Πνεῦμα
3193 3049 3253 3100 τὸ
3301 3044 3481 3113 ἅγιον,
3522 3044 3641 3097 ἐπεὶ

2068 3141 2162 3193 καὶ
2199 3140 2257 3193 αἱ
2289 3138 2365 3211 (6)
2418 3137 2553 3210 πρὸς
2597 3137 2698 3209 τὴν
2753 3137 2990 3207 ὓπαρξιν
3040 3139 3304 3207 ἑκατέρου
3362 3137 3641 3204 ἐνέργειαι

2066 3231 2388 3301 διαφέρουσι
2412 3245 2427 3261 ⁸
2485 3230 2583 3283 καὶ
2618 3229 2720 3283 οὐκ
2771 3229 2839 3283 ἂν
2879 3230 3012 3300 ἡμῖν
3042 3228 3123 3281 ἔτι
3168 3230 3278 3281 δέοι
3306 3228 3644 3297 διακρίσεως

2068 3323 2261 3394 ἐτέρας
2293 3320 2384 3375 τοῦ
2411 3321 2545 3375 Υίοῦ
2572 3320 2784 3375 καὶτοῦ
2812 3320 3153 3388 Πνεύματος,
3185 3320 3365 3372 αὐτῶν
3390 3320 3498 3371 τῶν
3528 3319 3643 3370 διασ-

2069 3416 2256 3484 φόρων
2300 3412 2595 3484 ἐνεργειῶν
2641 3412 2737 3465 καὶ
2773 3412 3019 3482 προόδων
3053 3411 3353 3478 διακρίνειν
3386 3410 3525 3465 αὐτὰ
3556 3410 3642 3462 δυ-

2069 3506 2324 3577 ναμένων

2588 3616 2742 3682 fror
2781 3613 3089 3669 NlKAIAZ.

2144 3729 2318 3783 Τοῦτο
2356 3730 2454 3797 μὲν
2486 3728 2784 3799 πρόὸλημά
2822 3728 2938 3781 ἐστι
2968 3728 3220 3797 κείμενον
3248 3729 3303 3781 ἐν
3346 3728 3518 3796 μέσῳ,
3552 3727 3646 3779 πό-

2074 3838 2234 3891 τερον
2261 3822 2291 3873 ό
2322 3821 2446 3882 Υἱὸς
2474 3820 2570 3874 τοῦ
2608 3819 2927 3891 Πνεύματος
2956 3822 3022 3891 τῇ
3056 3821 3119 3873 ἐκ
3152 3819 3367 3888 Πατρὸς
3411 3819 3649 3887 διαφόρῳ

2074 3911 2282 3981 προόδῳ
2306 3910 2660 3980 διακρίνοιτο,
2694 3911 2727 3981 ἤ
2756 3910 2833 3981 τῷ
2861 3911 3088 3977 θάτερον
3119 3911 3183 3964 ἐκ
3218 3910 3448 3979 θατέρου
3484 3906 3644 3962 εἶναι.

2075 4003 2185 4055 Καὶ
2217 4006 2331 4067 τοῖς
2365 4002 2464 4074 μὲν
2488 4004 2669 4066 τοῦτο,
2702 4006 2817 4066 τοῖς
2847 4004 2896 4057 δ’
2924 4004 3104 4055 ἐκεῖνο
3131 4002 3298 4066 δοκεῖ,
3339 4006 3434 4054 καὶ
3462 4002 3643 4055 αὐτῶν

2074 4093 2184 4147 τῶν
2215 4095 2484 4149 Λατίνων.
2524 4096 2632 4149 Καὶ
2665 4095 2775 4167 γάρ
2819 4096 2959 4149 εἰσιν
2990 4094 3039 4147 οἳ
3075 4095 3304 4149 καὶτῶν
3340 4094 3651 4148 Λατινικῶν

2076 4185 2417 4240 διδασκάλων
2449 4189 2516 4258 τῇ
2548 4191 2612 4241 ἐκ
2644 4188 2858 4258 Πατρὸς
2902 4187 3149 4257 διαφόρῳ
3186 4186 3400 4257 προόδῳ
3430 4187 3557 4239 Υίόν
3590 4202 3651 4237 τε

402 4278 562 4333 Patre
594 4277 976 4347 progressione
1007 4276 1205 4330 Filium
1242 4287 1297 4330 et
1331 4276 1598 4345 Spiritum
1631 4275 1966 4332 sullicientcr

2078 4276 2175 4329 καὶ
2206 4276 2432 4347 Πνεῦμα
2483 4278 2682 4342 ἱκανῶς
2731 4278 2979 4348 ἀλλήλων
3010 4277 3366 4345 διαφέρεσθαι
3419 4278 3646 4338 οἴονται,

400 4366 470 4421 ab
499 4367 733 4422 invicem
780 4366 1021 4421 discerni
1054 4374 1304 4431 censent,
1342 4381 1450 4420 non
1503 4377 1681 4422 tamen
1714 4378 1966 4437 propter-

2078 4370 2139 4423 οὐ
2174 4370 2357 4439 μέντοι
2386 4370 2475 4423 διὰ
2499 4368 2657 4423 τοῦτο
2680 4373 2777 4423 καὶ
2806 4372 2881 4439 μὴ
2912 4365 3055 4422 εἶναι
3089 4369 3148 4435 ἐξ
3178 4369 3306 4421 Υίοῦ
3335 4368 3396 4420 τὸ
3428 4368 3651 4436 Πνεῦμα

402 4471 465 4510 ea
525 4457 693 4511 etiam
743 4465 982 4527 ponunt,
1061 4472 1171 4511 non
1216 4471 1339 4511 esse
1393 4470 1459 4511 ex
1520 4458 1657 4513 Filio
1708 4458 1966 4528 Spiritum

2080 4462 2357 4514 τίθενται·
2420 4462 2536 4514 ἀλλ’
2586 4463 2643 4515 ἐν
2693 4462 2791 4530 μὲν
2841 4462 2920 4531 τῷ
2963 4462 3391 4531 ουμπερὰσματι
3453 4460 3655 4520 πάντες

403 4554 677 4612 sanctum,
704 4563 896 4602 verum
929 4547 983 4601 in
1010 4547 1366 4602 conclusione
1392 4549 1612 4617 quidem
1636 4553 1966 4605 concordant

2082 4551 2434 4621 ὁμοφωνοῦσι
2485 4556 2581 4607 καὶ
2619 4554 2824 4616 πάντες
2856 4554 3165 4624 συμφώνως
3213 4555 3275 4605 ἐκ
3320 4552 3529 4623 Πατρός
3558 4552 3654 4605 καὶ

403 4652 597 4694 omnes
623 4647 678 4694 et
708 4638 1061 4693 concorditer
1088 4654 1152 4694 ex
1187 4638 1345 4693 Patre
1399 4648 1454 4693 et
1520 4640 1658 4696 Filio
1676 4643 1966 4711 procedere

2085 4644 2220 4698 Υίοῦ
2246 4644 2306 4697 τὸ
2336 4641 2563 4715 Πνεῦμα
2597 4643 2996 4714 ἐκπορεύεσθαι
3021 4644 3402 4711 διατείνονται,
3433 4646 3561 4716 περ).
3589 4645 3655 4697 τὰ

482 4773 562 4846 (a)
592 4774 728 4829 Vide
756 4773 935 4842 quoad
974 4772 1090 4827 hate
1122 4781 1178 4827 et
1218 4775 1503 4847 sequentia
1541 4774 1812 4830 Scholarii
1857 4780 2366 4836 animadversiones
2388 4797 2551 4852 supra
2579 4799 2698 4853 cap.
2732 4784 2766 4838 6
2822 4783 2875 4837 in
2915 4783 3152 4839 Marcum
3182 4784 3384 4855 Eplies.

503 4916 556 4990 l)
582 4918 641 4990 In
666 4916 812 4990 Men,
844 4917 972 4990 256,
1000 4918 1044 4990 [.7
1070 4918 1173 4973 502
1194 4934 1258 4990 ο,
1277 4928 1364 4974 est
1395 4933 1517 4988 cap.
1550 4918 1638 4976 5'5.

501 4986 557 5059 2)
590 4986 735 5060 dion.
762 4988 855 5060 27,
888 4988 927 5042 ι.
950 4989 1056 5060 248
1083 4990 1142 5055 b,
1174 4986 1474 5060 ἐνέργειαιξ

503 5056 557 5127 ὅ)
591 5056 737 5128 Man.
770 5057 861 5121 27,
893 5059 1033 5128 πρὸς
1063 5062 1155 5128 τῇ.

503 5063 557 5127 5)
591 5063 737 5112 Mon.
770 5063 861 5121 27,
898 5063 1033 5128 πρὸς
1063 5066 1101 5112 τί

478 5063 557 5202 (ὁ)
589 5126 682 5184 Sic
710 5137 860 5183 recte
888 5127 1036 5184 Mon.
1065 5129 1101 5183 2

2156 4926 2233 4996 (5)
2270 4926 2416 4980 Μοη.
2454 4926 2545 4991 27,
2580 4880 2895 4983 ὑπόκειντο.

2159 4996 2240 5064 (6)
2275 4998 2331 5048 al
2361 4998 2540 5051 omitt.
2567 4997 2712 5051 Mon.
2749 5000 2840 5053 27.

2157 5067 2237 5137 (7)
2266 5065 2323 5120 ln
2353 5066 2515 5122 codd.
2541 5069 2764 5123 additur
2804 5069 2909 5125 hoc
2934 5069 3155 5125 schema
3183 5086 3196 5123 :

1191 5146 1207 5195 ;
1245 5127 1395 5185 Men.
1430 5132 1523 5200 27,
1555 5134 1652 5188 καὶ
1691 5130 1852 5203 αὐτὴ.

1915 5430 1952 5452 ν-
1991 5400 2087 5452 /_\
2121 5400 2165 5452 (ΣΞ

1858 5513 1913 5545 ὦ
2192 5528 2233 5545 Α

1915 5430 1927 5452 ν
2121 5400 2165 5440 φ.

2013 5449 2057 5501 Α
2136 5432 2233 5529 τε.

2053 5655 2064 5666 ·
2282 5635 2309 5689 ς

1870 5715 2018 5769 ΥΙΟΣ
2100 5707 2191 5768 ΠΝ
2202 5722 2236 5769 .\

2053 5655 2064 5666 ’
2208 5635 2331 5689 \'i~

1726 5713 1768 5766 B
1792 5707 1841 5769 /
1870 5715 2018 5769 ΥιοΣ
2100 5707 2236 5769 nm
2260 5707 2366 5769 \r
