4124 6410
495 376 596 440 921

1524 381 1962 444 ΠΕΕΟΤΑΤΙΟ
1999 387 2241 450 MARCI
2286 394 2673 463 EPHESINI.

498 492 639 561 μέσα
672 488 730 542 δὲ
765 488 859 541 καὶ
892 486 989 551 τὰς
1015 490 1174 543 τοῦτο
1209 488 1563 554 δεικνυούσας
1600 493 1899 563 προτάσεις
1924 499 2039 549 eici:

2136 499 2436 571 ,Spiritum
2487 522 2680 563 omnes
2722 524 3077 584 asseverant;
3122 517 3269 575 circa
3314 522 3493 579 media
3521 539 3654 582 vero
3684 538 3735 583 et

492 584 543 636 οῖ
585 583 679 635 καὶ
732 581 1103 652 διαφέρονται.
1154 582 1328 636 Τοῦτο
1358 582 1542 659 δὲκαὶ
1588 584 1647 635 ἐν
1678 587 1841 640 παντὶ
1888 588 2063 659 ζητή-

498 694 629 746 ματι
669 676 905 743 γίνεται.
948 676 1071 729 Ἐπὶ
1098 656 1551 748 οίουδήποτέγάρ
1592 656 2061 748 συμπειράσματᾷς

493 764 771 835 γιωρίμου
798 781 857 818 τε
902 768 1000 818 καὶ
1043 765 1483 835 ὁμολογουμένου
1533 768 1671 819 πᾶσι
1711 767 1909 820 πολλαὶ
1946 773 2059 832 τοῖς

491 859 675 924 σοφοῖς
725 856 1169 927 ἀμφισδητήσεις
1208 856 1338 927 περὶ
1378 857 1478 921 τὰς
1522 860 1716 912 τούτου
1755 859 2059 926 ἀποδείξεις

487 950 754 1015 γίνονται,
788 950 898 1001 τῶν
946 952 1045 1019 μὲν
1078 949 1146 1004 δι’
1173 949 1372 1015 ἀλλων,
1414 950 1524 1003 τῶν
1555 949 1612 1003 δὲ
1642 950 1709 1003 δι’
1753 950 1930 1004 ἄλλων
1954 954 2061 1022 μέ-

489 1056 598 1093 σων
626 1038 686 1092 τδ
712 1038 1230 1093 αὐτὸνδεικνυόντων
1255 1055 1268 1069 ·
1303 1038 1427 1093 ὅθεν
1458 1038 1515 1091 εί
1554 1056 1639 1102 τις
1668 1040 1912 1109 ἀναιρεῖν
1940 1042 2061 1095 ἱκα-

484 1132 590 1194 νῶς
624 1130 869 1201 βούλοιτο
916 1131 978 1184 τὸ
1009 1131 1394 1201 προκείμενον,
1440 1128 1565 1184 οὔτε
1597 1133 1696 1195 τὰς
1745 1131 1881 1193 ἰδίας
1916 1133 2057 1186 ἀπο-

483 1223 687 1287 δείξεις
726 1223 968 1277 ἐκθεῖναι
1030 1223 1192 1295 μόνον
1230 1225 1411 1293 ἀρκεῖ,
1466 1223 1515 1276 εί
1574 1224 1652 1294 μὴ
1684 1223 1779 1277 καὶ
1823 1223 1921 1288 τάς
1960 1224 2054 1278 τοῦ

483 1317 657 1380 ἄλλως
686 1316 937 1386 λέγοντος
964 1316 1168 1380 ἀνέλοι,
1203 1315 1328 1369 οὔτε
1359 1314 1518 1368 τοῦτο
1548 1316 1773 1385 ποιῆσαι
1799 1317 2053 1370 καταλεί-

484 1424 658 1461 ποντα
693 1407 924 1478 θάτερον
946 1423 961 1437 ο
996 1407 1112 1461 ἀλλ’
1141 1406 1259 1476 ἅμα
1300 1407 1394 1461 καὶ
1423 1406 1551 1470 τοὺς
1585 1406 1860 1469 ἐναντίους
1891 1406 2053 1460 λῦσαι

480 1496 676 1565 λόγους
707 1499 800 1553 καὶ
832 1500 961 1563 τοὺς
994 1499 1153 1561 ἰδίους
1188 1498 1404 1567 ἀνάγκη
1435 1499 1798 1568 προαγαγεῖν.
1847 1498 1956 1551 Καὶ¹
1986 1498 2050 1551 σὺ

478 1588 682 1655 τοίνυν,
720 1590 808 1643 ὅτε
840 1591 922 1642 σοὶ
953 1590 1029 1661 (1)
1054 1591 1147 1644 καὶ
1176 1590 1337 1643 τοῦτο
1364 1589 1543 1659 δοθείη
1568 1590 1767 1659 ἀληθὲς
1796 1583 1962 1654 εἶναι,
1993 1590 2050 1643 τὸ

475 1685 542 1751 τῇ
570 1682 816 1752 διαφόρῳ
850 1683 1063 1753 προόδῳ
1091 1681 1292 1745 ἱκανῶς
1323 1681 1570 1751 ἀλλήλων
1595 1682 1685 1735 τὸν
1710 1680 1836 1733 Υίδν
1869 1682 1964 1735 καὶ
1990 1681 2049 1734 τὸ

476 1770 706 1840 Πνεῦμα
757 1770 1159 1841 διακρίνεσθαι,
1216 1770 1371 1824 οὐδὲν
1435 1769 1598 1823 πλέον
1648 1769 1792 1840 ἔχεις
1843 1769 2045 1835 λαϐὼν,

474 1863 576 1924 ἕως
604 1862 671 1915 ἂν
694 1861 755 1914 τὸ
783 1862 1163 1934 συμπέρασμα
1194 1863 1290 1917 καὶ
1336 1863 1404 1915 δι’
1468 1862 1645 1918 ἄλλων
1685 1857 1896 1917 πολλῶν
1934 1863 2043 1917 δει-
2074 1853 2119 1912 Β

473 1954 711 2021 κνύοιτο,
745 1955 839 2007 καὶ
868 1955 1009 2009 οὕτω
1039 1956 1360 2021 δεικνύοιτο,
1385 1956 1461 2019 ὡς
1482 1955 1650 2028 μηδέν
1678 1973 1737 2008 σε
1767 1957 2043 2009 ἀντειπεῖν

471 2048 937 2118 ἐχειν.Κάνταῦθα
959 2049 1016 2103 δὲ
1043 2050 1194 2120 ὅμως
1211 2050 1268 2115 ἐξ
1294 2050 1552 2119 ἡμισείας
1573 2048 1601 2099 δ
1632 2046 1811 2119 βούλει
1840 2050 2037 2113 ποιεῖς,

470 2141 536 2194 τά
567 2139 770 2194 σαυτοῦ
808 2142 908 2210 μὲν
954 2143 1323 2212 ἐκτιθέμενος,
1352 2142 1480 2205 τοὺς
1524 2141 1581 2195 δὲ
1608 2142 1926 2203 δεικνύντας
1953 2140 2042 2193 λό-
2104 2140 2114 2151 ⁴

469 2247 619 2299 γους,
653 2232 729 2302 μὴ
763 2231 1027 2286 δύνασθαι
1062 2232 1308 2305 ἀλλήλων
1337 2232 1740 2303 διακρίνεσθαι,
1766 2234 1814 2285 εί
1848 2234 1923 2301 μὴ
1949 2231 2042 2285 θά-

467 2340 625 2394 τερον
655 2325 721 2377 ἐκ
767 2324 999 2395 θατέρου
1034 2326 1146 2396 εἴη,
1177 2327 1268 2379 διά
1310 2326 1371 2378 τὸ
1408 2326 1488 2395 μὴ
1522 2325 1785 2379 δύνασθαι
1820 2326 2039 2388 πάντως

466 2417 526 2469 οὐ
563 2416 916 2485 διαλυόμενος
940 2433 954 2448 ·
979 2416 1120 2471 ὥστε
1148 2418 1232 2471 σοὶ
1254 2417 1345 2470 τὸν
1369 2416 1528 2486 λόγον
1549 2416 1851 2487 ἀμφίϐολον
1873 2433 2042 2470 κατα-

466 2506 770 2560 λείπεσθαι.
806 2507 872 2560 Τί
921 2507 1030 2579 γὰρ
1062 2509 1127 2562 ἂν
1175 2510 1271 2561 καὶ
1301 2506 1469 2579 φαίης
1506 2509 1643 2579 πρὸς
1692 2508 1819 2570 τοὺς
1849 2507 2038 2576 λέγον·

464 2615 586 2665 τας,
621 2602 689 2654 τὰ
739 2600 841 2668 μιν
900 2601 1294 2673 διακρινόμενα
1332 2601 1577 2670 ἀλλήλων
1630 2601 1663 2671 ἢ
1711 2602 1775 2670 τῇ
1828 2598 2036 2669 ἀρχῇῆ

463 2694 576 2754 τοῖς
607 2693 755 2761 ὅροις
784 2692 1186 2762 διακρίνεσθαι,
1226 2695 1319 2746 τὸν
1347 2693 1404 2746 δὲ
1439 2693 1568 2746 Υίὺν
1597 2692 1693 2746 καὶ
1723 2691 1784 2744 τὸ
1810 2691 2036 2761 Πνεῦμα

462 2787 576 2848 τοῖς
611 2785 714 2854 μὲν
750 2786 901 2856 ὅροις
930 2786 1029 2838 οὐκ
1061 2785 1128 2839 ἂν
1162 2784 1540 2856 διακρίνεσθαι
1571 2782 1841 2853 ἀλλήλων,
1878 2782 2037 2852 είπερ

464 2880 531 2933 τὰ
563 2883 677 2943 τοῖς
727 2881 873 2950 ὅροις
903 2879 1298 2951 διακρινόμενα
1333 2878 1366 2950 ἦ
1414 2881 1478 2949 τῇ
1512 2877 1611 2949 ὕλη
1663 2876 2035 2945 διακρίνεσθαι

460 2973 593 3037 δεῖν,
624 2974 659 3044 ἢ
689 2972 788 3044 τῆς
818 2975 1156 3044 ἀτομότητός
1184 2975 1332 3026 ἐστιν
1371 2971 1520 3025 αίτία
1552 2973 1695 3042 (ἐκεῖ
1726 2970 1783 3023 δὲ
1812 2969 2036 3039 οὐδεμία

461 3066 610 3118 ἐστὶν
642 3063 790 3135 ὕλη),
822 3065 856 3135 ἢ
881 3066 958 3135 τῷ
985 3066 1121 3119 είδει
1150 3066 1290 3137 (ἐκεῖ
1311 3065 1366 3119 δὲ
1392 3063 1560 3116 ταυτὸ
1584 3057 1723 3126 εἶδος
1758 3061 1857 3133 τὴν
1886 3063 2035 3116 θείαν

462 3159 649 3213 οὐσίαν
692 3161 749 3211 ἑν
779 3161 984 3229 ἀμφοῖν
1028 3155 1195 3227 εἶναι)
1222 3174 1236 3189 ·
1282 3156 1424 3210 ὥστε
1468 3155 1750 3210 λείπεσθαι
1791 3158 1865 3260 τῇ.
1889 3156 2030 3260 ἀργῇ
2057 3194 2103 3260 c

459 3254 658 3315 αὐτοὺς
689 3252 1065 3323 διακρίνεσθαι
1096 3271 1111 3283 ο
1133 3250 1428 3305 κάντεῦθεν
1458 3251 1507 3302 εί
1531 3250 1702 3319 ἀμφω
1731 3251 1796 3302 ὲκ
1822 3248 2030 3319 Πατρὸς

458 3335 571 3391 εἷεν
601 3339 682 3409 (2)
716 3339 899 3408 μόνου,
923 3340 1025 3393 οὐκ
1044 3339 1109 3393 ἂν
1135 3338 1379 3409 ἀλλήλων
1412 3338 1812 3410 διακρίνεσθαι*
1847 3337 2032 3390 λείπε-

460 3431 587 3484 σθαι
624 3430 806 3485 τοίνυν
841 3431 934 3484 τὺν
974 3431 1071 3500 μὲν
1105 3430 1233 3486 Υίδν
1264 3432 1329 3484 ὲκ
1368 3431 1604 3500 Πατρὺς,
1630 3430 1691 3483 τὺ
1713 3430 1768 3483 δὲ
1804 3429 2030 3500 Πνεῦμα

458 3526 523 3576 ἐκ
553 3523 771 3594 Πατρὸς
810 3524 904 3577 καὶ
937 3521 1068 3577 Υίοῦ
1105 3518 1282 3591 εἷναις
1312 3524 1379 3577 Ei
1421 3540 1506 3587 τις
1542 3521 1634 3576 οῦν
1663 3521 1837 3577 ταῦτα
1867 3523 2027 3592 φαίη,

454 3616 511 3668 τί
542 3617 706 3678 αὐτὸς
766 3615 1124 3688 ἀπολογήσῃ;
1179 3612 1298 3669 οῖδα
1338 3616 1437 3687 μὲν
1484 3616 1561 3680 ὡς
1605 3616 1760 3670 οὐδὲν
1796 3616 1825 3669 ὅ
1852 3634 1904 3670 τι
1934 3618 2029 3671 καὶ

453 3707 602 3772 ἀξιον
647 3707 806 3775 λόγου
839 3709 1006 3776 ἐρεῖς.
1050 3696 1269 3762 Λατῖνοι
1317 3706 1374 3760 δὲ
1412 3706 1607 3779 ἄνδρες
1650 3708 1804 3777 σοφοί
1835 3724 1894 3761 τε
1928 3709 2026 3762 καὶ

450 3801 784 3855 διαλεκτικοὶ
815 3802 953 3871 πρὸς
992 3800 1093 3864 τὰς
1118 3799 1366 3856 Λατίνων
1396 3800 1607 3863 ταύτας
1650 3801 2023 3871 ἐπιχειρήσεις

452 3889 638 3959 σοφῶν
672 3905 731 3942 τε
767 3890 861 3943 καὶ
892 3889 1253 3944 διαλεκτικῶν
1280 3891 1375 3944 καὶ¹
1404 3889 1570 3944 αὑτοῦ
1600 3889 1773 3943 πολλά
1806 3889 1905 3960 μὲν
1930 3890 2026 3944 καὶ

449 3981 593 4035 καλὰ
644 3981 832 4051 ὲροῦσί
881 3998 940 4035 τε
985 3982 1077 4035 καὶ
1108 3982 1419 4053 εἰρήκασιν,
1451 3982 1511 4036 οὐ
1545 3982 1730 4051 μέντοι
1763 4000 1824 4052 γε
1868 3983 2024 4055 παρά

448 4075 613 4129 τοῦτο
642 4076 721 4146 τῷ
759 4074 1192 4147 συμπεράσματι
1226 4077 1513 4144 μάχονται,
1539 4075 1677 4129 ἀλλά
1715 4075 1937 4140 πολλαῖς
1963 4093 2023 4129 τε

450 4169 545 4221 καὶ
575 4165 852 4235 γενναίαις
878 4165 1068 4226 ἄλλαις
1100 4163 1409 4231 ἀποδείξεσι
1436 4164 1498 4217 τό
1525 4162 1754 4236 Πνεῦμα
1782 4166 1842 4218 τὸ
1867 4165 2024 4236 ἅγιον

447 4261 511 4312 ὲκ
543 4260 757 4327 [ἰατρὸς
791 4259 888 4311 καὶ
933 4256 1063 4310 Υίοῦ
1114 4253 1254 4311 εἶναι
1289 4259 1388 4311 καὶ
1438 4257 1585 4328 μάλα
1629 4259 2019 4330 ίσχυρίςονται.

447 4350 520 4402 Σὺ
545 4349 600 4401 δὲ
634 4348 764 4414 ίσθι,
797 4348 873 4413 ῶς
898 4348 993 4401 καὶ
1023 4347 1121 4419 τὴν
1140 4348 1398 4419 διάφορον
1423 4348 1630 4418 ταύτην
1653 4364 1737 4401 σοι
1764 4352 1875 4401 τῶν
1910 4350 2023 4418 φώ-

446 4458 563 4494 τοιν
592 4444 657 4494 ἐκ
696 4442 907 4510 Πατρδς
954 4440 1183 4511 πρόοδον
1215 4441 1292 4503 εἰς
1324 4440 1490 4494 ταυτδ
1520 4442 1633 4504 τοῖς
1675 4441 1887 4495 ἑαυτῶν
1922 4442 2012 4495 λό-

2164 594 2311 650 circa
2363 600 2791 668 propositiones,
2856 620 2923 660 ex
2980 609 3182 677 quibus
3238 612 3384 669 istud
3430 618 3734 686 probatur,

2163 696 2292 739 sunt
2328 690 2421 756 qui
2477 690 2624 745 inter
2680 708 2740 747 se
2787 695 3059 754 dissident
3092 717 3155 757 ac
3180 707 3587 761 controversias
3616 709 3731 778 agi-

2150 782 2299 830 tant.
2362 776 2477 833 Hoc
2500 795 2633 834 vero
2681 780 2734 835 in
2770 788 2917 841 omni
2948 804 3167 859 quoque
3200 796 3500 862 quaestione
3534 776 3729 852 usuve-

2161 866 2263 923 nit.
2299 866 2357 920 In
2392 870 2761 941 qualicunque
2810 877 2956 931 enim
3012 883 3366 963 conclusione
3404 896 3528 941 nota
3553 891 3727 944 ouini-
3768 890 3769 893 “

2160 960 2264 1016 bus
2307 972 2363 1017 et
2410 965 2656 1024 omnium
2705 968 3050 1031 confessione
3118 960 3356 1033 admissa
3403 982 3584 1036 multae
3645 998 3749 1037 sa-t

2156 1052 2438 1120 pientibus
2498 1060 2886 1131 ambiguitates
2942 1064 3086 1117 circa
3114 1065 3361 1135 ejusdem
3388 1070 3720 1127 demonstra-

2158 1142 2337 1198 tiones
2370 1148 2717 1215 exoriuntur,
2754 1167 2878 1206 cum
2917 1153 3010 1207 alii
3046 1169 3145 1223 per
3170 1156 3276 1211 alia
3328 1161 3504 1213 media
3538 1166 3725 1217 eadem

2155 1236 2387 1304 probare
2433 1240 2724 1308 studeant;
2771 1246 3125 1314 quamobrem
3174 1249 3367 1318 siquis
3390 1252 3727 1309 suihcicnter

2154 1328 2287 1382 velit
2319 1332 2652 1399 propositam
2682 1335 2986 1390 doctrinam
3046 1350 3319 1405 evertere.
3359 1358 3466 1397 non
3500 1346 3723 1412 sumcit,

2155 1427 2215 1471 ut
2269 1421 2521 1489 proprias
2574 1423 2840 1480 duntaxat
2883 1428 3721 1502 demonstrationes"-esponat,

2152 1510 2259 1564 nisi
2287 1520 2343 1566 et
2373 1515 2612 1571 rationes
2645 1516 2767 1585 ejus
2799 1517 2892 1587 qui
2931 1518 3089 1573 aliter
3109 1523 3318 1590 statuit,
3353 1540 3382 1579 e
3406 1528 3586 1580 medio
3618 1533 3723 1581 tol—

2150 1601 2250 1668 lat,
2312 1618 2493 1673 neque
2536 1618 2597 1659 ut
2647 1607 2751 1662 hoc
2813 1609 2976 1664 faciat
3016 1612 3250 1667 alterum
3313 1620 3538 1671 omnino
3562 1623 3722 1674 omit-

2153 1696 2339 1762 tendo,
2397 1713 2589 1752 verum
2646 1701 2809 1755 simul
2870 1702 3035 1757 debet
3063 1713 3118 1758 et
3140 1710 3449 1763 contrarias
3482 1714 3721 1767 rationes

2149 1788 2449 1845 dissolvere
2470 1800 2543 1846 -et
2576 1795 2831 1862 proprias
2881 1795 2935 1848 in
2986 1797 3225 1853 medium
3268 1802 3537 1868 proferre.
3566 1804 3631 1857 Et
3660 1816 3718 1859 tu

2146 1879 2332 1949 igitur,
2387 1884 2607 1951 quando
2637 1885 2806 1940 etiam
2839 1894 2894 1939 et
2932 1886 3037 1941 hoc
3072 1888 3169 1942 tibi
3223 1906 3412 1945 verum
3434 1909 3554 1948 esse
3590 1912 3720 1950 con-

2146 1976 2451 2035 cederetur.
2518 1976 2733 2032 diversa
2797 1982 3181 2050 progressione
3240 1982 3583 2039 suﬁicienter
3648 1989 3717 2041 ab

2145 2061 2379 2118 invicem
2438 2066 2635 2121 Filium
2696 2078 2752 2123 et
2810 2069 3077 2140 Spiritum
3143 2086 3393 2129 sanctum
3426 2078 3713 2141 distingui,

2145 2155 2279 2208 nihil
2336 2158 2570 2225 amplius
2624 2160 2821 2214 exinde
2882 2172 3076 2218 nactus
3115 2179 3289 2229 esses,
3316 2169 3560 2235 quandiu
3591 2186 3717 2222 (0:.-

2142 2246 2318 2300 clusio
2364 2248 2528 2301 etiam
2587 2264 2683 2318 per
2737 2251 2839 2304 alia
2888 2253 3058 2307 multa
3115 2253 3524 2309 demonstretur
3553 2271 3609 2311 et
3641 2262 3712 2312 ita

2140 2338 2571 2406 demonstretur,
2634 2350 2693 2397 ut
2755 2342 2893 2397 nihil
2943 2344 3145 2400 habeas
3178 2347 3324 2416 quod
3358 2350 3714 2418 opponas.Et

2141 2431 2231 2484 hic
2281 2447 2500 2502 quoque
2556 2448 2623 2489 ex
2670 2435 2902 2490 dimidio
2960 2440 3140 2493 solum
3190 2442 3333 2510 quod
3371 2457 3711 2511 proposuqu

2142 2522 2309 2576 habes
2364 2523 2555 2587 eilicis,
2611 2526 2742 2580 dum
2797 2538 2888 2582 tua
2931 2530 3154 2600 quidem
3186 2548 3508 2603 argumenta
3537 2552 3709 2606 expo-

2138 2612 2245 2671 nis,
2310 2614 2556 2669 rationes
2608 2632 2738 2671 vero
2791 2633 2906 2685 eas,
2962 2636 3086 2697 quae
3118 2624 3373 2690 probant.
3406 2641 3515 2679 non
3549 2643 3708 2695 posse

2136 2703 2206 2756 ab
2235 2703 2468 2759 invicem
2495 2706 2760 2777 distingui
2798 2709 2996 2764 Filium
3030 2720 3087 2765 et
3115 2711 3403 2782 Spiritum,
3433 2717 3531 2769 nisi
3567 2719 3709 2771 alter

2137 2807 2203 2845 ex
2233 2794 2407 2848 altero
2429 2810 2553 2851 esse
2581 2797 2804 2863 habeat,
2839 2801 2968 2869 quia
3003 2817 3112 2856 non
3139 2812 3331 2871 potes,
3365 2807 3519 2861 nullo
3550 2824 3707 2876 pror-

2137 2900 2232 2940 sus
2287 2889 2449 2942 niodo
2510 2890 2767 2947 dissolvis
2798 2908 2813 2958 ;
2850 2905 3188 2964 quapropter
3209 2911 3237 2949 a
3265 2906 3315 2950 te
3348 2900 3485 2952 ratio
3508 2913 3708 2955 nutans

2137 2986 2191 3031 et
2222 2979 2475 3048 ambigua
2516 2982 2869 3051 relinquitur.
2901 2984 3042 3051 Quid
3093 2986 3240 3041 enim
3270 2987 3485 3044 diceres
3515 2996 3709 3047 adver-

2135 3082 2231 3123 sus
2281 3086 2375 3125 eos
2433 3073 2529 3141 qui
2592 3073 2811 3145 dicunt,
2868 3092 2931 3131 ea
2980 3092 3103 3147 qua
3142 3080 3211 3134 ab
3242 3082 3477 3138 invicem
3510 3086 3708 3139 distiu-

2137 3171 2406 3230 guuntur,
2474 3166 2560 3220 vel
2617 3169 2893 3237 principio
2954 3172 3218 3243 distingui
3277 3178 3361 3229 vel
3416 3182 3706 3241 terminis,

2134 3253 2331 3308 Filium
2381 3266 2562 3312 autem
2614 3270 2670 3315 et
2721 3261 2985 3331 Spiritum
3026 3268 3274 3322 terminis
3312 3282 3420 3323 non
3445 3270 3706 3342 distingui

2132 3348 2202 3400 ab
2235 3347 2496 3413 invicem,
2548 3353 2998 3423 quandoquidem
3036 3373 3120 3421 ea,
3149 3374 3271 3428 quae
3304 3363 3558 3416 terminis
3590 3366 3706 3417 dis-

2134 3441 2479 3509 tinguuntur,
2543 3444 2654 3524 vel,
2691 3448 2915 3503 tnateria
2968 3449 3230 3520 distingui
3284 3464 3706 3524 oporteat.qua:

2132 3530 2592 3589 individualitatis
2619 3522 2693 3591 sit
2724 3553 2887 3593 causa
2945 3541 3119 3608 (nulla
3156 3559 3290 3599 vero
3320 3547 3431 3601 illic
3461 3522 3701 3613 exsistit,

2132 3625 2397 3697 materia)
2445 3627 2530 3682 vel
2569 3629 2753 3699 specie
2802 3631 2916 3702 (ibi
2959 3648 3091 3689 vero
3140 3638 3391 3692 eamdem
3441 3644 3702 3709 speciem,

2132 3714 2375 3770 ‘divinam
2405 3720 2700 3775 essentiam
2727 3722 2781 3776 in
2807 3724 3074 3782 ambobus
3104 3729 3279 3798 esse);
3314 3731 3545 3801 relinqui
3575 3751 3704 3803 ergo

2131 3823 2224 3863 eos
2280 3810 2553 3881 principio
2602 3813 2871 3886 distingui
2898 3826 2955 3872 et
2980 3819 3181 3874 exinde
3215 3821 3258 3874 si
3295 3826 3455 3877 ambo
3487 3840 3551 3878 ex
3586 3830 3703 3880 solo

2127 3898 2292 3956 Patre
2329 3911 2537 3968 essent,
2561 3919 2670 3959 non
2702 3905 2771 3959 ab
2808 3906 3039 3962 invicem
3095 3909 3213 3965 fore
3247 3911 3574 3980 distinctos;
3619 3933 3700 3969 rc-

2127 3992 2338 4060 liquum
2402 3994 2571 4064 igitur
2623 4010 2772 4062 esse,
2826 4006 2886 4052 ut
2949 3998 3121 4054 Filius
3155 4002 3229 4056 sit
3258 4018 3327 4057 ex
3368 4006 3546 4070 Patre,
3576 4008 3701 4077 Spi-

2128 4084 2267 4137 ritus
2303 4099 2435 4138 vero
2484 4100 2552 4140 ex
2602 4084 2761 4140 Patre
2819 4098 2874 4143 et
2919 4089 3093 4147 Filio?
3125 4092 3180 4147 Si
3209 4095 3541 4165 quisitaque
3602 4116 3700 4155 un-

2125 4191 2289 4246 quam
2351 4178 2479 4231 talia
2518 4178 2748 4245 diceret,
2782 4182 2911 4251 quid
2956 4193 3012 4238 tu
3075 4200 3177 4253 pro
3228 4187 3551 4245 defensione
3611 4208 3699 4246 re-

2124 4269 2461 4338 sponderes?
2487 4269 2614 4325 Scio
2683 4282 2733 4327 te
2760 4274 2919 4341 nihil,
2943 4276 3092 4346 quod
3128 4281 3567 4339 consideratione
3617 4287 3699 4341 di-

2125 4376 2291 4432 gnum
2324 4363 2419 4430 sit,
2481 4363 2826 4435 prolaturum
2863 4382 3007 4423 esse.
3045 4368 3221 4424 Latini
3255 4381 3437 4427 autem
3478 4377 3580 4430 viri
3609 4394 3698 4431 sa-

2123 4454 2335 4523 pientes
2364 4464 2420 4511 et
2457 4458 2732 4513 dialectici
2760 4459 2828 4514 ad
2858 4462 3145 4517 ratiocinia
3171 4478 3199 4517 a
3232 4462 3446 4521 Latinis
3469 4474 3696 4538 sapien-

446 4552 565 4604 γοις
597 4537 736 4589 εἰσὶν
765 4536 816 4588 οἳ
846 4534 955 4587 τῶν
999 4534 1248 4588 Λατίνων
1280 4534 1551 4601 ἀπάξουσι
1583 4536 1678 4587 καὶ
1722 4535 1890 4587 ταυτδ
1920 4534 2016 4605 δη-

2136 4547 2276 4603 Libus
2324 4557 2380 4603 et
2428 4549 2737 4606 dialecticis
2768 4561 2826 4606 et
2856 4552 2991 4623 ipsis
3017 4555 3233 4623 prolata
3272 4558 3440 4613 multa
3469 4534 3694 4630 quidem

444 4628 574 4681 λοῦν
599 4626 943 4692 ἀποδείξουσι
976 4626 1051 4694 τῷ
1084 4628 1175 4679 τὸν
1210 4627 1309 4696 μὲν
1338 4625 1467 4679 Υίὸν
1492 4628 1557 4678 ἐκ
1601 4627 1839 4698 Πατρδς,
1870 4629 1931 4680 τδ
1962 4627 2020 4679 δὲ

448 4722 675 4792 Πνεῦμα
717 4721 775 4788 ἐξ
810 4722 1017 4791 ἀμφοῖν
1051 4721 1320 4790 προϊέναι.
1363 4719 1438 4773 Τὸ
1480 4721 1591 4791 γὰρ
1628 4720 1723 4773 τὸν
1764 4720 1864 4790 μὲν
1889 4720 2019 4774 Υἰον

445 4813 744 4883 γεννητῶς,
794 4811 1144 4879 ὲκπορευτῶς
1195 4811 1251 4864 δὲ
1284 4811 1346 4864 τὸ
1408 4812 1633 4882 Πνεῦμα
1684 4814 1750 4865 ὲκ
1805 4813 2019 4882 Πατρὸς

446 4906 715 4976 προϊέναι,
772 4904 926 4957 οὐδὲν
961 4903 1089 4959 ἀλλο
1138 4899 1278 4957 εἶναι
1336 4903 1550 4967 πολλοῖς
1580 4920 1640 4956 τε
1682 4906 1778 4958 καὶ
1829 4904 2016 4969 καλοῖς

446 4997 622 5067 λόγοις
648 4996 992 5067 πείσουσιν,ἢ
1022 4996 1115 5050 τὸν
1143 4998 1242 5066 μὲν
1276 4996 1495 5065 ἀμέσως
1512 4999 1574 5050 ὲκ
1597 4997 1807 5064 Πατρδς
1826 4996 2015 5066 προϊέ-

443 5107 528 5143 ναι
570 5090 647 5159 τῷ
674 5091 776 5153 τῆς
805 5089 1114 5160 γεννήσεως
1142 5088 1352 5161 τρόπῳ,
1378 5087 1439 5140 τὸ
1461 5087 1519 5140 δὲ
1544 5085 1771 5157 Πνεῦμα
1806 5087 1895 5141 διά
1920 5087 2016 5141 τοῦ

439 5185 503 5237 ὲκ
537 5182 751 5253 Πατρός
805 5180 1162 5251 γεννηθέντος
1206 5180 1505 5250 ἀφράστως
1551 5181 2013 5249 ἐκπορευόμενον,

438 5280 532 5329 καὶ
570 5277 669 5347 τὴν
690 5257 1050 5346 ’ἐκπόρευσιν
1080 5272 1169 5327 διά
1214 5276 1316 5344 τῆς
1350 5272 1682 5343 γεννήσεως,
1717 5271 1790 5334 ὡς
1838 5271 1934 5325 καὶ
1965 5272 2016 5325 oi

338 5400 345 5407 .
436 5370 699 5439 ἡμέτεροι
739 5367 982 5437 θεολόγοι
1017 5366 1202 5437 φασὶν,
1231 5365 1500 5436 προϊέναι.
1535 5364 1677 5435 Πρὸς
1726 5362 1822 5427 οὓς
1850 5364 2015 5429 αὐτὸς

2123 4646 2179 4695 et
2242 4640 2442 4696 eximia
2478 4650 2534 4697 ct
2569 4643 2754 4698 dicent
2799 4655 2855 4700 et
2903 4645 3014 4716 jam
3052 4646 3334 4715 dixerunt,
3378 4666 3487 4705 non
3515 4661 3694 4710 tamen

2122 4732 2194 4788 ob
2240 4747 2359 4787 eam
2398 4749 2616 4790 causam
2658 4736 2823 4791 etiam
2868 4739 3209 4795 conclusioni
3238 4754 3577 4811 repugnant,
3609 4764 3697 4801 ve-

2122 4838 2242 4877 rum
2274 4824 2462 4879 multis
2486 4825 2873 4898 nobilibusque
2904 4829 3028 4885 aliis
3060 4833 3398 4901 argumentis
3430 4836 3695 4906 Spiriiiun

2118 4921 2369 4969 sanctum
2427 4929 2494 4968 ex
2546 4915 2707 4973 Patre
2755 4928 2812 4973 et
2841 4918 2981 4975 Filio
3006 4936 3128 4977 esse
3152 4939 3314 4993 quam
3345 4928 3435 4995 qui
3462 4943 3696 4981 maxine

2117 5020 2487 5077 propugnant.
2534 5009 2616 5064 Tu
2668 5026 2800 5066 vero
2848 5013 3011 5079 scito,
3046 5030 3112 5069 ex
3136 5014 3341 5072 Latinis
3370 5035 3491 5073 esse
3532 5037 3640 5088 quo
3662 5052 3695 5068 .-

2115 5103 2263 5165 dam,
2311 5101 2406 5171 qui
2450 5101 2547 5157 tibi
2587 5103 2750 5158 etiam
2814 5105 2956 5159 hanc
3004 5107 3240 5162 duorum
3306 5110 3580 5166 luminum
3627 5131 3692 5167 ex

2113 5190 2274 5248 Patre
2326 5194 2603 5250 diversam
2662 5198 3108 5267 progressionem
3151 5201 3203 5253 in
3240 5201 3382 5257 idem
3421 5220 3549 5259 cum
3577 5207 3692 5259 suis

2113 5283 2386 5340 doctrinis
2434 5288 2687 5359 redigent
2723 5300 2779 5345 et
2814 5292 2958 5345 idem
3006 5293 3318 5362 signiﬁcare
3377 5296 3691 5363 probabunt

2111 5390 2237 5429 cum
2287 5380 2689 5448 propositione,
2747 5383 2945 5438 Filium
3003 5387 3226 5453 quidem
3264 5403 3329 5442 ex
3357 5389 3533 5452 Patre,
3569 5390 3691 5459 Spi-

435 5466 538 5518 οὺκ
563 5464 631 5517 ἀν
660 5462 771 5516 οὐδ’
805 5459 1125 5530 ἀντιδλέψαι
1158 5459 1525 5531 δυνησόμενος
1558 5458 1739 5529 μάτην
1769 5458 2011 5512 ἐνταῦθα

2140 5467 2276 5521 itum
2316 5484 2446 5524 vero
2479 5487 2545 5543 ex
2588 5483 2823 5542 utroque
2876 5476 3120 5544 prodire.
3162 5477 3297 5557 Nam
3331 5481 3475 5546 quod
3519 5478 3688 5537 Filius

432 5559 620 5619 πονεῖς
668 5558 787 5619 ταῖς
816 5553 1169 5625 γραμμικαῖς
1207 5569 1302 5606 σου
1348 5551 1498 5621 μέγα
1546 5550 1761 5621 φρονῶν
1790 5550 2014 5604 ἀποδεί-

2110 5573 2208 5627 per
2228 5562 2660 5629 generationem,
2691 5564 2927 5635 Spiritus
2982 5584 3114 5622 vero
3147 5585 3244 5638 per
3278 5573 3687 5640 processioui-m

434 5653 577 5719 ξεσι,
615 5648 713 5703 καὶ
755 5647 928 5720 ταύτῃ
958 5648 1085 5711 τοὺς
1119 5643 1353 5716 ἀμαθεῖς
1393 5642 1735 5715 ἐκπλήττων.
1768 5643 1834 5696 Τί
1867 5643 1911 5695 δ’
1940 5645 2009 5698 ἂν

2136 5665 2173 5705 τι
2212 5651 2368 5707 Patre
2400 5653 2604 5722 prodit,
2655 5658 2759 5711 hoc
2800 5658 2940 5713 nihil
2999 5662 3146 5715 aliud
3182 5678 3303 5718 esse
3328 5678 3383 5719 et
3417 5667 3605 5720 multis
3633 5679 3688 5723 et

507 5768 585 5838 (Ι)
625 5766 703 5838 lt_a
730 5764 877 5821 non.
919 5760 1066 5838 1³.-ξό
1096 5777 1163 5826 a;
1190 5760 1337 5838 hicn“.
1367 5758 1460 5838 2.7,
1496 5758 1534 5813 ί.
1567 5759 1670 5838 219
1699 5774 1895 5838 a,_:rt:_0t_.

510 5828 587 5904 (2)
620 5834 741 5891 Είεν
770 5847 917 5892 recte
975 5833 1139 5888 Marc.
1200 5834 1236 5885 l'.
1270 5831 1359 5897 85,
1396 5830 1465 5896 b;
1506 5845 1558 5883 in
1600 5829 1742 5885 Non.
1766 5828 1833 5883 “27
1870 5830 1909 5889 ί.
1932 5830 2037 5888 249

2164 5832 2285 5888 diue
2313 5841 2605 5904 postremae
2630 5832 2829 5890 littera:
2854 5834 2954 5901 (εν)
2983 5852 3326 5899 evanuerunt
