4124 6424
422 388 528 447 ΞΞἸ

1794 370 2298 430 BESSMIIONIS
3576 360 3681 424 £21

420 502 700 575 praeclaris
727 497 1034 564 rationibus
1066 492 1399 555 suadebunt,
1432 487 1536 543 nisi
1574 488 1728 542 illum
1766 488 1990 557 quidem

2108 486 2189 536 ut".
2223 485 2412 552 φαίης,
2450 483 2502 534 εἷ
2545 482 2627 543 τίς
2673 499 2753 534 σοι
2800 482 2896 542 τὰς
2937 481 3029 534 δύο
3067 482 3267 545 ταῦτις
3306 482 3570 550 γραμμὰς
3604 483 3682 539 εἰς

424 594 738 649 immediate
785 607 849 643 cx
885 589 1043 643 Patre
1093 585 1314 654 prodire
1355 597 1451 652 per
1483 580 1858 651 generationis
1888 594 2001 632 mo-

423 689 578 748 dum,
634 685 899 753 Spiritum
952 690 1133 734 autem
1190 683 1444 731 sanctum
1500 690 1599 743 per
1632 672 1890 727 Genitum
1922 688 1989 724 ex

418 778 581 831 l‘atre
616 774 878 830 ineffabili
918 771 1082 827 modo
1139 766 1566 839 procedentem,
1594 767 1997 834 acprocessio-

418 885 543 922 nem
568 884 662 936 per
688 865 1132 935 generationem,
1171 863 1318 914 sicut
1344 860 1508 913 etiam
1550 857 1726 911 nostri
1759 857 1999 926 tlieolegi

420 964 629 1025 dicunt,
665 960 901 1029 prodire.
938 957 1016 1012 Ad
1042 971 1182 1025 quos
1207 956 1333 1008 dum
1369 968 1437 1009 ne
1469 953 1744 1023 respicere
1782 952 2003 1020 quidem

420 1054 650 1116 valebis,
693 1053 897 1105 frustra
944 1049 1051 1103 hoc
1113 1049 1235 1102 loco
1274 1048 1515 1110 laboras,
1543 1044 1869 1114 superbiens
1896 1044 2004 1097 tuis

418 1164 485 1201 ex
532 1146 695 1201 lineis
738 1153 793 1198 et
854 1142 1057 1197 litteris
1106 1142 1294 1211 petitis
1362 1138 1781 1210 probationibus
1827 1147 1883 1192 et
1911 1137 2002 1191 tali

420 1248 583 1306 pacto
644 1237 895 1291 indoctos
955 1236 1222 1289 territans
1274 1241 1331 1288 et
1388 1242 1615 1302 stupore
1675 1230 2000 1300 percellens.

421 1327 581 1394 Quid,
606 1342 813 1396 quaeso,
842 1337 895 1379 et
922 1325 1158 1391 diceres,
1202 1326 1246 1381 si
1281 1326 1407 1396 quis
1442 1326 1577 1382 duas
1617 1325 1715 1380 tibi
1748 1325 1922 1379 lineas
1948 1324 2002 1379 in

421 1436 586 1474 unam
623 1420 976 1473 contraheret
1004 1427 1058 1472 et
1086 1419 1301 1472 Patrem
1332 1417 1455 1472 Filii
1497 1427 1730 1488 poneret
1758 1432 2004 1481 causam,

423 1510 620 1565 deinde
673 1526 739 1564 ex
791 1518 1025 1579 utroque
1099 1509 1320 1578 prodire
1372 1508 1638 1579 Spiritum
1671 1508 2007 1562 alIirmaret?

423 1604 705 1658 Manifeste
768 1602 1201 1668 lamentaberis,
1263 1602 1358 1671 qui
1429 1618 1525 1672 per
1582 1618 1746 1656 unam
1804 1602 2005 1655 lineam

429 1699 743 1767 perdideris
795 1699 1048 1768 gloriam,
1118 1706 1179 1750 ut
1239 1693 1475 1750 rudibus
1540 1702 1817 1765 geometra
1884 1708 2006 1748 esse

424 1791 688 1846 videaris.
721 1792 785 1845 Et
820 1800 1001 1844 tamen
1034 1791 1137 1844 hoc
1176 1787 1500 1843 doctoribus
1554 1786 1727 1855 magis
1760 1795 1843 1841 est
1869 1800 2005 1839 con-

424 1900 617 1937 sonum
676 1892 733 1937 et
801 1891 1258 1937 consentaneum.
1344 1874 1535 1931 Menas
1588 1878 1757 1941 enim,
1829 1876 2009 1946 inquit

426 1975 741 2044 Theologus
790 1974 1110 2043 Gregorius,
1184 1973 1251 2026 ab
1281 1971 1433 2024 initio
1472 1971 1529 2023 in
1560 1970 1829 2023 binarium
1858 1979 1999 2024 mota

425 2083 587 2137 usque
619 2067 688 2119 ad
725 2065 1035 2118 Trinitatem
1060 2067 1203 2117 stetit
1229 2079 1247 2125 ;
1288 2077 1356 2116 ex
1392 2060 1597 2131 quibus
1617 2062 1806 2114 verbis
1835 2071 2004 2129 patet,

423 2177 550 2214 eum
607 2169 668 2213 ut
715 2160 768 2212 in
833 2173 941 2211 una
997 2156 1143 2210 linea
1173 2155 1324 2209 hunc
1360 2165 1566 2208 motum
1600 2152 2006 2207 considerasse.

425 2254 586 2306 Dices
647 2252 903 2313 fortasse,
965 2249 1108 2303 hanc
1131 2247 1510 2317 operationem
1539 2246 1658 2301 fore
1693 2245 2000 2314 inaequabi-

424 2339 554 2401 lem,
608 2348 664 2392 ct
713 2338 973 2408 majorem
1019 2336 1242 2407 quidem
1304 2352 1452 2401 eam,
1499 2352 1621 2405 qua:
1659 2352 1727 2391 ex
1756 2338 1920 2389 Patre
1950 2344 2007 2388 et

425 2430 565 2485 Filio
614 2430 681 2484 ad
716 2430 1007 2500 Spiritum,
1060 2445 1225 2499 quam
1256 2444 1377 2484 eam
1400 2445 1523 2500 qua:
1550 2438 1715 2484 estex
1748 2428 1907 2481 Patre
1940 2427 2008 2481 ad

425 2520 652 2585 Filium,
676 2522 761 2575 vel
801 2538 921 2577 eam
948 2537 1071 2591 qua:
1091 2536 1159 2575 ex
1213 2531 1450 2590 utroque
1478 2521 1545 2574 ad
1570 2520 1860 2589 Spiritum,
1896 2534 2009 2572 ma-

421 2615 598 2685 jorem
630 2631 719 2677 ea,
746 2632 868 2686 qua:
903 2625 987 2671 est
1020 2631 1089 2670 ex
1146 2616 1422 2670 alterutro
1479 2624 1691 2667 tantum
1752 2613 1818 2665 ad
1851 2627 2005 2666 eum-

426 2709 549 2761 dem
577 2706 876 2773 Spiritum;
918 2707 1062 2762 sicut
1092 2722 1323 2762 cursmn
1359 2704 1655 2775 quemdam
1687 2703 1866 2766 fluvii,
1910 2704 2005 2772 qui

426 2799 576 2853 aliud
636 2798 840 2853 ﬂumen
902 2798 957 2851 in
1028 2798 1211 2851 medio
1274 2797 1559 2867 suscepit;
1623 2810 1751 2850 nam
1792 2804 1848 2849 et
1874 2795 2004 2849 alibi

2108 576 2234 643 μίαν
2269 574 2633 637 συστέλλειεν,
2680 577 2773 625 καὶ
2800 575 2891 625 τὸν
2920 574 3141 644 Πατέρα
3176 574 3269 626 τοῦ
3298 572 3431 625 Υἱοῦ
3460 572 3683 638 θέμενος

2104 671 2304 730 αἰτίαν,
2354 666 2452 721 εἶτ’
2500 667 2560 731 ἐξ
2589 669 2795 737 ἀμφοῖν
2835 670 2979 721 εῐποι
3012 668 3262 738 προϊέναι
3298 666 3359 718 τὸ
3411 664 3636 733 Πνεῦμα
3666 680 3680 727 ;

2105 770 2275 835 Δῆλον
2301 764 2375 826 ὼς
2395 761 2652 831 οἰμώξεις
2684 762 2760 832 (l)
2805 761 2958 831 παρὰ
2997 762 3126 830 μίαν
3160 759 3428 830 γραμμὴν
3468 757 3683 810 ἀπολω-

2105 859 2279 918 λεκὼς
2311 857 2371 909 τὸ
2403 856 2499 907 καὶ
2525 858 2850 923 γεωμέτρης
2889 856 3000 916 τοῖς
3031 853 3271 923 ἀμαθέσι
3308 853 3507 905 δοκεῖ-ι.
3546 850 3685 902 Καί-

2106 970 2192 1005 τοι
2228 951 2387 1003 τοῦτο
2451 949 2546 1001 καὶ
2596 950 2707 1009 τοῖς
2756 945 3101 1009 διδασκάλοις
3145 946 3348 1013 μᾶλλον
3394 945 3683 1012 ὁμόλογον.

2109 1042 2313 1107 Μονὰς
2338 1042 2465 1108 γὰρ,
2498 1041 2664 1109 φησὶν
2682 1042 2709 1092 ό
2732 1038 2982 1105 θεολόγος
3016 1038 3336 1106 Γρηγόριος,
3360 1037 3462 1091 ἀπ’
3491 1035 3686 1103 ἀρχῆς

2104 1135 2193 1197 εἰς
2220 1132 2415 1186 δυάδα
2446 1131 2761 1198 κινηθεῖσα
2796 1131 2980 1199 μέχρι
3016 1129 3259 1197 Τριάδος
3286 1128 3433 1193 ἔστη
3462 1126 3538 1195 (2)
3567 1143 3579 1155 ·
3608 1126 3687 1187 ὡς

2107 1224 2267 1294 δῆλον
2297 1219 2458 1287 εἶναι,
2492 1224 2567 1286 ὡς
2598 1223 2690 1276 ἐπὶ
2746 1224 2874 1292 μιᾶς
2904 1222 3171 1291 γραμμῆς
3203 1220 3369 1275 αὐτὸν
3402 1220 3502 1286 τὴν
3535 1220 3690 1287 κίνη-

2110 1334 2194 1369 σιν
2225 1315 2430 1385 ταύτην
2462 1316 2892 1386 τεθεωρηκέναι.
2938 1317 3136 1385 Φήσει;
3170 1316 3323 1379 ἴσως,
3360 1314 3435 1375 ὡς
3468 1312 3690 1381 ἀνώμα-

2108 1408 2198 1471 λος
2231 1411 2263 1479 ἡ
2306 1410 2555 1479 ἐνέργεια
2586 1410 2759 1475 ἔσται,
2797 1410 2888 1461 καὶ
2925 1408 3192 1477 μεέζωνή
3230 1408 3292 1458 ἐκ
3336 1405 3551 1472 Πατρός
3583 1406 3679 1457 καὶ

2111 1501 2240 1554 Υἱοῦ
2278 1502 2412 1572 πρὸς
2432 1502 2492 1553 τὺ
2523 1502 2745 1571 Πνεῦμα
2773 1504 2873 1571 τῆς
2903 1504 2967 1555 ἐκ
2998 1502 3209 1572 Πατρδς
3231 1501 3365 1569 πρὶς
3384 1500 3533 1565 Υίδν,
3561 1500 3687 1570 ή(“5)

2111 1592 2169 1657 ἐξ
2203 1594 2405 1662 ἀμφοῖν
2443 1596 2580 1665 πρὸς
2604 1594 2665 1646 τὸ
2704 1594 2931 1663 Πνεῦμα
2960 1595 3061 1662 τῆς
3095 1597 3157 1646 ἐκ
3187 1593 3419 1661 θατέρου
3462 1591 3597 1660 πρὸς
3630 1593 3691 1642 τὸ

2110 1685 2241 1740 αὐτὸ
2282 1687 2525 1755 Πνεῦμα,
2575 1684 2763 1756 ὥσπερ
2802 1689 2945 1748 τινὸς
2994 1685 3089 1756 ῥοὴ
3144 1683 3392 1753 ποταμοῦ
3429 1686 3523 1736 καὶ
3556 1684 3685 1736 ἄλλο

2113 1781 2293 1849 ῥεῦμα
2323 1782 2380 1833 ὲν
2416 1780 2494 1850 τῷ
2528 1784 2679 1850 μέσῳ
2710 1779 3157 1849 προσλαϐομένου
3185 1792 3199 1807 ⁸
3232 1778 3329 1830 καὶ
3356 1778 3463 1845 γὰρ
3496 1775 3690 1828 ἄλλοτε
3742 1816 3745 1819 ν

2040 1842 2081 1896 Β
2110 1842 2260 1926 τοῦτ’
2293 1842 2477 1943 ἔφης..
2501 1842 2666 1927 ’Ᾰλλάὶ
2690 1842 2773 1924 σοι
2809 1872 2906 1940 μὲν
2937 1842 3107 1924 ταῦτα
3135 1870 3313 1938 λέγειν
3341 1842 3574 1937 ἁρμόζει
3603 1869 3689 1918 οι-

2111 1966 2200 2020 δὲν
2230 1964 2563 2035 ὑψηλότερον
2591 1966 2732 2018 νοεῖν
2764 1963 3070 2033 δυναμένῳ,
3108 1965 3218 2026 τοῖς
3247 1961 3302 2014 δὲ
3354 1962 3690 2028 σωματικοῖς

2114 2058 2509 2127 ὲναπομένοντι
2543 2057 2705 2125 μόνον
2730 2070 2743 2085 ⁸
2771 2057 2936 2124 ἡμεῖς
2957 2054 3001 2105 δ’
3027 2052 3062 2107 ἃ
3091 2054 3227 2124 προς
3259 2054 3442 2105 ἐκεῖνα
3469 2052 3691 2120 εἰρήκα-

2115 2168 2238 2221 μεν,
2273 2152 2364 2202 καὶ
2406 2151 2541 2221 πρὸς
2582 2148 2760 2201 ταῦτα
2791 2147 3179 2215 ἀντιθήσομεν,
3228 2144 3324 2198 καὶ
3354 2146 3455 2214 τὴν
3482 2144 3545 2196 ἑκ
3575 2142 3685 2194 Πα-

2111 2244 2240 2313 "cpe;
2276 2242 2407 2296 Υίοῦ
2435 2242 2692 2312 γέννησιν
2728 2240 2851 2293 οὔτε
2893 2242 3069 2309 μείζω
3106 2239 3232 2292 οὔτε
3264 2239 3475 2291 ἐλάττω
3502 2236 3599 2306 τῆς
3625 2236 3689 2288 ἐκ

2113 2336 2328 2405 Πατρός
2361 2336 2453 2388 καὶ
2483 2333 2614 2386 Υίοῦ
2644 2333 2738 2388 τοῦ
2766 2333 3091 2402 Πνεύματος
3137 2329 3368 2400 προόδοῦ
3399 2330 3645 2397 φήσομεν
3669 2365 3687 2393 ,

2115 2427 2229 2480 ἀλλ’
2262 2428 2431 2496 ἄμφω
2474 2428 2706 2493 τελείας,
2738 2428 2836 2497 τήν
2879 2428 2927 2478 τ’
2959 2427 3021 2479 ὲκ
3052 2425 3263 2495 Πατρδς
3298 2424 3394 2475 καὶ
3425 2420 3555 2475 Υἱοῦ
3593 2419 3686 2473 τοῦ

2116 2519 2433 2589 Πνεύματος
2492 2522 2822 2591 ἑκπόρευσιν
2867 2521 2967 2590 τὴν
3023 2519 3195 2588 αὐτὴν
3229 2519 3322 2571 καὶ
3369 2518 3497 2587 μίαν
3530 2516 3595 2584 τῇ
3623 2514 3686 2565 ὲκ

2115 2613 2328 2681 Πατρός
2360 2614 2392 2683 ἢ
2437 2614 2513 2684 (4)
2548 2613 2677 2666 Υίοῦ
2721 2612 3050 2682 ἔκπορεύσει
3084 2611 3181 2665 τοῦ
3226 2609 3392 2665 αὑτοῦ
3430 2606 3687 2674 Πνεῦμα-

2113 2724 2224 2769 τος.
2259 2708 2367 2760 Καὶ
2396 2708 2446 2759 oi
2485 2706 2636 2774 λόγοι
2666 2706 2928 2769 πολλάκις
2964 2704 3247 2775 εἰρημένοι
3280 2704 3470 2775 ημᾴτην
3508 2699 3574 2753 ἂν
3604 2702 3691 2753 ὲν·-

2114 2800 2215 2850 ταῦ
2224 2798 2293 2851 θα
2321 2798 2581 2866 λέγοιντο.

428 2892 535 2946 lioc
569 2891 812 2945 dicebas.
848 2892 1045 2947 Verum
1100 2898 1152 2944 te
1182 2889 1410 2959 quidem
1471 2889 1632 2944 decet
1703 2889 1807 2944 ista
1873 2888 2083 2955 dicere,
2125 2892 2220 2960 qui
2274 2892 2410 2945 nihil
2449 2893 2742 2948 sublimius
2801 2894 3041 2964 cogitare
3070 2902 3262 2963 potes,
3302 2890 3402 2947 sed
3434 2904 3691 2959 corpora-

356 2991 370 3006 '
426 2985 574 3039 libus
609 2983 873 3066 duntaxat
905 2982 1070 3037 rebus
1114 2982 1383 3047 inhaeres;
1416 2998 1519 3037 nos
1550 2991 1733 3037 autem
1800 2997 1923 3052 quae
1995 2983 2066 3038 ad
2131 2985 2221 3038 illa
2274 2984 2517 3040 diximus
2563 2988 2727 3041 etiam
2784 2988 2934 3043 hisce
2988 3001 3329 3057 opponemus
3382 2996 3439 3042 et
3473 2985 3595 3041 Filii
3622 3000 3691 3041 ex

429 3076 593 3130 Patre
646 3077 1061 3145 generationem
1109 3089 1290 3144 neque
1316 3076 1577 3145 majorem
1644 3089 1825 3145 neque
1890 3077 2161 3132 minorem
2218 3077 2458 3148 Spiritus
2502 3082 2676 3135 sancti
2743 3096 2810 3135 ex
2844 3081 3002 3135 l‘atre
3040 3081 3290 3151 Filioque
3341 3080 3689 3151 processione

430 3165 700 3231 dicemus,
764 3166 861 3220 sed
916 3174 1203 3235 utramque
1266 3165 1566 3235 perfectam
1642 3174 1700 3222 et
1765 3169 2178 3239 processionem
2238 3173 2419 3227 sancti
2480 3172 2720 3241 Spiritus
2782 3188 2847 3227 ex
2874 3173 3039 3227 Patre
3104 3184 3159 3229 et
3188 3175 3327 3229 Filio
3356 3189 3517 3229 uuam
3540 3188 3689 3228 eam-

429 3261 667 3329 demque
722 3276 844 3316 esse
894 3275 1019 3315 cum
1070 3262 1315 3332 ejusdem
1376 3262 1619 3332 Spiritus
1673 3265 1851 3320 sancti
1915 3267 2268 3333 processione
2321 3283 2389 3323 ex
2448 3269 2609 3324 Patre
2652 3271 2735 3325 vel
2769 3286 2837 3325 ex
2892 3267 3053 3325 Filio.
3112 3272 3180 3327 Et
3208 3273 3449 3328 ratiOues
3515 3283 3687 3341 sarpe-

430 3373 663 3412 numero
732 3357 959 3427 prolata:
1020 3357 1223 3413 frustra
1294 3359 1401 3413 hoc
1470 3360 1594 3415 loco
1669 3370 2084 3431 repeterentur.

748 3476 994 3531 EPHES.
1048 3476 1201 3531 CAP.
1256 3476 1373 3533 XVI
1407 3476 1694 3549 (xxxm.)

495 3593 842 3663 lnterrogant
890 3609 1011 3659 nos,
1064 3594 1156 3662 qui
1216 3609 1339 3648 cum
1393 3593 1603 3649 Latinis
1642 3593 1907 3657 sentiunt,
1941 3608 2011 3648 an

430 3706 556 3744 cum
592 3704 688 3743 sua
719 3688 926 3742 virtute
951 3696 1007 3742 et
1047 3687 1320 3756 sapientia
1356 3686 1516 3740 Pater
1574 3685 1844 3755 Spiritum
1878 3702 2011 3741 san-

430 3797 577 3838 ttum
616 3781 905 3852 producat,
962 3796 1028 3835 an
1074 3780 1194 3836 sine
1251 3779 1518 3847 sapientia
1588 3786 1643 3833 et
1722 3778 1841 3833 sine
1896 3779 2011 3832 vir-

434 3882 569 3938 tute,
605 3874 684 3944 (a)
726 3883 784 3928 ut
812 3874 858 3928 si
886 3874 1119 3928 alterum
1162 3874 1433 3943 fugientes
1472 3872 1631 3942 prius
1663 3872 2010 3942 responderi-

430 3981 575 4030 mus,
623 3982 724 4021 nos
770 3967 835 4020 ad
876 3980 1028 4019 suam
1061 3965 1306 4034 ipsorum
1358 3963 1581 4034 adigant
1643 3964 1997 4029 sententiam,

433 4060 719 4123 nimirum,
787 4058 833 4113 si
866 4059 1134 4128 sapientia
1198 4068 1253 4113 et
1283 4057 1459 4113 virtus
1496 4057 1670 4112 Patris
1704 4067 1787 4112 est
1816 4058 2008 4123 Filius,

431 4170 552 4207 cum
576 4153 715 4207 Filio
734 4168 863 4222 ergo
889 4152 1097 4205 Patrem
1122 4151 1427 4221 producere
1443 4150 1706 4220 Spiritum
1730 4162 2006 4218 sanctum,

435 4257 491 4300 et
523 4263 631 4301 non
655 4247 831 4300 solum
864 4246 1071 4314 ipsum.
1095 4242 1283 4313 Itaque
1315 4242 1529 4296 Patrem
1557 4258 1681 4297 cum
1717 4243 1855 4297 Filio
1883 4260 2009 4314 pro-

434 4341 640 4393 ducere
684 4337 947 4406 Spiritum
1004 4346 1278 4401 sanctum,
1315 4335 1433 4389 sive
1468 4351 1591 4389 cum
1650 4334 1849 4401 Verbo,
1881 4353 2006 4393 cum

432 4432 728 4502 sapientia,
787 4438 843 4485 et
882 4430 1110 4493 virtute,
1142 4444 1320 4497 neque
1374 4443 1474 4483 nos
1510 4428 1727 4483 inficias
1761 4430 2005 4497 ibimus;

430 4542 555 4580 nam
620 4523 780 4578 simul
837 4538 961 4577 cum
1022 4518 1199 4575 Verbo
1263 4519 1445 4589 prodit
1496 4520 1735 4591 Spiritus
1759 4534 2004 4591 sanctus,

431 4616 733 4670 secundum
772 4613 929 4666 divos
962 4612 1170 4675 Patres,
1210 4620 1264 4666 et
1287 4627 1411 4666 eum
1439 4614 1736 4669 comitatur
1763 4626 1817 4670 et
1847 4628 2005 4685 pate-

430 4710 580 4771 facit,
652 4716 705 4760 et
733 4722 911 4775 neque
942 4705 1180 4760 Verbqu
1216 4718 1301 4758 cst
1332 4706 1540 4774 absque
1565 4704 1797 4775 Spiritu,
1825 4725 2004 4782 neque

2036 3487 2085 3550 (ἶ

2447 3480 2715 3535 scissor
2753 3482 2910 3536 ttae.
2941 3479 3034 3551 ις’
3060 3481 3209 3555 (KF’)
3241 3483 3338 3554 (5).

2200 3596 2507 3667 Ἑρωτῶσιν
2560 3597 2707 3667 ἡμᾶς
2752 3597 2802 3649 οι
2848 3598 2916 3651 τὰ
2965 3596 3210 3651 Λατίνων
3255 3600 3603 3668 φρονοῦντες,
3635 3604 3684 3657 εί

2118 3694 2256 3759 μετὰ
2278 3692 2373 3759 τῆς
2403 3690 2601 3744 ἑαυτοῦ
2626 3692 2906 3760 δυνάμεως
2932 3694 3025 3744 καὶ
3051 3694 3247 3760 σοφίας
3280 3696 3308 3747 ό
3334 3694 3523 3765 Πατὴρ
3550 3713 3685 3766 προ-

2115 3782 2301 3834 ϐάλλει
2358 3783 2419 3834 τὸ
2451 3781 2674 3852 Πνεῦμα
2710 3782 2771 3835 τὸ
2828 3783 3004 3851 ἅγιον,
3033 3784 3065 3857 ἢ
3124 3786 3343 3855 ἀσόφως
3372 3789 3468 3842 καὶ
3492 3790 3686 3844 ἀδυνὰ-

2113 3896 2240 3940 τως,
2278 3875 2347 3928 ἵν’
2379 3877 2426 3929 εὶ
2458 3876 2807 3951 τδοδεύτερον
2858 3877 3158 3946 φεύγοντες
3189 3880 3249 3932 τὸ
3288 3884 3505 3952 πρῶτον
3550 3886 3686 3937 ἁπο-

2113 3966 2486 4037 κρινούμεθα,
2541 3967 2678 4037 πρὸς
2735 3967 2835 4037 τὴν
2886 3968 3097 4020 ἑαυτῶν
3153 3970 3299 4039 ἡμᾶς
3354 3972 3684 4040 ὰπαγάγωσι

2111 4058 2291 4123 δόξαν,
2322 4058 2410 4110 ὅτι
2440 4059 2489 4110 εί
2531 4058 2696 4127 σοφία
2725 4060 2819 4109 καί
2853 4056 3083 4124 δύναμις
3111 4060 3205 4111 τοῦ
3246 4061 3459 4130 Πατρός
3488 4063 3635 4115 ἐστιν
3658 4064 3685 4114 ό

2118 4148 2239 4209 Υἱὸς
2272 4147 2369 4217 (6),
2405 4153 2545 4217 μετά
2576 4147 2669 4201 τοῦ
2715 4147 2845 4201 Υἱοῦ
2890 4148 2999 4219 ἄρα
3029 4149 3325 4218 προϐάλλει
3360 4151 3420 4203 τὸ
3461 4151 3685 4222 Πνεῦμα

2109 4240 2169 4293 τὸ
2199 4239 2354 4308 ἅγιον
2384 4243 2411 4293 ό
2459 4240 2671 4311 Πατὴρ,
2712 4241 2805 4292 καὶ
2855 4241 2913 4293 οὺ
2961 4240 3122 4310 μόνος
3157 4241 3343 4304 αὑτός.
3394 4243 3517 4295 Ὀτι
3584 4246 3685 4313 μὲν

2109 4329 2202 4387 οῦν
2236 4333 2376 4402 μετὰ
2412 4334 2507 4385 τοῦ
2538 4332 2667 4385 Υἱοῦ
2698 4332 2989 4402 προϐάλλει
3026 4334 3086 4385 τὸ
3128 4332 3351 4402 Πνεῦμα
3381 4334 3441 4387 τὸ
3472 4334 3630 4403 ἅγιον
3656 4337 3684 4388 ό

2112 4428 2324 4497 Πατὴρ,
2370 4427 2546 4479 εἴτουν
2581 4426 2718 4495 μετὰ
2753 4428 2844 4479 τοῦ
2881 4426 3043 4495 λόγου
3093 4426 3187 4479 καὶ
3222 4428 3322 4495 τῆς
3358 4430 3553 4497 σοφίας
3588 4429 3685 4481 καὶ

2108 4523 2207 4589 τῆς
2236 4520 2541 4587 δυνάμεως,
2580 4518 2688 4571 οὐδ’
2720 4520 2879 4589 ἡμεῖς
2924 4519 3275 4588 ἀρνησόμεθα
3304 4536 3318 4551 ⁸
3350 4523 3683 4590 συμπρόεισι

2108 4616 2216 4683 γὰρ
2244 4613 2318 4683 τῷ
2345 4614 2504 4680 Λόγῳ
2530 4611 2589 4662 τὸ
2622 4611 2845 4681 Πνεῦμα
2875 4613 2932 4666 τὸ
2978 4612 3131 4681 ἅγιον
3163 4614 3304 4666 κατὰ
3340 4614 3465 4677 τοὺς
3497 4614 3675 4678 θείους

2110 4706 2355 4774 Πατέρας
2392 4703 2491 4774 (7),
2534 4705 2628 4756 καὶ
2664 4707 3126 4775 συμπαρομαρτεῖ
3167 4706 3261 4757 καὶ
3292 4708 3681 4774 συναναφαίνει

432 4800 669 4868 Spiritus
700 4800 882 4867 prodit
906 4797 1022 4850 sine
1056 4795 1255 4849 Verbo.
1310 4795 1511 4850 Verum
1565 4799 1846 4855 enimvero
1892 4819 2002 4857 non

2111 4801 2291 4865 αὐτὸν,
2334 4803 2426 4853 καὶ
2455 4799 2581 4852 οῦτε
2612 4800 2782 4867 Λόγος
2823 4800 2971 4851 ἐστὶν
3014 4800 3143 4853 ἄνευ
3178 4799 3523 4869 Πνεύματος,
3557 4800 3680 4852 οὔτε

428 4906 553 4943 eum
578 4890 629 4942 in
664 4889 908 4953 modum,
952 4899 1010 4943 ut
1043 4887 1215 4942 Filius
1249 4901 1470 4956 quoque
1528 4902 1690 4942 causa
1727 4892 1798 4944 sit
1847 4893 2001 4947 exsi-

430 4985 648 5035 stentia:
689 4981 932 5051 Spiritus
987 4980 1184 5043 sancti,
1232 4979 1390 5035 sicuti
1440 4995 1616 5050 neque
1650 4983 1891 5052 Spiritus
1920 4994 2007 5040 est

430 5075 551 5129 Filii
575 5090 735 5128 causa
767 5091 781 5140 ;
811 5090 931 5143 qua:
969 5073 1118 5126 enim
1156 5072 1315 5126 simul
1342 5081 1398 5127 et
1430 5073 1734 5127 secundum
1764 5076 1907 5130 idem
1933 5093 2000 5133 ex

429 5170 685 5241 quopiam
747 5169 1043 5238 prodeunt,
1067 5167 1234 5222 etiam
1276 5166 1381 5222 sibi
1435 5166 1501 5221 ad
1543 5166 1777 5225 invicem
1805 5185 2002 5226 causas

498 5330 580 5398 (Ι)
616 5330 784 5383 Marc.
820 5328 859 5381 f.
889 5326 956 5381 86
990 5342 1020 5379 a
1066 5343 1080 5378 :
1124 5325 1390 5398 οἰμώξαςι

498 5394 572 5471 (2)
613 5400 934 5469 Gregn‘iaz.
976 5407 1118 5451 orat.
1148 5398 1238 5460 '55,
1296 5412 1351 5465 p.
1378 5396 1503 5463 562,
1541 5398 1631 5454 ed.
1655 5394 1775 5451 Bill.
1815 5397 1994 5467 (Nunc

426 5484 568 5526 orat.
607 5472 719 5537 :9).

498 5544 573 5613 (5)
618 5546 649 5613 η
681 5540 1009 5595 addendum.

495 5680 573 5748 (α)
606 5680 735 5742 Qua:
789 5680 1174 5740 Damascenus,
1235 5677 1307 5730 De
1366 5677 1469 5731 fide
1502 5676 1839 5737 orthodoxa,
1874 5690 1994 5748 t,_c.

427 5750 479 5802 6.
507 5746 563 5811 ‘7,
594 5759 857 5815 disputat,
885 5766 989 5799 nun
1041 5763 1231 5814 parum
1279 5753 1381 5799 hut-
1446 5751 1734 5805 faciebant.
1767 5758 1828 5799 ut
1872 5746 1996 5798 talis

428 5822 576 5873 iict‘cl
614 5828 861 5888 qu.e:tto;
898 5824 985 5870 ubi
1017 5830 1195 5870 tamen
1232 5818 1518 5886 διψέέηίίιι,
1548 5835 1665 5887 qua:
1699 5816 1990 5887 personali-

2107 4895 2166 4945 τὸ
2207 4892 2435 4962 Πνεῦμα
2474 4892 2724 4962 πρόεισιν
2755 4891 2885 4945 ἄνευ
2914 4891 3008 4943 τοῦ
3038 4892 3237 4959 Λόγου.
3270 4892 3420 4961 Πλὴν
3446 4891 3543 4960 οὐχ
3586 4889 3681 4943 οῦ-

2105 5002 2232 5049 τως,
2267 4984 2409 5038 ὥστε
2462 4986 2553 5036 καὶ
2596 4984 2686 5036 τὸν
2720 4982 2849 5035 Υίὺν
2879 4983 3053 5035 αἴτιον
3099 4983 3196 5050 τῆς
3225 4982 3318 5035 τοῦ
3363 4983 3681 5050 Πνεύματος

2106 5076 2391 5147 ὑπάρξεως
2421 5074 2585 5142 εἶναι,
2622 5076 2871 5145 καθάπερ
2897 5075 3017 5127 οὐδὲ
3045 5076 3105 5126 τὸ
3138 5075 3362 5145 Πνεῦμα
3404 5073 3498 5127 τοῦ
3550 5073 3679 5127 Υἱοῦ

2105 5172 2275 5223 αἴτιον
2298 5185 2310 5198 θ
2339 5170 2407 5223 τὰ
2436 5172 2546 5238 γὰρ
2568 5168 2704 5239 ὁμοῦ
2742 5170 2882 5223 κατὰ
2915 5167 3113 5222 ταυτὸν
3144 5166 3209 5221 ἐκ
3243 5184 3389 5232 τινος
3418 5167 3681 5238 προϊόντα

2176 5326 2252 5396 (ιι)
2278 5326 2452 5380 Codd.
2493 5325 2609 5380 καί.

2175 5395 2250 5468 (5)
2281 5397 2338 5450 ln
2367 5398 2506 5450 Men.
2534 5397 2640 5450 256
2672 5397 2709 5450 f.
2748 5396 2853 5452 502
2888 5399 2941 5462 b,
2966 5406 3053 5451 est
3077 5411 3198 5465 cap.
3230 5395 3320 5451 '54.

2176 5470 2255 5536 ιϐ)
2286 5469 2303 5522 Ι
2336 5468 2464 5522 Cor.
2505 5484 2540 5533 I,
2575 5470 2665 5530 50,
2696 5468 2787 5521 24.

2176 5535 2252 5609 (7)
2282 5540 2423 5593 Mon.
2450 5538 2574 5593 ‘256.
2626 5540 2675 5591 0.
2716 5542 2853 5593 Πατ.
2889 5539 2949 5590 τὸ
2982 5535 3208 5606 Πνεῦμα
3234 5535 3295 5589 τὸ
3328 5535 3506 5605 ἅγιον.

2110 5690 2187 5733 ter
2214 5679 2468 5739 sumitur,
2496 5692 2522 5729 a
2550 5676 2825 5745 Sapientia
2857 5672 3222 5730 essentialiter
3246 5681 3466 5741 accepta
3495 5672 3679 5727 omni-

2109 5766 2179 5803 no
2211 5747 2466 5817 distingui
2499 5748 2679 5811 debet,
2716 5756 2775 5801 ut
2804 5745 2941 5801 infra
2970 5758 3188 5814 quoque
3220 5754 3460 5798 notatur.
