4124 6434
331 333 438 396 ΞΞὸ

1362 335 1816 400 REFUTATIO
1856 337 2100 398 MARCI
2156 335 2548 404 EPHESINI.

3477 333 3583 394 aras

333 459 428 513 καὶ
453 457 702 528 ἀλλήλων
731 458 878 512 σίτια
904 452 1044 512 εἶναι
1075 457 1333 514 ἀδύνατον
1358 475 1372 490 ·
1403 462 1468 512 οὐ
1491 461 1668 514 τοίνυν
1696 461 1744 512 εί
1779 459 1914 530 μετὰ

2031 474 2138 515 esse
2163 459 2503 530 impossibile
2535 467 2636 514 est.
2692 457 2832 524 NotL
2849 473 2976 528 ergo
3004 472 3226 514 necesse
3261 467 3366 520 est,
3397 457 3441 512 si
3465 473 3584 509 cum

330 550 427 603 τοῦ
479 549 612 602 Υίοῦ
649 549 729 620 (1)
782 551 1022 619 πρόεισι,
1073 550 1168 602 καὶ
1214 552 1278 603 ὲκ
1331 549 1427 604 τοῦ
1483 549 1614 602 Υίοῦ
1660 551 1912 620 προϊέναι

331 643 548 710 ἀνάγκη
579 643 638 696 τὸ
669 641 894 712 Πνεῦμα
923 643 985 696 τὸ
1016 643 1175 707 ἅγιον
1197 661 1210 674 ·
1246 645 1294 696 εί
1324 643 1382 696 δὲ
1413 643 1507 714 μὴ,
1539 641 1647 696 τῶν
1679 644 1913 713 κτισμά-

329 752 441 788 των
470 734 625 788 οῦδὲν
653 735 847 788 διοίσει
877 735 985 788 τῶν
1012 735 1100 788 διὰ
1129 735 1290 802 λόγου
1319 735 1454 788 Θεοῦ
1492 737 1590 789 καὶ
1629 733 1914 802 δυνάμεως

332 828 430 881 καὶ
458 827 651 896 σοφίας
684 827 1070 896 γεγενημένων
1096 843 1108 857 ·
1141 827 1346 880 Πάντα
1370 827 1500 896 γὰρ,
1533 829 1686 896 φησι,
1709 825 1784 879 δι’
1813 826 1915 879 αὐ-

333 919 442 974 τοῦ
470 919 734 989 ἐγένετο,
768 917 868 972 καί
899 919 1077 988 χωρίς
1108 919 1296 974 αὑτοῦ
1327 919 1563 988 ἐγένετο
1597 917 1739 972 οὐδὲ
1773 917 1845 970 ἐν
1883 918 1915 971 ὂ

337 1012 588 1081 γέγονεν
622 1011 720 1082 (Ξ).
758 1013 822 1064 "0
849 1013 958 1084 ἄρα
999 1011 1075 1082 μὴ
1105 1012 1351 1079 γέγονεν,
1385 1010 1507 1064 οὐδὲ
1549 1009 1617 1064 δι’
1651 1009 1818 1063 αὑτοῦ
1857 1010 1918 1062 τὸ

337 1101 477 1156 εἶναι
511 1103 658 1172 ἔχειν
714 1103 953 1173 ἀνάγκη.
991 1093 1228 1156 Ἔπειτα
1285 1103 1382 1170 οὐχ
1423 1103 1566 1155 οὕτω
1610 1102 1773 1172 σοφία
1824 1103 1920 1156 καὶ

335 1193 564 1264 δύναμις
600 1193 696 1247 τοῦ
730 1194 946 1264 Πατρός
975 1195 1124 1246 ἐστιν
1151 1197 1178 1246 6
1211 1187 1360 1258 Υἰδς,
1391 1193 1465 1256 ὡς
1497 1193 1624 1256 Υἱὸς
1650 1195 1682 1264 ἢ
1713 1193 1916 1259 Λόγος·

339 1288 466 1350 Υἱὸς
504 1288 602 1356 μὲν
636 1291 743 1358 γὰρ
775 1289 872 1340 καὶ
897 1288 1068 1356 Λόγος
1097 1286 1270 1349 οὕτως
1304 1287 1418 1339 ἐστὶ
1461 1287 1554 1338 τοῦ
1587 1286 1818 1355 Πατρδς,
1845 1285 1922 1348 ὡς

343 1383 418 1449 μὴ
449 1381 603 1443 ὄντος
633 1379 802 1435 αὐτοῦ
847 1380 976 1433 Υίοῦ
1007 1380 1144 1450 μηδὲ
1181 1379 1356 1447 Λόγου
1389 1377 1549 1448 (πρὸς
1574 1379 1664 1430 τὸν
1701 1379 1924 1448 Πατέρα

339 1474 448 1542 γὰρ
477 1477 504 1525 6
535 1473 663 1536 Υἱὸς
697 1473 1034 1543 ἀναφέρεται
1071 1473 1168 1526 καὶ
1203 1474 1342 1544 πρὸς
1373 1473 1464 1524 τὸν
1496 1471 1724 1542 λέγοντα
1753 1473 1780 1524 6
1814 1472 1922 1525 Λό-

338 1565 458 1636 γος)
481 1583 495 1597 ·
541 1566 704 1633 σοφία
734 1566 790 1617 δὲ
825 1566 920 1618 καὶ
950 1565 1182 1633 δύναμις
1209 1563 1386 1628 οὕτως
1413 1565 1530 1618 ἐστὶ
1561 1565 1654 1618 τοῦ
1685 1565 1922 1634 Πατρδς,

337 1658 414 1720 ὡς
447 1658 540 1711 καὶ
597 1657 762 1711 αὑτοῦ
795 1657 986 1726 σοφίας
1043 1659 1138 1711 καὶ
1183 1657 1476 1727 δυνάμεως
1523 1658 1696 1724 ὄντος,
1731 1659 1827 1710 καὶ
1861 1657 1922 1710 οὐ

343 1749 510 1816 σοφοῦ
543 1749 636 1800 καὶ
681 1748 913 1801 δυνατοῦ
958 1749 1122 1816 μόνου
1152 1763 1164 1776 ·
1199 1752 1363 1817 σοφία
1399 1748 1507 1818 γάρ
1544 1750 1693 1801 ἐστιν
1738 1750 1803 1802 ἐκ
1834 1765 1925 1801 σο-

341 1842 476 1910 φίας
513 1841 624 1894 ’καὶ
671 1841 902 1910 δύναμις
957 1844 1021 1894 ὲκ
1081 1841 1394 1912 δυνάμεως,
1449 1840 1640 1911 ὥσπερ
1679 1841 1812 1905 Θεὸς
1857 1844 1922 1896 ὲκ

342 1934 502 1998 Θεοῦ,
537 1935 632 1986 καὶ
689 1933 804 2002 φῶς
837 1937 900 1986 ὲκ
941 1933 1162 2001 φωτός·
1217 1933 1434 2003 λέγεται
1467 1933 1525 1986 δὲ
1574 1933 1670 1986 τοῦ
1713 1934 1923 2004 Πατρὸς

346 2025 510 2093 σοφία
549 2027 645 2078 καὶ
701 2024 956 2094 δύναμις,
990 2026 1066 2087 ὡς
1115 2025 1244 2094 ὃλην
1277 2025 1444 2079 αὐτοῦ
1471 2026 1572 2096 τὴν
1607 2026 1800 2094 σοφίαν
1830 2027 1925 2078 καὶ

343 2117 580 2185 δύναμιν
612 2117 775 2188 ἔχων,
815 2117 890 2181 ὡς
936 2116 1004 2170 ἂν
1033 2118 1198 2170 είκὼν
1237 2117 1574 2187 ἀρχετύπου.
1637 2116 1798 2169 Ἀλλὰ
1831 2116 1927 2170 κα)⁵

345 2211 406 2264 τὸ
447 2211 672 2280 Πνεῦμα
695 2212 754 2263 τὸ
786 2211 944 2278 ἆγιον
969 2209 1121 2263 οὐδὲν
1147 2205 1310 2283 ἦττον
1343 2209 1507 2277 σοφία
1531 2209 1626 2262 καὶ
1655 2209 1886 2279 δύναμις
1910 2225 1926 2242 ο

348 2303 446 2356 καὶ
475 2302 635 2356 τοῦτο
667 2303 846 2366 οὐδεὶς
883 2304 1105 2372 ἀντερεῖ
1134 2303 1243 2355 τῶν
1273 2303 1370 2364 τὰς
1403 2303 1627 2372 Γραφὰς
1661 2303 1882 2355 εἰδότων
1909 2321 1926 2336 ο

348 2393 446 2444 καὶ
477 2394 558 2445 ὅτι
593 2395 748 2446 κοινὰ.
775 2395 868 2448 καὶ
898 2394 1134 2464 οὺσιὼδη
1153 2393 1263 2448 τῶν
1297 2394 1457 2448 θείων
1479 2394 1587 2447 εἰσι
1623 2397 1929 2460 προσώπων

347 2485 521 2538 ταῦτα
551 2485 626 2556 (5)
651 2487 718 2538 τὰ
749 2487 1012 2556 ὀνόματα,
1040 2489 1136 2541 καὶ
1165 2488 1192 2540 6
1227 2487 1370 2552 Θείος
1401 2488 1456 2540 δὲ
1483 2489 1849 2556 Αὐγουστῖνος
1871 2491 1930 2542 ἐν

348 2579 428 2648 τῷ
458 2578 588 2648 περὶ
629 2577 856 2648 Τριάδος
907 2579 1099 2650 βιϐλίῳ
1149 2579 1362 2642 τούτοις
1413 2583 1832 2650 συμμαρτυρείο
1866 2581 1930 2635 Ei

347 2671 530 2724 τοίνυν
564 2675 727 2741 σοφία
777 2672 872 2724 καὶ
907 2671 1140 2740 δύναμις
1186 2672 1250 2725 ἐκ
1287 2673 1476 2742 σοφίας
1507 2675 1602 2728 καὶ
1647 2673 1931 2743 δυνάμεως

349 2766 446 2816 τοῦ
472 2764 684 2834 Πατρός
716 2764 1077 2834 ἐκπορεύεται
1102 2764 1162 2817 τὸ
1189 2763 1414 2834 Πνεῦμα
1445 2765 1505 2817 τὸ
1535 2763 1714 2834 ἅγιον,
1744 2783 1934 2836 περιτ-

351 2857 444 2911 τόν
478 2859 592 2909 ὲστι
631 2859 720 2908 καὶ
772 2857 1004 2925 μάταιον
1033 2859 1270 2928 ἐρωτᾷν,
1307 2859 1356 2910 εί
1392 2859 1537 2927 μετὰ
1591 2859 1690 2925 τῆς
1731 2857 1932 2912 ἑαυτοῦ

353 2951 548 3018 σοφίας
577 2950 671 3002 καὶ
699 2949 983 3018 δυνάμεως
1007 2950 1036 3001 6
1069 2949 1258 3020 Πατὴρ
1293 2951 1586 3020 προϐάλλει
1618 2953 1678 3004 τὸ
1711 2951 1936 3021 Πνεῦμα

351 3039 412 3090 τὸ
438 3041 616 3110 ἅγιον,
647 3041 697 3092 εί
728 3041 800 3110 μή
828 3057 910 3103 τις
937 3041 1069 3094 αὐτὸ
1095 3042 1303 3111 κτίσμα
1331 3041 1573 3112 βούλοιτο
1597 3047 1936 3098 κατασκευά-

2015 548 2157 604 Filio
2188 550 2391 619 prodit;
2415 550 2579 602 etiam
2609 563 2671 601 ex
2697 547 2834 602 Filio
2873 548 3096 618 prodire
3141 549 3407 619 Spiritum
3463 567 3588 604 san-

2016 651 2186 696 ctum.
2219 641 2318 696 Sin
2345 651 2530 696 autem
2563 641 2642 713 (α)
2669 641 2808 695 nihil
2830 641 3050 696 rliﬂ‘crct
3080 657 3108 695 a
3140 642 3428 705 creaturis,
3465 660 3588 713 qua:

2017 749 2115 804 per
2145 733 2238 788 Dei
2277 733 2516 789 Verbum
2547 747 2602 788 et
2641 735 2900 787 virtutem
2940 732 3376 803 sapientiamque
3431 736 3588 790 factm

2017 837 2164 882 sunt.
2191 827 2379 882 Omnia
2391 827 2560 892 enim,
2585 827 2782 896 inquit,
2805 843 2896 896 per
2915 827 3083 894 ipsum
3103 828 3242 896 facta
3255 836 3400 892 sunt,
3415 835 3462 880 et
3479 831 3592 882 sine

2018 926 2127 993 ipso
2146 927 2342 994 factum
2361 933 2432 977 est
2471 923 2620 987 nihil,
2643 923 2780 993 quod
2818 923 3014 992 factum
3054 934 3148 976 est.
3175 924 3328 986 Quod
3349 939 3480 994 ergo
3507 923 3591 978 fa-

2020 1027 2168 1072 ctum
2185 1031 2294 1069 non
2313 1025 2418 1076 est.
2443 1015 2494 1068 id
2521 1029 2697 1084 neque
2716 1029 2812 1082 per
2831 1015 3005 1082 ipsum
3022 1028 3141 1067 esse
3155 1013 3350 1066 habeat
3367 1029 3593 1068 necesse

2021 1120 2126 1163 est.
2163 1107 2371 1162 Deinde
2399 1122 2510 1160 non
2545 1120 2612 1159 eo
2631 1107 2792 1159 modo
2818 1103 2990 1159 Filius
3021 1115 3104 1159 est
3125 1105 3300 1159 Patris
3323 1105 3610 1174 sapientia

2022 1209 2080 1254 et
2113 1199 2312 1261 virtus,
2343 1212 2454 1267 quo
2477 1205 2558 1251 est
2583 1194 2757 1250 Filius
2781 1195 2866 1250 vel
2896 1195 3158 1249 Verbum.
3184 1194 3354 1250 Filius
3371 1198 3516 1249 enim
3538 1207 3595 1251 et

2023 1290 2266 1344 Verbum
2305 1288 2488 1344 Patris
2548 1303 2616 1343 eo
2673 1287 2834 1342 modo
2885 1295 2988 1352 est,
3055 1298 3115 1341 ιιι
3175 1289 3340 1343 Pater
3377 1306 3484 1343 non
3521 1291 3594 1344 sit

2025 1383 2199 1438 Filius
2225 1381 2658 1451 nequeVerbum
2690 1381 2777 1446 (ad
2810 1381 3071 1448 Patrem);
3105 1381 3598 1448 namque'refertur

2027 1475 2200 1531 Filius
2234 1485 2290 1529 et
2320 1474 2384 1528 ad
2420 1473 2696 1528 dicentem
2751 1471 3056 1540 Verbum);
3110 1473 3376 1540 sapientia
3413 1485 3594 1528 autem

2027 1581 2081 1624 et
2108 1569 2282 1623 virtus
2331 1565 2410 1620 sic
2437 1573 2521 1620 est
2549 1565 2746 1630 Patris,
2767 1575 2827 1618 ut
2856 1572 2912 1617 ct
2947 1563 3060 1632 ipse
3090 1562 3248 1618 Pater
3275 1565 3347 1618 sit
3383 1566 3600 1634 sapien-

2029 1662 2102 1716 tia
2153 1669 2210 1716 et
2265 1660 2462 1725 virtus,
2521 1666 2576 1712 et
2643 1673 2752 1710 non
2813 1656 2989 1711 solum
3050 1655 3270 1724 sapiens
3346 1665 3402 1711 et
3483 1658 3598 1711 vir-

2030 1765 2164 1814 tute,
2203 1753 2481 1822 prenditus.
2535 1747 2816 1819 Sapientia
2893 1749 3040 1803 enim
3077 1758 3162 1802 est
3201 1763 3266 1802 ex
3327 1748 3598 1818 sapientia

2024 1856 2081 1902 et
2107 1847 2282 1900 virtus
2333 1859 2401 1898 cx
2438 1843 2665 1907 virtute,
2701 1840 2844 1896 sicut
2894 1840 3038 1894 Deus
3070 1855 3138 1894 ex
3185 1840 3295 1895 Deo
3327 1851 3382 1894 et
3412 1841 3597 1896 lumen

2025 1956 2092 1996 ex
2123 1940 2331 1994 lumine
2357 1937 2466 2008 (b);
2502 1938 2705 1992 dicitur
2765 1945 2947 1991 autem
3010 1912 3200 1992 Patris.
3241 1923 3506 2006 sapientia
3546 1947 3603 1992 et

2025 2033 2202 2086 virtus
2235 2039 2487 2099 tanquam
2521 2037 2689 2082 totam
2743 2027 2861 2098 ejus
2895 2027 3215 2097 sapientiam
3253 2036 3309 2081 et
3341 2031 3600 2082 virtutem

2029 2124 2339 2196 possidens,
2390 2123 2534 2178 sicut
2584 2123 2762 2191 imago
2808 2120 3152 2190 exemplaris.
3206 2119 3311 2176 Sed
3370 2129 3426 2174 et
3481 2119 3604 2190 Spi-

2030 2217 2170 2270 ritus
2192 2224 2414 2270 sanctus
2450 2213 2809 2268 nihilominus
2869 2213 3138 2282 sapientia
3173 2221 3228 2268 et
3273 2213 3444 2269 virtus
3478 2225 3601 2282 est;

2029 2315 2084 2360 et
2139 2307 2245 2359 hoc
2292 2319 2454 2359 nemo
2503 2303 2916 2372 Scripturarum
2967 2317 3168 2370 gnarus
3215 2304 3455 2374 negabit.
3503 2303 3606 2357 At-

2031 2411 2138 2466 que
2170 2395 2478 2450 communia
2506 2393 2892 2450 etessentialia
2915 2395 3220 2449 divinarum
3247 2411 3605 2465 personarum

2032 2503 2153 2543 esse
2180 2488 2296 2543 haec
2323 2487 2566 2550 nomina,
2606 2488 2773 2542 etiam
2799 2487 2959 2541 divus
2981 2488 3317 2556 Augustinus
3341 2503 3505 2556 Opere
3539 2490 3607 2542 de

2032 2582 2302 2637 Trinitate
2334 2582 2480 2635 hisce
2511 2581 2672 2635 simul
2703 2588 3011 2634 attestatur.
3049 2581 3105 2633 Si
3140 2581 3305 2650 igitur
3340 2584 3606 2651 sapientia

2033 2683 2091 2729 et
2151 2673 2328 2727 virtus
2380 2688 2448 2727 cx
2509 2671 2780 2741 Sapientia
2851 2680 2905 2726 et
2965 2671 3170 2724 virtute
3243 2671 3404 2726 Patre
3487 2689 3611 2742 pro-

2035 2763 2182 2818 cedit
2210 2761 2448 2832 Spiritus
2465 2774 2710 2826 sanctus,
2749 2775 3214 2830 supervacaneum
3248 2769 3302 2814 et
3330 2761 3491 2815 inane
3525 2773 3612 2817 est

2035 2853 2399 2924 interrogare,
2427 2869 2495 2906 an
2528 2869 2654 2908 cum
2686 2867 2783 2906 sua
2811 2852 2982 2920 ipsius
3033 2852 3298 2921 sapientia
3332 2861 3388 2906 et
3411 2852 3612 2908 virtute

2037 2948 2199 3002 Pater
2249 2947 2516 3016 producat
2548 2945 2816 3014 Spiritum
2871 2955 3145 3008 sanctum,
3194 2945 3240 3000 si
3297 2959 3458 2998 neruo
3490 2959 3610 2998 eam

2039 3047 2348 3092 creaturam
2371 3037 2660 3091 ostendere
2689 3036 2838 3100 velit,
2861 3037 3164 3090 secundum
3185 3036 3330 3105 quod
3347 3037 3611 3104 seriptum

354 3136 489 3197 ζειν,
527 3133 779 3203 καθάπερ
811 3133 1068 3204 εἴρηται·
1108 3134 1171 3186 '0
1217 3134 1364 3199 Θεὸς
1403 3133 1478 3204 τῇ
1516 3137 1705 3204 σοφίᾳ
1733 3135 1929 3205 ἐθεμε-

2053 3143 2135 3186 est
2178 3149 2191 3185 :
2221 3129 2359 3184 Deus
2393 3132 2447 3184 in
2476 3133 2736 3202 sapientia
2761 3133 2994 3201 ﬁrmavit
3029 3141 3248 3198 terram,
3288 3136 3611 3204 prwparavit

353 3226 542 3278 λίωσε
569 3225 682 3293 τὴν
713 3223 852 3294 γῆν,
889 3227 1180 3294 ἡτοίμασε
1207 3225 1276 3279 δὲ
1300 3227 1596 3296 οὐρανοὺς
1617 3228 1686 3280 ἐν
1711 3228 1935 3296 φρονή-

355 3337 472 3376 σει.
515 3321 656 3374 Ἀλλ’
711 3319 834 3373 οὔτε
871 3321 960 3374 διὰ
994 3324 1168 3391 μέσης
1213 3321 1408 3388 σοφίας
1448 3324 1542 3375 καὶ
1591 3321 1876 3391 δυνάμεως
1907 3324 1936 3376 ὁ

357 3410 544 3481 Πατὴρ
578 3406 743 3482 ἦλθεν
799 3410 894 3462 ἐπὶ
921 3410 1022 3481 τὴν
1069 3409 1162 3463 τοῦ
1216 3409 1538 3481 [Ινεὺματος
1582 3415 1934 3482 ἑκπόρευσιν,

355 3502 548 3570 ὥσπερ
579 3504 688 3556 οὐδ’
719 3505 810 3556 ἐπὶ
845 3502 944 3574 τὴν
971 3502 1066 3556 τοῦ
1100 3501 1232 3555 Υιοῦ
1259 3503 1538 3574 γέννησιν,
1571 3504 1695 3557 οὔτε
1726 3505 1815 3558 διὰ
1845 3506 1940 3576 μέ-

357 3613 458 3667 σης
505 3595 761 3664 θεότητος
811 3595 968 3659 ὅλως.
1009 3593 1132 3647 Τῶν
1185 3595 1296 3666 γὰρ
1347 3597 1666 3666 κτισμάτων
1695 3599 1828 3652 ἴδιον
1873 3601 1937 3653 τὺ

353 3689 600 3742 τοιοῦτον
631 3689 684 3741 oi.
715 3688 956 3757 θεολόγοι
985 3687 1170 3756 φασίν.
1211 3685 1460 3759 ’Λμὲσως
1491 3691 1600 3763 ἄρα
1635 3693 1730 3744 καὶ
1760 3693 1818 3758 ἐξ
1843 3694 1938 3746 αὐ-

351 3783 452 3850 τῆς
483 3781 582 3851 τῆς
607 3781 796 3843 οὐσίας
825 3780 919 3833 τοῦ
954 3781 1170 3852 Πατρδς
1205 3782 1405 3854 ἐπίσης
1447 3783 1615 3853 ἄμφω
1655 3787 1936 3854 προΐασιν,
1985 3779 1988 3784 ’

353 3878 384 3928 6
418 3875 549 3938 Υἱὸς
596 3876 693 3928 καὶ
721 3876 780 3929 τὸ
818 3875 1041 3944 Πνεῦμα
1073 3875 1134 3927 τὸ
1180 3874 1358 3943 ἅγιον,
1403 3877 1495 3930 καὶ
1543 3875 1662 3946 μετ’
1689 3877 1938 3948 ἀλλήλων

357 3971 483 4034 μὲν,
539 3967 642 4021 οὐκ
693 3966 754 4032 ἐξ
804 3967 1072 4039 ἀλλήλων
1103 3967 1186 4034 δὲ,
1251 3967 1366 4020 οὐδ’
1399 3969 1536 4033 ὅλως
1590 3969 1655 4022 ὲκ
1703 3970 1936 4041 θατέρου

355 4061 612 4131 θάτερον.

903 4175 1041 4228 ΤΟΥ
1070 4174 1378 4230 Nili/HAS.

436 4289 505 4342 Ἦ
559 4289 752 4358 σοφία
803 4289 921 4342 ἐστὶ
957 4289 1060 4358 μὲν
1114 4289 1377 4352 οὐσιῶδες
1413 4289 1508 4341 κα)¹
1555 4289 1736 4341 κοινὸν
1766 4288 1937 4359 ὄνομα

351 4383 420 4452 τῇ
450 4381 667 4450 Τριάδν
696 4381 812 4434 ἐστι
848 4380 894 4434 δ’
922 4381 1074 4450 ὅμως
1131 4384 1228 4434 καὶ
1271 4381 1378 4433 τῶν
1415 4380 1522 4451 ἰδίᾳ
1549 4379 1628 4450 τῷ
1663 4380 1775 4450 Υἱῷ
1804 4381 1940 4434 ἀπο-

2037 3225 2187 3280 cwlos
2203 3229 2254 3280 in
2273 3229 2577 3297 prudentia.
2601 3227 2704 3282 Sed
2734 3243 2910 3297 neque
2925 3244 3021 3298 per
3039 3228 3271 3281 mediam
3287 3225 3612 3296 sapientiam

2037 3328 2092 3372 et
2113 3319 2373 3372 virtutem
2402 3319 2561 3374 Pater
2587 3320 2809 3374 devenit
2827 3321 2892 3372 ad
2918 3321 3157 3390 Spiritus
3183 3319 3355 3374 sancti
3391 3331 3614 3388 proces-

2039 3409 2276 3473 sionem,
2311 3411 2450 3465 sicut
2483 3427 2664 3481 neque
2712 3413 2776 3466 ad
2816 3410 2937 3465 Filii
2971 3413 3404 3482 generationem,
3437 3425 3618 3479 neque

2039 3519 2136 3574 per
2163 3503 2396 3559 mediam
2431 3505 2690 3559 deitatem
2725 3506 3051 3560 universim.
3085 3505 3198 3558 lloe
3219 3504 3364 3558 enim
3399 3514 3618 3557 creatu-

2039 3613 2224 3650 rarum
2244 3598 2526 3668 proprium
2559 3597 2794 3668 theologi
2815 3599 3026 3653 dicunt.
3061 3598 3379 3654 lmmediate
3409 3613 3540 3666 ergo
3563 3605 3620 3654 ct

2039 3703 2106 3744 ex
2140 3689 2255 3757 ipsa
2295 3687 2530 3742 essentia
2556 3687 2734 3743 Patris
2759 3689 2920 3742 ambo
2949 3689 3232 3757 aequaliter
3257 3691 3620 3758 progrediun-

2043 3792 2152 3847 tur,
2205 3778 2377 3835 Filius
2405 3789 2456 3832 et
2499 3780 2736 3850 Spiritus
2771 3791 3015 3845 sanctus,
3069 3796 3132 3834 ac
3187 3795 3312 3834 cum
3359 3797 3417 3834 se
3473 3781 3618 3834 invi-

2040 3889 2182 3940 cem,
2214 3890 2318 3928 non
2355 3887 2486 3928 vero
2526 3889 2590 3928 cx
2633 3889 2692 3927 se
2725 3875 2979 3938 invicem,
3015 3889 3190 3941 neque
3225 3889 3450 3942 prorsus
3479 3876 3620 3929 alter

2041 3984 2106 4023 ex
2170 3969 2342 4024 altero
2395 3977 2497 4022 est.

2692 4173 2918 4231 NICJEN
2925 4176 2962 4229 1.

2114 4291 2391 4364 Sapientia
2425 4288 2644 4362 quidem
2677 4289 2966 4344 cssentiale
2997 4300 3051 4344 et
3082 4305 3374 4344 commune
3411 4307 3614 4348 nomen

2041 4395 2126 4442 est
2186 4384 2504 4448 Trinitatis;
2568 4389 2652 4438 est.
2714 4391 2893 4436 tamen
2964 4399 3030 4436 ex
3076 4383 3144 4436 iis
3199 4398 3443 4453 quoque,
3493 4403 3616 4455 quae

349 4475 671 4545 διδομένων.
715 4474 787 4528 Τὸ
827 4473 873 4526 δ’
901 4475 1030 4526 αὐτὸ
1058 4475 1154 4527 καὶ
1191 4475 1224 4545 ἡ
1259 4474 1539 4542 δύναμις.
1572 4473 1662 4526 Διὸ
1709 4476 1803 4528 καὶ
1832 4491 1929 4543 φα-

2036 4479 2264 4535 seorsim
2311 4485 2366 4530 ct
2452 4475 2672 4544 proprie
2743 4473 2882 4528 Filio
2957 4473 3334 4528 attribuuntur
3381 4477 3478 4547 (c).
3539 4477 3616 4530 Eo

355 4572 479 4636 μὲν,
516 4569 576 4619 ἐν
609 4564 772 4638 σοφία
800 4567 869 4620 τὰ
896 4567 1070 4620 πάντα
1099 4568 1190 4620 τὸν
1223 4567 1444 4635 Πατέρα
1470 4567 1934 4638 δεδημιουργηκέ-

430 4719 508 4793 (1)
545 4719 676 4774 Υίοῦ
735 4719 901 4774 habet
969 4720 1112 4775 Mon.
1175 4718 1300 4785 256,
1351 4719 1531 4778 omilt.
1581 4720 1727 4775 Mon.
1769 4719 1861 4786 27,
1891 4721 1930 4773 ι.

351 4795 460 4848 250
487 4809 538 4860 a,
559 4793 748 4862 ,Vatic.
786 4793 825 4844 ι’.
853 4793 955 4846 τοι
994 4808 1046 4847 a.

430 4931 505 5000 (a)
540 4930 663 4994 Hic,
705 4939 760 4983 ut
793 4929 1132 4985 Bessarionis
1166 4947 1488 5002 responsum
1539 4931 1753 4998 suadet,
1795 4948 1934 4986 non-

360 5005 508 5054 nulla
539 5017 738 5054 ornrss:r
777 5002 830 5052 in
860 5011 1008 5054 textu
1034 5011 1184 5056 sunt.
1217 5002 1527 5070 Lugendum
1557 5004 1787 5057 fortasse
1825 5019 1841 5057 :
1875 5002 1932 5057 Si

360 5087 492 5124 vero
522 5087 616 5138 per
649 5071 844 5124 Filium
877 5082 962 5124 est
994 5073 1253 5140 Spiritus,
1289 5075 1449 5137 nihil,
1487 5084 1596 5128 etc.

430 5142 504 5212 (ο)
555 5141 865 5215 ,Ιιιι-Ριιιτοε
893 5155 1284 5210 communiter,
1335 5159 1402 5198 ex
1437 5147 1650 5215 quibus
1673 5143 1935 5215 Augusti-

356 5211 492 5276 nus,
551 5214 625 5265 De
653 5211 922 5264 'l‘rinitate
961 5228 1056 5276 vit,
1097 5215 1197 5266 cui
1232 5232 1246 5267 :
1307 5211 1470 5267 Pater
1504 5223 1574 5265 "et
1607 5211 1783 5267 Filius
1815 5226 1934 5268 sunt

355 5301 466 5337 una
488 5284 772 5350 sapientia,
799 5283 923 5349 quia
945 5297 1052 5334 una
1079 5284 1325 5349 essentia,
1357 5295 1406 5336 et
1427 5285 1699 5352 sigillati»:
1724 5289 1936 5352 sapien-

355 5357 430 5407 tia
457 5357 520 5406 de
545 5353 1000 5426 sapientia,_sieut
1031 5358 1254 5408 essentia
1291 5357 1354 5406 de
1405 5356 1626 5407 essentia
1675 5356 1770 5426 (De
1825 5372 1935 5424 quo

353 5429 478 5478 loco
517 5427 641 5476 vrde
695 5421 982 5486 Thomam,
1010 5427 1246 5477 Summa:
1277 5441 1328 5492 ρ.
1385 5441 1420 5490 t,
1462 5441 1518 5493 (ι.
1553 5427 1642 5488 59,
1669 5421 1721 5481 a.
1755 5425 1809 5488 5,
1842 5421 1934 5479 _ad

357 5501 438 5565 1;.
475 5493 834 5565 Sapientiam
865 5509 931 5545 ex
965 5495 1232 5562 sapientia
1296 5493 1492 5548 Filium
1530 5511 1750 5563 quoque
1781 5506 1936 5550 vocat

359 5563 702 5635 Epiphanius
734 5567 786 5616 in
812 5563 1107 5625 Ancorato,
1136 5581 1188 5633 p.
1347 5569 1546 5618 mutatu
1573 5566 1736 5633 digna
1783 5577 1933 5629 sunt,

356 5653 482 5704 quae
543 5635 735 5706 Patres
797 5635 1018 5706 concilii
1069 5637 1316 5689 Toletani
1381 5635 1576 5702 XV,a.
1629 5635 1732 5689 688
1785 5639 1934 5706 (vide

359 5709 532 5760 Mansi
583 5705 753 5759 Cone.
833 5714 869 5757 t.
916 5703 1030 5769 ΧΗ,
1103 5722 1154 5774 p.
1201 5707 1283 5767 10,
1340 5709 1432 5774 ll)
1490 5703 1937 5760 animadvertunt

361 5793 508 5831 circa
537 5776 774 5828 dictum:
828 5775 1083 5830 Voluntas
1127 5778 1304 5846 genuit
1329 5779 1680 5848 voluntatem,
1722 5779 1852 5830 sicut
1883 5785 1932 5828 et

696 5877 960 5936 ΡΑΉιυι..
1007 5879 1116 5936 Gn.
1170 5873 1382 5937 CLXI.

2045 4571 2207 4626 modo
2239 4581 2323 4623 res
2351 4581 2410 4622 se
2435 4567 2602 4620 habet
2635 4581 2756 4618 cum
2791 4564 3011 4618 nomine
3041 4565 3263 4618 virtutis.
3291 4565 3415 4620 Ideo
3445 4569 3610 4621 etiam

2113 4731 2188 4798 (2)
2231 4729 2390 4784 Joan.
2432 4743 2473 4792 1,
2514 4729 2568 4782 5.

2112 4797 2188 4870 (5)
2219 4799 2378 4852 ταυτί
2415 4801 2561 4853 Μοιι.
2587 4797 2656 4852 ‘27
2686 4799 2724 4853 ι.
2757 4798 2862 4854 ‘250
2899 4815 2950 4854 a.
2988 4800 3105 4855 Vat.
3131 4799 3174 4853 Γ.
3207 4798 3311 4853 ⁸204
3351 4801 3398 4852 Ι).

2037 4937 2301 5003 sapientia
2356 4939 2696 5006 sapientiam,
2739 4955 2770 4994 a
2829 4955 2887 4994 se
2938 4947 3118 5003 antea,
3183 4940 3259 4994 uti
3309 4953 3614 5010 exponunt,

2039 5013 2339 5080 secundum
2370 5011 2661 5080 essentiam
2695 5019 3039 5078 usurpatum,
3076 5011 3222 5080 quod
3283 5023 3476 5066 contra
3512 5015 3612 5069 ob-

2034 5078 2304 5149 jectiones
2361 5079 2622 5146 quasdam
2655 5089 2878 5133 strenue
2932 5078 3254 5135 defendunt.

2112 5149 2184 5216 (ε)
2229 5149 2302 5201 De
2332 5149 2449 5214 lege
2484 5151 2950 5218 appmpriationis
2985 5153 3065 5206 vel
3091 5153 3616 5206 accommodationis

2041 5219 2326 5290 norninunt
2358 5221 2738 5290 absglutorurn
2771 5221 2836 5274 ad
2867 5236 3129 5289 personas
3159 5223 3437 5290 disputant
3460 5225 3616 5276 theo-

2039 5287 2155 5360 logi
2187 5303 2312 5360 cum
2363 5289 2675 5360 [LdThoina
2711 5287 2955 5359 SumIp.
3003 5307 3040 5354 ι,
3078 5308 3132 5360 q.
3168 5287 3263 5350 59;
3312 5309 3363 5345 a.
3404 5295 3434 5346 7
3463 5293 3610 5358 et8;

2039 5357 2318 5432 llicliardo
2357 5371 2388 5432 ξι
2513 5359 2724 5432 Victore
2767 5357 3111 5432 inopuseulo
3148 5362 3220 5414 De
3244 5357 3610 5432 appropriatis

2039 5437 2096 5480 et
2120 5429 2334 5481 caeteris
2363 5429 2413 5480 in
2443 5431 2481 5480 l.
2514 5443 2531 5481 ι
2569 5431 2747 5494 Sent.,
2782 5429 2913 5484 dist.
2950 5432 3040 5484 51.
3071 5432 3195 5485 llaec
3217 5429 3464 5485 doctrina
3500 5442 3612 5488 tota

2038 5496 2296 5570 Patribus
2331 5499 2606 5570 innititur.
2631 5515 2695 5552 ex
2725 5503 2928 5570 quibus
2953 5503 3221 5555 videndus
3243 5503 3607 5570 Augustinus,

2039 5567 2114 5619 lle
2137 5568 2334 5620 'l‘rinit.
2361 5583 2434 5630 vt,
2462 5569 2562 5634 10;
2594 5567 2861 5638 Hilarius,
2877 5573 2948 5624 De
2981 5571 3176 5624 'l'rinit.
3210 5587 3272 5638 ll,
3301 5567 3359 5636 l';
3388 5572 3495 5626 Ιιεοο
3517 5573 3612 5632 Μ..

2040 5638 2272 5712 ser-rm“)
2309 5647 2364 5690 ct
2395 5639 2533 5712 57de
2589 5637 2930 5712 Pentecosie.
2969 5641 3101 5695 Vide
3161 5637 3282 5710 quae
3335 5658 3499 5712 supra
3543 5645 3612 5698 ad

2040 5721 2160 5777 Cap.
2196 5710 2244 5776 1,
2279 5723 2400 5764 can.
2441 5711 2490 5778 l4,
2515 5711 2902 5765 animadvertit
2930 5721 3122 5765 auctor
3151 5723 3360 5768 trust-.1“.

3181 5874 3217 5938 8
3409 5811 3426 5836 ,
