  <div class='ocr_page' id='page_1' title='image "/cluster/home/n/w/nwhite01/storage/ocr_20150623/161/coo.31924054870666/203.png"; bbox 0 0 4124 6420; ppageno 0'>
   <div class='ocr_carea' id='block_1_1' title="bbox 520 327 624 390">
    <p class='ocr_par' dir='ltr' id='par_1_1' title="bbox 520 327 624 390">
     <span class='ocr_line' id='line_1_1' title="bbox 520 327 624 390; baseline -0.038 0"><span class='ocrx_word' id='word_1_1' title='bbox 520 327 624 390; x_wconf 69' lang='lat'><strong>927</strong></span> 
     </span>
    </p>
   </div>
   <div class='ocr_carea' id='block_1_2' title="bbox 1884 325 2446 401">
    <p class='ocr_par' dir='ltr' id='par_1_2' title="bbox 1884 325 2446 401">
     <span class='ocr_line' id='line_1_2' title="bbox 1884 325 2446 401; baseline -0.004 -14"><span class='ocrx_word' id='word_1_2' title='bbox 1884 325 2392 387; x_wconf 75' lang='lat' dir='ltr'><strong>BESSARIONIS</strong></span> <span class='ocrx_word' id='word_1_3' title='bbox 2440 397 2446 401; x_wconf 95' lang='lat'><strong>_</strong></span> 
     </span>
    </p>
   </div>
   <div class='ocr_carea' id='block_1_3' title="bbox 3647 314 3754 385">
    <p class='ocr_par' dir='ltr' id='par_1_3' title="bbox 3647 314 3754 385">
     <span class='ocr_line' id='line_1_3' title="bbox 3647 314 3754 385; baseline 0.009 -2"><span class='ocrx_word' id='word_1_4' title='bbox 3647 314 3754 385; x_wconf 65' lang='lat'><strong>2‘28</strong></span> 
     </span>
    </p>
   </div>
   <div class='ocr_carea' id='block_1_4' title="bbox 520 440 2098 514">
    <p class='ocr_par' dir='ltr' id='par_1_4' title="bbox 520 440 2083 514">
     <span class='ocr_line' id='line_1_4' title="bbox 520 440 2083 514; baseline -0.004 -11"><span class='ocrx_word' id='word_1_5' title='bbox 520 450 785 510; x_wconf 89' lang='lat' dir='ltr'><strong>dicimus,</strong></span> <span class='ocrx_word' id='word_1_6' title='bbox 821 445 874 499; x_wconf 91' lang='lat' dir='ltr'><strong>in</strong></span> <span class='ocrx_word' id='word_1_7' title='bbox 905 445 1168 514; x_wconf 77' lang='lat' dir='ltr'><strong>sapientia</strong></span> <span class='ocrx_word' id='word_1_8' title='bbox 1221 444 1432 499; x_wconf 89' lang='lat' dir='ltr'><strong>Patrem</strong></span> <span class='ocrx_word' id='word_1_9' title='bbox 1486 441 1742 498; x_wconf 81' lang='lat' dir='ltr'><strong>universa</strong></span> <span class='ocrx_word' id='word_1_10' title='bbox 1774 440 2083 497; x_wconf 76' lang='lat' dir='ltr'><strong>condidisse</strong></span> 
     </span>
    </p>
   </div>
   <div class='ocr_carea' id='block_1_5' title="bbox 2202 440 3751 514">
    <p class='ocr_par' dir='ltr' id='par_1_5' title="bbox 2202 440 3751 514">
     <span class='ocr_line' id='line_1_5' title="bbox 2202 440 3751 514; baseline -0.001 -20"><span class='ocrx_word' id='word_1_11' title='bbox 2202 461 2294 507; x_wconf 70' lang='lat' dir='ltr'><strong>icti,</strong></span> <span class='ocrx_word' id='word_1_12' title='bbox 2329 443 2362 514; x_wconf 81' lang='grc' dir='ltr'>ἢ</span> <span class='ocrx_word' id='word_1_13' title='bbox 2395 442 2482 495; x_wconf 80' lang='grc' dir='ltr'>διὰ</span> <span class='ocrx_word' id='word_1_14' title='bbox 2521 440 2621 509; x_wconf 76' lang='grc' dir='ltr'>τῆς</span> <span class='ocrx_word' id='word_1_15' title='bbox 2653 440 2846 510; x_wconf 78' lang='grc' dir='ltr'>σοφίας</span> <span class='ocrx_word' id='word_1_16' title='bbox 2879 441 2968 493; x_wconf 76' lang='grc' dir='ltr'><strong>τὸν</strong></span> <span class='ocrx_word' id='word_1_17' title='bbox 3017 440 3221 510; x_wconf 85' lang='grc' dir='ltr'>κόσμον</span> <span class='ocrx_word' id='word_1_18' title='bbox 3268 441 3628 513; x_wconf 73' lang='grc' dir='ltr'><strong>προαγαγεῖν,</strong></span> <span class='ocrx_word' id='word_1_19' title='bbox 3663 441 3751 494; x_wconf 79' lang='grc' dir='ltr'><strong>τὸν</strong></span> 
     </span>
    </p>
   </div>
   <div class='ocr_carea' id='block_1_6' title="bbox 411 531 2088 608">
    <p class='ocr_par' dir='ltr' id='par_1_6' title="bbox 411 531 2088 608">
     <span class='ocr_line' id='line_1_6' title="bbox 411 531 2088 608; baseline -0.005 -15"><span class='ocrx_word' id='word_1_20' title='bbox 411 533 426 541; x_wconf 61' lang='grc'><em>“</em></span> <span class='ocrx_word' id='word_1_21' title='bbox 519 540 606 592; x_wconf 80' lang='lat' dir='ltr'><strong>vel</strong></span> <span class='ocrx_word' id='word_1_22' title='bbox 637 554 733 608; x_wconf 88' lang='lat' dir='ltr'><strong>per</strong></span> <span class='ocrx_word' id='word_1_23' title='bbox 756 535 1076 604; x_wconf 87' lang='lat' dir='ltr'><strong>sapientiam</strong></span> <span class='ocrx_word' id='word_1_24' title='bbox 1109 531 1432 602; x_wconf 74' lang='lat' dir='ltr'><strong>produxisse</strong></span> <span class='ocrx_word' id='word_1_25' title='bbox 1493 531 1784 596; x_wconf 91' lang='lat' dir='ltr'><strong>mundum,</strong></span> <span class='ocrx_word' id='word_1_26' title='bbox 1827 546 1922 600; x_wconf 90' lang='lat' dir='ltr'><strong>per</strong></span> <span class='ocrx_word' id='word_1_27' title='bbox 1948 531 2088 591; x_wconf 66' lang='lat' dir='ltr'><strong>.haac</strong></span> 
     </span>
    </p>
   </div>
   <div class='ocr_carea' id='block_1_7' title="bbox 523 621 2091 692">
    <p class='ocr_par' dir='ltr' id='par_1_7' title="bbox 523 621 2091 692">
     <span class='ocr_line' id='line_1_7' title="bbox 523 621 2091 692; baseline -0.006 -9"><span class='ocrx_word' id='word_1_28' title='bbox 523 630 745 683; x_wconf 83' lang='lat' dir='ltr'><strong>numina</strong></span> <span class='ocrx_word' id='word_1_29' title='bbox 802 625 1040 680; x_wconf 75' lang='lat' dir='ltr'><strong>Verbum</strong></span> <span class='ocrx_word' id='word_1_30' title='bbox 1087 632 1144 676; x_wconf 90' lang='lat' dir='ltr'><strong>et</strong></span> <span class='ocrx_word' id='word_1_31' title='bbox 1185 621 1388 677; x_wconf 80' lang='lat' dir='ltr'><strong>Filium</strong></span> <span class='ocrx_word' id='word_1_32' title='bbox 1451 622 1841 692; x_wconf 83' lang='lat' dir='ltr'><strong>intelligentes.</strong></span> <span class='ocrx_word' id='word_1_33' title='bbox 1902 621 2091 690; x_wconf 81' lang='lat' dir='ltr'><strong>Neque</strong></span> 
     </span>
    </p>
   </div>
   <div class='ocr_carea' id='block_1_8' title="bbox 523 712 2087 790">
    <p class='ocr_par' dir='ltr' id='par_1_8' title="bbox 523 712 2087 790">
     <span class='ocr_line' id='line_1_8' title="bbox 523 712 2087 790; baseline -0.006 -16"><span class='ocrx_word' id='word_1_34' title='bbox 523 719 745 790; x_wconf 79' lang='lat' dir='ltr'><strong>quando</strong></span> <span class='ocrx_word' id='word_1_35' title='bbox 799 717 896 771; x_wconf 91' lang='lat' dir='ltr'><strong>Dei</strong></span> <span class='ocrx_word' id='word_1_36' title='bbox 939 715 1256 784; x_wconf 76' lang='lat' dir='ltr'><strong>sapientiam</strong></span> <span class='ocrx_word' id='word_1_37' title='bbox 1291 713 1564 780; x_wconf 84' lang='lat' dir='ltr'><strong>audimus,</strong></span> <span class='ocrx_word' id='word_1_38' title='bbox 1614 713 1763 768; x_wconf 82' lang='lat' dir='ltr'><strong>aliud</strong></span> <span class='ocrx_word' id='word_1_39' title='bbox 1825 712 2087 783; x_wconf 85' lang='lat' dir='ltr'><strong>quiddam</strong></span> 
     </span>
    </p>
   </div>
   <div class='ocr_carea' id='block_1_9' title="bbox 523 805 2094 880">
    <p class='ocr_par' dir='ltr' id='par_1_9' title="bbox 523 805 2094 880">
     <span class='ocr_line' id='line_1_9' title="bbox 523 805 2094 880; baseline -0.006 -13"><span class='ocrx_word' id='word_1_40' title='bbox 523 810 880 880; x_wconf 85' lang='lat' dir='ltr'><strong>intelligimus</strong></span> <span class='ocrx_word' id='word_1_41' title='bbox 935 818 1134 880; x_wconf 76' lang='lat' dir='ltr'><strong>przeter</strong></span> <span class='ocrx_word' id='word_1_42' title='bbox 1159 805 1387 863; x_wconf 82' lang='lat' dir='ltr'><strong>Filium.</strong></span> <span class='ocrx_word' id='word_1_43' title='bbox 1430 805 1600 860; x_wconf 72' lang='lat' dir='ltr'><strong>Deum</strong></span> <span class='ocrx_word' id='word_1_44' title='bbox 1645 806 1794 861; x_wconf 88' lang='lat' dir='ltr'><strong>enim</strong></span> <span class='ocrx_word' id='word_1_45' title='bbox 1825 805 1921 875; x_wconf 86' lang='lat' dir='ltr'><strong>qui</strong></span> <span class='ocrx_word' id='word_1_46' title='bbox 1959 805 2094 859; x_wconf 88' lang='lat' dir='ltr'><strong>dicit</strong></span> 
     </span>
    </p>
   </div>
   <div class='ocr_carea' id='block_1_10' title="bbox 520 895 2093 974">
    <p class='ocr_par' dir='ltr' id='par_1_10' title="bbox 520 895 2093 974">
     <span class='ocr_line' id='line_1_10' title="bbox 520 895 2093 974; baseline -0.008 -14"><span class='ocrx_word' id='word_1_47' title='bbox 520 903 868 974; x_wconf 85' lang='lat' dir='ltr'><strong>sapientiam,</strong></span> <span class='ocrx_word' id='word_1_48' title='bbox 903 901 950 955; x_wconf 92' lang='lat' dir='ltr'><strong>is</strong></span> <span class='ocrx_word' id='word_1_49' title='bbox 984 910 1148 955; x_wconf 89' lang='lat' dir='ltr'><strong>totam</strong></span> <span class='ocrx_word' id='word_1_50' title='bbox 1169 915 1299 954; x_wconf 87' lang='lat' dir='ltr'><strong>sane</strong></span> <span class='ocrx_word' id='word_1_51' title='bbox 1324 897 1653 952; x_wconf 81' lang='lat' dir='ltr'><strong>Trinitatem</strong></span> <span class='ocrx_word' id='word_1_52' title='bbox 1679 896 1966 960; x_wconf 84' lang='lat' dir='ltr'><strong>indicabit,</strong></span> <span class='ocrx_word' id='word_1_53' title='bbox 2001 895 2093 948; x_wconf 84' lang='lat' dir='ltr'><strong>Dei</strong></span> 
     </span>
    </p>
   </div>
   <div class='ocr_carea' id='block_1_11' title="bbox 520 986 2096 1064">
    <p class='ocr_par' dir='ltr' id='par_1_11' title="bbox 520 986 2096 1064">
     <span class='ocr_line' id='line_1_11' title="bbox 520 986 2096 1064; baseline -0.005 -16"><span class='ocrx_word' id='word_1_54' title='bbox 520 1012 652 1050; x_wconf 79' lang='lat' dir='ltr'><strong>vero</strong></span> <span class='ocrx_word' id='word_1_55' title='bbox 687 994 1006 1064; x_wconf 78' lang='lat' dir='ltr'><strong>sapientiam</strong></span> <span class='ocrx_word' id='word_1_56' title='bbox 1063 991 1360 1046; x_wconf 89' lang='lat' dir='ltr'><strong>enuntians</strong></span> <span class='ocrx_word' id='word_1_57' title='bbox 1391 986 1592 1044; x_wconf 82' lang='lat' dir='ltr'><strong>Filium</strong></span> <span class='ocrx_word' id='word_1_58' title='bbox 1627 989 1857 1044; x_wconf 89' lang='lat' dir='ltr'><strong>omnino</strong></span> <span class='ocrx_word' id='word_1_59' title='bbox 1885 986 2096 1056; x_wconf 80' lang='lat' dir='ltr'><strong>signiﬁ-</strong></span> 
     </span>
    </p>
   </div>
   <div class='ocr_carea' id='block_1_12' title="bbox 522 1077 2094 1156">
    <p class='ocr_par' dir='ltr' id='par_1_12' title="bbox 522 1077 2094 1156">
     <span class='ocr_line' id='line_1_12' title="bbox 522 1077 2094 1156; baseline -0.008 -13"><span class='ocrx_word' id='word_1_60' title='bbox 522 1096 644 1153; x_wconf 86' lang='lat' dir='ltr'><strong>cat;</strong></span> <span class='ocrx_word' id='word_1_61' title='bbox 681 1085 1141 1156; x_wconf 89' lang='lat' dir='ltr'><strong>quemadmodnm</strong></span> <span class='ocrx_word' id='word_1_62' title='bbox 1174 1083 1338 1137; x_wconf 88' lang='lat' dir='ltr'><strong>etiam</strong></span> <span class='ocrx_word' id='word_1_63' title='bbox 1387 1083 1557 1137; x_wconf 88' lang='lat' dir='ltr'><strong>Deum</strong></span> <span class='ocrx_word' id='word_1_64' title='bbox 1589 1082 1912 1136; x_wconf 88' lang='lat' dir='ltr'><strong>charitatem</strong></span> <span class='ocrx_word' id='word_1_65' title='bbox 1951 1077 2094 1131; x_wconf 53' lang='lat' dir='ltr'><strong>dici.</strong></span> 
     </span>
    </p>
   </div>
   <div class='ocr_carea' id='block_1_13' title="bbox 521 1168 2087 1248">
    <p class='ocr_par' dir='ltr' id='par_1_13' title="bbox 521 1168 2087 1248">
     <span class='ocr_line' id='line_1_13' title="bbox 521 1168 2087 1248; baseline -0.007 -16"><span class='ocrx_word' id='word_1_66' title='bbox 521 1194 644 1248; x_wconf 69' lang='lat' dir='ltr'><strong>mus</strong></span> <span class='ocrx_word' id='word_1_67' title='bbox 681 1188 792 1232; x_wconf 89' lang='lat' dir='ltr'><strong>tres</strong></span> <span class='ocrx_word' id='word_1_68' title='bbox 819 1191 1100 1245; x_wconf 83' lang='lat' dir='ltr'><strong>personas.</strong></span> <span class='ocrx_word' id='word_1_69' title='bbox 1154 1174 1248 1228; x_wconf 90' lang='lat' dir='ltr'><strong>Dei</strong></span> <span class='ocrx_word' id='word_1_70' title='bbox 1303 1189 1431 1228; x_wconf 85' lang='lat' dir='ltr'><strong>vero</strong></span> <span class='ocrx_word' id='word_1_71' title='bbox 1461 1173 1784 1228; x_wconf 88' lang='lat' dir='ltr'><strong>charitatem</strong></span> <span class='ocrx_word' id='word_1_72' title='bbox 1822 1168 2087 1240; x_wconf 84' lang='lat' dir='ltr'><strong>Spiritum</strong></span> 
     </span>
    </p>
   </div>
   <div class='ocr_carea' id='block_1_14' title="bbox 522 1261 2097 1334">
    <p class='ocr_par' dir='ltr' id='par_1_14' title="bbox 522 1261 2097 1334">
     <span class='ocr_line' id='line_1_14' title="bbox 522 1261 2097 1334; baseline -0.008 -9"><span class='ocrx_word' id='word_1_73' title='bbox 522 1281 792 1325; x_wconf 87' lang='lat' dir='ltr'><strong>sanctum.</strong></span> <span class='ocrx_word' id='word_1_74' title='bbox 832 1268 1200 1334; x_wconf 85' lang='lat' dir='ltr'><strong>Quamobrem</strong></span> <span class='ocrx_word' id='word_1_75' title='bbox 1244 1266 1466 1334; x_wconf 88' lang='lat' dir='ltr'><strong>quando</strong></span> <span class='ocrx_word' id='word_1_76' title='bbox 1497 1264 1674 1318; x_wconf 88' lang='lat' dir='ltr'><strong>Latini</strong></span> <span class='ocrx_word' id='word_1_77' title='bbox 1703 1263 1891 1317; x_wconf 89' lang='lat' dir='ltr'><strong>dicunt</strong></span> <span class='ocrx_word' id='word_1_78' title='bbox 1926 1261 2097 1315; x_wconf 87' lang='lat' dir='ltr'><strong>conli-</strong></span> 
     </span>
    </p>
   </div>
   <div class='ocr_carea' id='block_1_15' title="bbox 525 1353 2098 1424">
    <p class='ocr_par' dir='ltr' id='par_1_15' title="bbox 525 1353 2098 1424">
     <span class='ocr_line' id='line_1_15' title="bbox 525 1353 2098 1424; baseline -0.005 -8"><span class='ocrx_word' id='word_1_79' title='bbox 525 1361 748 1416; x_wconf 83' lang='lat' dir='ltr'><strong>tendum</strong></span> <span class='ocrx_word' id='word_1_80' title='bbox 783 1376 904 1413; x_wconf 88' lang='lat' dir='ltr'><strong>esse</strong></span> <span class='ocrx_word' id='word_1_81' title='bbox 933 1375 1000 1413; x_wconf 79' lang='lat' dir='ltr'><strong>ex</strong></span> <span class='ocrx_word' id='word_1_82' title='bbox 1036 1358 1192 1412; x_wconf 80' lang='lat' dir='ltr'><strong>Patre</strong></span> <span class='ocrx_word' id='word_1_83' title='bbox 1224 1359 1474 1424; x_wconf 74' lang='lat' dir='ltr'><strong>Filioque</strong></span> <span class='ocrx_word' id='word_1_84' title='bbox 1501 1371 1620 1410; x_wconf 89' lang='lat' dir='ltr'><strong>esse</strong></span> <span class='ocrx_word' id='word_1_85' title='bbox 1648 1356 1936 1424; x_wconf 87' lang='lat' dir='ltr'><strong>Spiritum,</strong></span> <span class='ocrx_word' id='word_1_86' title='bbox 1970 1353 2098 1421; x_wconf 84' lang='lat' dir='ltr'><strong>quia</strong></span> 
     </span>
    </p>
   </div>
   <div class='ocr_carea' id='block_1_16' title="bbox 525 1447 2098 1521">
    <p class='ocr_par' dir='ltr' id='par_1_16' title="bbox 525 1447 2098 1521">
     <span class='ocr_line' id='line_1_16' title="bbox 525 1447 2098 1521; baseline -0.006 -11"><span class='ocrx_word' id='word_1_87' title='bbox 525 1457 688 1510; x_wconf 81' lang='lat' dir='ltr'><strong>Pater</strong></span> <span class='ocrx_word' id='word_1_88' title='bbox 731 1469 853 1508; x_wconf 91' lang='lat' dir='ltr'><strong>cum</strong></span> <span class='ocrx_word' id='word_1_89' title='bbox 882 1468 978 1506; x_wconf 89' lang='lat' dir='ltr'><strong>sua</strong></span> <span class='ocrx_word' id='word_1_90' title='bbox 1009 1451 1276 1521; x_wconf 81' lang='lat' dir='ltr'><strong>sapientia</strong></span> <span class='ocrx_word' id='word_1_91' title='bbox 1297 1467 1362 1506; x_wconf 90' lang='lat' dir='ltr'><strong>ac</strong></span> <span class='ocrx_word' id='word_1_92' title='bbox 1384 1450 1545 1505; x_wconf 87' lang='lat' dir='ltr'><strong>simul</strong></span> <span class='ocrx_word' id='word_1_93' title='bbox 1575 1465 1699 1504; x_wconf 92' lang='lat' dir='ltr'><strong>cum</strong></span> <span class='ocrx_word' id='word_1_94' title='bbox 1727 1463 1790 1503; x_wconf 91' lang='lat' dir='ltr'><strong>ea</strong></span> <span class='ocrx_word' id='word_1_95' title='bbox 1831 1447 2098 1516; x_wconf 80' lang='lat' dir='ltr'><strong>Spiritum</strong></span> 
     </span>
    </p>
   </div>
   <div class='ocr_carea' id='block_1_17' title="bbox 525 1540 2099 1616">
    <p class='ocr_par' dir='ltr' id='par_1_17' title="bbox 525 1540 2099 1616">
     <span class='ocr_line' id='line_1_17' title="bbox 525 1540 2099 1616; baseline -0.003 -18"><span class='ocrx_word' id='word_1_96' title='bbox 525 1546 804 1616; x_wconf 86' lang='lat' dir='ltr'><strong>producit,</strong></span> <span class='ocrx_word' id='word_1_97' title='bbox 843 1560 949 1596; x_wconf 85' lang='lat' dir='ltr'><strong>non</strong></span> <span class='ocrx_word' id='word_1_98' title='bbox 980 1543 1121 1597; x_wconf 91' lang='lat' dir='ltr'><strong>hanc</strong></span> <span class='ocrx_word' id='word_1_99' title='bbox 1146 1556 1494 1596; x_wconf 89' lang='lat' dir='ltr'><strong>communem</strong></span> <span class='ocrx_word' id='word_1_100' title='bbox 1531 1540 1835 1608; x_wconf 82' lang='lat' dir='ltr'><strong>intelligere</strong></span> <span class='ocrx_word' id='word_1_101' title='bbox 1860 1549 2099 1609; x_wconf 86' lang='lat' dir='ltr'><strong>oportet,</strong></span> 
     </span>
    </p>
   </div>
   <div class='ocr_carea' id='block_1_18' title="bbox 525 1631 2098 1706">
    <p class='ocr_par' dir='ltr' id='par_1_18' title="bbox 525 1631 2098 1706">
     <span class='ocr_line' id='line_1_18' title="bbox 525 1631 2098 1706; baseline -0.004 -15"><span class='ocrx_word' id='word_1_102' title='bbox 525 1639 618 1692; x_wconf 80' lang='lat' dir='ltr'><strong>sel</strong></span> <span class='ocrx_word' id='word_1_103' title='bbox 648 1636 924 1706; x_wconf 83' lang='lat' dir='ltr'><strong>propriam</strong></span> <span class='ocrx_word' id='word_1_104' title='bbox 979 1633 1116 1686; x_wconf 65' lang='lat' dir='ltr'><strong>Filio</strong></span> <span class='ocrx_word' id='word_1_105' title='bbox 1157 1631 1497 1687; x_wconf 84' lang='lat' dir='ltr'><strong>attributam.</strong></span> <span class='ocrx_word' id='word_1_106' title='bbox 1528 1632 1617 1686; x_wconf 76' lang='lat' dir='ltr'><strong>.Ac</strong></span> <span class='ocrx_word' id='word_1_107' title='bbox 1681 1631 1882 1685; x_wconf 76' lang='lat' dir='ltr'><strong>frustra</strong></span> <span class='ocrx_word' id='word_1_108' title='bbox 1933 1646 1962 1684; x_wconf 89' lang='lat' dir='ltr'><strong>a</strong></span> <span class='ocrx_word' id='word_1_109' title='bbox 2022 1640 2098 1697; x_wconf 90' lang='lat' dir='ltr'><strong>te,</strong></span> 
     </span>
    </p>
   </div>
   <div class='ocr_carea' id='block_1_19' title="bbox 528 1720 2098 1796">
    <p class='ocr_par' dir='ltr' id='par_1_19' title="bbox 528 1720 2098 1796">
     <span class='ocr_line' id='line_1_19' title="bbox 528 1720 2098 1796; baseline -0.004 -17"><span class='ocrx_word' id='word_1_110' title='bbox 528 1743 646 1796; x_wconf 75' lang='lat' dir='ltr'><strong>quae</strong></span> <span class='ocrx_word' id='word_1_111' title='bbox 684 1724 738 1777; x_wconf 87' lang='lat' dir='ltr'><strong>itt</strong></span> <span class='ocrx_word' id='word_1_112' title='bbox 771 1723 1010 1778; x_wconf 89' lang='lat' dir='ltr'><strong>secunda</strong></span> <span class='ocrx_word' id='word_1_113' title='bbox 1048 1733 1201 1792; x_wconf 91' lang='lat' dir='ltr'><strong>parte</strong></span> <span class='ocrx_word' id='word_1_114' title='bbox 1225 1722 1390 1790; x_wconf 79' lang='lat' dir='ltr'><strong>hujus</strong></span> <span class='ocrx_word' id='word_1_115' title='bbox 1417 1720 1725 1790; x_wconf 80' lang='lat' dir='ltr'><strong>argumenti</strong></span> <span class='ocrx_word' id='word_1_116' title='bbox 1763 1720 1905 1774; x_wconf 90' lang='lat' dir='ltr'><strong>dicta</strong></span> <span class='ocrx_word' id='word_1_117' title='bbox 1947 1727 2098 1786; x_wconf 90' lang='lat' dir='ltr'><strong>sunt,</strong></span> 
     </span>
    </p>
   </div>
   <div class='ocr_carea' id='block_1_20' title="bbox 527 1791 2098 1888">
    <p class='ocr_par' dir='ltr' id='par_1_20' title="bbox 527 1791 2096 1888">
     <span class='ocr_line' id='line_1_20' title="bbox 527 1791 2096 1888; baseline -0.003 -18"><span class='ocrx_word' id='word_1_118' title='bbox 527 1791 738 1888; x_wconf 75' lang='lat' dir='ltr'><strong>prolata</strong></span> <span class='ocrx_word' id='word_1_119' title='bbox 772 1815 996 1870; x_wconf 79' lang='lat' dir='ltr'><strong>fuerunt</strong></span> <span class='ocrx_word' id='word_1_120' title='bbox 1026 1791 1161 1868; x_wconf 85' lang='lat' dir='ltr'><strong>nihil</strong></span> <span class='ocrx_word' id='word_1_121' title='bbox 1203 1814 1430 1866; x_wconf 88' lang='lat' dir='ltr'><strong>omnino</strong></span> <span class='ocrx_word' id='word_1_122' title='bbox 1456 1811 1522 1865; x_wconf 89' lang='lat' dir='ltr'><strong>ad</strong></span> <span class='ocrx_word' id='word_1_123' title='bbox 1564 1811 2096 1880; x_wconf 83' lang='lat' dir='ltr'><strong>scopum-facientia.</strong></span> 
     </span>
    </p>
   </div>
   <div class='ocr_carea' id='block_1_21' title="bbox 2202 1791 3021 1888">
    <p class='ocr_par' dir='ltr' id='par_1_21' title="bbox 2205 1791 3021 1888">
     <span class='ocr_line' id='line_1_21' title="bbox 2205 1791 3021 1888; baseline 0 -18"><span class='ocrx_word' id='word_1_124' title='bbox 2205 1791 2615 1888; x_wconf 67' lang='grc' dir='ltr'><strong>προκείμενον.⁷</strong></span> <span class='ocrx_word' id='word_1_125' title='bbox 2641 1791 2709 1868; x_wconf 41' lang='grc' dir='ltr'>ῖΑ</span> <span class='ocrx_word' id='word_1_126' title='bbox 2757 1815 2816 1868; x_wconf 78' lang='grc' dir='ltr'>δὲ</span> <span class='ocrx_word' id='word_1_127' title='bbox 2870 1813 2977 1885; x_wconf 77' lang='grc' dir='ltr'>φῂς</span> <span class='ocrx_word' id='word_1_128' title='bbox 3005 1852 3021 1877; x_wconf 83' lang='grc'><strong>.</strong></span> 
     </span>
    </p>
   </div>
   <div class='ocr_carea' id='block_1_22' title="bbox 2187 1904 3770 1978">
    <p class='ocr_par' dir='ltr' id='par_1_22' title="bbox 2187 1904 3770 1978">
     <span class='ocr_line' id='line_1_22' title="bbox 2187 1904 3770 1978; baseline -0.003 -18"><span class='ocrx_word' id='word_1_129' title='bbox 2187 1908 2428 1977; x_wconf 83' lang='grc' dir='ltr'>,Πνεῦμα</span> <span class='ocrx_word' id='word_1_130' title='bbox 2463 1907 2602 1978; x_wconf 79' lang='grc' dir='ltr'>μετά</span> <span class='ocrx_word' id='word_1_131' title='bbox 2638 1907 2735 1976; x_wconf 81' lang='grc' dir='ltr'>τῆς</span> <span class='ocrx_word' id='word_1_132' title='bbox 2763 1907 2957 1976; x_wconf 80' lang='grc' dir='ltr'>σοφίας</span> <span class='ocrx_word' id='word_1_133' title='bbox 2993 1907 3112 1976; x_wconf 76' lang='grc' dir='ltr'>ἦτοι</span> <span class='ocrx_word' id='word_1_134' title='bbox 3143 1906 3240 1959; x_wconf 86' lang='grc' dir='ltr'><strong>τοῦ</strong></span> <span class='ocrx_word' id='word_1_135' title='bbox 3277 1904 3427 1968; x_wconf 84' lang='grc' dir='ltr'>Υἱοῦ,</span> <span class='ocrx_word' id='word_1_136' title='bbox 3473 1904 3536 1957; x_wconf 86' lang='grc' dir='ltr'><strong>οὐ</strong></span> <span class='ocrx_word' id='word_1_137' title='bbox 3583 1905 3770 1972; x_wconf 83' lang='grc' dir='ltr'>μέντοι</span> 
     </span>
    </p>
   </div>
   <div class='ocr_carea' id='block_1_23' title="bbox 530 1901 2098 1977">
    <p class='ocr_par' dir='ltr' id='par_1_23' title="bbox 530 1901 2098 1977">
     <span class='ocr_line' id='line_1_23' title="bbox 530 1901 2098 1977; baseline -0.005 -13"><span class='ocrx_word' id='word_1_138' title='bbox 530 1910 663 1977; x_wconf 84' lang='lat' dir='ltr'><strong>Quae</strong></span> <span class='ocrx_word' id='word_1_139' title='bbox 695 1923 828 1963; x_wconf 88' lang='lat' dir='ltr'><strong>vero</strong></span> <span class='ocrx_word' id='word_1_140' title='bbox 857 1907 1014 1970; x_wconf 88' lang='lat' dir='ltr'><strong>dicis,</strong></span> <span class='ocrx_word' id='word_1_141' title='bbox 1069 1903 1370 1975; x_wconf 88' lang='lat' dir='ltr'><strong>procedere</strong></span> <span class='ocrx_word' id='word_1_142' title='bbox 1429 1901 1646 1973; x_wconf 89' lang='lat' dir='ltr'><strong>quidem</strong></span> <span class='ocrx_word' id='word_1_143' title='bbox 1680 1902 1940 1970; x_wconf 87' lang='lat' dir='ltr'><strong>Spiritum</strong></span> <span class='ocrx_word' id='word_1_144' title='bbox 1976 1917 2098 1956; x_wconf 91' lang='lat' dir='ltr'><strong>cum</strong></span> 
     </span>
    </p>
   </div>
   <div class='ocr_carea' id='block_1_24' title="bbox 526 1993 2104 2070">
    <p class='ocr_par' dir='ltr' id='par_1_24' title="bbox 526 1993 2104 2070">
     <span class='ocr_line' id='line_1_24' title="bbox 526 1993 2104 2070; baseline -0.006 -15"><span class='ocrx_word' id='word_1_145' title='bbox 526 1999 794 2070; x_wconf 74' lang='lat' dir='ltr'><strong>sapientia</strong></span> <span class='ocrx_word' id='word_1_146' title='bbox 824 1997 938 2052; x_wconf 83' lang='lat' dir='ltr'><strong>sive</strong></span> <span class='ocrx_word' id='word_1_147' title='bbox 961 2011 1084 2050; x_wconf 92' lang='lat' dir='ltr'><strong>cum</strong></span> <span class='ocrx_word' id='word_1_148' title='bbox 1134 1995 1295 2060; x_wconf 87' lang='lat' dir='ltr'><strong>Filio,</strong></span> <span class='ocrx_word' id='word_1_149' title='bbox 1330 2010 1436 2048; x_wconf 91' lang='lat' dir='ltr'><strong>non</strong></span> <span class='ocrx_word' id='word_1_150' title='bbox 1491 2010 1620 2050; x_wconf 78' lang='lat' dir='ltr'><strong>vero</strong></span> <span class='ocrx_word' id='word_1_151' title='bbox 1649 2009 1714 2048; x_wconf 84' lang='lat' dir='ltr'><strong>ex</strong></span> <span class='ocrx_word' id='word_1_152' title='bbox 1742 1993 1886 2063; x_wconf 90' lang='lat' dir='ltr'><strong>ipso,</strong></span> <span class='ocrx_word' id='word_1_153' title='bbox 1927 2009 2104 2048; x_wconf 85' lang='lat' dir='ltr'><strong>asser-</strong></span> 
     </span>
    </p>
   </div>
   <div class='ocr_carea' id='block_1_25' title="bbox 526 2083 2100 2159">
    <p class='ocr_par' dir='ltr' id='par_1_25' title="bbox 526 2083 2100 2159">
     <span class='ocr_line' id='line_1_25' title="bbox 526 2083 2100 2159; baseline -0.003 -14"><span class='ocrx_word' id='word_1_154' title='bbox 526 2092 729 2146; x_wconf 85' lang='lat' dir='ltr'><strong>tionem</strong></span> <span class='ocrx_word' id='word_1_155' title='bbox 761 2087 1048 2159; x_wconf 86' lang='lat' dir='ltr'><strong>quamdam</strong></span> <span class='ocrx_word' id='word_1_156' title='bbox 1077 2083 1288 2157; x_wconf 72' lang='lat' dir='ltr'><strong>pdnens</strong></span> <span class='ocrx_word' id='word_1_157' title='bbox 1329 2087 1489 2152; x_wconf 88' lang='lat' dir='ltr'><strong>dicis,</strong></span> <span class='ocrx_word' id='word_1_158' title='bbox 1516 2087 1721 2141; x_wconf 87' lang='lat' dir='ltr'><strong>nullam</strong></span> <span class='ocrx_word' id='word_1_159' title='bbox 1744 2101 1872 2140; x_wconf 87' lang='lat' dir='ltr'><strong>vero</strong></span> <span class='ocrx_word' id='word_1_160' title='bbox 1899 2101 2100 2157; x_wconf 81' lang='lat' dir='ltr'><strong>cogen-</strong></span> 
     </span>
    </p>
   </div>
   <div class='ocr_carea' id='block_1_26' title="bbox 527 2177 2102 2244">
    <p class='ocr_par' dir='ltr' id='par_1_26' title="bbox 527 2177 2102 2244">
     <span class='ocr_line' id='line_1_26' title="bbox 527 2177 2102 2244; baseline -0.004 -6"><span class='ocrx_word' id='word_1_161' title='bbox 527 2195 636 2238; x_wconf 89' lang='lat' dir='ltr'><strong>tem</strong></span> <span class='ocrx_word' id='word_1_162' title='bbox 733 2184 1002 2235; x_wconf 85' lang='lat' dir='ltr'><strong>rationem</strong></span> <span class='ocrx_word' id='word_1_163' title='bbox 1110 2179 1347 2234; x_wconf 88' lang='lat' dir='ltr'><strong>inducis.</strong></span> <span class='ocrx_word' id='word_1_164' title='bbox 1446 2177 1703 2244; x_wconf 70' lang='lat' dir='ltr'><strong>Quaenam</strong></span> <span class='ocrx_word' id='word_1_165' title='bbox 1783 2177 1930 2232; x_wconf 87' lang='lat' dir='ltr'><strong>cnim</strong></span> <span class='ocrx_word' id='word_1_166' title='bbox 2015 2186 2102 2232; x_wconf 89' lang='lat' dir='ltr'><strong>est</strong></span> 
     </span>
    </p>
   </div>
   <div class='ocr_carea' id='block_1_27' title="bbox 523 2267 2096 2340">
    <p class='ocr_par' dir='ltr' id='par_1_27' title="bbox 523 2267 2096 2340">
     <span class='ocr_line' id='line_1_27' title="bbox 523 2267 2096 2340; baseline -0.004 -12"><span class='ocrx_word' id='word_1_167' title='bbox 523 2271 842 2336; x_wconf 79' lang='lat' dir='ltr'><strong>necessitas,</strong></span> <span class='ocrx_word' id='word_1_168' title='bbox 891 2270 937 2324; x_wconf 92' lang='lat' dir='ltr'><strong>si</strong></span> <span class='ocrx_word' id='word_1_169' title='bbox 978 2269 1214 2340; x_wconf 88' lang='lat' dir='ltr'><strong>Spiritus</strong></span> <span class='ocrx_word' id='word_1_170' title='bbox 1276 2284 1385 2323; x_wconf 91' lang='lat' dir='ltr'><strong>non</strong></span> <span class='ocrx_word' id='word_1_171' title='bbox 1454 2270 1523 2324; x_wconf 87' lang='lat' dir='ltr'><strong>sit</strong></span> <span class='ocrx_word' id='word_1_172' title='bbox 1568 2267 1688 2323; x_wconf 87' lang='lat' dir='ltr'><strong>Filii</strong></span> <span class='ocrx_word' id='word_1_173' title='bbox 1741 2268 2096 2339; x_wconf 87' lang='lat' dir='ltr'><strong>principium,</strong></span> 
     </span>
    </p>
   </div>
   <div class='ocr_carea' id='block_1_28' title="bbox 527 2356 2098 2436">
    <p class='ocr_par' dir='ltr' id='par_1_28' title="bbox 527 2356 2098 2436">
     <span class='ocr_line' id='line_1_28' title="bbox 527 2356 2098 2436; baseline -0.002 -17"><span class='ocrx_word' id='word_1_174' title='bbox 527 2382 706 2436; x_wconf 90' lang='lat' dir='ltr'><strong>neque</strong></span> <span class='ocrx_word' id='word_1_175' title='bbox 755 2364 1088 2434; x_wconf 89' lang='lat' dir='ltr'><strong>principium</strong></span> <span class='ocrx_word' id='word_1_176' title='bbox 1143 2361 1318 2418; x_wconf 87' lang='lat' dir='ltr'><strong>sancti</strong></span> <span class='ocrx_word' id='word_1_177' title='bbox 1351 2356 1615 2433; x_wconf 49' lang='lat' dir='ltr'><strong>‘Spiritus</strong></span> <span class='ocrx_word' id='word_1_178' title='bbox 1679 2376 1803 2416; x_wconf 84' lang='lat' dir='ltr'><strong>esse</strong></span> <span class='ocrx_word' id='word_1_179' title='bbox 1854 2361 2098 2416; x_wconf 85' lang='lat' dir='ltr'><strong>Filium?</strong></span> 
     </span>
    </p>
   </div>
   <div class='ocr_carea' id='block_1_29' title="bbox 526 2451 2100 2522">
    <p class='ocr_par' dir='ltr' id='par_1_29' title="bbox 526 2451 2100 2522">
     <span class='ocr_line' id='line_1_29' title="bbox 526 2451 2100 2522; baseline -0.001 -15"><span class='ocrx_word' id='word_1_180' title='bbox 526 2454 686 2522; x_wconf 85' lang='lat' dir='ltr'><strong>Quia,</strong></span> <span class='ocrx_word' id='word_1_181' title='bbox 720 2454 890 2520; x_wconf 88' lang='lat' dir='ltr'><strong>dices,</strong></span> <span class='ocrx_word' id='word_1_182' title='bbox 945 2452 1282 2522; x_wconf 83' lang='lat' dir='ltr'><strong>impossibile</strong></span> <span class='ocrx_word' id='word_1_183' title='bbox 1347 2460 1430 2506; x_wconf 90' lang='lat' dir='ltr'><strong>est</strong></span> <span class='ocrx_word' id='word_1_184' title='bbox 1475 2467 1538 2506; x_wconf 89' lang='lat' dir='ltr'><strong>ea</strong></span> <span class='ocrx_word' id='word_1_185' title='bbox 1566 2467 1686 2520; x_wconf 78' lang='lat' dir='ltr'><strong>quae</strong></span> <span class='ocrx_word' id='word_1_186' title='bbox 1729 2451 1976 2507; x_wconf 89' lang='lat' dir='ltr'><strong>simulet</strong></span> <span class='ocrx_word' id='word_1_187' title='bbox 2010 2466 2100 2506; x_wconf 88' lang='lat' dir='ltr'><strong>se-</strong></span> 
     </span>
    </p>
   </div>
   <div class='ocr_carea' id='block_1_30' title="bbox 525 2541 2098 2615">
    <p class='ocr_par' dir='ltr' id='par_1_30' title="bbox 525 2541 2098 2615">
     <span class='ocr_line' id='line_1_30' title="bbox 525 2541 2098 2615; baseline -0.004 -12"><span class='ocrx_word' id='word_1_188' title='bbox 525 2547 766 2604; x_wconf 91' lang='lat' dir='ltr'><strong>cundum</strong></span> <span class='ocrx_word' id='word_1_189' title='bbox 830 2545 982 2600; x_wconf 89' lang='lat' dir='ltr'><strong>idem</strong></span> <span class='ocrx_word' id='word_1_190' title='bbox 1023 2560 1089 2599; x_wconf 83' lang='lat' dir='ltr'><strong>ex</strong></span> <span class='ocrx_word' id='word_1_191' title='bbox 1121 2545 1380 2615; x_wconf 89' lang='lat' dir='ltr'><strong>quopiam</strong></span> <span class='ocrx_word' id='word_1_192' title='bbox 1420 2545 1714 2613; x_wconf 84' lang='lat' dir='ltr'><strong>prodeunt,</strong></span> <span class='ocrx_word' id='word_1_193' title='bbox 1779 2543 1943 2597; x_wconf 90' lang='lat' dir='ltr'><strong>etiam</strong></span> <span class='ocrx_word' id='word_1_194' title='bbox 1993 2541 2098 2596; x_wconf 91' lang='lat' dir='ltr'><strong>sibi</strong></span> 
     </span>
    </p>
   </div>
   <div class='ocr_carea' id='block_1_31' title="bbox 526 2633 2101 2709">
    <p class='ocr_par' dir='ltr' id='par_1_31' title="bbox 526 2633 2101 2709">
     <span class='ocr_line' id='line_1_31' title="bbox 526 2633 2101 2709; baseline -0.005 -15"><span class='ocrx_word' id='word_1_195' title='bbox 526 2641 762 2694; x_wconf 77' lang='lat' dir='ltr'><strong>invicem</strong></span> <span class='ocrx_word' id='word_1_196' title='bbox 795 2637 1066 2709; x_wconf 90' lang='lat' dir='ltr'><strong>principia</strong></span> <span class='ocrx_word' id='word_1_197' title='bbox 1093 2651 1214 2691; x_wconf 90' lang='lat' dir='ltr'><strong>esse</strong></span> <span class='ocrx_word' id='word_1_198' title='bbox 1243 2637 1255 2690; x_wconf 88' lang='lat' dir='ltr'><strong>l</strong></span> <span class='ocrx_word' id='word_1_199' title='bbox 1294 2633 1400 2689; x_wconf 89' lang='lat' dir='ltr'><strong>Sed</strong></span> <span class='ocrx_word' id='word_1_200' title='bbox 1430 2633 1562 2703; x_wconf 86' lang='lat' dir='ltr'><strong>quid</strong></span> <span class='ocrx_word' id='word_1_201' title='bbox 1593 2643 1648 2688; x_wconf 91' lang='lat' dir='ltr'><strong>tu</strong></span> <span class='ocrx_word' id='word_1_202' title='bbox 1700 2633 1802 2688; x_wconf 91' lang='lat' dir='ltr'><strong>sub</strong></span> <span class='ocrx_word' id='word_1_203' title='bbox 1847 2648 1978 2688; x_wconf 91' lang='lat' dir='ltr'><strong>voce</strong></span> <span class='ocrx_word' id='word_1_204' title='bbox 2001 2634 2101 2686; x_wconf 80' lang='lat' dir='ltr'><strong>sibi</strong></span> 
     </span>
    </p>
   </div>
   <div class='ocr_carea' id='block_1_32' title="bbox 525 2728 2101 2803">
    <p class='ocr_par' dir='ltr' id='par_1_32' title="bbox 525 2728 2101 2803">
     <span class='ocr_line' id='line_1_32' title="bbox 525 2728 2101 2803; baseline -0.006 -13"><span class='ocrx_word' id='word_1_205' title='bbox 525 2737 740 2790; x_wconf 80' lang='lat' dir='ltr'><strong>invicem</strong></span> <span class='ocrx_word' id='word_1_206' title='bbox 775 2732 1036 2803; x_wconf 81' lang='lat' dir='ltr'><strong>principia</strong></span> <span class='ocrx_word' id='word_1_207' title='bbox 1073 2730 1366 2800; x_wconf 79' lang='lat' dir='ltr'><strong>intelligas,</strong></span> <span class='ocrx_word' id='word_1_208' title='bbox 1427 2728 1480 2782; x_wconf 93' lang='lat' dir='ltr'><strong>id</strong></span> <span class='ocrx_word' id='word_1_209' title='bbox 1527 2728 1642 2798; x_wconf 89' lang='lat' dir='ltr'><strong>ipse</strong></span> <span class='ocrx_word' id='word_1_210' title='bbox 1689 2729 1943 2794; x_wconf 79' lang='lat' dir='ltr'><strong>noveris;</strong></span> <span class='ocrx_word' id='word_1_211' title='bbox 2001 2743 2101 2782; x_wconf 89' lang='lat' dir='ltr'><strong>nos</strong></span> 
     </span>
    </p>
   </div>
   <div class='ocr_carea' id='block_1_33' title="bbox 525 2813 2097 2888">
    <p class='ocr_par' dir='ltr' id='par_1_33' title="bbox 525 2813 2097 2888">
     <span class='ocr_line' id='line_1_33' title="bbox 525 2813 2097 2888; baseline -0.006 -12"><span class='ocrx_word' id='word_1_212' title='bbox 525 2841 656 2878; x_wconf 77' lang='lat' dir='ltr'><strong>vero</strong></span> <span class='ocrx_word' id='word_1_213' title='bbox 680 2823 788 2877; x_wconf 90' lang='lat' dir='ltr'><strong>sibi</strong></span> <span class='ocrx_word' id='word_1_214' title='bbox 825 2821 1070 2875; x_wconf 88' lang='lat' dir='ltr'><strong>invicem</strong></span> <span class='ocrx_word' id='word_1_215' title='bbox 1104 2817 1370 2888; x_wconf 88' lang='lat' dir='ltr'><strong>principia</strong></span> <span class='ocrx_word' id='word_1_216' title='bbox 1392 2831 1513 2871; x_wconf 87' lang='lat' dir='ltr'><strong>esse</strong></span> <span class='ocrx_word' id='word_1_217' title='bbox 1542 2831 1651 2870; x_wconf 88' lang='lat' dir='ltr'><strong>non</strong></span> <span class='ocrx_word' id='word_1_218' title='bbox 1681 2815 1932 2870; x_wconf 87' lang='lat' dir='ltr'><strong>dicimus.</strong></span> <span class='ocrx_word' id='word_1_219' title='bbox 1963 2813 2097 2868; x_wconf 83' lang='lat' dir='ltr'><strong>Nam</strong></span> 
     </span>
    </p>
   </div>
   <div class='ocr_carea' id='block_1_34' title="bbox 527 2905 2096 2982">
    <p class='ocr_par' dir='ltr' id='par_1_34' title="bbox 527 2905 2096 2982">
     <span class='ocr_line' id='line_1_34' title="bbox 527 2905 2096 2982; baseline -0.006 -15"><span class='ocrx_word' id='word_1_220' title='bbox 527 2916 641 2968; x_wconf 70' lang='lat' dir='ltr'><strong>iit-ri</strong></span> <span class='ocrx_word' id='word_1_221' title='bbox 669 2912 862 2982; x_wconf 90' lang='lat' dir='ltr'><strong>nequit</strong></span> <span class='ocrx_word' id='word_1_222' title='bbox 915 2920 974 2964; x_wconf 91' lang='lat' dir='ltr'><strong>ut</strong></span> <span class='ocrx_word' id='word_1_223' title='bbox 1031 2920 1323 2978; x_wconf 90' lang='lat' dir='ltr'><strong>utrumque</strong></span> <span class='ocrx_word' id='word_1_224' title='bbox 1353 2907 1640 2976; x_wconf 87' lang='lat' dir='ltr'><strong>utriusque</strong></span> <span class='ocrx_word' id='word_1_225' title='bbox 1673 2914 1728 2961; x_wconf 90' lang='lat' dir='ltr'><strong>et</strong></span> <span class='ocrx_word' id='word_1_226' title='bbox 1765 2905 2096 2976; x_wconf 88' lang='lat' dir='ltr'><strong>principium</strong></span> 
     </span>
    </p>
   </div>
   <div class='ocr_carea' id='block_1_35' title="bbox 531 2998 2099 3073">
    <p class='ocr_par' dir='ltr' id='par_1_35' title="bbox 531 2998 2099 3073">
     <span class='ocr_line' id='line_1_35' title="bbox 531 2998 2099 3073; baseline -0.005 -15"><span class='ocrx_word' id='word_1_227' title='bbox 531 3015 587 3058; x_wconf 86' lang='lat' dir='ltr'><strong>et</strong></span> <span class='ocrx_word' id='word_1_228' title='bbox 618 3003 1006 3073; x_wconf 87' lang='lat' dir='ltr'><strong>principiatum</strong></span> <span class='ocrx_word' id='word_1_229' title='bbox 1056 3001 1163 3066; x_wconf 87' lang='lat' dir='ltr'><strong>sit;</strong></span> <span class='ocrx_word' id='word_1_230' title='bbox 1197 2999 1302 3054; x_wconf 83' lang='lat' dir='ltr'><strong>hoc</strong></span> <span class='ocrx_word' id='word_1_231' title='bbox 1329 3000 1474 3054; x_wconf 88' lang='lat' dir='ltr'><strong>enim</strong></span> <span class='ocrx_word' id='word_1_232' title='bbox 1540 2998 1852 3054; x_wconf 63' lang='lat' dir='ltr'><strong>Graecorum</strong></span> <span class='ocrx_word' id='word_1_233' title='bbox 1918 3011 2099 3053; x_wconf 89' lang='lat' dir='ltr'><strong>sermo</strong></span> 
     </span>
    </p>
   </div>
   <div class='ocr_carea' id='block_1_36' title="bbox 2193 531 3757 604">
    <p class='ocr_par' dir='ltr' id='par_1_36' title="bbox 2193 531 3757 604">
     <span class='ocr_line' id='line_1_36' title="bbox 2193 531 3757 604; baseline -0.001 -15"><span class='ocrx_word' id='word_1_234' title='bbox 2193 537 2366 604; x_wconf 76' lang='grc' dir='ltr'>Λόγον</span> <span class='ocrx_word' id='word_1_235' title='bbox 2394 550 2454 588; x_wconf 90' lang='grc' dir='ltr'><strong>τε</strong></span> <span class='ocrx_word' id='word_1_236' title='bbox 2483 533 2578 587; x_wconf 75' lang='grc' dir='ltr'><strong>καὶ</strong></span> <span class='ocrx_word' id='word_1_237' title='bbox 2609 533 2742 586; x_wconf 70' lang='grc' dir='ltr'><strong>Υίὸν</strong></span> <span class='ocrx_word' id='word_1_238' title='bbox 2775 533 2863 586; x_wconf 78' lang='grc' dir='ltr'><strong>διὰ</strong></span> <span class='ocrx_word' id='word_1_239' title='bbox 2901 531 3103 587; x_wconf 82' lang='grc' dir='ltr'>τούτων</span> <span class='ocrx_word' id='word_1_240' title='bbox 3128 534 3236 586; x_wconf 90' lang='grc' dir='ltr'><strong>τῶν</strong></span> <span class='ocrx_word' id='word_1_241' title='bbox 3264 534 3545 603; x_wconf 78' lang='grc' dir='ltr'><strong>ὀνομάτων</strong></span> <span class='ocrx_word' id='word_1_242' title='bbox 3573 534 3757 589; x_wconf 87' lang='grc' dir='ltr'>νοοῦν-</span> 
     </span>
    </p>
   </div>
   <div class='ocr_carea' id='block_1_37' title="bbox 2190 623 3756 694">
    <p class='ocr_par' dir='ltr' id='par_1_37' title="bbox 2190 623 3756 694">
     <span class='ocr_line' id='line_1_37' title="bbox 2190 623 3756 694; baseline -0.001 -14"><span class='ocrx_word' id='word_1_243' title='bbox 2190 643 2306 690; x_wconf 89' lang='grc' dir='ltr'>τες.</span> <span class='ocrx_word' id='word_1_244' title='bbox 2330 626 2465 679; x_wconf 79' lang='grc' dir='ltr'>Οὐδὲ</span> <span class='ocrx_word' id='word_1_245' title='bbox 2515 626 2662 678; x_wconf 75' lang='grc' dir='ltr'>ἐστιν</span> <span class='ocrx_word' id='word_1_246' title='bbox 2703 626 2792 678; x_wconf 81' lang='grc' dir='ltr'><strong>ὅτε</strong></span> <span class='ocrx_word' id='word_1_247' title='bbox 2822 623 2959 678; x_wconf 87' lang='grc' dir='ltr'>Θεοῦ</span> <span class='ocrx_word' id='word_1_248' title='bbox 2989 625 3184 694; x_wconf 79' lang='grc' dir='ltr'>σοφίαν</span> <span class='ocrx_word' id='word_1_249' title='bbox 3224 623 3515 688; x_wconf 79' lang='grc' dir='ltr'>ἀκούοντες</span> <span class='ocrx_word' id='word_1_250' title='bbox 3544 625 3674 680; x_wconf 82' lang='grc' dir='ltr'>ἄλλο</span> <span class='ocrx_word' id='word_1_251' title='bbox 3701 642 3756 679; x_wconf 88' lang='grc' dir='ltr'><strong>τι</strong></span> 
     </span>
    </p>
   </div>
   <div class='ocr_carea' id='block_1_38' title="bbox 2192 716 3758 789">
    <p class='ocr_par' dir='ltr' id='par_1_38' title="bbox 2192 716 3758 789">
     <span class='ocr_line' id='line_1_38' title="bbox 2192 716 3758 789; baseline 0.001 -19"><span class='ocrx_word' id='word_1_252' title='bbox 2192 717 2419 786; x_wconf 77' lang='grc' dir='ltr'>νοοῦμεν</span> <span class='ocrx_word' id='word_1_253' title='bbox 2471 717 2504 789; x_wconf 79' lang='grc' dir='ltr'>ἦ</span> <span class='ocrx_word' id='word_1_254' title='bbox 2566 718 2658 771; x_wconf 68' lang='grc' dir='ltr'>τὸν</span> <span class='ocrx_word' id='word_1_255' title='bbox 2701 716 2852 770; x_wconf 85' lang='grc' dir='ltr'><strong>Υίόν.</strong></span> <span class='ocrx_word' id='word_1_256' title='bbox 2913 717 3061 770; x_wconf 76' lang='grc' dir='ltr'>Θεὸν</span> <span class='ocrx_word' id='word_1_257' title='bbox 3121 717 3220 787; x_wconf 82' lang='grc' dir='ltr'>μὲν</span> <span class='ocrx_word' id='word_1_258' title='bbox 3270 718 3377 787; x_wconf 76' lang='grc' dir='ltr'><strong>γὰρ</strong></span> <span class='ocrx_word' id='word_1_259' title='bbox 3431 718 3628 786; x_wconf 78' lang='grc' dir='ltr'>σοφίαν</span> <span class='ocrx_word' id='word_1_260' title='bbox 3673 737 3758 778; x_wconf 79' lang='grc' dir='ltr'><strong>τις</strong></span> 
     </span>
    </p>
   </div>
   <div class='ocr_carea' id='block_1_39' title="bbox 2193 806 3760 879">
    <p class='ocr_par' dir='ltr' id='par_1_39' title="bbox 2193 806 3760 879">
     <span class='ocr_line' id='line_1_39' title="bbox 2193 806 3760 879; baseline 0.001 -17"><span class='ocrx_word' id='word_1_261' title='bbox 2193 809 2365 863; x_wconf 76' lang='grc' dir='ltr'>εἰπὼν</span> <span class='ocrx_word' id='word_1_262' title='bbox 2394 809 2522 878; x_wconf 87' lang='grc' dir='ltr'>ὃλην</span> <span class='ocrx_word' id='word_1_263' title='bbox 2573 807 2744 878; x_wconf 80' lang='grc' dir='ltr'>αὐτὴν</span> <span class='ocrx_word' id='word_1_264' title='bbox 2788 807 2885 878; x_wconf 83' lang='grc' dir='ltr'><strong>τὴν</strong></span> <span class='ocrx_word' id='word_1_265' title='bbox 2925 806 3134 876; x_wconf 82' lang='grc' dir='ltr'>Τριάδα</span> <span class='ocrx_word' id='word_1_266' title='bbox 3161 807 3472 879; x_wconf 79' lang='grc' dir='ltr'><strong>δηλώσειεν,</strong></span> <span class='ocrx_word' id='word_1_267' title='bbox 3505 809 3654 864; x_wconf 85' lang='grc' dir='ltr'>Θεοῦ</span> <span class='ocrx_word' id='word_1_268' title='bbox 3702 811 3760 864; x_wconf 76' lang='grc' dir='ltr'>δὲ</span> 
     </span>
    </p>
   </div>
   <div class='ocr_carea' id='block_1_40' title="bbox 2193 900 3756 972">
    <p class='ocr_par' dir='ltr' id='par_1_40' title="bbox 2193 900 3756 972">
     <span class='ocr_line' id='line_1_40' title="bbox 2193 900 3756 972; baseline 0 -16"><span class='ocrx_word' id='word_1_269' title='bbox 2193 903 2416 972; x_wconf 69' lang='grc' dir='ltr'>σοφίαν</span> <span class='ocrx_word' id='word_1_270' title='bbox 2455 902 2829 970; x_wconf 80' lang='grc' dir='ltr'>φθεγξάμενος</span> <span class='ocrx_word' id='word_1_271' title='bbox 2883 901 2974 954; x_wconf 69' lang='grc' dir='ltr'>τὸν</span> <span class='ocrx_word' id='word_1_272' title='bbox 3034 901 3158 954; x_wconf 82' lang='grc' dir='ltr'>Υἱὸν</span> <span class='ocrx_word' id='word_1_273' title='bbox 3206 900 3420 964; x_wconf 80' lang='grc' dir='ltr'>πάντως</span> <span class='ocrx_word' id='word_1_274' title='bbox 3454 903 3756 972; x_wconf 73' lang='grc' dir='ltr'>ὲσήμανεψ</span> 
     </span>
    </p>
   </div>
   <div class='ocr_carea' id='block_1_41' title="bbox 2193 991 3760 1063">
    <p class='ocr_par' dir='ltr' id='par_1_41' title="bbox 2193 991 3760 1063">
     <span class='ocr_line' id='line_1_41' title="bbox 2193 991 3760 1063; baseline -0.001 -17"><span class='ocrx_word' id='word_1_275' title='bbox 2193 993 2382 1063; x_wconf 80' lang='grc' dir='ltr'>ὥσπερ</span> <span class='ocrx_word' id='word_1_276' title='bbox 2415 992 2508 1044; x_wconf 76' lang='grc' dir='ltr'>καὶ</span> <span class='ocrx_word' id='word_1_277' title='bbox 2543 991 2679 1043; x_wconf 83' lang='grc' dir='ltr'>Θεὸν</span> <span class='ocrx_word' id='word_1_278' title='bbox 2730 992 2831 1060; x_wconf 80' lang='grc' dir='ltr'>μὲν</span> <span class='ocrx_word' id='word_1_279' title='bbox 2859 993 3084 1060; x_wconf 83' lang='grc' dir='ltr'><strong>ἀγάπην</strong></span> <span class='ocrx_word' id='word_1_280' title='bbox 3129 991 3198 1044; x_wconf 80' lang='grc' dir='ltr'><strong>τά</strong></span> <span class='ocrx_word' id='word_1_281' title='bbox 3224 991 3350 1061; x_wconf 85' lang='grc' dir='ltr'>τρία</span> <span class='ocrx_word' id='word_1_282' title='bbox 3381 991 3560 1060; x_wconf 81' lang='grc' dir='ltr'>φαμὲν</span> <span class='ocrx_word' id='word_1_283' title='bbox 3588 992 3760 1058; x_wconf 76' lang='grc' dir='ltr'>πρὸσο</span> 
     </span>
    </p>
   </div>
   <div class='ocr_carea' id='block_1_42' title="bbox 2194 1081 3762 1151">
    <p class='ocr_par' dir='ltr' id='par_1_42' title="bbox 2194 1081 3762 1151">
     <span class='ocr_line' id='line_1_42' title="bbox 2194 1081 3762 1151; baseline -0.001 -15"><span class='ocrx_word' id='word_1_284' title='bbox 2194 1101 2340 1147; x_wconf 89' lang='grc' dir='ltr'>ωπα,</span> <span class='ocrx_word' id='word_1_285' title='bbox 2374 1081 2511 1135; x_wconf 82' lang='grc' dir='ltr'>Θεοῦ</span> <span class='ocrx_word' id='word_1_286' title='bbox 2548 1083 2606 1135; x_wconf 82' lang='grc' dir='ltr'>δὲ</span> <span class='ocrx_word' id='word_1_287' title='bbox 2653 1083 2880 1151; x_wconf 84' lang='grc' dir='ltr'>ἀγάπην</span> <span class='ocrx_word' id='word_1_288' title='bbox 2931 1083 2992 1134; x_wconf 83' lang='grc' dir='ltr'><strong>τὸ</strong></span> <span class='ocrx_word' id='word_1_289' title='bbox 3038 1081 3264 1151; x_wconf 78' lang='grc' dir='ltr'><strong>Πνεῦμα</strong></span> <span class='ocrx_word' id='word_1_290' title='bbox 3313 1081 3376 1134; x_wconf 75' lang='grc' dir='ltr'>τὸ</span> <span class='ocrx_word' id='word_1_291' title='bbox 3412 1081 3586 1148; x_wconf 80' lang='grc' dir='ltr'>ἆγιον·</span> <span class='ocrx_word' id='word_1_292' title='bbox 3619 1081 3762 1134; x_wconf 81' lang='grc' dir='ltr'>ὥστε</span> 
     </span>
    </p>
   </div>
   <div class='ocr_carea' id='block_1_43' title="bbox 2195 1172 3763 1243">
    <p class='ocr_par' dir='ltr' id='par_1_43' title="bbox 2195 1172 3763 1243">
     <span class='ocr_line' id='line_1_43' title="bbox 2195 1172 3763 1243; baseline -0.003 -15"><span class='ocrx_word' id='word_1_293' title='bbox 2195 1177 2323 1228; x_wconf 77' lang='grc' dir='ltr'>ὅταν</span> <span class='ocrx_word' id='word_1_294' title='bbox 2352 1177 2575 1228; x_wconf 88' lang='grc' dir='ltr'>Λατῖνοι</span> <span class='ocrx_word' id='word_1_295' title='bbox 2625 1174 2768 1243; x_wconf 82' lang='grc' dir='ltr'>φῶσι</span> <span class='ocrx_word' id='word_1_296' title='bbox 2803 1173 2864 1226; x_wconf 83' lang='grc' dir='ltr'>τὺ</span> <span class='ocrx_word' id='word_1_297' title='bbox 2911 1173 3137 1241; x_wconf 78' lang='grc' dir='ltr'>Πνεῦμα</span> <span class='ocrx_word' id='word_1_298' title='bbox 3166 1174 3230 1225; x_wconf 78' lang='grc' dir='ltr'><strong>ὲκ</strong></span> <span class='ocrx_word' id='word_1_299' title='bbox 3265 1172 3480 1242; x_wconf 84' lang='grc' dir='ltr'>Πατρὸς</span> <span class='ocrx_word' id='word_1_300' title='bbox 3506 1174 3601 1225; x_wconf 73' lang='grc' dir='ltr'><strong>καὶ</strong></span> <span class='ocrx_word' id='word_1_301' title='bbox 3630 1172 3763 1226; x_wconf 84' lang='grc' dir='ltr'>Υἰοῦ</span> 
     </span>
    </p>
   </div>
   <div class='ocr_carea' id='block_1_44' title="bbox 2197 1264 3766 1336">
    <p class='ocr_par' dir='ltr' id='par_1_44' title="bbox 2197 1264 3766 1336">
     <span class='ocr_line' id='line_1_44' title="bbox 2197 1264 3766 1336; baseline -0.003 -16"><span class='ocrx_word' id='word_1_302' title='bbox 2197 1264 2334 1321; x_wconf 72' lang='grc' dir='ltr'>εἶναι</span> <span class='ocrx_word' id='word_1_303' title='bbox 2365 1266 2646 1335; x_wconf 76' lang='grc' dir='ltr'>ὁμολογεῖν</span> <span class='ocrx_word' id='word_1_304' title='bbox 2702 1265 2835 1328; x_wconf 84' lang='grc' dir='ltr'>δεῖν,</span> <span class='ocrx_word' id='word_1_305' title='bbox 2885 1266 2972 1318; x_wconf 79' lang='grc' dir='ltr'><strong>διὰ</strong></span> <span class='ocrx_word' id='word_1_306' title='bbox 3015 1265 3076 1316; x_wconf 73' lang='grc' dir='ltr'><strong>τὸ</strong></span> <span class='ocrx_word' id='word_1_307' title='bbox 3110 1265 3201 1316; x_wconf 81' lang='grc' dir='ltr'><strong>τὸν</strong></span> <span class='ocrx_word' id='word_1_308' title='bbox 3246 1264 3464 1336; x_wconf 81' lang='grc' dir='ltr'>Πατέρα</span> <span class='ocrx_word' id='word_1_309' title='bbox 3497 1264 3635 1332; x_wconf 75' lang='grc' dir='ltr'>μετὰ</span> <span class='ocrx_word' id='word_1_310' title='bbox 3665 1264 3766 1334; x_wconf 77' lang='grc' dir='ltr'><strong>τῆς</strong></span> 
     </span>
    </p>
   </div>
   <div class='ocr_carea' id='block_1_45' title="bbox 2197 1355 3768 1426">
    <p class='ocr_par' dir='ltr' id='par_1_45' title="bbox 2197 1355 3768 1426">
     <span class='ocr_line' id='line_1_45' title="bbox 2197 1355 3768 1426; baseline -0.005 -13"><span class='ocrx_word' id='word_1_311' title='bbox 2197 1357 2394 1413; x_wconf 79' lang='grc' dir='ltr'>ἑαυτοῦ</span> <span class='ocrx_word' id='word_1_312' title='bbox 2445 1359 2636 1423; x_wconf 82' lang='grc' dir='ltr'>σοφίας</span> <span class='ocrx_word' id='word_1_313' title='bbox 2667 1359 2759 1410; x_wconf 75' lang='grc' dir='ltr'>καὶ</span> <span class='ocrx_word' id='word_1_314' title='bbox 2794 1358 2892 1410; x_wconf 84' lang='grc' dir='ltr'><strong>σὺν</strong></span> <span class='ocrx_word' id='word_1_315' title='bbox 2933 1357 3068 1426; x_wconf 85' lang='grc' dir='ltr'>αὐτῇ</span> <span class='ocrx_word' id='word_1_316' title='bbox 3107 1355 3224 1426; x_wconf 71' lang='grc' dir='ltr'><strong>ἅμα</strong></span> <span class='ocrx_word' id='word_1_317' title='bbox 3255 1356 3312 1408; x_wconf 77' lang='grc' dir='ltr'><strong>τὸ</strong></span> <span class='ocrx_word' id='word_1_318' title='bbox 3339 1357 3568 1424; x_wconf 86' lang='grc' dir='ltr'>Πνεῦμα</span> <span class='ocrx_word' id='word_1_319' title='bbox 3597 1373 3768 1424; x_wconf 63' lang='grc' dir='ltr'>προε-</span> 
     </span>
    </p>
   </div>
   <div class='ocr_carea' id='block_1_46' title="bbox 2199 1447 3770 1518">
    <p class='ocr_par' dir='ltr' id='par_1_46' title="bbox 2199 1447 3770 1518">
     <span class='ocr_line' id='line_1_46' title="bbox 2199 1447 3770 1518; baseline -0.002 -15"><span class='ocrx_word' id='word_1_320' title='bbox 2199 1453 2408 1518; x_wconf 85' lang='grc' dir='ltr'>γαγεῐν,</span> <span class='ocrx_word' id='word_1_321' title='bbox 2437 1450 2497 1502; x_wconf 90' lang='grc' dir='ltr'><strong>οὐ</strong></span> <span class='ocrx_word' id='word_1_322' title='bbox 2529 1449 2722 1518; x_wconf 82' lang='grc' dir='ltr'>σοφίαν</span> <span class='ocrx_word' id='word_1_323' title='bbox 2750 1452 2850 1518; x_wconf 80' lang='grc' dir='ltr'><strong>τὴν</strong></span> <span class='ocrx_word' id='word_1_324' title='bbox 2880 1451 3066 1518; x_wconf 84' lang='grc' dir='ltr'>κοινὴν</span> <span class='ocrx_word' id='word_1_325' title='bbox 3094 1447 3296 1518; x_wconf 87' lang='grc' dir='ltr'>ταύτην</span> <span class='ocrx_word' id='word_1_326' title='bbox 3331 1449 3473 1500; x_wconf 87' lang='grc' dir='ltr'>νοεῖν</span> <span class='ocrx_word' id='word_1_327' title='bbox 3495 1447 3595 1510; x_wconf 90' lang='grc' dir='ltr'>δεῖ,</span> <span class='ocrx_word' id='word_1_328' title='bbox 3630 1447 3770 1500; x_wconf 70' lang='grc' dir='ltr'>ἀλλὰ</span> 
     </span>
    </p>
   </div>
   <div class='ocr_carea' id='block_1_47' title="bbox 2199 1538 3770 1611">
    <p class='ocr_par' dir='ltr' id='par_1_47' title="bbox 2199 1538 3770 1611">
     <span class='ocr_line' id='line_1_47' title="bbox 2199 1538 3770 1611; baseline -0.004 -15"><span class='ocrx_word' id='word_1_329' title='bbox 2199 1544 2302 1611; x_wconf 75' lang='grc' dir='ltr'><strong>τὴν</strong></span> <span class='ocrx_word' id='word_1_330' title='bbox 2335 1542 2470 1594; x_wconf 82' lang='grc' dir='ltr'>ἰδίαν</span> <span class='ocrx_word' id='word_1_331' title='bbox 2525 1541 2602 1609; x_wconf 77' lang='grc' dir='ltr'>τῷ</span> <span class='ocrx_word' id='word_1_332' title='bbox 2654 1539 2768 1609; x_wconf 80' lang='grc' dir='ltr'><strong>Υἱῷ</strong></span> <span class='ocrx_word' id='word_1_333' title='bbox 2829 1539 3250 1608; x_wconf 77' lang='grc' dir='ltr'>ἀποδιδομένην.</span> <span class='ocrx_word' id='word_1_334' title='bbox 3305 1539 3415 1590; x_wconf 70' lang='grc' dir='ltr'><strong>Καὶ</strong></span> <span class='ocrx_word' id='word_1_335' title='bbox 3469 1538 3645 1607; x_wconf 81' lang='grc' dir='ltr'>μάτην</span> <span class='ocrx_word' id='word_1_336' title='bbox 3686 1553 3770 1590; x_wconf 81' lang='grc' dir='ltr'><strong>σοι</strong></span> 
     </span>
    </p>
   </div>
   <div class='ocr_carea' id='block_1_48' title="bbox 2201 1631 3770 1703">
    <p class='ocr_par' dir='ltr' id='par_1_48' title="bbox 2201 1631 3770 1703">
     <span class='ocr_line' id='line_1_48' title="bbox 2201 1631 3770 1703; baseline -0.004 -16"><span class='ocrx_word' id='word_1_337' title='bbox 2201 1635 2268 1687; x_wconf 82' lang='grc' dir='ltr'>τὰ</span> <span class='ocrx_word' id='word_1_338' title='bbox 2293 1634 2350 1686; x_wconf 79' lang='grc' dir='ltr'>ὲν</span> <span class='ocrx_word' id='word_1_339' title='bbox 2387 1632 2464 1703; x_wconf 88' lang='grc' dir='ltr'>τῷ</span> <span class='ocrx_word' id='word_1_340' title='bbox 2495 1632 2732 1702; x_wconf 78' lang='grc' dir='ltr'><strong>δευτέρῳ</strong></span> <span class='ocrx_word' id='word_1_341' title='bbox 2780 1632 2934 1702; x_wconf 81' lang='grc' dir='ltr'>μέρει</span> <span class='ocrx_word' id='word_1_342' title='bbox 2989 1631 3181 1684; x_wconf 84' lang='grc' dir='ltr'>τούτου</span> <span class='ocrx_word' id='word_1_343' title='bbox 3212 1631 3308 1684; x_wconf 89' lang='grc' dir='ltr'><strong>τοῦ</strong></span> <span class='ocrx_word' id='word_1_344' title='bbox 3340 1632 3770 1700; x_wconf 71' lang='grc' dir='ltr'>ἐπιχειρήματος</span> 
     </span>
    </p>
   </div>
   <div class='ocr_carea' id='block_1_49' title="bbox 2202 1721 3771 1797">
    <p class='ocr_par' dir='ltr' id='par_1_49' title="bbox 2202 1721 3771 1797">
     <span class='ocr_line' id='line_1_49' title="bbox 2202 1721 3771 1797; baseline -0.003 -20"><span class='ocrx_word' id='word_1_345' title='bbox 2202 1726 2466 1796; x_wconf 78' lang='grc' dir='ltr'>εἰρημένα</span> <span class='ocrx_word' id='word_1_346' title='bbox 2492 1725 2850 1797; x_wconf 72' lang='grc' dir='ltr'>ἀπέρριπται,</span> <span class='ocrx_word' id='word_1_347' title='bbox 2882 1723 3037 1776; x_wconf 77' lang='grc' dir='ltr'>οὐδὲν</span> <span class='ocrx_word' id='word_1_348' title='bbox 3069 1724 3203 1786; x_wconf 84' lang='grc' dir='ltr'>ὅλως</span> <span class='ocrx_word' id='word_1_349' title='bbox 3239 1722 3500 1775; x_wconf 80' lang='grc' dir='ltr'>ποιοῦντα</span> <span class='ocrx_word' id='word_1_350' title='bbox 3534 1721 3670 1790; x_wconf 75' lang='grc' dir='ltr'>πρὸς</span> <span class='ocrx_word' id='word_1_351' title='bbox 3704 1721 3771 1773; x_wconf 82' lang='grc' dir='ltr'><strong>τὸ</strong></span> 
     </span>
    </p>
   </div>
   <div class='ocr_carea' id='block_1_50' title="bbox 3083 1811 3771 1884">
    <p class='ocr_par' dir='ltr' id='par_1_50' title="bbox 3083 1811 3771 1884">
     <span class='ocr_line' id='line_1_50' title="bbox 3083 1811 3771 1884; baseline -0.004 -18"><span class='ocrx_word' id='word_1_352' title='bbox 3083 1814 3481 1884; x_wconf 80' lang='grc' dir='ltr'>ἐκπορεύεσθαι</span> <span class='ocrx_word' id='word_1_353' title='bbox 3537 1812 3634 1882; x_wconf 80' lang='grc' dir='ltr'>μὲν</span> <span class='ocrx_word' id='word_1_354' title='bbox 3705 1811 3771 1864; x_wconf 75' lang='grc' dir='ltr'>τὸ</span> 
     </span>
    </p>
   </div>
   <div class='ocr_carea' id='block_1_51' title="bbox 2203 1997 3774 2070">
    <p class='ocr_par' dir='ltr' id='par_1_51' title="bbox 2203 1997 3774 2070">
     <span class='ocr_line' id='line_1_51' title="bbox 2203 1997 3774 2070; baseline -0.004 -14"><span class='ocrx_word' id='word_1_355' title='bbox 2203 2003 2263 2070; x_wconf 82' lang='grc' dir='ltr'>ἐξ</span> <span class='ocrx_word' id='word_1_356' title='bbox 2317 2001 2504 2066; x_wconf 89' lang='grc' dir='ltr'>αὐτοῦ,</span> <span class='ocrx_word' id='word_1_357' title='bbox 2557 2000 2704 2054; x_wconf 80' lang='grc' dir='ltr'>θέσιν</span> <span class='ocrx_word' id='word_1_358' title='bbox 2752 1999 2874 2052; x_wconf 78' lang='grc' dir='ltr'>τινὰ</span> <span class='ocrx_word' id='word_1_359' title='bbox 2932 1999 3218 2064; x_wconf 78' lang='grc' dir='ltr'>τιθέμενος</span> <span class='ocrx_word' id='word_1_360' title='bbox 3276 1997 3480 2066; x_wconf 83' lang='grc' dir='ltr'>λέγεις,</span> <span class='ocrx_word' id='word_1_361' title='bbox 3514 1997 3774 2065; x_wconf 80' lang='grc' dir='ltr'>οὐδεμίαν</span> 
     </span>
    </p>
   </div>
   <div class='ocr_carea' id='block_1_52' title="bbox 2217 2089 3773 2163">
    <p class='ocr_par' dir='ltr' id='par_1_52' title="bbox 2217 2089 3773 2163">
     <span class='ocr_line' id='line_1_52' title="bbox 2217 2089 3773 2163; baseline -0.004 -16"><span class='ocrx_word' id='word_1_362' title='bbox 2217 2095 2470 2163; x_wconf 79' lang='grc' dir='ltr'>ἀνάγκην</span> <span class='ocrx_word' id='word_1_363' title='bbox 2499 2095 2758 2161; x_wconf 71' lang='grc' dir='ltr'>εἰσάγων.</span> <span class='ocrx_word' id='word_1_364' title='bbox 2793 2091 2888 2155; x_wconf 85' lang='grc' dir='ltr'><strong>Τίς</strong></span> <span class='ocrx_word' id='word_1_365' title='bbox 2918 2093 3027 2162; x_wconf 80' lang='grc' dir='ltr'><strong>γὰρ</strong></span> <span class='ocrx_word' id='word_1_366' title='bbox 3061 2092 3299 2162; x_wconf 80' lang='grc' dir='ltr'>ἀνάγκη,</span> <span class='ocrx_word' id='word_1_367' title='bbox 3333 2093 3379 2142; x_wconf 77' lang='grc' dir='ltr'><strong>εί</strong></span> <span class='ocrx_word' id='word_1_368' title='bbox 3416 2091 3490 2159; x_wconf 83' lang='grc' dir='ltr'>μὴ</span> <span class='ocrx_word' id='word_1_369' title='bbox 3513 2090 3573 2142; x_wconf 68' lang='grc' dir='ltr'><strong>τὸ</strong></span> <span class='ocrx_word' id='word_1_370' title='bbox 3603 2089 3773 2142; x_wconf 86' lang='grc' dir='ltr'>Πνεῦ-</span> 
     </span>
    </p>
   </div>
   <div class='ocr_carea' id='block_1_53' title="bbox 2205 2180 3775 2256">
    <p class='ocr_par' dir='ltr' id='par_1_53' title="bbox 2205 2180 3775 2256">
     <span class='ocr_line' id='line_1_53' title="bbox 2205 2180 3775 2256; baseline -0.004 -16"><span class='ocrx_word' id='word_1_371' title='bbox 2205 2203 2283 2256; x_wconf 87' lang='grc' dir='ltr'><strong>μα</strong></span> <span class='ocrx_word' id='word_1_372' title='bbox 2307 2186 2400 2240; x_wconf 88' lang='grc' dir='ltr'><strong>τοῦ</strong></span> <span class='ocrx_word' id='word_1_373' title='bbox 2445 2184 2573 2238; x_wconf 86' lang='grc' dir='ltr'>Υίοῦ</span> <span class='ocrx_word' id='word_1_374' title='bbox 2613 2185 2808 2249; x_wconf 75' lang='grc' dir='ltr'>αἴτιον,</span> <span class='ocrx_word' id='word_1_375' title='bbox 2850 2184 2986 2254; x_wconf 84' lang='grc' dir='ltr'>μηδὲ</span> <span class='ocrx_word' id='word_1_376' title='bbox 3015 2183 3107 2238; x_wconf 79' lang='grc' dir='ltr'><strong>τὸν</strong></span> <span class='ocrx_word' id='word_1_377' title='bbox 3140 2184 3269 2237; x_wconf 76' lang='grc' dir='ltr'><strong>Υἱὸν</strong></span> <span class='ocrx_word' id='word_1_378' title='bbox 3301 2180 3442 2237; x_wconf 78' lang='grc' dir='ltr'>εῖναι</span> <span class='ocrx_word' id='word_1_379' title='bbox 3469 2183 3563 2236; x_wconf 83' lang='grc' dir='ltr'><strong>τοῦ</strong></span> <span class='ocrx_word' id='word_1_380' title='bbox 3603 2181 3775 2236; x_wconf 86' lang='grc' dir='ltr'>Πνεύ-</span> 
     </span>
    </p>
   </div>
   <div class='ocr_carea' id='block_1_54' title="bbox 2204 2274 3776 2348">
    <p class='ocr_par' dir='ltr' id='par_1_54' title="bbox 2204 2274 3776 2348">
     <span class='ocr_line' id='line_1_54' title="bbox 2204 2274 3776 2348; baseline -0.003 -16"><span class='ocrx_word' id='word_1_381' title='bbox 2204 2295 2374 2348; x_wconf 91' lang='grc' dir='ltr'>ματος</span> <span class='ocrx_word' id='word_1_382' title='bbox 2425 2278 2636 2347; x_wconf 80' lang='grc' dir='ltr'>ἀρχήν;</span> <span class='ocrx_word' id='word_1_383' title='bbox 2705 2277 2850 2342; x_wconf 79' lang='grc' dir='ltr'>Ὅτι,</span> <span class='ocrx_word' id='word_1_384' title='bbox 2906 2276 3134 2345; x_wconf 77' lang='grc' dir='ltr'>φήσεις,</span> <span class='ocrx_word' id='word_1_385' title='bbox 3188 2276 3254 2327; x_wconf 78' lang='grc' dir='ltr'><strong>τὰ</strong></span> <span class='ocrx_word' id='word_1_386' title='bbox 3308 2274 3442 2344; x_wconf 87' lang='grc' dir='ltr'>ὁμοῦ</span> <span class='ocrx_word' id='word_1_387' title='bbox 3485 2276 3579 2327; x_wconf 66' lang='grc' dir='ltr'><strong>καὶ</strong></span> <span class='ocrx_word' id='word_1_388' title='bbox 3631 2276 3776 2328; x_wconf 64' lang='grc' dir='ltr'><strong>καττέι⁵</strong></span> 
     </span>
    </p>
   </div>
   <div class='ocr_carea' id='block_1_55' title="bbox 2201 2360 3774 2439">
    <p class='ocr_par' dir='ltr' id='par_1_55' title="bbox 2201 2360 3774 2439">
     <span class='ocr_line' id='line_1_55' title="bbox 2201 2360 3774 2439; baseline -0.006 -14"><span class='ocrx_word' id='word_1_389' title='bbox 2201 2369 2396 2425; x_wconf 82' lang='grc' dir='ltr'>ταυτὸν</span> <span class='ocrx_word' id='word_1_390' title='bbox 2421 2369 2486 2423; x_wconf 73' lang='grc' dir='ltr'>ἐκ</span> <span class='ocrx_word' id='word_1_391' title='bbox 2514 2385 2659 2433; x_wconf 87' lang='grc' dir='ltr'>τινος</span> <span class='ocrx_word' id='word_1_392' title='bbox 2688 2371 2951 2439; x_wconf 76' lang='grc' dir='ltr'>προϊόντα</span> <span class='ocrx_word' id='word_1_393' title='bbox 3000 2367 3098 2422; x_wconf 82' lang='grc' dir='ltr'>καὶ</span> <span class='ocrx_word' id='word_1_394' title='bbox 3143 2366 3390 2436; x_wconf 84' lang='grc' dir='ltr'>ἀλλήλων</span> <span class='ocrx_word' id='word_1_395' title='bbox 3441 2365 3592 2418; x_wconf 82' lang='grc' dir='ltr'>αῐτια</span> <span class='ocrx_word' id='word_1_396' title='bbox 3627 2360 3774 2417; x_wconf 79' lang='grc' dir='ltr'>εἶναι</span> 
     </span>
    </p>
   </div>
   <div class='ocr_carea' id='block_1_56' title="bbox 2201 2452 3819 2529">
    <p class='ocr_par' dir='ltr' id='par_1_56' title="bbox 2201 2452 3819 2529">
     <span class='ocr_line' id='line_1_56' title="bbox 2201 2452 3819 2529; baseline -0.004 -11"><span class='ocrx_word' id='word_1_397' title='bbox 2201 2463 2482 2518; x_wconf 81' lang='grc' dir='ltr'>ἀδύνατον.</span> <span class='ocrx_word' id='word_1_398' title='bbox 2523 2461 2687 2516; x_wconf 61' lang='lat' dir='ltr'><strong>una</strong></span> <span class='ocrx_word' id='word_1_399' title='bbox 2729 2462 2780 2514; x_wconf 92' lang='grc' dir='ltr'><strong>τί</strong></span> <span class='ocrx_word' id='word_1_400' title='bbox 2811 2462 2910 2529; x_wconf 78' lang='grc' dir='ltr'><strong>μὲν</strong></span> <span class='ocrx_word' id='word_1_401' title='bbox 2952 2462 3016 2515; x_wconf 85' lang='grc' dir='ltr'><strong>σὺ</strong></span> <span class='ocrx_word' id='word_1_402' title='bbox 3049 2461 3135 2514; x_wconf 73' lang='grc' dir='ltr'><strong>διὰ</strong></span> <span class='ocrx_word' id='word_1_403' title='bbox 3167 2461 3260 2514; x_wconf 71' lang='grc' dir='ltr'><strong>τοῦ</strong></span> <span class='ocrx_word' id='word_1_404' title='bbox 3287 2459 3580 2528; x_wconf 73' lang='grc' dir='ltr'><strong>ἀλλήλων</strong></span> <span class='ocrx_word' id='word_1_405' title='bbox 3611 2460 3776 2513; x_wconf 77' lang='grc' dir='ltr'>αἴτια</span> <span class='ocrx_word' id='word_1_406' title='bbox 3809 2452 3819 2461; x_wconf 80' lang='grc'><em>’</em></span> 
     </span>
    </p>
   </div>
   <div class='ocr_carea' id='block_1_57' title="bbox 2203 2551 3775 2622">
    <p class='ocr_par' dir='ltr' id='par_1_57' title="bbox 2203 2551 3775 2622">
     <span class='ocr_line' id='line_1_57' title="bbox 2203 2551 3775 2622; baseline -0.003 -14"><span class='ocrx_word' id='word_1_407' title='bbox 2203 2556 2364 2619; x_wconf 76' lang='grc' dir='ltr'>νοεῖς,</span> <span class='ocrx_word' id='word_1_408' title='bbox 2415 2552 2576 2617; x_wconf 85' lang='grc' dir='ltr'>αὐτὸς</span> <span class='ocrx_word' id='word_1_409' title='bbox 2617 2553 2684 2606; x_wconf 86' lang='grc' dir='ltr'><strong>ἂν</strong></span> <span class='ocrx_word' id='word_1_410' title='bbox 2730 2553 2929 2622; x_wconf 77' lang='grc' dir='ltr'>εἰδείης</span> <span class='ocrx_word' id='word_1_411' title='bbox 2954 2568 2967 2582; x_wconf 90' lang='grc'><strong>·</strong></span> <span class='ocrx_word' id='word_1_412' title='bbox 3019 2553 3182 2622; x_wconf 82' lang='grc' dir='ltr'>ἡμεῖς</span> <span class='ocrx_word' id='word_1_413' title='bbox 3235 2551 3290 2604; x_wconf 84' lang='grc' dir='ltr'>δὲ</span> <span class='ocrx_word' id='word_1_414' title='bbox 3315 2551 3589 2622; x_wconf 79' lang='grc' dir='ltr'>-άλλήλων</span> <span class='ocrx_word' id='word_1_415' title='bbox 3623 2551 3775 2604; x_wconf 74' lang='grc' dir='ltr'>αἴτια</span> 
     </span>
    </p>
   </div>
   <div class='ocr_carea' id='block_1_58' title="bbox 2201 2641 3772 2714">
    <p class='ocr_par' dir='ltr' id='par_1_58' title="bbox 2201 2641 3772 2714">
     <span class='ocr_line' id='line_1_58' title="bbox 2201 2641 3772 2714; baseline -0.004 -15"><span class='ocrx_word' id='word_1_416' title='bbox 2201 2641 2341 2700; x_wconf 79' lang='grc' dir='ltr'>εἶναι</span> <span class='ocrx_word' id='word_1_417' title='bbox 2378 2647 2440 2698; x_wconf 90' lang='grc' dir='ltr'><strong>οὐ</strong></span> <span class='ocrx_word' id='word_1_418' title='bbox 2470 2645 2669 2714; x_wconf 80' lang='grc' dir='ltr'>φαμέν.</span> <span class='ocrx_word' id='word_1_419' title='bbox 2702 2645 2774 2698; x_wconf 85' lang='grc' dir='ltr'>οὐ</span> <span class='ocrx_word' id='word_1_420' title='bbox 2806 2644 2917 2713; x_wconf 85' lang='grc' dir='ltr'><strong>γὰρ</strong></span> <span class='ocrx_word' id='word_1_421' title='bbox 2955 2643 3181 2697; x_wconf 66' lang='grc' dir='ltr'>δυνατὸν</span> <span class='ocrx_word' id='word_1_422' title='bbox 3212 2641 3474 2712; x_wconf 80' lang='grc' dir='ltr'>ἑκάτερον</span> <span class='ocrx_word' id='word_1_423' title='bbox 3503 2641 3772 2710; x_wconf 77' lang='grc' dir='ltr'>ἑκατέρου</span> 
     </span>
    </p>
   </div>
   <div class='ocr_carea' id='block_1_59' title="bbox 2201 2719 3775 2804">
    <p class='ocr_par' dir='ltr' id='par_1_59' title="bbox 2201 2719 3775 2804">
     <span class='ocr_line' id='line_1_59' title="bbox 2201 2719 3775 2804; baseline -0.003 -14"><span class='ocrx_word' id='word_1_424' title='bbox 2201 2737 2375 2792; x_wconf 81' lang='grc' dir='ltr'>αἴτιόν</span> <span class='ocrx_word' id='word_1_425' title='bbox 2423 2753 2484 2789; x_wconf 91' lang='grc' dir='ltr'><strong>τε</strong></span> <span class='ocrx_word' id='word_1_426' title='bbox 2533 2733 2629 2789; x_wconf 82' lang='grc' dir='ltr'>καὶ</span> <span class='ocrx_word' id='word_1_427' title='bbox 2682 2735 2927 2788; x_wconf 75' lang='grc' dir='ltr'>αἱτιατὸν</span> <span class='ocrx_word' id='word_1_428' title='bbox 2977 2729 3155 2787; x_wconf 79' lang='grc' dir='ltr'>εἶναι’</span> <span class='ocrx_word' id='word_1_429' title='bbox 3192 2734 3353 2786; x_wconf 85' lang='grc' dir='ltr'>τοῦτο</span> <span class='ocrx_word' id='word_1_430' title='bbox 3386 2719 3499 2804; x_wconf 81' lang='grc' dir='ltr'>γὰρ</span> <span class='ocrx_word' id='word_1_431' title='bbox 3553 2734 3711 2800; x_wconf 77' lang='grc' dir='ltr'>λόγος</span> <span class='ocrx_word' id='word_1_432' title='bbox 3744 2735 3775 2786; x_wconf 86' lang='grc' dir='ltr'><strong>ὁ</strong></span> 
     </span>
    </p>
   </div>
   <div class='ocr_carea' id='block_1_60' title="bbox 2203 2825 3770 2898">
    <p class='ocr_par' dir='ltr' id='par_1_60' title="bbox 2203 2825 3770 2898">
     <span class='ocr_line' id='line_1_60' title="bbox 2203 2825 3770 2898; baseline -0.003 -16"><span class='ocrx_word' id='word_1_433' title='bbox 2203 2829 2404 2893; x_wconf 83' lang='grc' dir='ltr'>Ἕλλην</span> <span class='ocrx_word' id='word_1_434' title='bbox 2434 2827 2523 2882; x_wconf 83' lang='grc' dir='ltr'>διὰ</span> <span class='ocrx_word' id='word_1_435' title='bbox 2560 2825 2656 2882; x_wconf 82' lang='grc' dir='ltr'><strong>τοῦ</strong></span> <span class='ocrx_word' id='word_1_436' title='bbox 2709 2825 3008 2893; x_wconf 71' lang='grc' dir='ltr'><em>ἀλλήλων</em></span> <span class='ocrx_word' id='word_1_437' title='bbox 3035 2826 3198 2879; x_wconf 81' lang='grc' dir='ltr'>αῖτια</span> <span class='ocrx_word' id='word_1_438' title='bbox 3245 2825 3441 2898; x_wconf 89' lang='grc' dir='ltr'>δηλοῦν</span> <span class='ocrx_word' id='word_1_439' title='bbox 3484 2825 3732 2896; x_wconf 87' lang='grc' dir='ltr'>βούλεται</span> <span class='ocrx_word' id='word_1_440' title='bbox 3754 2841 3770 2856; x_wconf 81' lang='grc'><em>’</em></span> 
     </span>
    </p>
   </div>
   <div class='ocr_carea' id='block_1_61' title="bbox 2201 2913 3772 2990">
    <p class='ocr_par' dir='ltr' id='par_1_61' title="bbox 2201 2913 3772 2990">
     <span class='ocr_line' id='line_1_61' title="bbox 2201 2913 3772 2990; baseline -0.003 -14"><span class='ocrx_word' id='word_1_441' title='bbox 2201 2921 2425 2990; x_wconf 80' lang='grc' dir='ltr'>θάτερον</span> <span class='ocrx_word' id='word_1_442' title='bbox 2475 2918 2532 2972; x_wconf 84' lang='grc' dir='ltr'>δὲ</span> <span class='ocrx_word' id='word_1_443' title='bbox 2589 2918 2816 2987; x_wconf 81' lang='grc' dir='ltr'>θατέρου</span> <span class='ocrx_word' id='word_1_444' title='bbox 2885 2917 3057 2972; x_wconf 86' lang='grc' dir='ltr'>αῐτιον</span> <span class='ocrx_word' id='word_1_445' title='bbox 3115 2913 3300 2984; x_wconf 79' lang='grc' dir='ltr'>εῖναι,</span> <span class='ocrx_word' id='word_1_446' title='bbox 3354 2917 3463 2972; x_wconf 83' lang='grc' dir='ltr'><strong>κᾶν</strong></span> <span class='ocrx_word' id='word_1_447' title='bbox 3499 2917 3772 2972; x_wconf 74' lang='grc' dir='ltr'>καὶκατὰ</span> 
     </span>
    </p>
   </div>
   <div class='ocr_carea' id='block_1_62' title="bbox 2199 3011 3768 3082">
    <p class='ocr_par' dir='ltr' id='par_1_62' title="bbox 2199 3011 3768 3082">
     <span class='ocr_line' id='line_1_62' title="bbox 2199 3011 3768 3082; baseline -0.001 -16"><span class='ocrx_word' id='word_1_448' title='bbox 2199 3014 2395 3066; x_wconf 79' lang='grc' dir='ltr'>ταυτὸν</span> <span class='ocrx_word' id='word_1_449' title='bbox 2425 3011 2489 3064; x_wconf 78' lang='grc' dir='ltr'>ἐκ</span> <span class='ocrx_word' id='word_1_450' title='bbox 2511 3028 2656 3074; x_wconf 89' lang='grc' dir='ltr'>τινος</span> <span class='ocrx_word' id='word_1_451' title='bbox 2684 3011 2849 3066; x_wconf 77' lang='grc' dir='ltr'>ἄλλον</span> <span class='ocrx_word' id='word_1_452' title='bbox 2887 3013 3237 3082; x_wconf 81' lang='grc' dir='ltr'>προάγοιντο,</span> <span class='ocrx_word' id='word_1_453' title='bbox 3263 3012 3415 3066; x_wconf 78' lang='grc' dir='ltr'>οὐδὲν</span> <span class='ocrx_word' id='word_1_454' title='bbox 3439 3011 3639 3067; x_wconf 84' lang='grc' dir='ltr'>κωλύει</span> <span class='ocrx_word' id='word_1_455' title='bbox 3669 3013 3768 3082; x_wconf 79' lang='grc'><strong>(1).</strong></span> 
     </span>
    </p>
   </div>
   <div class='ocr_carea' id='block_1_63' title="bbox 531 3088 2098 3183">
    <p class='ocr_par' dir='ltr' id='par_1_63' title="bbox 531 3088 2098 3160">
     <span class='ocr_line' id='line_1_63' title="bbox 531 3088 2098 3160; baseline -0.002 -14"><span class='ocrx_word' id='word_1_456' title='bbox 531 3109 667 3148; x_wconf 87' lang='lat' dir='ltr'><strong>voce</strong></span> <span class='ocrx_word' id='word_1_457' title='bbox 696 3095 796 3147; x_wconf 74' lang='lat' dir='ltr'><strong>sibi</strong></span> <span class='ocrx_word' id='word_1_458' title='bbox 827 3093 1047 3146; x_wconf 72' lang='lat' dir='ltr'><strong>invicem</strong></span> <span class='ocrx_word' id='word_1_459' title='bbox 1099 3091 1361 3160; x_wconf 83' lang='lat' dir='ltr'><strong>principia</strong></span> <span class='ocrx_word' id='word_1_460' title='bbox 1402 3089 1705 3159; x_wconf 84' lang='lat' dir='ltr'><strong>intelligere</strong></span> <span class='ocrx_word' id='word_1_461' title='bbox 1751 3088 1903 3154; x_wconf 87' lang='lat' dir='ltr'><strong>vult;</strong></span> <span class='ocrx_word' id='word_1_462' title='bbox 1937 3089 2098 3144; x_wconf 87' lang='lat' dir='ltr'><strong>alter-</strong></span> 
     </span>
    </p>
   </div>
   <div class='ocr_carea' id='block_1_64' title="bbox 2202 3088 3772 3183">
    <p class='ocr_par' dir='ltr' id='par_1_64' title="bbox 2202 3104 3772 3175">
     <span class='ocr_line' id='line_1_64' title="bbox 2202 3104 3772 3175; baseline -0.003 -15"><span class='ocrx_word' id='word_1_463' title='bbox 2202 3107 2279 3161; x_wconf 80' lang='grc' dir='ltr'><strong>’Ἠ</strong></span> <span class='ocrx_word' id='word_1_464' title='bbox 2311 3123 2368 3159; x_wconf 86' lang='grc' dir='ltr'><strong>τε</strong></span> <span class='ocrx_word' id='word_1_465' title='bbox 2391 3105 2498 3175; x_wconf 80' lang='grc' dir='ltr'><strong>γάρ</strong></span> <span class='ocrx_word' id='word_1_466' title='bbox 2519 3104 2674 3166; x_wconf 82' lang='grc' dir='ltr'>ἀκτὶς</span> <span class='ocrx_word' id='word_1_467' title='bbox 2706 3104 2767 3156; x_wconf 84' lang='grc' dir='ltr'>τό</span> <span class='ocrx_word' id='word_1_468' title='bbox 2784 3120 2842 3156; x_wconf 88' lang='grc' dir='ltr'><strong>τε</strong></span> <span class='ocrx_word' id='word_1_469' title='bbox 2879 3104 3016 3172; x_wconf 85' lang='grc' dir='ltr'>φῶς,</span> <span class='ocrx_word' id='word_1_470' title='bbox 3049 3105 3164 3173; x_wconf 74' lang='grc' dir='ltr'>ἃμα</span> <span class='ocrx_word' id='word_1_471' title='bbox 3191 3105 3286 3158; x_wconf 71' lang='grc' dir='ltr'><strong>καὶ</strong></span> <span class='ocrx_word' id='word_1_472' title='bbox 3320 3104 3461 3157; x_wconf 86' lang='grc' dir='ltr'>κατὰ</span> <span class='ocrx_word' id='word_1_473' title='bbox 3490 3104 3682 3158; x_wconf 84' lang='grc' dir='ltr'>ταυτὸν</span> <span class='ocrx_word' id='word_1_474' title='bbox 3713 3104 3772 3171; x_wconf 73' lang='grc' dir='ltr'><strong>ἐξ</strong></span> 
     </span>
    </p>
   </div>
   <div class='ocr_carea' id='block_1_65' title="bbox 531 3182 2098 3255">
    <p class='ocr_par' dir='ltr' id='par_1_65' title="bbox 531 3182 2098 3255">
     <span class='ocr_line' id='line_1_65' title="bbox 531 3182 2098 3255; baseline -0.004 -13"><span class='ocrx_word' id='word_1_475' title='bbox 531 3189 624 3243; x_wconf 81' lang='lat' dir='ltr'><strong>ulti</strong></span> <span class='ocrx_word' id='word_1_476' title='bbox 643 3203 732 3242; x_wconf 92' lang='lat' dir='ltr'><strong>um</strong></span> <span class='ocrx_word' id='word_1_477' title='bbox 757 3202 887 3240; x_wconf 81' lang='lat' dir='ltr'><strong>vero</strong></span> <span class='ocrx_word' id='word_1_478' title='bbox 926 3185 1245 3240; x_wconf 87' lang='lat' dir='ltr'><strong>alterutrius</strong></span> <span class='ocrx_word' id='word_1_479' title='bbox 1271 3183 1592 3255; x_wconf 87' lang='lat' dir='ltr'><strong>principium</strong></span> <span class='ocrx_word' id='word_1_480' title='bbox 1619 3198 1758 3248; x_wconf 91' lang='lat' dir='ltr'><strong>esse,</strong></span> <span class='ocrx_word' id='word_1_481' title='bbox 1781 3183 1908 3238; x_wconf 91' lang='lat' dir='ltr'><strong>licet</strong></span> <span class='ocrx_word' id='word_1_482' title='bbox 1933 3182 2098 3236; x_wconf 88' lang='lat' dir='ltr'><strong>etiam</strong></span> 
     </span>
    </p>
   </div>
   <div class='ocr_carea' id='block_1_66' title="bbox 531 3271 2099 3348">
    <p class='ocr_par' dir='ltr' id='par_1_66' title="bbox 531 3271 2099 3348">
     <span class='ocr_line' id='line_1_66' title="bbox 531 3271 2099 3348; baseline -0.007 -10"><span class='ocrx_word' id='word_1_483' title='bbox 531 3281 838 3338; x_wconf 81' lang='lat' dir='ltr'><strong>secundum</strong></span> <span class='ocrx_word' id='word_1_484' title='bbox 876 3279 1018 3334; x_wconf 89' lang='lat' dir='ltr'><strong>idem</strong></span> <span class='ocrx_word' id='word_1_485' title='bbox 1045 3294 1114 3333; x_wconf 85' lang='lat' dir='ltr'><strong>ex</strong></span> <span class='ocrx_word' id='word_1_486' title='bbox 1141 3277 1378 3348; x_wconf 85' lang='lat' dir='ltr'><strong>quodam</strong></span> <span class='ocrx_word' id='word_1_487' title='bbox 1409 3274 1516 3329; x_wconf 89' lang='lat' dir='ltr'><strong>alio</strong></span> <span class='ocrx_word' id='word_1_488' title='bbox 1539 3274 1937 3344; x_wconf 83' lang='lat' dir='ltr'><strong>producantur,</strong></span> <span class='ocrx_word' id='word_1_489' title='bbox 1962 3271 2099 3327; x_wconf 88' lang='lat' dir='ltr'><strong>nihil</strong></span> 
     </span>
    </p>
   </div>
   <div class='ocr_carea' id='block_1_67' title="bbox 531 3364 2098 3430">
    <p class='ocr_par' dir='ltr' id='par_1_67' title="bbox 531 3364 2098 3430">
     <span class='ocr_line' id='line_1_67' title="bbox 531 3364 2098 3430; baseline -0.007 0"><span class='ocrx_word' id='word_1_490' title='bbox 531 3384 703 3430; x_wconf 84' lang='lat' dir='ltr'><strong>vetat.</strong></span> <span class='ocrx_word' id='word_1_491' title='bbox 758 3373 892 3428; x_wconf 88' lang='lat' dir='ltr'><strong>Nam</strong></span> <span class='ocrx_word' id='word_1_492' title='bbox 942 3370 1132 3425; x_wconf 90' lang='lat' dir='ltr'><strong>radius</strong></span> <span class='ocrx_word' id='word_1_493' title='bbox 1159 3377 1214 3424; x_wconf 92' lang='lat' dir='ltr'><strong>et</strong></span> <span class='ocrx_word' id='word_1_494' title='bbox 1275 3368 1459 3422; x_wconf 90' lang='lat' dir='ltr'><strong>lumen</strong></span> <span class='ocrx_word' id='word_1_495' title='bbox 1491 3366 1654 3421; x_wconf 90' lang='lat' dir='ltr'><strong>simul</strong></span> <span class='ocrx_word' id='word_1_496' title='bbox 1709 3374 1765 3421; x_wconf 89' lang='lat' dir='ltr'><strong>et</strong></span> <span class='ocrx_word' id='word_1_497' title='bbox 1793 3364 2098 3421; x_wconf 89' lang='lat' dir='ltr'><strong>secundum</strong></span> 
     </span>
    </p>
   </div>
   <div class='ocr_carea' id='block_1_68' title="bbox 532 3457 2097 3529">
    <p class='ocr_par' dir='ltr' id='par_1_68' title="bbox 532 3457 2097 3529">
     <span class='ocr_line' id='line_1_68' title="bbox 532 3457 2097 3529; baseline -0.007 -6"><span class='ocrx_word' id='word_1_498' title='bbox 532 3470 679 3523; x_wconf 84' lang='lat' dir='ltr'><strong>idem</strong></span> <span class='ocrx_word' id='word_1_499' title='bbox 719 3481 787 3521; x_wconf 76' lang='lat' dir='ltr'><strong>ex</strong></span> <span class='ocrx_word' id='word_1_500' title='bbox 842 3465 958 3521; x_wconf 83' lang='lat' dir='ltr'><strong>sole</strong></span> <span class='ocrx_word' id='word_1_501' title='bbox 997 3471 1167 3528; x_wconf 90' lang='lat' dir='ltr'><strong>sunt;</strong></span> <span class='ocrx_word' id='word_1_502' title='bbox 1231 3469 1472 3516; x_wconf 87' lang='lat' dir='ltr'><strong>attamen</strong></span> <span class='ocrx_word' id='word_1_503' title='bbox 1523 3459 1708 3514; x_wconf 88' lang='lat' dir='ltr'><strong>lumen</strong></span> <span class='ocrx_word' id='word_1_504' title='bbox 1745 3473 1845 3529; x_wconf 91' lang='lat' dir='ltr'><strong>per</strong></span> <span class='ocrx_word' id='word_1_505' title='bbox 1880 3457 2097 3512; x_wconf 87' lang='lat' dir='ltr'><strong>radium</strong></span> 
     </span>
    </p>
   </div>
   <div class='ocr_carea' id='block_1_69' title="bbox 530 3549 2102 3629">
    <p class='ocr_par' dir='ltr' id='par_1_69' title="bbox 530 3549 2102 3629">
     <span class='ocr_line' id='line_1_69' title="bbox 530 3549 2102 3629; baseline -0.007 -13"><span class='ocrx_word' id='word_1_506' title='bbox 530 3571 587 3616; x_wconf 88' lang='lat' dir='ltr'><strong>et</strong></span> <span class='ocrx_word' id='word_1_507' title='bbox 610 3559 847 3629; x_wconf 87' lang='lat' dir='ltr'><strong>quodam</strong></span> <span class='ocrx_word' id='word_1_508' title='bbox 877 3556 1040 3610; x_wconf 91' lang='lat' dir='ltr'><strong>modo</strong></span> <span class='ocrx_word' id='word_1_509' title='bbox 1067 3569 1132 3609; x_wconf 85' lang='lat' dir='ltr'><strong>ex</strong></span> <span class='ocrx_word' id='word_1_510' title='bbox 1170 3553 1323 3607; x_wconf 90' lang='lat' dir='ltr'><strong>radio</strong></span> <span class='ocrx_word' id='word_1_511' title='bbox 1346 3563 1462 3618; x_wconf 89' lang='lat' dir='ltr'><strong>est;</strong></span> <span class='ocrx_word' id='word_1_512' title='bbox 1507 3561 1561 3606; x_wconf 91' lang='lat' dir='ltr'><strong>et</strong></span> <span class='ocrx_word' id='word_1_513' title='bbox 1615 3567 1716 3622; x_wconf 90' lang='lat' dir='ltr'><strong>per</strong></span> <span class='ocrx_word' id='word_1_514' title='bbox 1748 3550 1949 3606; x_wconf 86' lang='lat' dir='ltr'><strong>tonitru</strong></span> <span class='ocrx_word' id='word_1_515' title='bbox 1997 3549 2102 3605; x_wconf 85' lang='lat' dir='ltr'><strong>l‘ul-</strong></span> 
     </span>
    </p>
   </div>
   <div class='ocr_carea' id='block_1_70' title="bbox 530 3643 2104 3726">
    <p class='ocr_par' dir='ltr' id='par_1_70' title="bbox 530 3643 2104 3726">
     <span class='ocr_line' id='line_1_70' title="bbox 530 3643 2104 3726; baseline -0.008 -18"><span class='ocrx_word' id='word_1_516' title='bbox 530 3670 655 3726; x_wconf 75' lang='lat' dir='ltr'><strong>gur,</strong></span> <span class='ocrx_word' id='word_1_517' title='bbox 691 3651 821 3705; x_wconf 90' lang='lat' dir='ltr'><strong>licet</strong></span> <span class='ocrx_word' id='word_1_518' title='bbox 853 3648 1058 3704; x_wconf 80' lang='lat' dir='ltr'><strong>tonitru</strong></span> <span class='ocrx_word' id='word_1_519' title='bbox 1090 3657 1145 3702; x_wconf 89' lang='lat' dir='ltr'><strong>et</strong></span> <span class='ocrx_word' id='word_1_520' title='bbox 1170 3646 1354 3716; x_wconf 78' lang='lat' dir='ltr'><strong>fulgur</strong></span> <span class='ocrx_word' id='word_1_521' title='bbox 1385 3644 1617 3700; x_wconf 89' lang='lat' dir='ltr'><strong>nubium</strong></span> <span class='ocrx_word' id='word_1_522' title='bbox 1662 3643 1990 3699; x_wconf 88' lang='lat' dir='ltr'><strong>densitatem</strong></span> <span class='ocrx_word' id='word_1_523' title='bbox 2047 3650 2104 3698; x_wconf 91' lang='lat' dir='ltr'><strong>et</strong></span> 
     </span>
    </p>
   </div>
   <div class='ocr_carea' id='block_1_71' title="bbox 527 3737 2098 3804">
    <p class='ocr_par' dir='ltr' id='par_1_71' title="bbox 527 3737 2098 3804">
     <span class='ocr_line' id='line_1_71' title="bbox 527 3737 2098 3804; baseline -0.008 -2"><span class='ocrx_word' id='word_1_524' title='bbox 527 3746 687 3804; x_wconf 82' lang='lat' dir='ltr'><strong>simul</strong></span> <span class='ocrx_word' id='word_1_525' title='bbox 718 3744 784 3800; x_wconf 88' lang='lat' dir='ltr'><strong>ad</strong></span> <span class='ocrx_word' id='word_1_526' title='bbox 809 3743 1041 3798; x_wconf 85' lang='lat' dir='ltr'><strong>invicem</strong></span> <span class='ocrx_word' id='word_1_527' title='bbox 1078 3739 1532 3795; x_wconf 83' lang='lat' dir='ltr'><strong>confricationem</strong></span> <span class='ocrx_word' id='word_1_528' title='bbox 1572 3751 1796 3792; x_wconf 87' lang='lat' dir='ltr'><strong>causam</strong></span> <span class='ocrx_word' id='word_1_529' title='bbox 1844 3737 2098 3791; x_wconf 88' lang='lat' dir='ltr'><strong>habeant.</strong></span> 
     </span>
    </p>
   </div>
   <div class='ocr_carea' id='block_1_72' title="bbox 530 3829 2102 3911">
    <p class='ocr_par' dir='ltr' id='par_1_72' title="bbox 530 3829 2102 3911">
     <span class='ocr_line' id='line_1_72' title="bbox 530 3829 2102 3911; baseline -0.009 -15"><span class='ocrx_word' id='word_1_530' title='bbox 530 3839 758 3911; x_wconf 89' lang='lat' dir='ltr'><strong>Oportet</strong></span> <span class='ocrx_word' id='word_1_531' title='bbox 785 3837 931 3892; x_wconf 91' lang='lat' dir='ltr'><strong>enim</strong></span> <span class='ocrx_word' id='word_1_532' title='bbox 967 3835 1164 3891; x_wconf 86' lang='lat' dir='ltr'><strong>crassis</strong></span> <span class='ocrx_word' id='word_1_533' title='bbox 1209 3833 1361 3887; x_wconf 87' lang='lat' dir='ltr'><strong>hisce</strong></span> <span class='ocrx_word' id='word_1_534' title='bbox 1409 3841 1465 3887; x_wconf 89' lang='lat' dir='ltr'><strong>et</strong></span> <span class='ocrx_word' id='word_1_535' title='bbox 1515 3841 1797 3901; x_wconf 89' lang='lat' dir='ltr'><strong>utcunque</strong></span> <span class='ocrx_word' id='word_1_536' title='bbox 1828 3829 2102 3885; x_wconf 88' lang='lat' dir='ltr'><strong>similibus</strong></span> 
     </span>
    </p>
   </div>
   <div class='ocr_carea' id='block_1_73' title="bbox 527 3919 2100 4001">
    <p class='ocr_par' dir='ltr' id='par_1_73' title="bbox 527 3919 2100 4001">
     <span class='ocr_line' id='line_1_73' title="bbox 527 3919 2100 4001; baseline -0.009 -15"><span class='ocrx_word' id='word_1_537' title='bbox 527 3931 794 4001; x_wconf 81' lang='lat' dir='ltr'><strong>exemplis</strong></span> <span class='ocrx_word' id='word_1_538' title='bbox 810 3945 872 3984; x_wconf 90' lang='lat' dir='ltr'><strong>ea</strong></span> <span class='ocrx_word' id='word_1_539' title='bbox 895 3943 1016 3998; x_wconf 66' lang='lat' dir='ltr'><strong>quae</strong></span> <span class='ocrx_word' id='word_1_540' title='bbox 1037 3940 1200 3995; x_wconf 85' lang='lat' dir='ltr'><strong>supra</strong></span> <span class='ocrx_word' id='word_1_541' title='bbox 1227 3934 1478 3979; x_wconf 89' lang='lat' dir='ltr'><strong>naturam</strong></span> <span class='ocrx_word' id='word_1_542' title='bbox 1498 3931 1628 3978; x_wconf 90' lang='lat' dir='ltr'><strong>sunt</strong></span> <span class='ocrx_word' id='word_1_543' title='bbox 1647 3930 1870 3991; x_wconf 89' lang='lat' dir='ltr'><strong>propter</strong></span> <span class='ocrx_word' id='word_1_544' title='bbox 1890 3936 1985 3975; x_wconf 91' lang='lat' dir='ltr'><strong>eos</strong></span> <span class='ocrx_word' id='word_1_545' title='bbox 2005 3919 2100 3990; x_wconf 91' lang='lat' dir='ltr'><strong>qui</strong></span> 
     </span>
    </p>
   </div>
   <div class='ocr_carea' id='block_1_74' title="bbox 530 4011 2100 4087">
    <p class='ocr_par' dir='ltr' id='par_1_74' title="bbox 530 4011 2100 4087">
     <span class='ocr_line' id='line_1_74' title="bbox 530 4011 2100 4087; baseline -0.011 -7"><span class='ocrx_word' id='word_1_546' title='bbox 530 4023 821 4081; x_wconf 86' lang='lat' dir='ltr'><strong>crassioris</strong></span> <span class='ocrx_word' id='word_1_547' title='bbox 874 4028 1003 4074; x_wconf 88' lang='lat' dir='ltr'><strong>sunt</strong></span> <span class='ocrx_word' id='word_1_548' title='bbox 1033 4016 1272 4087; x_wconf 80' lang='lat' dir='ltr'><strong>ingenii,</strong></span> <span class='ocrx_word' id='word_1_549' title='bbox 1313 4015 1587 4085; x_wconf 80' lang='lat' dir='ltr'><strong>subigere.</strong></span> <span class='ocrx_word' id='word_1_550' title='bbox 1625 4011 1706 4066; x_wconf 90' lang='lat' dir='ltr'><strong>Tu</strong></span> <span class='ocrx_word' id='word_1_551' title='bbox 1763 4027 1894 4066; x_wconf 87' lang='lat' dir='ltr'><strong>vero</strong></span> <span class='ocrx_word' id='word_1_552' title='bbox 1936 4011 2100 4064; x_wconf 90' lang='lat' dir='ltr'><strong>etiam</strong></span> 
     </span>
    </p>
   </div>
   <div class='ocr_carea' id='block_1_75' title="bbox 535 4097 2104 4179">
    <p class='ocr_par' dir='ltr' id='par_1_75' title="bbox 535 4097 2104 4179">
     <span class='ocr_line' id='line_1_75' title="bbox 535 4097 2104 4179; baseline -0.013 -7"><span class='ocrx_word' id='word_1_553' title='bbox 535 4118 624 4171; x_wconf 88' lang='lat' dir='ltr'><strong>bis</strong></span> <span class='ocrx_word' id='word_1_554' title='bbox 654 4117 802 4171; x_wconf 84' lang='lat' dir='ltr'><strong>circa</strong></span> <span class='ocrx_word' id='word_1_555' title='bbox 836 4108 1213 4179; x_wconf 86' lang='lat' dir='ltr'><strong>evangelicum</strong></span> <span class='ocrx_word' id='word_1_556' title='bbox 1263 4105 1510 4159; x_wconf 81' lang='lat' dir='ltr'><strong>dictum:</strong></span> <span class='ocrx_word' id='word_1_557' title='bbox 1568 4097 1757 4157; x_wconf 83' lang='lat' dir='ltr'><strong>Omnia</strong></span> <span class='ocrx_word' id='word_1_558' title='bbox 1806 4117 1899 4170; x_wconf 83' lang='lat' dir='ltr'><strong>per</strong></span> <span class='ocrx_word' id='word_1_559' title='bbox 1929 4101 2104 4167; x_wconf 77' lang='lat' dir='ltr'><strong>ipsum</strong></span> 
     </span>
    </p>
   </div>
   <div class='ocr_carea' id='block_1_76' title="bbox 533 4193 2104 4278">
    <p class='ocr_par' dir='ltr' id='par_1_76' title="bbox 533 4193 2104 4278">
     <span class='ocr_line' id='line_1_76' title="bbox 533 4193 2104 4278; baseline -0.01 -16"><span class='ocrx_word' id='word_1_560' title='bbox 533 4213 676 4278; x_wconf 74' lang='lat' dir='ltr'><strong>facta</strong></span> <span class='ocrx_word' id='word_1_561' title='bbox 702 4213 824 4259; x_wconf 81' lang='lat' dir='ltr'><strong>sunt</strong></span> <span class='ocrx_word' id='word_1_562' title='bbox 847 4216 1064 4273; x_wconf 82' lang='lat' dir='ltr'><strong>peccas,</strong></span> <span class='ocrx_word' id='word_1_563' title='bbox 1084 4213 1193 4252; x_wconf 89' lang='lat' dir='ltr'><strong>non</strong></span> <span class='ocrx_word' id='word_1_564' title='bbox 1227 4196 1553 4267; x_wconf 83' lang='lat' dir='ltr'><strong>intelligens,</strong></span> <span class='ocrx_word' id='word_1_565' title='bbox 1575 4194 1704 4264; x_wconf 87' lang='lat' dir='ltr'><strong>quid</strong></span> <span class='ocrx_word' id='word_1_566' title='bbox 1735 4193 1860 4246; x_wconf 89' lang='lat' dir='ltr'><strong>inde</strong></span> <span class='ocrx_word' id='word_1_567' title='bbox 1882 4193 2104 4247; x_wconf 91' lang='lat' dir='ltr'><strong>conclu-</strong></span> 
     </span>
    </p>
   </div>
   <div class='ocr_carea' id='block_1_77' title="bbox 535 4280 2104 4358">
    <p class='ocr_par' dir='ltr' id='par_1_77' title="bbox 535 4280 2104 4358">
     <span class='ocr_line' id='line_1_77' title="bbox 535 4280 2104 4358; baseline -0.012 -6"><span class='ocrx_word' id='word_1_568' title='bbox 535 4303 651 4352; x_wconf 56' lang='lat' dir='ltr'><strong>das.</strong></span> <span class='ocrx_word' id='word_1_569' title='bbox 690 4293 803 4348; x_wconf 81' lang='lat' dir='ltr'><strong>Nos</strong></span> <span class='ocrx_word' id='word_1_570' title='bbox 842 4307 996 4355; x_wconf 82' lang='lat' dir='ltr'><strong>vero,</strong></span> <span class='ocrx_word' id='word_1_571' title='bbox 1028 4289 1121 4358; x_wconf 94' lang='lat' dir='ltr'><strong>qui</strong></span> <span class='ocrx_word' id='word_1_572' title='bbox 1152 4288 1204 4340; x_wconf 91' lang='lat' dir='ltr'><strong>in</strong></span> <span class='ocrx_word' id='word_1_573' title='bbox 1244 4289 1420 4356; x_wconf 84' lang='lat' dir='ltr'><strong>primo</strong></span> <span class='ocrx_word' id='word_1_574' title='bbox 1452 4297 1546 4339; x_wconf 89' lang='lat' dir='ltr'><strong>tuo</strong></span> <span class='ocrx_word' id='word_1_575' title='bbox 1604 4291 1929 4354; x_wconf 88' lang='lat' dir='ltr'><strong>argumento</strong></span> <span class='ocrx_word' id='word_1_576' title='bbox 1958 4280 2104 4336; x_wconf 63' lang='lat' dir='ltr'><strong>suiIL</strong></span> 
     </span>
    </p>
   </div>
   <div class='ocr_carea' id='block_1_78' title="bbox 530 4371 2104 4441">
    <p class='ocr_par' dir='ltr' id='par_1_78' title="bbox 530 4371 2104 4441">
     <span class='ocr_line' id='line_1_78' title="bbox 530 4371 2104 4441; baseline -0.011 0"><span class='ocrx_word' id='word_1_577' title='bbox 530 4389 742 4441; x_wconf 79' lang='lat' dir='ltr'><strong>cicttlcr</strong></span> <span class='ocrx_word' id='word_1_578' title='bbox 763 4394 812 4438; x_wconf 90' lang='lat' dir='ltr'><strong>te</strong></span> <span class='ocrx_word' id='word_1_579' title='bbox 864 4380 1210 4436; x_wconf 90' lang='lat' dir='ltr'><strong>ostendimus</strong></span> <span class='ocrx_word' id='word_1_580' title='bbox 1249 4375 1662 4440; x_wconf 88' lang='lat' dir='ltr'><strong>hallucinatum,</strong></span> <span class='ocrx_word' id='word_1_581' title='bbox 1721 4373 1830 4426; x_wconf 85' lang='lat' dir='ltr'><strong>illis</strong></span> <span class='ocrx_word' id='word_1_582' title='bbox 1858 4371 2104 4427; x_wconf 87' lang='lat' dir='ltr'><strong>contenti</strong></span> 
     </span>
    </p>
   </div>
   <div class='ocr_carea' id='block_1_79' title="bbox 2201 3195 3794 3269">
    <p class='ocr_par' dir='ltr' id='par_1_79' title="bbox 2201 3195 3794 3269">
     <span class='ocr_line' id='line_1_79' title="bbox 2201 3195 3794 3269; baseline 0.001 -20"><span class='ocrx_word' id='word_1_583' title='bbox 2201 3197 2352 3269; x_wconf 77' lang='grc' dir='ltr'>ἡλίου</span> <span class='ocrx_word' id='word_1_584' title='bbox 2380 3198 2526 3262; x_wconf 77' lang='grc' dir='ltr'>ὄντα,</span> <span class='ocrx_word' id='word_1_585' title='bbox 2559 3197 2710 3266; x_wconf 83' lang='grc' dir='ltr'>ὅμως</span> <span class='ocrx_word' id='word_1_586' title='bbox 2739 3196 2799 3248; x_wconf 63' lang='grc' dir='ltr'>τὸ</span> <span class='ocrx_word' id='word_1_587' title='bbox 2837 3196 2950 3263; x_wconf 82' lang='grc' dir='ltr'><strong>φῶς</strong></span> <span class='ocrx_word' id='word_1_588' title='bbox 2999 3195 3086 3249; x_wconf 83' lang='grc' dir='ltr'><strong>διὰ</strong></span> <span class='ocrx_word' id='word_1_589' title='bbox 3131 3197 3228 3265; x_wconf 85' lang='grc' dir='ltr'><strong>τῆς</strong></span> <span class='ocrx_word' id='word_1_590' title='bbox 3259 3197 3478 3260; x_wconf 81' lang='grc' dir='ltr'>ἀκτῖνος</span> <span class='ocrx_word' id='word_1_591' title='bbox 3517 3197 3613 3250; x_wconf 82' lang='grc' dir='ltr'>καὶ</span> <span class='ocrx_word' id='word_1_592' title='bbox 3644 3197 3794 3250; x_wconf 63' lang='lat' dir='ltr'><strong>uva.</strong></span> 
     </span>
    </p>
   </div>
   <div class='ocr_carea' id='block_1_80' title="bbox 2200 3288 3768 3363">
    <p class='ocr_par' dir='ltr' id='par_1_80' title="bbox 2200 3288 3768 3363">
     <span class='ocr_line' id='line_1_80' title="bbox 2200 3288 3768 3363; baseline -0.002 -18"><span class='ocrx_word' id='word_1_593' title='bbox 2200 3291 2402 3363; x_wconf 76' lang='grc' dir='ltr'>τρόπον</span> <span class='ocrx_word' id='word_1_594' title='bbox 2428 3293 2492 3343; x_wconf 87' lang='grc' dir='ltr'>ἐκ</span> <span class='ocrx_word' id='word_1_595' title='bbox 2522 3289 2622 3358; x_wconf 83' lang='grc' dir='ltr'><strong>τῆς</strong></span> <span class='ocrx_word' id='word_1_596' title='bbox 2659 3289 2879 3351; x_wconf 77' lang='grc' dir='ltr'>ἀκτῖνάς</span> <span class='ocrx_word' id='word_1_597' title='bbox 2910 3290 3028 3341; x_wconf 79' lang='grc' dir='ltr'>ἐστι</span> <span class='ocrx_word' id='word_1_598' title='bbox 3076 3290 3172 3342; x_wconf 74' lang='grc' dir='ltr'><strong>καὶ</strong></span> <span class='ocrx_word' id='word_1_599' title='bbox 3215 3289 3302 3342; x_wconf 72' lang='grc' dir='ltr'>διὰ</span> <span class='ocrx_word' id='word_1_600' title='bbox 3337 3291 3435 3360; x_wconf 80' lang='grc' dir='ltr'>τῆς</span> <span class='ocrx_word' id='word_1_601' title='bbox 3473 3288 3702 3359; x_wconf 78' lang='grc' dir='ltr'>βροντῆς</span> <span class='ocrx_word' id='word_1_602' title='bbox 3731 3291 3768 3360; x_wconf 79' lang='grc' dir='ltr'><strong>ἡ</strong></span> 
     </span>
    </p>
   </div>
   <div class='ocr_carea' id='block_1_81' title="bbox 2204 3379 3774 3454">
    <p class='ocr_par' dir='ltr' id='par_1_81' title="bbox 2204 3379 3774 3454">
     <span class='ocr_line' id='line_1_81' title="bbox 2204 3379 3774 3454; baseline -0.003 -17"><span class='ocrx_word' id='word_1_603' title='bbox 2204 3383 2478 3454; x_wconf 80' lang='grc' dir='ltr'>ἀστραπὴ,</span> <span class='ocrx_word' id='word_1_604' title='bbox 2527 3382 2704 3434; x_wconf 83' lang='grc' dir='ltr'>καίτοι</span> <span class='ocrx_word' id='word_1_605' title='bbox 2767 3380 2966 3452; x_wconf 78' lang='grc' dir='ltr'>βροντή</span> <span class='ocrx_word' id='word_1_606' title='bbox 3019 3397 3078 3433; x_wconf 90' lang='grc' dir='ltr'><strong>τε</strong></span> <span class='ocrx_word' id='word_1_607' title='bbox 3124 3381 3218 3434; x_wconf 80' lang='grc' dir='ltr'>καὶ</span> <span class='ocrx_word' id='word_1_608' title='bbox 3248 3379 3510 3451; x_wconf 81' lang='grc' dir='ltr'>ἀστραπὴ</span> <span class='ocrx_word' id='word_1_609' title='bbox 3553 3380 3652 3450; x_wconf 79' lang='grc' dir='ltr'>τὴν</span> <span class='ocrx_word' id='word_1_610' title='bbox 3682 3397 3774 3434; x_wconf 61' lang='grc' dir='ltr'><strong>νεα</strong></span> 
     </span>
    </p>
   </div>
   <div class='ocr_carea' id='block_1_82' title="bbox 2204 3470 3774 3546">
    <p class='ocr_par' dir='ltr' id='par_1_82' title="bbox 2204 3470 3774 3546">
     <span class='ocr_line' id='line_1_82' title="bbox 2204 3470 3774 3546; baseline -0.004 -17"><span class='ocrx_word' id='word_1_611' title='bbox 2204 3477 2318 3546; x_wconf 89' lang='grc' dir='ltr'><strong>φῶν</strong></span> <span class='ocrx_word' id='word_1_612' title='bbox 2341 3473 2656 3543; x_wconf 85' lang='grc' dir='ltr'>πυκνότητά</span> <span class='ocrx_word' id='word_1_613' title='bbox 2678 3490 2738 3525; x_wconf 88' lang='grc' dir='ltr'><strong>τε</strong></span> <span class='ocrx_word' id='word_1_614' title='bbox 2776 3474 2871 3525; x_wconf 76' lang='grc' dir='ltr'>καὶ</span> <span class='ocrx_word' id='word_1_615' title='bbox 2905 3472 3023 3543; x_wconf 74' lang='grc' dir='ltr'><strong>ἅμα</strong></span> <span class='ocrx_word' id='word_1_616' title='bbox 3055 3473 3190 3543; x_wconf 81' lang='grc' dir='ltr'>πρὸς</span> <span class='ocrx_word' id='word_1_617' title='bbox 3213 3471 3453 3542; x_wconf 75' lang='grc' dir='ltr'>ἀλλήλας</span> <span class='ocrx_word' id='word_1_618' title='bbox 3485 3470 3774 3542; x_wconf 76' lang='grc' dir='ltr'>σύντριψιν</span> 
     </span>
    </p>
   </div>
   <div class='ocr_carea' id='block_1_83' title="bbox 2204 3559 3777 3635">
    <p class='ocr_par' dir='ltr' id='par_1_83' title="bbox 2204 3559 3777 3635">
     <span class='ocr_line' id='line_1_83' title="bbox 2204 3559 3777 3635; baseline -0.005 -15"><span class='ocrx_word' id='word_1_619' title='bbox 2204 3569 2376 3621; x_wconf 85' lang='grc' dir='ltr'>αῖτιον</span> <span class='ocrx_word' id='word_1_620' title='bbox 2421 3565 2636 3635; x_wconf 75' lang='grc' dir='ltr'>ἔχοντα.</span> <span class='ocrx_word' id='word_1_621' title='bbox 2697 3563 2787 3615; x_wconf 87' lang='grc' dir='ltr'>Δεῖ</span> <span class='ocrx_word' id='word_1_622' title='bbox 2825 3562 2933 3630; x_wconf 83' lang='grc' dir='ltr'><strong>γάρ</strong></span> <span class='ocrx_word' id='word_1_623' title='bbox 2982 3563 3096 3624; x_wconf 80' lang='grc' dir='ltr'>τοῖς</span> <span class='ocrx_word' id='word_1_624' title='bbox 3147 3561 3351 3629; x_wconf 78' lang='grc' dir='ltr'>παχέσι</span> <span class='ocrx_word' id='word_1_625' title='bbox 3404 3559 3614 3622; x_wconf 83' lang='grc' dir='ltr'>τούτοις</span> <span class='ocrx_word' id='word_1_626' title='bbox 3676 3561 3777 3613; x_wconf 74' lang='grc' dir='ltr'><strong>καὶ</strong></span> 
     </span>
    </p>
   </div>
   <div class='ocr_carea' id='block_1_84' title="bbox 2204 3652 3776 3727">
    <p class='ocr_par' dir='ltr' id='par_1_84' title="bbox 2204 3652 3776 3727">
     <span class='ocr_line' id='line_1_84' title="bbox 2204 3652 3776 3727; baseline -0.004 -14"><span class='ocrx_word' id='word_1_627' title='bbox 2204 3657 2461 3713; x_wconf 79' lang='grc' dir='ltr'>ὁπωσοῦν</span> <span class='ocrx_word' id='word_1_628' title='bbox 2497 3658 2705 3727; x_wconf 84' lang='grc' dir='ltr'>ὁμοίοις</span> <span class='ocrx_word' id='word_1_629' title='bbox 2745 3655 3160 3726; x_wconf 88' lang='grc' dir='ltr'>παραδείγμασι</span> <span class='ocrx_word' id='word_1_630' title='bbox 3195 3656 3263 3706; x_wconf 79' lang='grc' dir='ltr'><strong>τὰ</strong></span> <span class='ocrx_word' id='word_1_631' title='bbox 3287 3653 3424 3724; x_wconf 82' lang='grc' dir='ltr'>ὑπὲρ</span> <span class='ocrx_word' id='word_1_632' title='bbox 3482 3652 3643 3723; x_wconf 85' lang='grc' dir='ltr'>φύσιν</span> <span class='ocrx_word' id='word_1_633' title='bbox 3689 3653 3776 3706; x_wconf 78' lang='grc' dir='ltr'>διὰ</span> 
     </span>
    </p>
   </div>
   <div class='ocr_carea' id='block_1_85' title="bbox 2204 3745 3776 3818">
    <p class='ocr_par' dir='ltr' id='par_1_85' title="bbox 2204 3745 3776 3818">
     <span class='ocr_line' id='line_1_85' title="bbox 2204 3745 3776 3818; baseline -0.004 -14"><span class='ocrx_word' id='word_1_634' title='bbox 2204 3750 2329 3812; x_wconf 83' lang='grc' dir='ltr'><strong>τούς</strong></span> <span class='ocrx_word' id='word_1_635' title='bbox 2371 3748 2472 3818; x_wconf 76' lang='grc' dir='ltr'><strong>τὴν</strong></span> <span class='ocrx_word' id='word_1_636' title='bbox 2514 3748 2763 3802; x_wconf 83' lang='grc' dir='ltr'>διάνοιαν</span> <span class='ocrx_word' id='word_1_637' title='bbox 2806 3748 3149 3816; x_wconf 73' lang='grc' dir='ltr'>παχυτέρους</span> <span class='ocrx_word' id='word_1_638' title='bbox 3187 3745 3442 3813; x_wconf 82' lang='grc' dir='ltr'>ὑπάγειν.</span> <span class='ocrx_word' id='word_1_639' title='bbox 3489 3746 3562 3798; x_wconf 69' lang='grc' dir='ltr'>Σὺ</span> <span class='ocrx_word' id='word_1_640' title='bbox 3592 3745 3647 3798; x_wconf 69' lang='grc' dir='ltr'>δὲ</span> <span class='ocrx_word' id='word_1_641' title='bbox 3680 3747 3776 3798; x_wconf 83' lang='grc' dir='ltr'>καὶ</span> 
     </span>
    </p>
   </div>
   <div class='ocr_carea' id='block_1_86' title="bbox 2203 3837 3774 3912">
    <p class='ocr_par' dir='ltr' id='par_1_86' title="bbox 2203 3837 3774 3912">
     <span class='ocr_line' id='line_1_86' title="bbox 2203 3837 3774 3912; baseline -0.004 -14"><span class='ocrx_word' id='word_1_642' title='bbox 2203 3844 2284 3907; x_wconf 68' lang='grc' dir='ltr'><strong>δὶς</strong></span> <span class='ocrx_word' id='word_1_643' title='bbox 2318 3844 2450 3912; x_wconf 75' lang='grc' dir='ltr'>περὶ</span> <span class='ocrx_word' id='word_1_644' title='bbox 2493 3841 2555 3894; x_wconf 84' lang='grc' dir='ltr'><strong>τὸ</strong></span> <span class='ocrx_word' id='word_1_645' title='bbox 2581 3839 2942 3908; x_wconf 84' lang='grc' dir='ltr'>εὐαγγελικὸν</span> <span class='ocrx_word' id='word_1_646' title='bbox 2971 3839 3136 3908; x_wconf 75' lang='grc' dir='ltr'>ῥητὸν</span> <span class='ocrx_word' id='word_1_647' title='bbox 3175 3839 3236 3890; x_wconf 87' lang='grc' dir='ltr'><strong>τὸ</strong></span> <span class='ocrx_word' id='word_1_648' title='bbox 3263 3856 3275 3868; x_wconf 68' lang='grc'><strong>⁸</strong></span> <span class='ocrx_word' id='word_1_649' title='bbox 3310 3838 3516 3891; x_wconf 81' lang='grc' dir='ltr'>Πάντα</span> <span class='ocrx_word' id='word_1_650' title='bbox 3560 3837 3636 3890; x_wconf 85' lang='grc' dir='ltr'>δι’</span> <span class='ocrx_word' id='word_1_651' title='bbox 3670 3840 3774 3891; x_wconf 85' lang='grc' dir='ltr'><strong>αὺ-</strong></span> 
     </span>
    </p>
   </div>
   <div class='ocr_carea' id='block_1_87' title="bbox 2204 3917 3771 4001">
    <p class='ocr_par' dir='ltr' id='par_1_87' title="bbox 2204 3917 3771 4001">
     <span class='ocr_line' id='line_1_87' title="bbox 2204 3917 3771 4001; baseline -0.005 -15"><span class='ocrx_word' id='word_1_652' title='bbox 2204 3932 2310 3986; x_wconf 78' lang='grc' dir='ltr'><strong>τοῦ</strong></span> <span class='ocrx_word' id='word_1_653' title='bbox 2337 3930 2600 4001; x_wconf 77' lang='grc' dir='ltr'>ἐγένετο,</span> <span class='ocrx_word' id='word_1_654' title='bbox 2634 3929 2970 4000; x_wconf 85' lang='grc' dir='ltr'>ἁμαρτάνεις</span> <span class='ocrx_word' id='word_1_655' title='bbox 2991 3963 3009 3992; x_wconf 89' lang='grc'><strong>,</strong></span> <span class='ocrx_word' id='word_1_656' title='bbox 3051 3929 3126 3997; x_wconf 85' lang='grc' dir='ltr'>μὴ</span> <span class='ocrx_word' id='word_1_657' title='bbox 3161 3917 3368 3992; x_wconf 78' lang='grc' dir='ltr'>συνιεὶς</span> <span class='ocrx_word' id='word_1_658' title='bbox 3395 3967 3410 3992; x_wconf 93' lang='grc'><strong>,</strong></span> <span class='ocrx_word' id='word_1_659' title='bbox 3433 3927 3485 3980; x_wconf 87' lang='grc' dir='ltr'><strong>τί</strong></span> <span class='ocrx_word' id='word_1_660' title='bbox 3523 3927 3771 3980; x_wconf 79' lang='grc' dir='ltr'>ἐντεῦθεν</span> 
     </span>
    </p>
   </div>
   <div class='ocr_carea' id='block_1_88' title="bbox 2207 4019 3767 4093">
    <p class='ocr_par' dir='ltr' id='par_1_88' title="bbox 2207 4019 3767 4093">
     <span class='ocr_line' id='line_1_88' title="bbox 2207 4019 3767 4093; baseline -0.003 -19"><span class='ocrx_word' id='word_1_661' title='bbox 2207 4023 2627 4093; x_wconf 85' lang='grc' dir='ltr'>συμπεραίνεις.</span> <span class='ocrx_word' id='word_1_662' title='bbox 2675 4021 2865 4090; x_wconf 82' lang='grc' dir='ltr'>Ἡμεῖς</span> <span class='ocrx_word' id='word_1_663' title='bbox 2898 4019 2945 4073; x_wconf 85' lang='grc' dir='ltr'>δ’</span> <span class='ocrx_word' id='word_1_664' title='bbox 2985 4022 3042 4071; x_wconf 80' lang='grc' dir='ltr'>ἐν</span> <span class='ocrx_word' id='word_1_665' title='bbox 3069 4019 3147 4088; x_wconf 84' lang='grc' dir='ltr'>τῷ</span> <span class='ocrx_word' id='word_1_666' title='bbox 3183 4019 3387 4089; x_wconf 85' lang='grc' dir='ltr'>πρώτῳ</span> <span class='ocrx_word' id='word_1_667' title='bbox 3437 4035 3532 4071; x_wconf 90' lang='grc' dir='ltr'><strong>σου</strong></span> <span class='ocrx_word' id='word_1_668' title='bbox 3569 4019 3767 4089; x_wconf 77' lang='grc' dir='ltr'>ἐπιχειί</span> 
     </span>
    </p>
   </div>
   <div class='ocr_carea' id='block_1_89' title="bbox 2209 4109 3775 4186">
    <p class='ocr_par' dir='ltr' id='par_1_89' title="bbox 2209 4109 3775 4186">
     <span class='ocr_line' id='line_1_89' title="bbox 2209 4109 3775 4186; baseline -0.003 -19"><span class='ocrx_word' id='word_1_669' title='bbox 2209 4115 2411 4186; x_wconf 80' lang='grc' dir='ltr'>ρήματι</span> <span class='ocrx_word' id='word_1_670' title='bbox 2445 4111 2642 4175; x_wconf 80' lang='grc' dir='ltr'>ἱκανῶς</span> <span class='ocrx_word' id='word_1_671' title='bbox 2674 4127 2732 4164; x_wconf 89' lang='grc' dir='ltr'><strong>σε</strong></span> <span class='ocrx_word' id='word_1_672' title='bbox 2765 4109 3087 4178; x_wconf 77' lang='grc' dir='ltr'>ἐλέγξαντες</span> <span class='ocrx_word' id='word_1_673' title='bbox 3130 4110 3485 4181; x_wconf 83' lang='grc' dir='ltr'>ἀπατώμενοι</span> <span class='ocrx_word' id='word_1_674' title='bbox 3543 4113 3775 4174; x_wconf 75' lang='grc' dir='ltr'>ἐκείνοις</span> 
     </span>
    </p>
   </div>
   <div class='ocr_carea' id='block_1_90' title="bbox 2207 4202 3774 4277">
    <p class='ocr_par' dir='ltr' id='par_1_90' title="bbox 2207 4202 3774 4277">
     <span class='ocr_line' id='line_1_90' title="bbox 2207 4202 3774 4277; baseline -0.002 -16"><span class='ocrx_word' id='word_1_675' title='bbox 2207 4206 2548 4277; x_wconf 84' lang='grc' dir='ltr'>ἀρκούμεθα.</span> <span class='ocrx_word' id='word_1_676' title='bbox 2569 4205 2695 4258; x_wconf 85' lang='grc' dir='ltr'>Ὅτι</span> <span class='ocrx_word' id='word_1_677' title='bbox 2730 4205 2775 4256; x_wconf 83' lang='grc' dir='ltr'>δ’</span> <span class='ocrx_word' id='word_1_678' title='bbox 2807 4205 2857 4256; x_wconf 87' lang='grc' dir='ltr'><strong>εί</strong></span> <span class='ocrx_word' id='word_1_679' title='bbox 2885 4202 2974 4258; x_wconf 81' lang='grc' dir='ltr'><strong>διὰ</strong></span> <span class='ocrx_word' id='word_1_680' title='bbox 3003 4203 3219 4271; x_wconf 88' lang='grc' dir='ltr'>σοφίας,</span> <span class='ocrx_word' id='word_1_681' title='bbox 3251 4203 3346 4256; x_wconf 87' lang='grc' dir='ltr'><strong>τοῦ</strong></span> <span class='ocrx_word' id='word_1_682' title='bbox 3384 4203 3514 4258; x_wconf 82' lang='grc' dir='ltr'>Υίοῦ</span> <span class='ocrx_word' id='word_1_683' title='bbox 3546 4205 3774 4274; x_wconf 66' lang='grc' dir='ltr'>δηλαδὴ,</span> 
     </span>
    </p>
   </div>
   <div class='ocr_carea' id='block_1_91' title="bbox 2205 4297 3776 4370">
    <p class='ocr_par' dir='ltr' id='par_1_91' title="bbox 2205 4297 3776 4370">
     <span class='ocr_line' id='line_1_91' title="bbox 2205 4297 3776 4370; baseline -0.001 -16"><span class='ocrx_word' id='word_1_684' title='bbox 2205 4300 2268 4354; x_wconf 81' lang='grc' dir='ltr'>τὸ</span> <span class='ocrx_word' id='word_1_685' title='bbox 2308 4300 2534 4370; x_wconf 83' lang='grc' dir='ltr'>Πνεῦμα</span> <span class='ocrx_word' id='word_1_686' title='bbox 2577 4297 2898 4369; x_wconf 80' lang='grc' dir='ltr'>προάγοιτο,</span> <span class='ocrx_word' id='word_1_687' title='bbox 2930 4297 3086 4351; x_wconf 79' lang='grc' dir='ltr'>οὐδὲν</span> <span class='ocrx_word' id='word_1_688' title='bbox 3133 4297 3199 4350; x_wconf 83' lang='grc' dir='ltr'><strong>ἂν</strong></span> <span class='ocrx_word' id='word_1_689' title='bbox 3229 4297 3497 4366; x_wconf 83' lang='grc' dir='ltr'>διενέγκοι</span> <span class='ocrx_word' id='word_1_690' title='bbox 3523 4301 3632 4352; x_wconf 85' lang='grc' dir='ltr'><strong>τῶν</strong></span> <span class='ocrx_word' id='word_1_691' title='bbox 3659 4315 3776 4352; x_wconf 88' lang='grc' dir='ltr'>κτι-</span> 
     </span>
    </p>
   </div>
   <div class='ocr_carea' id='block_1_92' title="bbox 2211 4387 3776 4461">
    <p class='ocr_par' dir='ltr' id='par_1_92' title="bbox 2211 4387 3776 4461">
     <span class='ocr_line' id='line_1_92' title="bbox 2211 4387 3776 4461; baseline -0.002 -18"><span class='ocrx_word' id='word_1_692' title='bbox 2211 4393 2457 4461; x_wconf 87' lang='grc' dir='ltr'>σμάτων,</span> <span class='ocrx_word' id='word_1_693' title='bbox 2501 4391 2597 4442; x_wconf 70' lang='grc' dir='ltr'>καὶ</span> <span class='ocrx_word' id='word_1_694' title='bbox 2642 4389 2702 4442; x_wconf 81' lang='grc' dir='ltr'><strong>τὸ</strong></span> <span class='ocrx_word' id='word_1_695' title='bbox 2733 4389 2822 4456; x_wconf 79' lang='grc' dir='ltr'>διὰ</span> <span class='ocrx_word' id='word_1_696' title='bbox 2855 4389 3028 4459; x_wconf 78' lang='grc' dir='ltr'>μέσης</span> <span class='ocrx_word' id='word_1_697' title='bbox 3060 4388 3315 4458; x_wconf 83' lang='grc' dir='ltr'>θεότητὸς</span> <span class='ocrx_word' id='word_1_698' title='bbox 3338 4405 3392 4441; x_wconf 83' lang='grc' dir='ltr'><strong>τι</strong></span> <span class='ocrx_word' id='word_1_699' title='bbox 3426 4387 3776 4460; x_wconf 76' lang='grc' dir='ltr'>προαχθῆναι</span> 
     </span>
    </p>
   </div>
   <div class='ocr_carea' id='block_1_93' title="bbox 533 4464 2098 4554">
    <p class='ocr_par' dir='ltr' id='par_1_93' title="bbox 533 4464 2098 4543">
     <span class='ocr_line' id='line_1_93' title="bbox 533 4464 2098 4543; baseline -0.011 -10"><span class='ocrx_word' id='word_1_700' title='bbox 533 4494 744 4533; x_wconf 84' lang='lat' dir='ltr'><strong>smnus.</strong></span> <span class='ocrx_word' id='word_1_701' title='bbox 783 4474 1047 4543; x_wconf 84' lang='lat' dir='ltr'><strong>Spiritum</strong></span> <span class='ocrx_word' id='word_1_702' title='bbox 1084 4486 1234 4534; x_wconf 89' lang='lat' dir='ltr'><strong>vero,</strong></span> <span class='ocrx_word' id='word_1_703' title='bbox 1263 4469 1307 4522; x_wconf 90' lang='lat' dir='ltr'><strong>si</strong></span> <span class='ocrx_word' id='word_1_704' title='bbox 1339 4483 1434 4537; x_wconf 87' lang='lat' dir='ltr'><strong>per</strong></span> <span class='ocrx_word' id='word_1_705' title='bbox 1484 4466 1832 4536; x_wconf 80' lang='lat' dir='ltr'><strong>sapientiam,</strong></span> <span class='ocrx_word' id='word_1_706' title='bbox 1866 4464 1973 4518; x_wconf 91' lang='lat' dir='ltr'><strong>hoc</strong></span> <span class='ocrx_word' id='word_1_707' title='bbox 2017 4471 2098 4517; x_wconf 89' lang='lat' dir='ltr'><strong>est</strong></span> 
     </span>
    </p>
   </div>
   <div class='ocr_carea' id='block_1_94' title="bbox 2202 4464 3778 4554">
    <p class='ocr_par' dir='ltr' id='par_1_94' title="bbox 2206 4478 3778 4554">
     <span class='ocr_line' id='line_1_94' title="bbox 2206 4478 3778 4554; baseline -0.004 -16"><span class='ocrx_word' id='word_1_708' title='bbox 2206 4485 2316 4539; x_wconf 91' lang='grc' dir='ltr'><strong>τῶν</strong></span> <span class='ocrx_word' id='word_1_709' title='bbox 2345 4485 2667 4554; x_wconf 87' lang='grc' dir='ltr'>κτισμάτων</span> <span class='ocrx_word' id='word_1_710' title='bbox 2710 4482 2842 4535; x_wconf 76' lang='grc' dir='ltr'>ἴδιον</span> <span class='ocrx_word' id='word_1_711' title='bbox 2892 4478 3058 4548; x_wconf 82' lang='grc' dir='ltr'>εἶναι,</span> <span class='ocrx_word' id='word_1_712' title='bbox 3105 4483 3204 4535; x_wconf 82' lang='grc' dir='ltr'><strong>οὐκ</strong></span> <span class='ocrx_word' id='word_1_713' title='bbox 3244 4480 3363 4535; x_wconf 82' lang='grc' dir='ltr'>οἶδα</span> <span class='ocrx_word' id='word_1_714' title='bbox 3413 4481 3536 4552; x_wconf 81' lang='grc' dir='ltr'>μὲν,</span> <span class='ocrx_word' id='word_1_715' title='bbox 3590 4482 3639 4532; x_wconf 83' lang='grc' dir='ltr'><strong>εί</strong></span> <span class='ocrx_word' id='word_1_716' title='bbox 3683 4483 3778 4532; x_wconf 72' lang='grc' dir='ltr'><strong>καὶ</strong></span> 
     </span>
    </p>
   </div>
   <div class='ocr_carea' id='block_1_95' title="bbox 539 4555 2100 4640">
    <p class='ocr_par' dir='ltr' id='par_1_95' title="bbox 539 4555 2100 4640">
     <span class='ocr_line' id='line_1_95' title="bbox 539 4555 2100 4640; baseline -0.009 -16"><span class='ocrx_word' id='word_1_717' title='bbox 539 4587 636 4640; x_wconf 87' lang='lat' dir='ltr'><strong>per</strong></span> <span class='ocrx_word' id='word_1_718' title='bbox 670 4570 888 4629; x_wconf 71' lang='lat' dir='ltr'><strong>Filium,</strong></span> <span class='ocrx_word' id='word_1_719' title='bbox 920 4564 1278 4634; x_wconf 86' lang='lat' dir='ltr'><strong>producatur,</strong></span> <span class='ocrx_word' id='word_1_720' title='bbox 1336 4560 1473 4613; x_wconf 88' lang='lat' dir='ltr'><strong>nihil</strong></span> <span class='ocrx_word' id='word_1_721' title='bbox 1533 4555 2100 4612; x_wconf 78' lang='lat' dir='ltr'><strong>diﬂ‘erreacreaturis</strong></span> 
     </span>
    </p>
   </div>
   <div class='ocr_carea' id='block_1_96' title="bbox 531 4649 2098 4729">
    <p class='ocr_par' dir='ltr' id='par_1_96' title="bbox 531 4649 2098 4729">
     <span class='ocr_line' id='line_1_96' title="bbox 531 4649 2098 4729; baseline -0.009 -16"><span class='ocrx_word' id='word_1_722' title='bbox 531 4672 586 4713; x_wconf 90' lang='lat' dir='ltr'><strong>et</strong></span> <span class='ocrx_word' id='word_1_723' title='bbox 622 4676 717 4729; x_wconf 89' lang='lat' dir='ltr'><strong>per</strong></span> <span class='ocrx_word' id='word_1_724' title='bbox 773 4658 1009 4711; x_wconf 87' lang='lat' dir='ltr'><strong>mediam</strong></span> <span class='ocrx_word' id='word_1_725' title='bbox 1031 4655 1295 4708; x_wconf 87' lang='lat' dir='ltr'><strong>deitatem</strong></span> <span class='ocrx_word' id='word_1_726' title='bbox 1365 4651 1497 4721; x_wconf 90' lang='lat' dir='ltr'><strong>quid</strong></span> <span class='ocrx_word' id='word_1_727' title='bbox 1548 4649 1777 4720; x_wconf 89' lang='lat' dir='ltr'><strong>produci</strong></span> <span class='ocrx_word' id='word_1_728' title='bbox 1814 4650 2098 4717; x_wconf 89' lang='lat' dir='ltr'><strong>proprium</strong></span> 
     </span>
    </p>
   </div>
   <div class='ocr_carea' id='block_1_97' title="bbox 535 4742 2102 4812">
    <p class='ocr_par' dir='ltr' id='par_1_97' title="bbox 535 4742 2102 4812">
     <span class='ocr_line' id='line_1_97' title="bbox 535 4742 2102 4812; baseline -0.006 -8"><span class='ocrx_word' id='word_1_729' title='bbox 535 4763 916 4805; x_wconf 84' lang='lat' dir='ltr'><strong>creaturarum</strong></span> <span class='ocrx_word' id='word_1_730' title='bbox 969 4761 1115 4810; x_wconf 85' lang='lat' dir='ltr'><strong>esse,</strong></span> <span class='ocrx_word' id='word_1_731' title='bbox 1173 4745 1226 4800; x_wconf 90' lang='lat' dir='ltr'><strong>id</strong></span> <span class='ocrx_word' id='word_1_732' title='bbox 1265 4744 1454 4799; x_wconf 91' lang='lat' dir='ltr'><strong>nescio</strong></span> <span class='ocrx_word' id='word_1_733' title='bbox 1498 4758 1564 4798; x_wconf 91' lang='lat' dir='ltr'><strong>an</strong></span> <span class='ocrx_word' id='word_1_734' title='bbox 1611 4752 1668 4797; x_wconf 89' lang='lat' dir='ltr'><strong>et</strong></span> <span class='ocrx_word' id='word_1_735' title='bbox 1721 4742 1846 4796; x_wconf 87' lang='lat' dir='ltr'><strong>aliis</strong></span> <span class='ocrx_word' id='word_1_736' title='bbox 1894 4742 2102 4812; x_wconf 86' lang='lat' dir='ltr'><strong>placeat</strong></span> 
     </span>
    </p>
   </div>
   <div class='ocr_carea' id='block_1_98' title="bbox 535 4835 2099 4913">
    <p class='ocr_par' dir='ltr' id='par_1_98' title="bbox 535 4835 2099 4913">
     <span class='ocr_line' id='line_1_98' title="bbox 535 4835 2099 4913; baseline -0.004 -18"><span class='ocrx_word' id='word_1_737' title='bbox 535 4855 730 4913; x_wconf 78' lang='lat' dir='ltr'><strong>praeter</strong></span> <span class='ocrx_word' id='word_1_738' title='bbox 782 4851 868 4905; x_wconf 86' lang='lat' dir='ltr'><strong>te;</strong></span> <span class='ocrx_word' id='word_1_739' title='bbox 899 4841 1008 4893; x_wconf 91' lang='lat' dir='ltr'><strong>imo</strong></span> <span class='ocrx_word' id='word_1_740' title='bbox 1041 4838 1190 4892; x_wconf 85' lang='lat' dir='ltr'><strong>clare</strong></span> <span class='ocrx_word' id='word_1_741' title='bbox 1244 4836 1372 4890; x_wconf 82' lang='lat' dir='ltr'><strong>novi</strong></span> <span class='ocrx_word' id='word_1_742' title='bbox 1423 4836 1475 4890; x_wconf 89' lang='lat' dir='ltr'><strong>id</strong></span> <span class='ocrx_word' id='word_1_743' title='bbox 1526 4835 1735 4890; x_wconf 91' lang='lat' dir='ltr'><strong>nemini</strong></span> <span class='ocrx_word' id='word_1_744' title='bbox 1791 4837 2099 4904; x_wconf 81' lang='lat' dir='ltr'><strong>sapientum</strong></span> 
     </span>
    </p>
   </div>
   <div class='ocr_carea' id='block_1_99' title="bbox 531 4927 2099 5006">
    <p class='ocr_par' dir='ltr' id='par_1_99' title="bbox 531 4927 2099 5006">
     <span class='ocr_line' id='line_1_99' title="bbox 531 4927 2099 5006; baseline -0.003 -19"><span class='ocrx_word' id='word_1_745' title='bbox 531 4934 779 5006; x_wconf 88' lang='lat' dir='ltr'><strong>probari.</strong></span> <span class='ocrx_word' id='word_1_746' title='bbox 835 4932 1143 4985; x_wconf 79' lang='lat' dir='ltr'><strong>Manifestat</strong></span> <span class='ocrx_word' id='word_1_747' title='bbox 1198 4933 1329 4984; x_wconf 80' lang='lat' dir='ltr'><strong>vero</strong></span> <span class='ocrx_word' id='word_1_748' title='bbox 1369 4937 1428 4983; x_wconf 88' lang='lat' dir='ltr'><strong>et</strong></span> <span class='ocrx_word' id='word_1_749' title='bbox 1465 4927 1602 4983; x_wconf 79' lang='lat' dir='ltr'><strong>fides</strong></span> <span class='ocrx_word' id='word_1_750' title='bbox 1651 4929 1822 4982; x_wconf 91' lang='lat' dir='ltr'><strong>Deum</strong></span> <span class='ocrx_word' id='word_1_751' title='bbox 1877 4927 2099 4997; x_wconf 89' lang='lat' dir='ltr'><strong>quidem</strong></span> 
     </span>
    </p>
   </div>
   <div class='ocr_carea' id='block_1_100' title="bbox 531 5019 2100 5096">
    <p class='ocr_par' dir='ltr' id='par_1_100' title="bbox 531 5019 2100 5096">
     <span class='ocr_line' id='line_1_100' title="bbox 531 5019 2100 5096; baseline -0.004 -14"><span class='ocrx_word' id='word_1_752' title='bbox 531 5019 759 5082; x_wconf 37' lang='lat' dir='ltr'><strong>Patrem&quot;</strong></span> <span class='ocrx_word' id='word_1_753' title='bbox 783 5024 1086 5096; x_wconf 75' lang='lat' dir='ltr'><strong>praedicans</strong></span> <span class='ocrx_word' id='word_1_754' title='bbox 1105 5032 1160 5076; x_wconf 91' lang='lat' dir='ltr'><strong>et</strong></span> <span class='ocrx_word' id='word_1_755' title='bbox 1195 5023 1364 5077; x_wconf 91' lang='lat' dir='ltr'><strong>Deum</strong></span> <span class='ocrx_word' id='word_1_756' title='bbox 1435 5037 1564 5077; x_wconf 88' lang='lat' dir='ltr'><strong>vero</strong></span> <span class='ocrx_word' id='word_1_757' title='bbox 1618 5019 1815 5077; x_wconf 88' lang='lat' dir='ltr'><strong>Filium</strong></span> <span class='ocrx_word' id='word_1_758' title='bbox 1842 5029 1898 5075; x_wconf 88' lang='lat' dir='ltr'><strong>et</strong></span> <span class='ocrx_word' id='word_1_759' title='bbox 1927 5020 2100 5090; x_wconf 84' lang='lat' dir='ltr'><strong>Spiri-</strong></span> 
     </span>
    </p>
   </div>
   <div class='ocr_carea' id='block_1_101' title="bbox 535 5115 2100 5180">
    <p class='ocr_par' dir='ltr' id='par_1_101' title="bbox 535 5115 2100 5180">
     <span class='ocr_line' id='line_1_101' title="bbox 535 5115 2100 5180; baseline -0.006 -7"><span class='ocrx_word' id='word_1_760' title='bbox 535 5131 648 5174; x_wconf 83' lang='lat' dir='ltr'><strong>llllll</strong></span> <span class='ocrx_word' id='word_1_761' title='bbox 674 5127 925 5172; x_wconf 86' lang='lat' dir='ltr'><strong>sanetum</strong></span> <span class='ocrx_word' id='word_1_762' title='bbox 951 5115 1241 5180; x_wconf 81' lang='lat' dir='ltr'><strong>conﬁtens,</strong></span> <span class='ocrx_word' id='word_1_763' title='bbox 1259 5124 1313 5168; x_wconf 77' lang='grc' dir='ltr'><strong>ει</strong></span> <span class='ocrx_word' id='word_1_764' title='bbox 1338 5124 1514 5168; x_wconf 88' lang='lat' dir='ltr'><strong>tamen</strong></span> <span class='ocrx_word' id='word_1_765' title='bbox 1542 5128 1640 5168; x_wconf 72' lang='lat' dir='ltr'><strong>COS</strong></span> <span class='ocrx_word' id='word_1_766' title='bbox 1662 5128 1768 5167; x_wconf 90' lang='lat' dir='ltr'><strong>non</strong></span> <span class='ocrx_word' id='word_1_767' title='bbox 1799 5127 1924 5168; x_wconf 88' lang='lat' dir='ltr'><strong>cum</strong></span> <span class='ocrx_word' id='word_1_768' title='bbox 1951 5126 2100 5167; x_wconf 89' lang='lat' dir='ltr'><strong>crea-</strong></span> 
     </span>
    </p>
   </div>
   <div class='ocr_carea' id='block_1_102' title="bbox 534 5207 2100 5283">
    <p class='ocr_par' dir='ltr' id='par_1_102' title="bbox 534 5207 2100 5283">
     <span class='ocr_line' id='line_1_102' title="bbox 534 5207 2100 5283; baseline -0.003 -18"><span class='ocrx_word' id='word_1_769' title='bbox 534 5212 674 5267; x_wconf 85' lang='lat' dir='ltr'><strong>turis</strong></span> <span class='ocrx_word' id='word_1_770' title='bbox 711 5208 904 5283; x_wconf 87' lang='lat' dir='ltr'><strong>(apage</strong></span> <span class='ocrx_word' id='word_1_771' title='bbox 961 5223 1086 5262; x_wconf 89' lang='lat' dir='ltr'><strong>cum</strong></span> <span class='ocrx_word' id='word_1_772' title='bbox 1172 5207 1507 5273; x_wconf 87' lang='lat' dir='ltr'><strong>blasphemia</strong></span> <span class='ocrx_word' id='word_1_773' title='bbox 1581 5207 1683 5261; x_wconf 88' lang='lat' dir='ltr'><strong>ista</strong></span> <span class='ocrx_word' id='word_1_774' title='bbox 1705 5208 1748 5277; x_wconf 72' lang='grc' dir='ltr'>ί)</span> <span class='ocrx_word' id='word_1_775' title='bbox 1805 5207 2100 5262; x_wconf 88' lang='lat' dir='ltr'><strong>collocans.</strong></span> 
     </span>
    </p>
   </div>
   <div class='ocr_carea' id='block_1_103' title="bbox 533 5299 2104 5370">
    <p class='ocr_par' dir='ltr' id='par_1_103' title="bbox 533 5299 2104 5370">
     <span class='ocr_line' id='line_1_103' title="bbox 533 5299 2104 5370; baseline -0.003 -13"><span class='ocrx_word' id='word_1_776' title='bbox 533 5303 676 5370; x_wconf 76' lang='lat' dir='ltr'><strong>Quid</strong></span> <span class='ocrx_word' id='word_1_777' title='bbox 704 5306 852 5356; x_wconf 89' lang='lat' dir='ltr'><strong>enim</strong></span> <span class='ocrx_word' id='word_1_778' title='bbox 912 5302 1084 5369; x_wconf 88' lang='lat' dir='ltr'><strong>magis</strong></span> <span class='ocrx_word' id='word_1_779' title='bbox 1142 5299 1381 5368; x_wconf 87' lang='lat' dir='ltr'><strong>Spiritus</strong></span> <span class='ocrx_word' id='word_1_780' title='bbox 1432 5310 1684 5355; x_wconf 88' lang='lat' dir='ltr'><strong>creatura</strong></span> <span class='ocrx_word' id='word_1_781' title='bbox 1739 5299 1900 5365; x_wconf 82' lang='lat' dir='ltr'><strong>foret,</strong></span> <span class='ocrx_word' id='word_1_782' title='bbox 1936 5300 1980 5354; x_wconf 86' lang='lat' dir='ltr'><strong>si</strong></span> <span class='ocrx_word' id='word_1_783' title='bbox 2037 5315 2104 5354; x_wconf 83' lang='lat' dir='ltr'><strong>ex</strong></span> 
     </span>
    </p>
   </div>
   <div class='ocr_carea' id='block_1_104' title="bbox 523 5389 2105 5464">
    <p class='ocr_par' dir='ltr' id='par_1_104' title="bbox 523 5389 2105 5464">
     <span class='ocr_line' id='line_1_104' title="bbox 523 5389 2105 5464; baseline -0.001 -14"><span class='ocrx_word' id='word_1_784' title='bbox 523 5396 694 5457; x_wconf 68' lang='lat' dir='ltr'><strong>Filio,</strong></span> <span class='ocrx_word' id='word_1_785' title='bbox 729 5409 890 5464; x_wconf 89' lang='lat' dir='ltr'><strong>quam</strong></span> <span class='ocrx_word' id='word_1_786' title='bbox 920 5391 1092 5447; x_wconf 84' lang='lat' dir='ltr'><strong>Filius</strong></span> <span class='ocrx_word' id='word_1_787' title='bbox 1117 5399 1172 5446; x_wconf 89' lang='lat' dir='ltr'><strong>et</strong></span> <span class='ocrx_word' id='word_1_788' title='bbox 1199 5389 1457 5461; x_wconf 82' lang='lat' dir='ltr'><strong>Spiritus,</strong></span> <span class='ocrx_word' id='word_1_789' title='bbox 1489 5392 1535 5446; x_wconf 87' lang='lat' dir='ltr'><strong>si</strong></span> <span class='ocrx_word' id='word_1_790' title='bbox 1587 5408 1653 5447; x_wconf 79' lang='lat' dir='ltr'><strong>ex</strong></span> <span class='ocrx_word' id='word_1_791' title='bbox 1678 5393 1881 5449; x_wconf 84' lang='lat' dir='ltr'><strong>Patre?</strong></span> <span class='ocrx_word' id='word_1_792' title='bbox 1905 5395 1981 5449; x_wconf 81' lang='lat' dir='ltr'><strong>Ex</strong></span> <span class='ocrx_word' id='word_1_793' title='bbox 2012 5410 2105 5450; x_wconf 88' lang='lat' dir='ltr'><strong>es-</strong></span> 
     </span>
    </p>
   </div>
   <div class='ocr_carea' id='block_1_105' title="bbox 535 5482 2104 5543">
    <p class='ocr_par' dir='ltr' id='par_1_105' title="bbox 535 5482 2104 5543">
     <span class='ocr_line' id='line_1_105' title="bbox 535 5482 2104 5543; baseline 0.001 -3"><span class='ocrx_word' id='word_1_794' title='bbox 535 5497 710 5542; x_wconf 82' lang='lat' dir='ltr'><strong>sentia</strong></span> <span class='ocrx_word' id='word_1_795' title='bbox 743 5498 800 5543; x_wconf 89' lang='lat' dir='ltr'><strong>et</strong></span> <span class='ocrx_word' id='word_1_796' title='bbox 825 5501 934 5540; x_wconf 89' lang='lat' dir='ltr'><strong>non</strong></span> <span class='ocrx_word' id='word_1_797' title='bbox 969 5499 1036 5540; x_wconf 65' lang='lat' dir='ltr'><strong>ex</strong></span> <span class='ocrx_word' id='word_1_798' title='bbox 1064 5484 1306 5540; x_wconf 86' lang='lat' dir='ltr'><strong>essentia</strong></span> <span class='ocrx_word' id='word_1_799' title='bbox 1338 5482 1432 5538; x_wconf 86' lang='lat' dir='ltr'><strong>Dei</strong></span> <span class='ocrx_word' id='word_1_800' title='bbox 1466 5499 1588 5540; x_wconf 87' lang='lat' dir='ltr'><strong>esse</strong></span> <span class='ocrx_word' id='word_1_801' title='bbox 1611 5487 1818 5541; x_wconf 87' lang='lat' dir='ltr'><strong>scimus</strong></span> <span class='ocrx_word' id='word_1_802' title='bbox 1845 5486 2104 5542; x_wconf 88' lang='lat' dir='ltr'><strong>doctores</strong></span> 
     </span>
    </p>
   </div>
   <div class='ocr_carea' id='block_1_106' title="bbox 523 5588 2103 5647">
    <p class='ocr_par' dir='ltr' id='par_1_106' title="bbox 523 5588 2103 5647">
     <span class='ocr_line' id='line_1_106' title="bbox 523 5588 2103 5647; baseline 0.001 -13"><span class='ocrx_word' id='word_1_803' title='bbox 523 5589 802 5635; x_wconf 63' lang='lat' dir='ltr'><strong>creaturae</strong></span> <span class='ocrx_word' id='word_1_804' title='bbox 857 5589 1054 5635; x_wconf 84' lang='lat' dir='ltr'><strong>etnon</strong></span> <span class='ocrx_word' id='word_1_805' title='bbox 1109 5589 1378 5632; x_wconf 70' lang='lat' dir='ltr'><strong>creatum</strong></span> <span class='ocrx_word' id='word_1_806' title='bbox 1440 5588 1682 5634; x_wconf 88' lang='lat' dir='ltr'><strong>statuere</strong></span> <span class='ocrx_word' id='word_1_807' title='bbox 1713 5596 1957 5647; x_wconf 82' lang='lat' dir='ltr'><strong>causam,</strong></span> <span class='ocrx_word' id='word_1_808' title='bbox 1995 5596 2103 5635; x_wconf 85' lang='lat' dir='ltr'><strong>non</strong></span> 
     </span>
    </p>
   </div>
   <div class='ocr_carea' id='block_1_107' title="bbox 602 5691 1524 5761">
    <p class='ocr_par' dir='ltr' id='par_1_107' title="bbox 602 5691 1524 5761">
     <span class='ocr_line' id='line_1_107' title="bbox 602 5691 1524 5761; baseline 0.001 -15"><span class='ocrx_word' id='word_1_809' title='bbox 602 5693 684 5761; x_wconf 77' lang='grc'><strong>(1)</strong></span> <span class='ocrx_word' id='word_1_810' title='bbox 707 5692 854 5746; x_wconf 78' lang='grc' dir='ltr'>Μοη.</span> <span class='ocrx_word' id='word_1_811' title='bbox 881 5693 970 5752; x_wconf 74' lang='grc'><strong>27.</strong></span> <span class='ocrx_word' id='word_1_812' title='bbox 1005 5693 1041 5746; x_wconf 77' lang='grc' dir='ltr'>ί.</span> <span class='ocrx_word' id='word_1_813' title='bbox 1067 5691 1172 5747; x_wconf 70' lang='grc'><strong>250</strong></span> <span class='ocrx_word' id='word_1_814' title='bbox 1193 5691 1247 5746; x_wconf 91' lang='lat' dir='ltr'><strong>b.</strong></span> <span class='ocrx_word' id='word_1_815' title='bbox 1276 5693 1524 5751; x_wconf 87' lang='grc' dir='ltr'>κωλύειν.</span> 
     </span>
    </p>
   </div>
   <div class='ocr_carea' id='block_1_108' title="bbox 605 5763 1434 5833">
    <p class='ocr_par' dir='ltr' id='par_1_108' title="bbox 605 5763 1434 5833">
     <span class='ocr_line' id='line_1_108' title="bbox 605 5763 1434 5833; baseline 0.001 -16"><span class='ocrx_word' id='word_1_816' title='bbox 605 5763 682 5833; x_wconf 67' lang='grc'><strong>(2]</strong></span> <span class='ocrx_word' id='word_1_817' title='bbox 715 5763 854 5818; x_wconf 68' lang='lat' dir='ltr'><strong>Non.</strong></span> <span class='ocrx_word' id='word_1_818' title='bbox 893 5766 930 5817; x_wconf 71' lang='grc' dir='ltr'><strong>Γ.</strong></span> <span class='ocrx_word' id='word_1_819' title='bbox 962 5763 1061 5817; x_wconf 70' lang='grc'><strong>231</strong></span> <span class='ocrx_word' id='word_1_820' title='bbox 1127 5780 1178 5818; x_wconf 85' lang='lat' dir='ltr'><strong>a.</strong></span> <span class='ocrx_word' id='word_1_821' title='bbox 1235 5765 1434 5832; x_wconf 53' lang='grc' dir='ltr'>σοφῶς.</span> 
     </span>
    </p>
   </div>
   <div class='ocr_carea' id='block_1_109' title="bbox 2206 4570 3780 4644">
    <p class='ocr_par' dir='ltr' id='par_1_109' title="bbox 2206 4570 3780 4644">
     <span class='ocr_line' id='line_1_109' title="bbox 2206 4570 3780 4644; baseline -0.003 -14"><span class='ocrx_word' id='word_1_822' title='bbox 2206 4575 2387 4640; x_wconf 77' lang='grc' dir='ltr'>ἄλλοις</span> <span class='ocrx_word' id='word_1_823' title='bbox 2419 4574 2656 4638; x_wconf 73' lang='grc' dir='ltr'>συνδόξει</span> <span class='ocrx_word' id='word_1_824' title='bbox 2693 4573 2832 4644; x_wconf 78' lang='grc' dir='ltr'>πλὴν</span> <span class='ocrx_word' id='word_1_825' title='bbox 2865 4574 2982 4627; x_wconf 76' lang='grc' dir='ltr'>σοῦ’</span> <span class='ocrx_word' id='word_1_826' title='bbox 3016 4575 3218 4644; x_wconf 82' lang='grc' dir='ltr'>μᾶλλον</span> <span class='ocrx_word' id='word_1_827' title='bbox 3249 4574 3306 4627; x_wconf 79' lang='grc' dir='ltr'>δὲ</span> <span class='ocrx_word' id='word_1_828' title='bbox 3335 4573 3522 4641; x_wconf 80' lang='grc' dir='ltr'>σαφῶς</span> <span class='ocrx_word' id='word_1_829' title='bbox 3553 4571 3628 4644; x_wconf 70' lang='grc'><strong>(2)</strong></span> <span class='ocrx_word' id='word_1_830' title='bbox 3662 4570 3780 4626; x_wconf 78' lang='grc' dir='ltr'>οῖδα</span> 
     </span>
    </p>
   </div>
   <div class='ocr_carea' id='block_1_110' title="bbox 2212 4666 3775 4744">
    <p class='ocr_par' dir='ltr' id='par_1_110' title="bbox 2212 4666 3775 4744">
     <span class='ocr_line' id='line_1_110' title="bbox 2212 4666 3775 4744; baseline -0.004 -20"><span class='ocrx_word' id='word_1_831' title='bbox 2212 4671 2402 4744; x_wconf 71' lang='grc' dir='ltr'>μηδενὶ</span> <span class='ocrx_word' id='word_1_832' title='bbox 2429 4669 2535 4722; x_wconf 89' lang='grc' dir='ltr'><strong>τῶν</strong></span> <span class='ocrx_word' id='word_1_833' title='bbox 2569 4669 2749 4734; x_wconf 81' lang='grc' dir='ltr'>σοφῶν</span> <span class='ocrx_word' id='word_1_834' title='bbox 2795 4668 3075 4721; x_wconf 84' lang='grc' dir='ltr'>συνδοκεῖν</span> <span class='ocrx_word' id='word_1_835' title='bbox 3101 4683 3114 4696; x_wconf 88' lang='grc'><strong>·</strong></span> <span class='ocrx_word' id='word_1_836' title='bbox 3142 4666 3291 4736; x_wconf 84' lang='grc' dir='ltr'>δηλοῖ</span> <span class='ocrx_word' id='word_1_837' title='bbox 3317 4667 3373 4720; x_wconf 76' lang='grc' dir='ltr'>δὲ</span> <span class='ocrx_word' id='word_1_838' title='bbox 3397 4667 3490 4719; x_wconf 79' lang='grc' dir='ltr'><strong>καὶ</strong></span> <span class='ocrx_word' id='word_1_839' title='bbox 3525 4667 3558 4737; x_wconf 80' lang='grc' dir='ltr'>ἠ</span> <span class='ocrx_word' id='word_1_840' title='bbox 3591 4666 3775 4729; x_wconf 84' lang='grc' dir='ltr'>πίστις</span> 
     </span>
    </p>
   </div>
   <div class='ocr_carea' id='block_1_111' title="bbox 2207 4756 3775 4830">
    <p class='ocr_par' dir='ltr' id='par_1_111' title="bbox 2207 4756 3775 4830">
     <span class='ocr_line' id='line_1_111' title="bbox 2207 4756 3775 4830; baseline -0.004 -16"><span class='ocrx_word' id='word_1_841' title='bbox 2207 4761 2342 4814; x_wconf 85' lang='grc' dir='ltr'>Θεὸν</span> <span class='ocrx_word' id='word_1_842' title='bbox 2375 4759 2475 4830; x_wconf 67' lang='grc' dir='ltr'>μὲν</span> <span class='ocrx_word' id='word_1_843' title='bbox 2508 4758 2598 4812; x_wconf 69' lang='grc' dir='ltr'>τὸν</span> <span class='ocrx_word' id='word_1_844' title='bbox 2627 4758 2843 4828; x_wconf 88' lang='grc' dir='ltr'>Πατέρα</span> <span class='ocrx_word' id='word_1_845' title='bbox 2869 4757 3276 4829; x_wconf 74' lang='grc' dir='ltr'>πρεσϐεύουσα,</span> <span class='ocrx_word' id='word_1_846' title='bbox 3311 4757 3404 4810; x_wconf 59' lang='grc' dir='ltr'><strong>καὶ⁵</strong></span> <span class='ocrx_word' id='word_1_847' title='bbox 3436 4756 3568 4809; x_wconf 84' lang='grc' dir='ltr'>Θεὸν</span> <span class='ocrx_word' id='word_1_848' title='bbox 3598 4757 3655 4810; x_wconf 83' lang='grc' dir='ltr'>δὲ</span> <span class='ocrx_word' id='word_1_849' title='bbox 3682 4757 3775 4810; x_wconf 79' lang='grc' dir='ltr'><strong>τὸν</strong></span> 
     </span>
    </p>
   </div>
   <div class='ocr_carea' id='block_1_112' title="bbox 2209 4846 3778 4917">
    <p class='ocr_par' dir='ltr' id='par_1_112' title="bbox 2209 4846 3778 4917">
     <span class='ocr_line' id='line_1_112' title="bbox 2209 4846 3778 4917; baseline -0.004 -12"><span class='ocrx_word' id='word_1_850' title='bbox 2209 4851 2338 4905; x_wconf 80' lang='grc' dir='ltr'>Υίὸν</span> <span class='ocrx_word' id='word_1_851' title='bbox 2361 4853 2456 4907; x_wconf 74' lang='grc' dir='ltr'>καὶ</span> <span class='ocrx_word' id='word_1_852' title='bbox 2485 4850 2544 4904; x_wconf 83' lang='grc' dir='ltr'><strong>τὸ</strong></span> <span class='ocrx_word' id='word_1_853' title='bbox 2568 4847 2796 4916; x_wconf 86' lang='grc' dir='ltr'>Πνεῦμα</span> <span class='ocrx_word' id='word_1_854' title='bbox 2827 4849 2888 4900; x_wconf 76' lang='grc' dir='ltr'>τὸ</span> <span class='ocrx_word' id='word_1_855' title='bbox 2913 4847 3069 4915; x_wconf 80' lang='grc' dir='ltr'>ᾶγιον</span> <span class='ocrx_word' id='word_1_856' title='bbox 3096 4846 3464 4917; x_wconf 87' lang='grc' dir='ltr'>ὁμολογοῦσα,</span> <span class='ocrx_word' id='word_1_857' title='bbox 3496 4846 3592 4900; x_wconf 76' lang='grc' dir='ltr'><strong>καὶ</strong></span> <span class='ocrx_word' id='word_1_858' title='bbox 3625 4848 3778 4916; x_wconf 85' lang='grc' dir='ltr'>ὅμως</span> 
     </span>
    </p>
   </div>
   <div class='ocr_carea' id='block_1_113' title="bbox 2209 4938 3779 5012">
    <p class='ocr_par' dir='ltr' id='par_1_113' title="bbox 2209 4938 3779 5012">
     <span class='ocr_line' id='line_1_113' title="bbox 2209 4938 3779 5012; baseline 0.001 -20"><span class='ocrx_word' id='word_1_859' title='bbox 2209 4941 2405 5003; x_wconf 79' lang='grc' dir='ltr'>αὐτοὺς</span> <span class='ocrx_word' id='word_1_860' title='bbox 2438 4941 2498 4993; x_wconf 87' lang='grc' dir='ltr'><strong>οὐ</strong></span> <span class='ocrx_word' id='word_1_861' title='bbox 2548 4942 2686 5012; x_wconf 84' lang='grc' dir='ltr'>μετὰ</span> <span class='ocrx_word' id='word_1_862' title='bbox 2730 4940 2838 4993; x_wconf 89' lang='grc' dir='ltr'><strong>τῶν</strong></span> <span class='ocrx_word' id='word_1_863' title='bbox 2891 4940 3213 5009; x_wconf 87' lang='grc' dir='ltr'>κτισμάτων</span> <span class='ocrx_word' id='word_1_864' title='bbox 3264 4940 3469 5010; x_wconf 80' lang='grc' dir='ltr'>(ἄπαγε</span> <span class='ocrx_word' id='word_1_865' title='bbox 3510 4939 3608 5008; x_wconf 82' lang='grc' dir='ltr'>τῆς</span> <span class='ocrx_word' id='word_1_866' title='bbox 3651 4938 3779 5009; x_wconf 76' lang='grc' dir='ltr'>βλα-</span> 
     </span>
    </p>
   </div>
   <div class='ocr_carea' id='block_1_114' title="bbox 2209 5029 3775 5102">
    <p class='ocr_par' dir='ltr' id='par_1_114' title="bbox 2209 5029 3775 5102">
     <span class='ocr_line' id='line_1_114' title="bbox 2209 5029 3775 5102; baseline -0.001 -20"><span class='ocrx_word' id='word_1_867' title='bbox 2209 5031 2454 5101; x_wconf 81' lang='grc' dir='ltr'>σφημίας</span> <span class='ocrx_word' id='word_1_868' title='bbox 2481 5033 2520 5102; x_wconf 80' lang='grc' dir='ltr'>ί)</span> <span class='ocrx_word' id='word_1_869' title='bbox 2549 5031 2832 5102; x_wconf 80' lang='grc' dir='ltr'>τιθεμένη.</span> <span class='ocrx_word' id='word_1_870' title='bbox 2864 5030 2930 5084; x_wconf 82' lang='grc' dir='ltr'><strong>Τί</strong></span> <span class='ocrx_word' id='word_1_871' title='bbox 2969 5030 3046 5100; x_wconf 74' lang='lat'><strong>(3)</strong></span> <span class='ocrx_word' id='word_1_872' title='bbox 3073 5032 3182 5101; x_wconf 84' lang='grc' dir='ltr'><strong>γὰρ</strong></span> <span class='ocrx_word' id='word_1_873' title='bbox 3229 5030 3428 5099; x_wconf 78' lang='grc' dir='ltr'>μᾶλλον</span> <span class='ocrx_word' id='word_1_874' title='bbox 3458 5029 3520 5082; x_wconf 86' lang='grc' dir='ltr'>τὸ</span> <span class='ocrx_word' id='word_1_875' title='bbox 3553 5029 3775 5098; x_wconf 84' lang='grc' dir='ltr'>Πνεῦμα</span> 
     </span>
    </p>
   </div>
   <div class='ocr_carea' id='block_1_115' title="bbox 2206 5123 3778 5196">
    <p class='ocr_par' dir='ltr' id='par_1_115' title="bbox 2206 5123 3778 5196">
     <span class='ocr_line' id='line_1_115' title="bbox 2206 5123 3778 5196; baseline -0.001 -19"><span class='ocrx_word' id='word_1_876' title='bbox 2206 5127 2433 5195; x_wconf 82' lang='grc' dir='ltr'>κτίσμα,</span> <span class='ocrx_word' id='word_1_877' title='bbox 2463 5127 2509 5177; x_wconf 70' lang='grc' dir='ltr'><strong>εί</strong></span> <span class='ocrx_word' id='word_1_878' title='bbox 2541 5127 2598 5191; x_wconf 76' lang='grc' dir='ltr'><strong>ἐξ</strong></span> <span class='ocrx_word' id='word_1_879' title='bbox 2635 5124 2788 5191; x_wconf 84' lang='grc' dir='ltr'>Υίοῦ,</span> <span class='ocrx_word' id='word_1_880' title='bbox 2823 5126 2857 5196; x_wconf 78' lang='grc' dir='ltr'>ἢ</span> <span class='ocrx_word' id='word_1_881' title='bbox 2889 5127 2916 5179; x_wconf 92' lang='grc' dir='ltr'><strong>ὁ</strong></span> <span class='ocrx_word' id='word_1_882' title='bbox 2959 5124 3088 5188; x_wconf 83' lang='grc' dir='ltr'>Υἱὸς</span> <span class='ocrx_word' id='word_1_883' title='bbox 3128 5126 3222 5178; x_wconf 78' lang='grc' dir='ltr'>καὶ</span> <span class='ocrx_word' id='word_1_884' title='bbox 3252 5124 3314 5177; x_wconf 77' lang='grc' dir='ltr'><strong>τὸ</strong></span> <span class='ocrx_word' id='word_1_885' title='bbox 3349 5123 3606 5189; x_wconf 88' lang='grc' dir='ltr'>Πνεῦμα,</span> <span class='ocrx_word' id='word_1_886' title='bbox 3636 5125 3684 5176; x_wconf 90' lang='grc' dir='ltr'><strong>εί</strong></span> <span class='ocrx_word' id='word_1_887' title='bbox 3714 5124 3778 5175; x_wconf 85' lang='grc' dir='ltr'>ὲκ</span> 
     </span>
    </p>
   </div>
   <div class='ocr_carea' id='block_1_116' title="bbox 2209 5207 3780 5287">
    <p class='ocr_par' dir='ltr' id='par_1_116' title="bbox 2209 5207 3780 5287">
     <span class='ocr_line' id='line_1_116' title="bbox 2209 5207 3780 5287; baseline -0.004 -17"><span class='ocrx_word' id='word_1_888' title='bbox 2209 5217 2460 5287; x_wconf 86' lang='grc' dir='ltr'>Πατρός;</span> <span class='ocrx_word' id='word_1_889' title='bbox 2497 5217 2570 5269; x_wconf 80' lang='grc' dir='ltr'>Τὸ</span> <span class='ocrx_word' id='word_1_890' title='bbox 2622 5215 2680 5280; x_wconf 74' lang='grc' dir='ltr'><strong>ἐξ</strong></span> <span class='ocrx_word' id='word_1_891' title='bbox 2726 5217 2919 5280; x_wconf 81' lang='grc' dir='ltr'>οὐσίας</span> <span class='ocrx_word' id='word_1_892' title='bbox 2973 5217 3070 5270; x_wconf 74' lang='grc' dir='ltr'>καὶ</span> <span class='ocrx_word' id='word_1_893' title='bbox 3106 5215 3181 5286; x_wconf 81' lang='grc' dir='ltr'>μὴ</span> <span class='ocrx_word' id='word_1_894' title='bbox 3228 5215 3418 5278; x_wconf 81' lang='grc' dir='ltr'>οὐσίας</span> <span class='ocrx_word' id='word_1_895' title='bbox 3460 5211 3598 5266; x_wconf 88' lang='grc' dir='ltr'>Θεοῦ</span> <span class='ocrx_word' id='word_1_896' title='bbox 3639 5207 3780 5265; x_wconf 82' lang='grc' dir='ltr'>εἶναι</span> 
     </span>
    </p>
   </div>
   <div class='ocr_carea' id='block_1_117' title="bbox 2212 5305 3781 5381">
    <p class='ocr_par' dir='ltr' id='par_1_117' title="bbox 2212 5305 3781 5381">
     <span class='ocr_line' id='line_1_117' title="bbox 2212 5305 3781 5381; baseline -0.003 -16"><span class='ocrx_word' id='word_1_897' title='bbox 2212 5311 2372 5381; x_wconf 84' lang='grc' dir='ltr'>ῐσμεν</span> <span class='ocrx_word' id='word_1_898' title='bbox 2410 5312 2537 5373; x_wconf 76' lang='grc' dir='ltr'>τοὺς</span> <span class='ocrx_word' id='word_1_899' title='bbox 2579 5309 2960 5372; x_wconf 84' lang='grc' dir='ltr'>διδασκάλους,</span> <span class='ocrx_word' id='word_1_900' title='bbox 2998 5309 3295 5377; x_wconf 86' lang='grc' dir='ltr'>κτίσματος</span> <span class='ocrx_word' id='word_1_901' title='bbox 3328 5309 3420 5359; x_wconf 80' lang='grc' dir='ltr'><strong>καὶ</strong></span> <span class='ocrx_word' id='word_1_902' title='bbox 3449 5305 3524 5377; x_wconf 80' lang='grc' dir='ltr'>μὴ</span> <span class='ocrx_word' id='word_1_903' title='bbox 3550 5307 3781 5376; x_wconf 80' lang='grc' dir='ltr'>κτίσμα-</span> 
     </span>
    </p>
   </div>
   <div class='ocr_carea' id='block_1_118' title="bbox 2207 5399 3782 5471">
    <p class='ocr_par' dir='ltr' id='par_1_118' title="bbox 2207 5399 3782 5471">
     <span class='ocr_line' id='line_1_118' title="bbox 2207 5399 3782 5471; baseline -0.003 -12"><span class='ocrx_word' id='word_1_904' title='bbox 2207 5421 2300 5468; x_wconf 87' lang='grc' dir='ltr'><strong>τος</strong></span> <span class='ocrx_word' id='word_1_905' title='bbox 2328 5404 2502 5458; x_wconf 85' lang='grc' dir='ltr'>αῐτιον</span> <span class='ocrx_word' id='word_1_906' title='bbox 2540 5402 2887 5471; x_wconf 80' lang='grc' dir='ltr'>τιθεμένους,</span> <span class='ocrx_word' id='word_1_907' title='bbox 2919 5402 2980 5454; x_wconf 91' lang='grc' dir='ltr'><strong>οὐ</strong></span> <span class='ocrx_word' id='word_1_908' title='bbox 3012 5400 3072 5453; x_wconf 81' lang='grc' dir='ltr'>τὺ</span> <span class='ocrx_word' id='word_1_909' title='bbox 3118 5402 3182 5453; x_wconf 82' lang='grc' dir='ltr'>ὲκ</span> <span class='ocrx_word' id='word_1_910' title='bbox 3211 5400 3422 5468; x_wconf 74' lang='grc' dir='ltr'>Πατρὸς</span> <span class='ocrx_word' id='word_1_911' title='bbox 3449 5399 3612 5468; x_wconf 87' lang='grc' dir='ltr'>μόνου</span> <span class='ocrx_word' id='word_1_912' title='bbox 3644 5399 3676 5468; x_wconf 88' lang='grc' dir='ltr'>ἢ</span> <span class='ocrx_word' id='word_1_913' title='bbox 3717 5401 3782 5454; x_wconf 73' lang='grc' dir='ltr'>ἐκ</span> 
     </span>
    </p>
   </div>
   <div class='ocr_carea' id='block_1_119' title="bbox 2211 5491 3785 5568">
    <p class='ocr_par' dir='ltr' id='par_1_119' title="bbox 2211 5491 3785 5568">
     <span class='ocr_line' id='line_1_119' title="bbox 2211 5491 3785 5568; baseline -0.006 -17"><span class='ocrx_word' id='word_1_914' title='bbox 2211 5497 2421 5568; x_wconf 82' lang='grc' dir='ltr'>Πατρὺς</span> <span class='ocrx_word' id='word_1_915' title='bbox 2453 5496 2548 5550; x_wconf 68' lang='grc' dir='ltr'><strong>καὶ</strong></span> <span class='ocrx_word' id='word_1_916' title='bbox 2580 5494 2704 5548; x_wconf 83' lang='grc' dir='ltr'>Υίοῦ</span> <span class='ocrx_word' id='word_1_917' title='bbox 2735 5491 2895 5547; x_wconf 78' lang='grc' dir='ltr'>εἶναι.</span> <span class='ocrx_word' id='word_1_918' title='bbox 2938 5493 3019 5547; x_wconf 74' lang='grc' dir='ltr'><strong>Τά</strong></span> <span class='ocrx_word' id='word_1_919' title='bbox 3051 5494 3151 5563; x_wconf 79' lang='grc' dir='ltr'><strong>μὲν</strong></span> <span class='ocrx_word' id='word_1_920' title='bbox 3176 5492 3269 5546; x_wconf 82' lang='grc' dir='ltr'><strong>οὖν</strong></span> <span class='ocrx_word' id='word_1_921' title='bbox 3304 5491 3585 5560; x_wconf 83' lang='grc' dir='ltr'>κτίσματα</span> <span class='ocrx_word' id='word_1_922' title='bbox 3611 5493 3669 5544; x_wconf 75' lang='grc' dir='ltr'>τὸ</span> <span class='ocrx_word' id='word_1_923' title='bbox 3706 5491 3785 5564; x_wconf 79' lang='grc' dir='ltr'>μὴ</span> 
     </span>
    </p>
   </div>
   <div class='ocr_carea' id='block_1_120' title="bbox 2212 5579 3784 5655">
    <p class='ocr_par' dir='ltr' id='par_1_120' title="bbox 2212 5579 3784 5655">
     <span class='ocr_line' id='line_1_120' title="bbox 2212 5579 3784 5655; baseline -0.003 -15"><span class='ocrx_word' id='word_1_924' title='bbox 2212 5591 2274 5641; x_wconf 80' lang='grc' dir='ltr'>ἐκ</span> <span class='ocrx_word' id='word_1_925' title='bbox 2306 5586 2404 5655; x_wconf 79' lang='grc' dir='ltr'><strong>τῆς</strong></span> <span class='ocrx_word' id='word_1_926' title='bbox 2445 5584 2595 5648; x_wconf 83' lang='grc' dir='ltr'>θείας</span> <span class='ocrx_word' id='word_1_927' title='bbox 2622 5584 2812 5647; x_wconf 77' lang='grc' dir='ltr'>οὐσίας</span> <span class='ocrx_word' id='word_1_928' title='bbox 2839 5579 2998 5649; x_wconf 80' lang='grc' dir='ltr'>εἶναι,</span> <span class='ocrx_word' id='word_1_929' title='bbox 3031 5583 3146 5636; x_wconf 83' lang='grc' dir='ltr'>ἀλλ’</span> <span class='ocrx_word' id='word_1_930' title='bbox 3191 5584 3254 5636; x_wconf 84' lang='grc' dir='ltr'>ὲκ</span> <span class='ocrx_word' id='word_1_931' title='bbox 3288 5581 3379 5636; x_wconf 91' lang='grc' dir='ltr'><strong>τοῦ</strong></span> <span class='ocrx_word' id='word_1_932' title='bbox 3415 5581 3493 5653; x_wconf 81' lang='grc' dir='ltr'>μὴ</span> <span class='ocrx_word' id='word_1_933' title='bbox 3523 5581 3674 5645; x_wconf 76' lang='grc' dir='ltr'>ὄντος</span> <span class='ocrx_word' id='word_1_934' title='bbox 3701 5582 3784 5646; x_wconf 88' lang='grc' dir='ltr'><strong>είς</strong></span> 
     </span>
    </p>
   </div>
   <div class='ocr_carea' id='block_1_121' title="bbox 2284 5698 3022 5773">
    <p class='ocr_par' dir='ltr' id='par_1_121' title="bbox 2284 5698 3022 5773">
     <span class='ocr_line' id='line_1_121' title="bbox 2284 5698 3022 5773; baseline -0.008 -16"><span class='ocrx_word' id='word_1_935' title='bbox 2284 5705 2359 5773; x_wconf 83' lang='lat'><strong>(&#39;5)</strong></span> <span class='ocrx_word' id='word_1_936' title='bbox 2393 5701 2554 5757; x_wconf 80' lang='lat' dir='ltr'><strong>Marc.</strong></span> <span class='ocrx_word' id='word_1_937' title='bbox 2610 5700 2642 5755; x_wconf 82' lang='lat' dir='ltr'><strong>f.</strong></span> <span class='ocrx_word' id='word_1_938' title='bbox 2683 5699 2750 5753; x_wconf 84' lang='lat'><strong>87</strong></span> <span class='ocrx_word' id='word_1_939' title='bbox 2795 5698 2848 5753; x_wconf 89' lang='lat' dir='ltr'><strong>b.</strong></span> <span class='ocrx_word' id='word_1_940' title='bbox 2885 5698 2920 5769; x_wconf 73' lang='grc' dir='ltr'>ἦ</span> <span class='ocrx_word' id='word_1_941' title='bbox 2950 5698 3022 5751; x_wconf 88' lang='grc' dir='ltr'>τί.</span> 
     </span>
    </p>
   </div>
  </div>
