4124 6416
407 319 514 384 2‘20

1434 314 1874 378 REFUTATIO
1915 312 2158 376 MARCI
2205 312 2590 374 El’HESlNI.

3527 311 3639 374 220

405 441 467 492 τὸ
514 432 655 490 εἶναι
709 427 1072 502 παρηγμένα,
1113 427 1245 482 αῦτδ
1295 427 1454 482 τοῦτο
1503 427 1792 497 κτίσματα
1837 423 1978 478 εἶναι

2093 439 2146 480 ιι
2167 424 2329 478 Patre
2355 423 2470 494 solo
2495 425 2578 480 vel
2623 440 2688 480 ex
2729 424 2887 480 Patre
2917 433 2974 480 et
2999 423 3139 480 Filio
3177 438 3320 480 esse.
3343 422 3498 490 Quod
3546 425 3646 492 igi-

408 528 554 582 ποιεῖ
597 525 692 578 καὶ
737 523 836 592 τῆς
890 521 1038 582 θείας
1083 521 1442 590 ἀπαλλοτριοῖ
1472 519 1708 586 φύσεως
1743 517 1974 584 Πνεῦμα

404 619 464 674 δὲ
493 617 554 670 τὸ
601 616 756 682 ἆγιον
805 615 868 665 ὲκ
914 611 1016 681 τῆς
1065 610 1281 678 Πατρὺς
1330 611 1423 662 καὶ
1465 607 1596 662 Υίοῦ
1647 608 1836 670 οὐσίας
1882 607 1974 669 ὃν,

404 705 696 778 ὁμοοὺσιόν
723 719 782 756 τε
809 703 994 766 αὐτοῖς
1025 701 1120 755 καὶ
1155 701 1288 764 Θεὸς
1323 701 1465 763 ἐστι,
1496 699 1598 752 κᾶν
1625 701 1722 752 καὶ
1756 701 1819 750 ἐκ
1863 699 1976 750 Πα-

405 799 534 868 τρδς
569 797 666 850 καὶ
702 793 835 847 Υἱοῦ
876 792 986 863 εἴη.
1039 791 1150 846 Καὶ
1199 790 1351 844 οὐδὲν
1379 791 1515 852 ὅλως
1563 791 1628 858 τῇ
1673 785 1900 858 ἀληθείᾳ
1927 785 1978 840 oi

409 893 494 946 σοὶ
525 890 672 956 λόγοι
717 885 884 956 μηδὲν
919 884 1142 955 ἰσχυρὸν
1187 881 1405 954 ἔχοντες
1480 880 1836 952 λυμανεῖσθαι
1891 877 1979 932 δύ-

406 979 576 1034 ναιντ’
605 979 692 1034 ἄν.

745 1263 1008 1317 sessor
1057 1262 1213 1316 ΚΕΦ.
1275 1261 1354 1314 lZ'
1391 1257 1533 1330 (Atr)
1577 1256 1673 1328 (ι).

481 1360 546 1413 Ei
581 1375 634 1412 τι
681 1358 774 1410 ἐπὶ
831 1356 1091 1408 πλειόνων
1123 1354 1321 1414 ἑνικῶς
1367 1353 1426 1406 ὲν
1463 1353 1575 1412 τοῖς
1621 1348 1788 1410 θείοις
1819 1363 1986 1417 προσ-
2077 1359 2090 1366 ‘

406 1455 580 1517 ὡποις
612 1454 857 1522 λέγεται,
891 1452 924 1520 ἢ
971 1449 1130 1502 οὐσία
1170 1449 1389 1505 πάντως
1435 1445 1469 1516 ἦ
1508 1443 1766 1508 οὐσιῶδες
1813 1444 1980 1496 ἑστιν.

409 1548 622 1616 Ὥσπερ
649 1547 754 1615 γὰρ
779 1544 838 1596 ’ἐν
881 1546 998 1596 ἐστι
1025 1543 1234 1610 πάντη,
1267 1538 1392 1592 καθ’
1433 1537 1460 1590 δ
1491 1537 1598 1589 τῶν
1623 1535 1825 1590 λοιπῶν
1856 1535 1986 1588 ’ἐκα-

411 1657 536 1692 στον
569 1638 676 1691 τῶν
706 1635 1018 1704 προσώπων
1059 1632 1354 1702 χωρίζεται
1382 1670 1396 1694 ,
1427 1627 1570 1683 οὕτω
1621 1630 1716 1680 καὶ
1773 1627 1832 1680 ἓν
1869 1628 1985 1680 ἐστι

407 1733 590 1800 πάντη
617 1771 631 1794 ,
664 1730 786 1782 καθ’
819 1728 848 1780 ὃ
877 1729 945 1782 τὰ
986 1727 1112 1796 τρία
1155 1723 1445 1788 ἑνίζονται.
1475 1721 1646 1776 Τοῦτο
1678 1721 1724 1774 δ’
1755 1720 1910 1774 ἐστὶν
1949 1721 1980 1789 ἡ

411 1825 511 1894 μία
555 1822 633 1894 τῷ
687 1820 908 1892 ἀριθμῷ
961 1818 1119 1871 οὐσία
1179 1817 1214 1886 ἦ
1263 1833 1315 1868 τι
1364 1814 1474 1867 τῶν
1525 1812 1796 1873 οὐσιωδῶς
1847 1812 1984 1882 αὐτῇ

411 1917 750 1985 προσόντων,
786 1907 900 1964 οἷον
949 1911 982 1981 ἡ
1035 1910 1134 1979 μία
1175 1906 1398 1978 θέλησις
1447 1905 1481 1975 ἢ
1534 1905 1568 1975 ἡ
1607 1904 1706 1974 μία
1756 1903 1989 1973 δύναμις

408 2001 443 2071 ἢ
493 2003 524 2072 ἡ
562 2001 660 2070 μία
698 2000 971 2067 ἐνέργεια.
1021 1998 1268 2067 Λέγομεν
1309 1997 1416 2064 γὰρ
1451 1995 1584 2046 Θεὸν
1615 1998 1679 2047 ἐκ
1727 1992 1864 2046 Θεοῦ
1897 1994 1988 2046 τὸν

410 2094 558 2158 Υίδν,
613 2092 707 2144 καὶ
748 2089 914 2161 ἄμφω
971 2090 1104 2142 Θεὸν
1164 2089 1280 2154 ἕνα,
1351 2088 1466 2156 φῶς
1509 2087 1576 2139 ὲκ
1609 2143 1616 2150 ,
1647 2086 1854 2156 φωτὸς,
1893 2086 1990 2137 καὶ

409 2189 580 2256 ἄμφω
617 2184 674 2238 ἓν
729 2185 870 2254 φῶς,
925 2186 1118 2252 σοφίαν
1174 2183 1236 2236 ἐκ
1282 2182 1496 2251 σοφίας,
1533 2181 1628 2233 καὶ
1657 2180 1823 2249 ἄμφω
1859 2177 1990 2248 μίαν

416 2279 636 2346 σοφίαν,
694 2275 929 2346 δύναμιν
974 2276 1041 2328 ὲκ
1084 2274 1370 2344 δυνάμεως
1417 2273 1506 2326 καὶ
1547 2273 1716 2342 ἄμφω
1751 2271 1879 2341 μίαν
1907 2270 1991 2324 δύ-

415 2389 608 2440 ναμιν.
655 2370 766 2424 Καὶ
829 2367 982 2421 οὐδὲν
1027 2367 1132 2436 ἄρα
1189 2366 1444 2418 δύνανται
1491 2363 1548 2416 ἓν
1591 2360 1732 2416 εἶναι
1773 2362 1843 2414 τὰ
1872 2362 1992 2414 θεῖα

417 2464 710 2532 πρόσωπα,
764 2461 812 2512 εἰ
878 2459 953 2528 μὴ
1009 2456 1145 2511 καθὸ
1197 2455 1346 2508 ἐστὶν
1390 2457 1448 2508 ὲν
1495 2454 1673 2515 αὐτοῖς
1704 2452 1784 2506 ἓν.
1817 2450 1992 2505 Τοῦτο

411 2556 458 2608 δ’
487 2554 634 2606 ἐστὶν
680 2551 964 2614 οὐσιῶδες.
1009 2550 1071 2602 Εἰ
1117 2547 1300 2601 τοίνυν
1334 2547 1430 2600 καὶ
1473 2546 1535 2598 τὸ
1569 2543 1900 2614 προϐάλλειν
1931 2543 1990 2596 ἓν

414 2651 563 2702 ἐστιν
610 2648 668 2700 ἐν
701 2645 880 2716 Πατρὶ
911 2644 1008 2698 καὶ
1043 2641 1181 2712 Υίῷ,
1225 2641 1260 2711 ἢ
1307 2640 1630 2708 κοινωνήσει
1667 2639 1862 2690 τούτου
1895 2635 1993 2688 καὶ

415 2740 476 2794 τὸ
524 2736 749 2807 ιινεῦμα
778 2735 840 2788 τὸ
867 2734 1026 2801 ἅγιον
1060 2733 1354 2795 οὐσιώδους
1379 2747 1441 2797 γε
1484 2729 1661 2797 ὄντος,
1699 2730 1794 2782 καὶ
1835 2727 1991 2780 ἔσται

415 2834 514 2884 καὶ
575 2832 707 2884 αὐτὸ
759 2827 1068 2898 προσαλλον
1114 2825 1304 2893 ἓτερον
1353 2823 1526 2894 δήπου
1573 2823 1901 2892 πρόσωπον,
1959 2819 1992 2891 ἢ

417 2928 711 2990 οὺσῖώδους
753 2925 898 2988 τινὸς
940 2923 1220 2992 ἀλλότριον
1248 2920 1339 2983 ὃν,
1371 2920 1473 2971 οὐκ
1530 2917 1726 2988 ἄδηλον
1769 2917 1851 2970 ὅτι
1897 2915 1996 2968 καὶ

389 3023 516 3091 ,τῆς
547 3021 740 3082 οὐσίας
789 3018 1071 3086 ἀλλότριον
1125 3015 1301 3068 ἔσται.
1347 3011 1566 3066 Τούτων
1615 3010 1879 3080 ὁπότερον
1927 3008 1993 3062 ἂν

2081 525 2170 572 tur
2198 527 2464 572 creaturae
2493 533 2600 571 non
2637 533 2704 572 ex
2739 515 2830 572 Dei
2863 518 3103 574 essentia
3127 527 3277 580 sunt,
3323 517 3416 570 sed
3445 531 3510 570 ex
3537 531 3646 570 non

2076 622 2198 662 esse
2227 607 2294 662 ad
2325 623 2440 662 esse
2471 608 2769 677 producte,
2809 609 2912 664 hoc
2957 608 3132 678 ipsum
3165 618 3270 674 est,
3299 610 3442 678 quod
3489 623 3646 661 erea-

2079 704 2231 751 turas
2259 712 2352 752 eas
2371 697 2590 753 facit‘et
2646 713 2674 751 a
2735 699 2919 752 divina
2953 707 3199 753 removet
3258 706 3490 762 natura;
3529 695 3650 764 Spi-

2081 787 2216 842 ritus
2247 803 2378 844 vero
2428 797 2672 852 sanctus,
2706 771 2798 858 qui
2831 804 2898 842 ex
2930 787 3170 844 essentia
3223 787 3398 841 Patris
3436 797 3490 840 et
3523 784 3647 839 Filii

2081 885 2185 940 est.
2214 879 2695 934 consubstantialis
2733 887 2818 934 est
2841 879 2971 947 ipsis
2993 891 3050 932 et
3103 877 3267 942 Deus,
3299 878 3424 932 licet
3481 877 3648 931 etiam

2083 985 2146 1022 ex
2187 971 2347 1026 Patre
2403 981 2457 1026 et
2511 972 2648 1026 Filio
2698 973 2788 1027 sit.
2851 971 2920 1026 Et
2969 971 3108 1025 nihil
3164 985 3389 1039 prorsus
3433 970 3649 1024 veritati

2084 1061 2281 1116 obesse
2321 1069 2581 1131 poterunt
2639 1061 3082 1116 ratiocinationes
3105 1069 3216 1115 tua:
3271 1059 3404 1114 nihil
3435 1060 3648 1114 ﬁrmum

2083 1151 2362 1208 habentes.
3109 1163 3114 1166 ’

2439 1265 2682 1321 senes.
2735 1266 2797 1322 c.
2823 1268 2968 1323 xvu
3003 1267 3286 1336 (XXXIV).

2153 1359 2212 1416 Si
2246 1359 2378 1429 quid
2431 1360 2497 1414 de
2527 1361 2778 1429 pluribus
2817 1362 2870 1416 in
2901 1361 3104 1416 divinis
3154 1361 3407 1431 personis
3456 1359 3653 1416 dicitur

2085 1452 2436 1522 singulariter
2468 1453 2545 1523 (a)
2581 1454 2666 1509 vel
2700 1454 2934 1509 essentia
2969 1454 3193 1509 omnino
3231 1463 3316 1508 est
3345 1453 3428 1507 vel
3465 1469 3652 1508 esseu-

2087 1544 2234 1598 tiale.
2260 1544 2414 1598 Sicut
2433 1544 2578 1598 enim
2603 1561 2772 1598 unum
2795 1555 2879 1600 est
2904 1547 3151 1611 omnino,
3179 1545 3480 1600 secundum
3505 1547 3652 1613 quod

2085 1634 2345 1704 quaelibet
2375 1636 2708 1705 reliquarum
2750 1653 3106 1706 personarum
3148 1647 3456 1707 separatur,
3494 1637 3566 1690 ita
3598 1646 3656 1691 et

2089 1739 2256 1778 unum
2287 1726 2510 1780 omnino
2540 1736 2646 1792 est,
2677 1730 2981 1784 secundum
3011 1729 3155 1798 quod
3185 1730 3287 1784 illae
3313 1738 3424 1784 tres
3449 1728 3652 1782 uniun-

2094 1825 2200 1869 tur.
2235 1815 2350 1870 lloc
2377 1831 2505 1870 vero
2552 1825 2636 1871 est
2675 1833 2779 1871 una
2829 1835 3062 1874 numero
3108 1821 3351 1874 essentia
3409 1820 3492 1874 vel
3523 1818 3653 1889 quid

2091 1925 2305 1973 eorum,
2342 1923 2463 1978 quae
2527 1911 2896 1966 essentialiler
2955 1914 3052 1982 ipsi
3079 1903 3090 1914 ’
3116 1913 3336 1978 adsunt,
3365 1922 3424 1967 ut
3476 1930 3528 1966 v.
3563 1931 3647 1984 gr.

2092 2015 2198 2052 una
2229 2000 2482 2055 voluntas
2512 2003 2597 2056 vel
2636 2018 2741 2056 una
2767 2003 2944 2057 virtus
2973 2005 3054 2056 vel
3086 2019 3192 2058 una
3215 2004 3482 2073 operatio.
3511 2002 3658 2058 Diei-

2091 2108 2214 2146 mus
2268 2093 2415 2148 enim
2449 2093 2617 2148 Deum
2659 2110 2725 2149 ex
2757 2093 2865 2150 Deo
2900 2095 3207 2152 Filiumet
3264 2098 3426 2151 ambo
3486 2096 3658 2150 Deum

2094 2199 2290 2250 unum,
2343 2187 2531 2240 lumen
2577 2201 2644 2240 ex
2671 2185 2878 2240 lumine
2908 2195 2962 2240 et
3009 2188 3171 2241 ambo
3229 2203 3398 2241 unum
3448 2186 3657 2250 lumen,

2092 2275 2416 2343 sapientiam
2457 2291 2524 2331 ex
2559 2276 2826 2346 sapientia
2849 2287 2904 2332 et
2930 2287 3223 2346 utrumque
3251 2293 3412 2332 unam
3436 2278 3658 2348 sapien-

2097 2367 2244 2432 tiam,
2271 2367 2527 2422 virtutem
2559 2384 2626 2422 ει
2658 2369 2856 2424 virtute
2881 2378 2936 2424 et
2972 2379 3266 2440 utrumque
3295 2386 3454 2424 uuam
3487 2371 3660 2426 virtu-

2095 2465 2224 2511 tem.
2285 2455 2597 2514 Seoundum
2655 2460 2858 2514 nullam
2907 2461 3090 2530 itaque
3144 2476 3256 2516 rem
3312 2477 3480 2516 unum
3539 2478 3661 2517 esse

2094 2559 2324 2618 possunt
2353 2549 2546 2604 divina:
2569 2565 2830 2622 personze,
2857 2552 2960 2606 nisi
2989 2553 3064 2625 (a)
3089 2553 3392 2610 secundum
3423 2555 3568 2622 quod
3603 2556 3656 2610 in

2095 2642 2228 2712 ipsis
2263 2658 2428 2696 unum
2458 2653 2563 2698 est.
2605 2645 2718 2700 lloc
2746 2655 2930 2701 autem
2963 2656 3018 2702 et
3050 2649 3362 2704 essentiale.
3405 2650 3460 2703 Si
3487 2650 3658 2720 igitur

2095 2735 2260 2789 etiam
2323 2736 2628 2804 producere
2661 2753 2826 2792 unum
2871 2747 2958 2794 est
3003 2740 3056 2794 in
3089 2741 3249 2796 Patre
3299 2753 3356 2797 et
3381 2741 3540 2810 Filio,
3568 2751 3664 2798 aut

2096 2825 2524 2880 communicabit
2551 2827 2606 2880 in
2639 2827 2742 2882 hoc
2767 2829 2933 2884 etiam
2990 2829 3230 2901 Spiritus
3267 2843 3489 2887 sanctus
3535 2849 3662 2888 cum

2095 2918 2201 2982 eis,
2225 2932 2350 2970 eum
2383 2919 2676 2975 essentiale
2703 2922 2795 2986 sit,
2825 2929 2880 2976 et
2901 2922 3008 2978 erit
3035 2924 3146 2994 ipse
3169 2923 3322 2978 aliam
3348 2925 3662 2994 quampiam

2098 3010 2410 3078 producens
2445 3026 2755 3082 personam,
2801 3021 2894 3068 aut
2932 3015 2974 3070 si
3011 3015 3080 3070 ab
3115 3017 3390 3071 essentiali
3422 3017 3659 3087 quodam

421 3114 698 3186 βούλοιντο
739 3113 854 3164 τοῖν
891 3110 1186 3182 βαράθροις)
1212 3147 1228 3173 ,
1279 3105 1592 3160 ἑλέσθωσαν
1640 3105 1688 3158 οἱ
1730 3103 1987 3166 Λατῖνοι,

2095 3103 2306 3156 alienus
2323 3113 2424 3170 est,
2445 3104 2729 3160 manifeste
2747 3105 2812 3160 ab
2824 3108 3058 3162 essentia
3076 3123 3290 3178 quoque
3308 3109 3520 3164 alienus
3535 3111 3662 3166 erit.

419 3209 518 3260 καὶ,
547 3207 714 3275 ἄμφω
751 3206 808 3257 δὲ
844 3203 1244 3271 ἐκτρεπόμενοι
1279 3200 1376 3268 τὴν
1407 3197 1621 3252 ἑαυτῶν
1651 3196 1808 3262 δόξαν
1855 3197 1990 3249 ἀπο-

420 3299 732 3351 λιπέτωσαν
766 3295 1069 3368 πρότερον,
1119 3293 1243 3364 ἥτις
1284 3291 1342 3359 ἐξ
1388 3290 1635 3362 ἀνάγκης
1678 3289 1770 3342 ἐπὶ
1814 3287 1991 3342 ταῦτα

421 3393 649 3460 ἀπάγει.

980 3595 1118 3652 ῪοΥ
1163 3593 1468 3650 ΝΙΚΑΙΑΣ.
1509 3585 1514 3590 ’

505 3694 597 3758 Ὦς
650 3692 968 3763 εὐδαίμονες
1026 3690 1077 3742 οῑ
1153 3691 1214 3743 σὲ
1287 3687 1581 3759 αὐχοῦντες
1633 3683 1991 3742 διδάσκαλονῑ

423 3786 617 3851 Ὀσοις
649 3785 844 3848 αὐτοὺς
883 3782 1316 3853 ἐπιχειρήμασιν
1363 3778 1676 3851 ἀσφαλίξῃ·
1723 3781 1870 3842 ὅσοις
1911 3777 1995 3830 λό-

421 3899 542 3949 γοις
583 3879 782 3941 αὐτοὺς
837 3877 1285 3946 καταφράττειςί
1341 3874 1586 3928 Δύναιντ’
1617 3874 1682 3925 ἂν
1716 3871 1812 3924 καὶ
1851 3870 1996 3940 μάλα

423 3971 764 4044 γαυριῶντες
797 3971 900 4041 (2),
954 3969 1057 4040 φεῦ
1108 3969 1216 4022 τῶν
1258 3966 1637 4036 συλλογισμῶν
1693 3967 1790 4034 τῆς
1833 3965 1998 4031 ἀνάγ-

423 4065 566 4135 κηςὲ
611 4063 711 4132 φεῦ
749 4063 857 4115 τῶν
914 4059 1366 4131 ἐπιχειρημάτων
1425 4059 1522 4110 τοῦ
1580 4056 1858 4126 πλήθουςῑ
1894 4055 1996 4124 φεῦ

423 4157 524 4224 τῆς
561 4157 906 4226 πυκνότητος
956 4152 1066 4206 τῶν
1112 4151 1404 4223 νοημάτων
1451 4149 1544 4202 τοῦ
1597 4150 1763 4220 σοφοῦ
1805 4147 1995 4200 τούτου

422 4247 785 4303 διδασκάλουι
849 4245 1002 4316 βοᾷν.
1063 4243 1221 4296 Οῦτω
1275 4241 1449 4295 πολλὰ
1487 4241 1548 4294 τὸ
1593 4239 1656 4292 ἓν
1690 4242 1865 4303 ποιεῖς
1904 4239 2000 4292 καὶ

423 4341 658 4410 περιττὰ
687 4338 825 4393 αὑτὰ
854 4335 1220 4406 ἁναστρέφεις
1257 4334 1360 4404 (5),
1395 4332 1700 4402 ἀδολεσχῶν
1722 4371 1736 4392 ,
1777 4331 1999 4382 παλιλο-

424 4434 559 4502 γῶν,
593 4433 661 4486 τὰ
708 4429 846 4483 αὐτὰ
895 4429 1073 4497 λέγων
1112 4425 1406 4488 πολλάκις,
1444 4423 1692 4493 οἰόμενος
1722 4421 1876 4476 ἄλλα.
1907 4422 1998 4472 Δεῖ

423 4529 554 4595 γὰρ,
596 4524 670 4588 ὡς
722 4519 898 4591 οἶμαι⁹
957 4519 1182 4585 ἀγνοίας
1243 4533 1304 4568 σε
1365 4514 1636 4585 μᾶλλονῆ
1690 4513 1996 4584 μοχθηρίας

424 4617 676 4685 ἐγκαλεῖν
726 4612 939 4682 τάληθῆ
988 4611 1170 4678 λέγειν
1209 4608 1596 4677 βουλομένους.
1650 4605 1794 4659 Ἀλλ’
1825 4606 1991 4675 ἡμεῖς

425 4712 560 4780 πρὸς
585 4708 761 4762 ταῦτα
797 4703 1114 4774 ἀρκούντως
1169 4701 1225 4755 ἔν
1255 4717 1312 4754 τε
1343 4697 1422 4765 τῷ
1457 4699 1684 4768 πρώτῳ,
1733 4697 1792 4751 ἔν
1834 4715 1893 4750 τε
1924 4697 2001 4766 τῷ

421 4803 633 4871 δεκάτῳ
681 4800 778 4853 καὶ
821 4797 1088 4864 ἑνδεκάτῳ
1137 4811 1232 4846 σου
1277 4793 1386 4845 τῶν
1433 4790 1882 4862 ἐπιχειρημάτων
1927 4791 2003 4840 εί-

425 4897 626 4960 πόντες
682 4893 878 4963 (ταυτα
921 4890 1030 4960 γὰρ
1077 4891 1136 4941 ἐν
1185 4885 1416 4947 ἐκείνοις
1467 4881 1642 4936 είπὼν
1703 4880 1994 4951 ἔφθασας),

425 4992 543 5043 ἐκεῖ
589 4989 716 5048 τοὺς
761 4983 1040 5054 ἀκροατὰς
1084 4977 1559 5050 παραπέμπομεν,
1607 4972 1701 5035 οὓς
1739 4972 2000 5042 πειθομέ-

425 5099 550 5143 νους
585 5082 718 5150 ἡμῖν
770 5095 832 5130 τε
881 5077 976 5129 καὶ
1023 5077 1088 5145 τῇ
1134 5071 1362 5141 ἀληθείᾳ.
1405 5070 1609 5138 ἀμφοῖν
1651 5083 1735 5118 σοι
1785 5065 1998 5118 τούτοιν

425 5171 846 5239 ἁπαλλάττομεν
875 5168 990 5221 τοῖν
1043 5163 1382 5234 βαράθρων,
1420 5159 1483 5210 σὲ
1535 5157 1686 5210 κάτω
1744 5155 1997 5222 κείμενον

425 5265 678 5325 ἐλεεινῶς
709 5263 826 5314 ἐκεῖ
860 5257 1305 5314 καταλείποντες,
1341 5251 1416 5322 μὴ
1449 5249 1752 5318 δύναμενον
1787 5248 1998 5300 ἐκεῖθεν

426 5355 564 5428 πρὸς
603 5355 667 5406 τὸ
713 5354 813 5422 τῆς
865 5349 1126 5420 ἀληθείας
1163 5345 1280 5414 φῶς
1317 5343 1503 5396 διῖδεῖν
1532 5340 1630 5410 (4),
1661 5341 1792 5402 ἴσως
1820 5339 1876 5390 δὲ
1905 5342 2003 5390 καὶ

495 5465 574 5536 (1)
603 5462 753 5536 lllon.
780 5461 900 5536 ﬂgiti
1120 5467 1206 5512 est
1254 5469 1386 5536 cap;
1409 5454 1497 5508 55.

494 5525 571 5602 (2}
599 5535 742 5588 Men.
775 5532 844 5584 ‘27
877 5529 1043 5602 12251
1081 5528 1158 5602 b._
1186 5525 1540 5602 γασριῶνιτεςτ

495 5593 572 5678 (5)
605 5604 750 5658 Men.
781 5603 876 5656 cit.
909 5593 1278 5668 ἀντιστρέφει.
1302 5593 1490 5649 Marc.
1527 5596 1567 5650 ι.
1627 5593 1696 5649 88
1730 5609 1756 5648 a
1787 5611 1800 5648 :
1841 5595 1992 5647 ἀντ’.-

2095 3193 2174 3248 Ex
2216 3195 2298 3249 his
2339 3195 2554 3252 duobus
2597 3197 2874 3254 barathris
2933 3207 3114 3254 utrum
3149 3202 3426 3256 voluerint
3461 3203 3666 3273 eligant

2094 3284 2309 3354 Latini;
2343 3287 2390 3342 si
2421 3304 2552 3343 vero
2583 3299 2877 3360 utrumque
2910 3291 3290 3361 adversantur,
3325 3309 3481 3349 suam
3513 3299 3665 3366 prius

2094 3379 2420 3434 sententiam
2475 3379 2880 3450 derelinquant,
2935 3400 3055 3454 qua:
3106 3387 3416 3442 necessario
3445 3387 3511 3442 ad
3550 3387 3666 3442 lucc

2096 3469 2338 3526 deducit.

2819 3593 3096 3648 NICIENI.

2169 3683 2340 3750 Quam
2370 3683 2514 3740 beati
2541 3695 2670 3740 sunt
2690 3685 2782 3755 qui
2805 3695 2856 3740 te
2879 3686 3179 3756 gloriantur
3200 3689 3462 3758 magistro
3485 3694 3498 3744 ί
3523 3693 3669 3760 Quot

2097 3792 2194 3833 eos
2224 3780 2568 3848 argumentis
2595 3780 2848 3836 muniset
2883 3780 3142 3836 instruis!
3168 3783 3312 3848 Quot
3367 3801 3464 3841 eos
3494 3789 3668 3842 ratio-

2099 3869 2264 3924 nibus
2288 3885 2467 3925 armas
2488 3871 2502 3924 ι
2528 3871 2758 3926 Possent
2784 3887 2914 3926 sane
2935 3881 2992 3927 et
3008 3887 3170 3942 quam
3203 3875 3434 3932 maxime
3469 3893 3666 3947 super-

2099 3959 2314 4016 bientes
2338 3961 2644 4018 exclamare
2668 3980 2681 4016 :
2704 3961 2748 4018 0
2777 3964 3158 4017 necessitatem
3185 3965 3618 4035 syllogismorum
3646 3973 3660 4025 l

2101 4054 2146 4111 Ο
2203 4064 2646 4126 argumentorum
2713 4056 3165 4113 multitudinem!
3228 4061 3272 4116 0
3335 4062 3662 4119 densitatem

2102 4159 2466 4221 conceptuum
2493 4150 2757 4219 sapientis
2785 4151 2947 4221 hujus
3001 4154 3241 4222 magistri
3266 4155 3279 4207 Ξ
3313 4154 3462 4210 Adeo
3489 4171 3658 4212 unum

2103 4242 2272 4297 multa
2307 4242 2441 4298 iacis
2489 4253 2544 4297 et
2609 4243 2886 4312 superﬂua
2924 4245 3036 4313 ipsa
3068 4247 3366 4311 convertis,
3395 4249 3662 4317 garrieus,

2100 4336 2289 4389 eadem
2311 4343 2567 4405 repetens
2586 4319 2640 4392 et
2665 4337 2864 4405 saepius
2886 4337 3095 4402 dicens,
3115 4338 3219 4392 alia
3236 4355 3303 4392 ea
3325 4341 3668 4398 existimans.

2024 4453 2076 4512 Ι)
2102 4425 2331 4497 Oportet
2357 4427 2526 4490 enim,
2562 4437 2790 4498 utputo,
2823 4429 3144 4497 ignorantia:
3181 4433 3351 4502 magis
3367 4449 3530 4502 quam
3559 4453 3672 4490 ma-

2103 4519 2231 4572 litia:
2266 4529 2318 4572 te
2345 4519 2598 4574 incusent
2631 4521 2720 4589 qui
2751 4521 3030 4575 veritatem
3064 4523 3248 4577 dicere
3299 4526 3510 4590 volunt,
3565 4529 3664 4582 sed

2103 4625 2204 4664 nos
2228 4610 2294 4663 ad
2325 4610 2437 4665 hrec
2464 4599 2812 4688 suilicientes’
2836 4614 2889 4665 in
2929 4613 3128 4682 primo,
3157 4615 3372 4668 decimo
3413 4627 3467 4670 et
3495 4619 3668 4673 unde-

2104 4703 2250 4755 cimo
2283 4711 2501 4756 tuorum
2539 4695 2988 4773 argumentorum
3047 4708 3429 4773 respondimus
3457 4711 3668 4780 (eadem

2112 4807 2356 4861 namque
2386 4793 2440 4847 in
2482 4795 2593 4850 illis
2614 4795 2974 4866 jamdixisti),
3017 4808 3182 4868 atque
3217 4799 3347 4854 illuc
3391 4803 3674 4858 auditores

2113 4899 2176 4938 ac
2213 4887 2444 4962 lectores
2492 4888 2846 4953 remittimus,
2876 4905 3016 4959 quos
3074 4891 3118 4946 si
3148 4892 3308 4947 nobis
3363 4901 3420 4948 et
3447 4897 3670 4950 veritati

2104 4977 2510 5047 obsequuntur;
2535 4980 2602 5034 ab
2630 4991 2864 5051 utroque
2896 4991 2990 5036 tuo
3032 4981 3294 5039 barathro
3348 4984 3669 5051 liberamus,

2109 5079 2160 5121 te
2186 5070 2337 5123 humi
2359 5071 2636 5140 jacentem
2665 5073 2867 5128 misere
2889 5074 2998 5128 illic
3025 5075 3421 5145 relinquentes,
3449 5079 3542 5149 qui
3567 5095 3673 5134 non

2106 5167 2262 5228 potes
2301 5161 2497 5216 exinde
2534 5163 2600 5216 ad
2637 5164 2883 5218 veritatis
2907 5164 3088 5220 lucem
3146 5168 3413 5236 astricere,
3443 5184 3499 5223 et
3561 5149 3706 5222 for--

2107 5261 2250 5304 tasse
2279 5251 2445 5305 etiam
2477 5268 2585 5307 non
2613 5253 2722 5309 vis:
2763 5263 2818 5308 et
2845 5255 3118 5324 siquidem
3149 5259 3418 5313 voluisses
3477 5261 3675 5313 rectioe

2106 5355 2193 5394 res
2223 5343 2464 5397 rationes
2489 5344 2702 5412 audire,
2737 5345 2822 5400 vel
2853 5347 3016 5400 etiam
3052 5356 3198 5402 recte
3241 5348 3468 5404 intuitus
3497 5363 3669 5414 esses,

2103 5455 2353 5596 “(95min
2385 5525 2484 5583 Vat
2510 5529 2549 5586 ι’.
2588 5527 2714 5583 206.
2743 5545 2793 5583 a.
2830 5531 2994 5587 Marc.
3043 5529 3081 5584 ί.
3113 5530 3182 5585 88
3208 5547 3268 5598 a;
3313 5530 3486 5600 Mem,
3523 5533 3674 5587 tactv.

497 5707 574 5764 (al
605 5699 741 5756 Vide
770 5701 838 5754 de
869 5697 955 5752 his
992 5693 1047 5749 S.
1083 5691 1368 5759 Thomam,
1403 5712 1458 5764 ῃ.
1511 5709 1548 5760 ι,
1582 5707 1638 5762 q.
1686 5693 1774 5759 59,
1817 5708 1868 5746 a.
1902 5695 1974 5760 3;
2019 5705 2072 5750 et
2105 5695 2382 5750 Patavium
2425 5695 2498 5750 De
2527 5693 2820 5762 Trinitate,
2851 5699 2891 5752 Ι.
2938 5712 3018 5762 ιιι,
3072 5711 3120 5751 c.
3151 5697 3206 5764 9,
3246 5695 3272 5767 §
3310 5695 3384 5763 9;
3421 5708 3512 5750 vut
3544 5709 3592 5748 c.
3621 5693 3674 5760 9,

423 5771 675 5843 §§815.
