4124 6440
445 308 549 370 231

1787 282 2322 363 'nnssamams

3578 282 3687 346 232

448 437 478 476 a
510 417 773 476 barathro
802 430 1021 489 quoque
1075 426 1127 471 et
1174 415 1293 487 ipse
1354 414 1618 472 liberatus
1665 414 1885 473 fuisses.
1929 415 2014 471 Me

2138 417 2194 486 ιὴ
2226 414 2572 487 βουλόμενον·
2605 409 2679 475 ὡς
2708 408 2763 463 εί
2800 423 2862 479 γε
2911 403 3222 478 ἠϐουλήθης
3253 401 3363 458 τῶν
3397 399 3695 473 ἀληθεστά-

451 526 686 584 namque
715 511 864 582 cagis
886 523 1034 565 nunc
1064 517 1117 564 te
1149 506 1372 563 malitiae
1391 509 1670 577 incusare,
1697 522 1824 565 cum
1849 507 2016 579 paulo

449 612 578 661 ante
630 604 995 676 ignorantiam
1047 600 1146 658 tibi
1193 601 1665 673 exprobraverim.

800 885 1067 955 senss,
1098 886 1160 943 c.
1194 884 1361 942 xvm
1390 884 1661 956 (XXXV).

524 1007 583 1062 Si
609 1021 676 1061 ex
714 1003 956 1059 essentia
1002 1002 1182 1059 Patris
1224 1000 1396 1056 Filius
1437 1008 1496 1056 et
1547 997 1805 1071 Spiritus,
1828 1011 1897 1053 ex
1930 1011 2023 1054 es-

452 1099 630 1156 sentia
651 1110 780 1151 vero
813 1096 990 1150 Patris
1021 1104 1078 1149 et
1120 1091 1242 1148 Filii
1277 1090 1512 1161 Spiritus
1548 1089 1698 1145 solus
1720 1086 2026 1144 secundum

457 1191 705 1256 Latinos,
753 1201 864 1241 non
927 1200 1057 1255 ergo
1104 1183 1423 1238 earumdem
1462 1196 1628 1237 causa
1657 1187 1743 1235 est
1786 1178 2024 1234 essentia

416 1345 423 1353 ,
453 1283 629 1338 Patris
657 1287 713 1333 et
741 1276 978 1332 essentia
1028 1275 1202 1331 Patris
1238 1283 1295 1329 et
1333 1271 1472 1328 Filii.
1521 1270 1654 1336 Quae
1696 1279 1879 1325 autem
1914 1283 2024 1323 non

453 1372 775 1429 earumdem
807 1385 972 1424 causa
1022 1375 1175 1433 sunt,
1225 1382 1289 1422 ea
1325 1379 1504 1435 neque
1557 1362 1749 1419 eadem
1797 1375 2027 1431 prorsus

458 1472 608 1518 sunt.
630 1459 770 1530 Ergo
799 1457 947 1512 aliud
978 1465 1063 1512 est
1077 1455 1315 1511 essentia
1340 1455 1514 1509 Patris
1537 1461 1593 1508 et
1618 1450 1769 1507 aliud
1786 1450 2027 1506 essentia

459 1553 636 1609 Patris
689 1548 976 1614 et-Filii;
1030 1546 1345 1602 necessaria
1396 1559 1528 1599 vero
1575 1544 1738 1599 etiam
1791 1542 2028 1597 essentia

462 1626 926 1713 Spiritus-sancti
981 1637 1128 1693 aliud
1182 1644 1287 1692 est.
1317 1633 1499 1690 Multae
1549 1648 1679 1703 ergo
1731 1631 1789 1687 in
1842 1631 2029 1687 divina

2122 526 2233 582 ρων
2262 504 2645 578 ἀκροάσασθαι
2677 502 2854 572 λόγων
2880 540 2896 566 ,
2950 501 3057 556 κᾶν
3097 498 3196 553 καὶ
3227 496 3557 581 ἀντιϐλέψας
3596 497 3698 551 καὶ

2121 598 2215 654 τοῦ
2255 596 2535 668 βαράθρου
2581 594 2678 648 καὶ
2715 591 2879 656 αὐτὸς
2930 591 2997 646 ἂν
3027 588 3374 661 ἀπηλλάγης.
3419 586 3695 657 ’Δναγκάο

2120 690 2239 757 (et;
2277 690 2388 760 γάρ
2443 706 2510 757 με
2566 688 2664 743 νῦν
2713 704 2774 750 σε
2832 683 3131 757 μοχθηρίας
3179 679 3460 736 αἰτιᾶσθαι
3509 676 3699 753 μικρῷ

2121 783 2357 854 πρόσθεν
2406 779 2631 850 ἀγνοίας
2655 777 2736 851 (4)
2779 774 3179 847 ὲγκεκληκότα.

2465 888 2730 946 ΕΦΕΣΟΥ
2760 889 2917 944 ΚΕΦ.
2962 888 3050 941 lH’
3083 884 3230 956 (AE’)
3260 884 3361 957 (Ι).

2194 1007 2259 1061 Εί
2283 1006 2349 1059 ἐκ
2371 1004 2474 1074 τῆς
2498 1003 2690 1065 οὐσίας
2720 998 2816 1055 τοῦ
2850 998 3070 1068 Harpe;
3095 1000 3124 1052 ὁ
3152 998 3280 1060 Υἱὸς
3320 997 3418 1050 καὶ
3443 994 3506 1049 τὸ
3530 992 3702 1049 Πνεῦ-

2129 1115 2230 1169 μα,
2262 1099 2327 1150 ὲκ
2360 1095 2419 1149 δὲ
2446 1093 2548 1164 τῆς
2578 1092 2770 1155 οὐσίας
2802 1089 2897 1144 τοῦ
2944 1088 3159 1159 Πατρὸς
3190 1086 3287 1141 καὶ
3324 1086 3422 1140 τοῦ
3458 1084 3595 1140 Υίοῦ
3639 1085 3702 1139 τδ

2126 1186 2355 1256 Πνεῦμα
2390 1185 2553 1256 μόνον
2596 1182 2738 1237 κατὰ
2781 1182 2909 1244 τούς
2958 1179 3262 1242 Λατίνους,
3311 1178 3411 1230 οὐκ
3441 1179 3551 1247 ἄρα
3591 1175 3704 1232 τῶν

2127 1280 2310 1337 αὐτῶν
2363 1276 2517 1332 αίτία
2568 1276 2604 1345 ἡ
2651 1274 2810 1328 οὐσία
2838 1271 2934 1326 τοῦ
2978 1270 3191 1341 Πατρδς
3219 1269 3315 1322 καὶ
3354 1268 3396 1339 ἡ
3424 1268 3582 1322 οὐσία
3609 1267 3705 1321 τοῦ

2128 1372 2343 1443 Πατρδς
2368 1372 2465 1426 καὶ
2491 1368 2588 1423 τοῦ
2612 1367 2763 1421 Υίοῦ·
2793 1365 2863 1419 τὰ
2890 1364 2947 1419 δὲ
2974 1363 3048 1436 μὴ
3072 1363 3182 1417 τῶν
3213 1361 3391 1416 αὐτῶν
3417 1360 3566 1415 αἰτία
3585 1360 3707 1414 east

2127 1467 2196 1520 τά
2219 1466 2361 1521 αὐτά
2398 1456 2641 1525 πάντων
2668 1461 2799 1516 ἄλλο
2819 1459 2927 1532 ἄρα
2958 1458 2994 1527 ἡ
3024 1456 3184 1510 οὐσία
3213 1454 3308 1509 τοῦ
3343 1452 3579 1523 Πατρός,
3610 1452 3708 1506 καὶ

2128 1557 2260 1613 ἄλλο
2287 1559 2325 1628 ἡ
2353 1555 2510 1610 οὐσία
2540 1553 2634 1608 τοῦ
2665 1551 2877 1623 Πατρός
2927 1549 3024 1603 καὶ
3046 1547 3140 1601 τοῦ
3169 1545 3302 1600 Υίοῦ
3324 1561 3340 1576 ο
3374 1547 3434 1613 ἐξ
3461 1545 3709 1614 ἀνάγκης

2129 1647 2189 1700 δὲ
2222 1647 2316 1702 καὶ
2343 1648 2377 1717 ἡ
2401 1646 2495 1699 τοῦ
2536 1644 2857 1714 Πνεῦματος
2884 1639 3033 1696 ἄλλο.
3058 1635 3264 1691 Πολλαὶ
3300 1636 3408 1707 ἄρα
3433 1635 3616 1688 οὐσίαι
3646 1636 3708 1687 ἐν

462 1735 728 1790 Trinitate
745 1743 873 1787 sunt
900 1730 1173 1786 essentia.
1193 1728 1306 1785 Hoc
1332 1741 1515 1783 autem
1546 1736 1630 1783 est
1647 1725 2028 1796 hlaspbemum

2138 1741 2203 1810 τῇ
2250 1737 2372 1806 θείᾳ
2404 1736 2628 1808 Τριάδιο
2662 1735 2822 1790 τοῦτο
2846 1732 2904 1789 δὲ
2943 1730 3265 1803 βλάσφημον
3298 1729 3376 1801 (2)
3402 1731 3500 1784 καὶ
3529 1728 3709 1800 παρά-

462 1835 627 1897 atque
653 1841 683 1880 a
713 1825 926 1879 ratione
942 1822 1227 1878 alienum.

1111 1934 1388 1991 ΝΙΟΑΞΝΙ.

538 2034 795 2089 Libenter
822 2039 877 2086 te
920 2028 1336 2097 interrogarem,
1389 2040 1502 2096 quo
1549 2034 1708 2097 pacto
1764 2022 2038 2094 intelligas

463 2128 706 2184 medium
738 2134 892 2179 tuum
942 2120 1258 2185 terminum,
1288 2117 1547 2174 videlicet
1579 2118 1879 2172 earumdem
1901 2131 2038 2171 cau-

463 2238 573 2287 sas,
604 2220 735 2274 dum
765 2216 906 2272 dicis
929 2251 947 2280 ,
987 2227 1109 2283 quae
1155 2226 1265 2287 non
1312 2209 1632 2266 earumdem
1664 2197 1844 2263 causa?
1883 2213 2035 2272 sunt,

466 2328 575 2368 non
605 2326 727 2367 esse
753 2307 967 2364 eadem.
1002 2305 1060 2361 Si
1092 2285 1313 2376 quidem
1371 2302 1564 2358 eadem
1616 2316 1836 2356 numera
1870 2300 2034 2365 dicis,

467 2401 769 2475 prapositio
811 2410 901 2454 tua
928 2398 1103 2468 major
1150 2395 1231 2467 (α)
1271 2394 1404 2451 falsa
1436 2403 1553 2461 est;
1598 2401 1843 2466 possunt
1886 2391 2037 2448 enim

465 2495 712 2565 quasdam
758 2506 868 2546 non
897 2487 1216 2545 earumdem
1252 2500 1482 2541 numero
1517 2496 1694 2540 causae
1723 2498 1844 2540 esse
1877 2495 1930 2539 et
1959 2490 2041 2538 ta-

464 2600 591 2641 men
615 2583 900 2647 exsistere,
925 2579 1114 2647 eadem
1145 2578 1310 2632 etiam
1344 2578 1399 2630 in
1429 2577 1599 2631 rebus
1632 2574 1779 2630 hisce
1817 2575 2039 2630 creatis.

464 2678 620 2734 Alius
649 2676 796 2730 enim
838 2685 1069 2727 numera
1096 2677 1180 2725 est
1230 2666 1487 2723 Socrates
1517 2682 1546 2722 a
1594 2664 1822 2721 Platone
1851 2674 1908 2721 et
1954 2675 2039 2719 ta-

466 2785 593 2825 men
646 2763 1053 2836 Sophroniscus
1097 2770 1154 2817 et
1186 2759 1412 2816 Ariston
1445 2758 1638 2814 eadem
1684 2757 1754 2812 ad
1802 2757 2037 2813 invicem

464 2870 596 2918 sunt
618 2868 890 2928 quatenus
918 2853 1172 2909 homines
1206 2867 1222 2917 ;
1254 2858 1311 2905 et
1339 2864 1404 2905 ea
1451 2864 1573 2919 quae
1623 2848 1679 2902 in
1721 2855 1774 2904 te
1821 2856 1906 2904 est
1948 2863 2039 2903 ars

465 2949 842 3023 grammatica,
873 2961 995 3015 quae
1040 2949 1362 3013 praestantes
1400 2942 1562 2995 hasce
1591 2940 1830 2994 rationes
1856 2948 2041 3008 partu-

468 3043 618 3108 rivit,
648 3055 769 3110 quae
801 3054 912 3092 non
944 3036 1087 3091 idem
1112 3046 1343 3087 numero
1372 3031 1442 3086 ad
1477 3031 1712 3086 invicem
1745 3031 2037 3098 exsistunt,

470 3144 653 3188 tamen
702 3129 892 3187 eadem
927 3140 1155 3182 numero
1182 3139 1306 3179 eum
1341 3139 1400 3179 se
1445 3124 1562 3194 ipsa
1591 3131 1710 3189 est;
1763 3122 1869 3178 hoc
1910 3137 2040 3177 vero
2071 3104 2113 3163 ο

468 3225 780 3294 exemplum
812 3221 983 3292 magis
1005 3233 1169 3288 quam
1201 3216 1353 3286 prius
1380 3216 1515 3272 illud
1555 3217 1611 3271 in
1646 3231 1761 3271 rem
1791 3214 2042 3287 proposi-

472 3329 582 3374 tam
614 3314 865 3386 quadrat.
910 3311 970 3366 Si
1005 3325 1139 3366 vero
1182 3325 1288 3363 non
1318 3309 1501 3363 eadem
1541 3308 1800 3379 intelligis
1851 3307 2043 3378 specie,

471 3411 655 3466 minor
683 3406 985 3478 propositio
1010 3409 1308 3458 mentitur.
1349 3402 1484 3457 Nam
1514 3402 1694 3458 Filius
1721 3412 1777 3458 et
1803 3400 2046 3471 Spiritus

471 3500 664 3556 eadem
693 3508 823 3555 sunt
858 3497 1046 3567 specie.
1077 3492 1443 3560 Quamobrem
1491 3493 1587 3549 tibi
1625 3494 1790 3548 etiam
1827 3492 1919 3547 hic
1945 3506 2047 3562 pa-

473 3589 885 3663 rasyllogismus
915 3589 1095 3658 ipsum
1128 3584 1232 3637 hoc
1260 3585 1410 3653 quod
1443 3599 1633 3640 revera
1663 3592 1746 3638 est
1791 3593 2049 3638 ostensus

474 3693 579 3750 est,
613 3681 1093 3755 parasyllogisrnus
1118 3690 1174 3736 et
1196 3681 1360 3736 inane
1382 3692 1614 3749 prorsus
1637 3684 2047 3749 argumentum.

474 3778 587 3833 Aut
641 3774 775 3846 quid
826 3790 929 3829 nos
979 3773 1235 3844 prohibet
1293 3770 1592 3843 quominus
1624 3779 1717 3825 tua
1762 3769 2050 3825 ratiocinia

370 3885 375 3889 '
476 3877 768 3940 sequentes
806 3867 1089 3923 dicamus:
1139 3886 1158 3919 ι
1189 3866 1245 3923 Si
1276 3881 1345 3922 ex
1388 3866 1625 3921 essentia
1658 3864 1835 3919 Patris
1878 3864 2050 3919 Filius

478 3964 644 4031 milite
691 3957 952 4029 Spiritus,
1004 3955 1177 4011 Filius
1204 3969 1336 4010 vero
1385 3964 1440 4008 et
1478 3951 1720 4025 Spiritus
1758 3968 1869 4008 non
1921 3963 2052 4007 sunt

477 4051 696 4117 eadem,
728 4064 838 4105 non
866 4062 998 4118 ergo
1020 4046 1339 4102 earumdem
1366 4060 1531 4101 causa
1568 4044 1784 4100 exsistit
1812 4044 2053 4100 essentia

479 4142 697 4208 Patris;
731 4156 853 4212 qua:
884 4155 1016 4195 vero
1054 4155 1164 4194 non
1215 4140 1537 4195 earumdem
1568 4151 1730 4192 causa
1776 4152 1888 4192 non
1924 4143 2055 4191 sunt

477 4235 672 4293 eadem
697 4249 713 4301 ;
741 4232 919 4288 Patris
945 4246 1078 4302 ergo
1107 4231 1351 4286 essentia
1386 4243 1496 4285 non
1522 4238 1610 4284 est
1639 4228 1833 4285 eadem
1863 4243 2051 4284 secum

482 4327 634 4396 ipsa?
668 4344 687 4378 ι
711 4327 781 4379 At
807 4338 1013 4388 nonne,
1036 4332 1399 4394 praeterquam
1435 4320 1585 4392 quod
1613 4318 1867 4392 impium,
1889 4304 2055 4377 e’tiam

522 4488 525 4491 -
551 4459 634 4527 (a)
669 4456 1031 4530 Syllogismus
1072 4456 1197 4511 talis
1244 4465 1328 4512 est
1358 4473 1372 4510 :
1399 4455 1530 4524 Quae
1561 4470 1703 4530 non_
1726 4455 2048 4530 earumdem

482 4526 685 4594 causae,
713 4526 777 4583 ea
818 4526 997 4597 neque
1027 4530 1217 4581 eadem
1248 4542 1475 4595 prorsus
1499 4536 1647 4581 sunt.
1671 4526 1780 4582 Sed
1807 4530 2049 4580 essentia

484 4599 664 4652 Patris
703 4608 760 4652 et
812 4597 937 4652 Filii
968 4612 1079 4651 non
1121 4607 1206 4651 est
1237 4597 1555 4651 earumdem
1593 4611 1781 4663 causa,
1808 4610 2045 4664 quorum

534 4687 637 4759 .(l)
661 4687 806 4759 Man.
866 4686 906 4741 ῐ.
943 4686 1185 4759 2528)-
1203 4687 1417 4759 άνοίας.
1529 4723 1557 4759 _.

561 4755 639 4828 ('2)
669 4758 726 4811 lu
749 4757 895 4811 Man.
923 4758 1029 4810 256
1063 4758 1099 4809 ι.
1125 4755 1230 4809 503
1261 4766 1344 4810 est
1372 4771 1490 4824 cap.
1525 4757 1615 4812 56.

478 4916 551 4970 -οὐ
585 4913 651 4967 τὰ
684 4912 824 4966 αὐτὰ

977 5415 1291 5631 \

1800 4918 1877 4969 -οὐ
1906 4916 2013 4971 τῶν
2045 4918 2224 4973 αὐτῶν
2246 4921 2394 4975 αἴτια

2072 5409 2121 5463 Η

2137 1832 2293 1903 λογον
2316 1829 2419 1903 (5).

2663 1940 2813 2000 ’ΤΟΥ
2852 1941 3163 1998 ΝΙΚΑΙΑΣ.

2218 2039 2424 2105 Ἡδέως
2467 2038 2533 2095 ἄν
2563 2055 2625 2092 σε
2659 2036 2888 2109 ἐροίμην
2922 2037 3043 2097 πῶς
3075 2035 3167 2089 τὸν
3203 2033 3367 2105 μέσον
3392 2049 3486 2087 σου
3519 2030 3712 2087 τοῦτον

2135 2134 2262 2205 ὅρον
2290 2135 2353 2188 τὸ
2378 2133 2500 2188 τῶν
2537 2131 2737 2188 αὐτῶν
2765 2131 2928 2187 αίτια
2957 2132 3137 2197 ’νοεῖς,
3165 2127 3235 2184 τὰ
3260 2128 3335 2200 μὴ
3378 2127 3489 2182 τῶν
3529 2125 3712 2181 αὐτῶν

2136 2227 2287 2282 αίτια
2330 2227 2393 2281 οὐ
2446 2228 2515 2282 τὰ
2560 2226 2705 2282 αὐτὰ
2734 2221 2879 2280 εἶναι
2906 2223 3107 2293 λέγων.
3139 2223 3202 2275 Ei
3237 2222 3338 2291 μὲν
3381 2221 3492 2292 γὰρ
3536 2218 3713 2273 causa

2137 2319 2215 2391 τῷ
2252 2319 2469 2392 ἀριθμῷ
2495 2320 2620 2391 φῂς,
2651 2321 2686 2389 ὴ
2719 2318 2924 2388 μείζων
2952 2316 3177 2386 ψευδήςο
3201 2315 3422 2370 δύναται
3453 2315 3562 2384 γάρ
3590 2328 3715 2366 τινα

2141 2412 2217 2483 μὴ
2249 2413 2360 2466 τῶν
2394 2412 2577 2467 αὐτῶν
2609 2408 2863 2481 τάριθμῷ
2901 2409 3051 2462 αίτια
3088 2402 3232 2460 εἶναι
3270 2405 3363 2458 καὶ
3384 2404 3535 2474 ὅμως
3572 2397 3715 2455 εἶναι

2137 2505 2311 2557 ταυτὰ
2341 2503 2479 2557 κάπὶ
2507 2502 2616 2556 τῶν
2647 2500 2882 2555 κτιστῶν
2926 2499 3132 2553 τούτων
3177 2495 3544 2571 πραγμάτων.
3580 2492 3713 2547 Ἀλ-

2141 2595 2235 2659 λος
2285 2597 2395 2665 γὰρ
2442 2594 2667 2665 ἀριθμῷ
2724 2593 3024 2664 Σωκράτης
3074 2592 3364 2654 Πλάτωνος
3415 2591 3512 2645 καὶ
3563 2586 3713 2658 ὅμως

2140 2687 2520 2757 Σωφρονίσκος
2568 2688 2667 2740 καὶ
2721 2686 2991 2758 Ἀρίστων
3046 2686 3221 2740 ταυτὰ
3275 2683 3530 2755 ἀλλήλοις
3560 2679 3594 2756 ᾗ
3622 2683 3718 2738 άν-

2142 2778 2354 2851 θρωποι
2376 2794 2392 2811 ο
2422 2779 2456 2850 ἦ
2484 2796 2543 2833 τε
2589 2781 2649 2833 ὲν
2710 2781 2795 2835 σοὶ
2827 2778 3196 2852 γραμματικὴ
3231 2777 3456 2839 τούτους
3495 2774 3560 2845 δὴ
3586 2774 3716 2839 τούς

2143 2871 2431 2941 γενναίους
2462 2870 2701 2925 τεκοῦσα
2732 2870 2928 2940 λόγους
2956 2871 3018 2925 οὐ
3069 2870 3267 2924 ταυτὸν
3298 2867 3518 2939 ἀριθμῷ
3554 2868 3714 2930 ὄντας

2144 2962 2403 3033 ἀλλήλοις
2430 2963 2582 3032 ὅμως
2612 2965 2645 3032 ἡ
2682 2963 2823 3034 αὐτή
2871 2965 3020 3018 ἐστιν
3061 2961 3284 3033 ἀριθμῷ
3329 2962 3521 3031 ἑαυτῇ·
3553 2960 3715 3013 τοῦτο

2144 3055 2202 3108 δὲ
2250 3056 2349 3143 atati.
2404 3054 2604 3125 μᾶλλον
2657 3054 2755 3108 τοῦ
2803 3055 3075 3126 προτέρου
3140 3052 3586 3126 παραδείγματος
3636 3053 3715 3123 τῷ

2145 3149 2497 3220 προκειμένῳ
2555 3150 2807 3220 ἁρμόζει.
2863 3149 2928 3203 Et
2983 3150 3040 3203 δὲ
3090 3151 3177 3223 μὴ
3218 3150 3407 3205 ταυτὰ
3462 3151 3542 3221 τῷ
3580 3149 3718 3202 είδει

2147 3243 2311 3307 νοεῖς,
2346 3243 2379 3313 ἡ
2417 3240 2655 3296 ἐλάττων
2686 3243 2984 3312 ψεύδεται·
3040 3244 3167 3310 Υἱὸς
3228 3246 3336 3317 γὰρ
3363 3247 3458 3301 καὶΙ
3490 3246 3718 3317 Πνεῦμα

2146 3337 2323 3389 ταυτά
2369 3335 2446 3406 τῷ
2486 3335 2617 3390 εῖδει
2648 3336 2810 3390 εἰσίν.
2854 3337 3018 3390 Ὥστε
3052 3338 3137 3390 σοὶ
3162 3336 3256 3392 καί⁸
3287 3330 3444 3402 οὗτος
3483 3341 3513 3393 ό
3542 3355 3721 3410 παρα-

2150 3426 2511 3498 συλλογισμὸς
2570 3428 2702 3483 αὐτὸ
2781 3428 2930 3483 τοῦθ’
2985 3430 3119 3501 ὅπερ
3184 3416 3333 3485 ἔστιν
3402 3430 3480 3484 ὢν
3545 3433 3718 3500 ἐφάνη

2150 3520 2663 3588 παρασυλλογισμός
2722 3537 2781 3573 τε
2857 3527 2954 3575 καὶ
3019 3522 3254 3593 μάταιος
3307 3521 3499 3590 λόγος.
3553 3512 3625 3576 Ἦ
3663 3522 3719 3575 τί

2151 3612 2246 3666 καὶ⁵
2303 3614 2451 3685 ἡμᾶς
2515 3613 2718 3668 κωλύει
2781 3616 2895 3677 τοῖς
2965 3618 3079 3678 σοῖς
3143 3615 3572 3679 ἀκολουθοῦντας
3628 3615 3718 3670 λό-

2150 3718 2291 3771 γοις.
2354 3720 2374 3755 s
2428 3703 2491 3757 Εί
2523 3703 2586 3757 ἐκ
2636 3705 2739 3774 τῆς
2780 3703 2969 3768 οὐσίας
3022 3702 3116 3757 τοῦ
3169 3706 3380 3777 Πατρός
3433 3707 3573 3774 ἐστι,
3633 3707 3720 3760 λέ-

2154 3810 2293 3863 γειν,
2343 3796 2373 3849 ό
2425 3795 2550 3859 mg
2603 3795 2805 3855 καὶ,τὸ
2844 3795 3091 3867 Πνεῦμα,
3151 3796 3269 3850 ess
3320 3798 3447 3862 Υίος
3501 3800 3597 3852 καὶ
3659 3799 3721 3852 τὸ

2153 3883 2378 3964 Πνεῦμα
2430 3886 2492 3939 οὐ
2534 3888 2730 3951 ταυτά,
2757 3889 2858 3942 οὐκ
2887 3889 2996 3959 ἄρα
3026 3889 3133 3942 τῶν
3166 3889 3345 3944 αὐτῶν
3386 3893 3534 3944 ἐστιν
3568 3892 3721 3945 αἰτία

2155 3978 2189 4048 ἠ
2217 3977 2312 4030 τοῦ
2346 3978 2559 4049 Πατρός
2584 3980 2761 4034 οὐσία*
2791 3982 2860 4034 τὰ
2894 3982 2951 4035 δὲ
2986 3982 3061 4053 μὴ
3109 3983 3216 4036 τῶν
3253 3984 3437 4036 αὐτῶν
3468 3970 3621 4037 alsia
3653 3984 3716 4037 οὐ

2153 4069 2345 4123 ταυτάο
2377 4070 2413 4142 ﬁ
2442 4071 2535 4124 τοῦ
2568 4072 2779 4145 Πατρδς
2829 4073 2937 4144 ἄρα
2968 4076 3127 4129 οὐσία
3166 4078 3265 4146 οὐχ
3311 4077 3344 4147 ή
3378 4077 3519 4147 αὐτή
3572 4079 3724 4130 ἐστιν

2155 4161 2363 4232 ὲαυτῇς
2411 4163 2573 4217 Ἀλλὰ
2631 4164 2709 4234 μὴ
2736 4166 2872 4236 πρὸς
2922 4166 2999 4234 τῷ
3048 4167 3246 4221 ἀσεϐεῖ
3280 4169 3375 4221 καὶ
3405 4169 3726 4241 ἀδιανόητον

2153 4244 2188 4322 ᾖ
2219 4250 2390 4304 ταῦτα
2417 4251 2630 4321 λέγει·ιῖ
2664 4253 2730 4305 Τί
2752 4254 2809 4306 δὲ
2846 4271 2928 4308 σοι
2958 4255 3057 4308 καὶ
3098 4261 3321 4310 δύναται
3347 4259 3411 4310 τὸ
3442 4261 3541 4329 τὴν
3574 4260 3726 4315 θείαν

2157 4342 2346 4396 οὐσίαν
2375 4343 2456 4408 είς
2502 4344 2694 4399 οὐσίαν
2741 4345 2955 4416 Πατρός
2988 4350 3082 4400 καὶ
3115 4347 3344 4419 (οὐσίαν)
3385 4351 3597 4421 [lat-pa;
3628 4357 3723 4405 καὶ

2081 4492 2129 4553 υ
2159 4475 2401 4553 essentia
2448 4473 2648 4533 Patris.
2700 4477 3131 4553 Ergo_~essentia
3171 4481 3351 4540 Patris
3378 4492 3436 4539 et
3461 4483 3585 4540 Filii
3615 4502 3725 4542 non

2151 4554 2238 4599 est
2266 4547 2458 4600 eadem
2490 4561 2555 4601 ac
2590 4547 2827 4603 essentia
2854 4551 3053 4606 Patris.

2226 4697 2303 4769 (5)
2334 4699 2477 4756 Man.
2503 4700 2610 4757 256
2638 4720 2653 4760 :
2692 4704 2915 4761 ἄτοπον.

2233 4769 2311 4838 (4)
2340 4769 2400 4823 In
2428 4782 2661 4844 utroque
2694 4775 2903 4832 Monac.
2936 4779 3051 4835 hac
3082 4781 3253 4851 ﬁgura
3279 4780 3459 4839 addita
3492 4795 3576 4841 est
3602 4804 3617 4840 :

3123 4939 3157 5009 ἡ
3187 4937 3342 4991 οὐσία
3372 4940 3466 4994 τοῦ
3513 4944 3728 5016 Πατρός

3212 5100 3613 5292 ilo-g/aia/xlaﬁ

3041 5302 3253 5384 Πατρὶς
3283 5286 3377 5342 καὶ
3386 5346 3415 5384 [Α
3428 5298 3446 5323 κ’
3471 5286 3572 5332 τθῦ

3132 5376 3257 5427 ι’ἰοῠ
3320 5390 3383 5463 /
