4124 6406
396 447 502 510 23')

1436 455 1878 517 REFUTATIO
1918 455 2161 520 MAR‘CI
2203 457 2606 522 EPHESINI.
3332 462 3348 492 ‘

3535 460 3643 522 ΞΗ

396 559 528 615 Υἱοῦ
571 560 823 632 διαιρεῖν,
869 566 962 617 καὶ
1014 563 1116 635 τὴν
1165 565 1264 635 μὲν
1297 567 1450 632 Υίοΰ,
1487 570 1586 638 τὴν
1611 571 1657 626 6'
1692 573 1824 628 Υίοῦ
1872 573 1968 628 καὶ
2001 589 2016 636 Α

2091 592 2262 632 isana
2300 586 2482 633 mente
2531 576 2771 632 alienum
2827 575 2993 632 fuerit
3032 577 3133 633 ista
3171 576 3309 632 fari?
3343 576 3484 644 Quid
3515 596 3643 633 vero

398 653 720 724 Πνεύματος
759 657 942 710 αἰτίαν
977 657 1264 726 τίθεσθαις
1302 661 1413 714 Οὐκ
1463 663 1684 727 ἀκούεις
1715 665 1825 719 τῶν
1854 665 1971 719 θεο-

394 743 571 810 λόγων
607 744 880 814 βοώντων,
937 747 1130 800 οὐσίαν
1183 749 1319 818 μήτε
1366 752 1561 822 γεννᾷν
1595 752 1735 821 μήτε
1769 753 1968 819 γεννᾶ-

399 834 560 898 σθαις
625 837 760 888 Κατ’
791 838 964 908 αὐτὴν
997 839 1182 907 μέντοι
1237 841 1328 893 τὸν
1370 843 1590 912 Πατέρα
1639 845 1837 914 γεννᾷν
1871 844 1968 897 καὶ

395 926 488 978 τῦν
525 928 744 998 Πατέρα
777 947 836 983 τε
869 933 965 984 καὶ
994 931 1086 985 τὸν
1134 933 1264 986 Υίὸν
1291 933 1620 1002 προϐάλλειν
1653 935 1714 987 τὸ
1745 936 1970 1002 Πνεῦμα

397 1019 638 1082 εὐσεϐῶς
669 1021 748 1092 (ί)
775 1039 835 1075 τε
884 1025 980 1077 καὶ
1033 1025 1387 1095 ἁρμοζόντως
1419 1027 1498 1095 (2)
1531 1025 1774 1094 λέγεται.
1810 1027 1882 1080 Σὺ
1915 1025 1973 1079 δὲ

395 1111 570 1164 ταῦτα
606 1113 942 1170 διαστέλλειν
980 1117 1054 1187 μὴ
1083 1117 1378 1188 δυνάμενος
1411 1117 1692 1189 τηνάλ).ως
1727 1117 1870 1192 ᾇπερ
1901 1119 1970 1172 ἂν

398 1208 618 1262 ἐπέλθοι
651 1210 728 1280 (5)
763 1213 844 1264 σοὶ
881 1212 1112 1290 φθὲχγῃ.

2076 666 2176 720 tibi
2216 669 2380 722 etiam
2425 669 2593 734 valet,
2629 668 2869 723 divinam
2917 669 3210 724 essentiam
3248 670 3301 722 in
3354 671 3647 725 essentiam

2077 755 2257 810 Patris
2282 765 2339 811 et
2364 758 2661 812 essentiam
2693 759 2868 814 Patris
2895 767 2951 812 et
2980 759 3104 814 Filii
3139 760 3385 815 dividere
3419 770 3473 813 et
3501 762 3650 815 illam

2075 845 2298 915 quidem
2321 848 2468 914 Filii,
2493 849 2632 903 hanc
2663 865 2794 904 vero
2826 849 2950 904 Filii
2972 860 3027 904 et
3052 849 3290 919 Spiritus
3313 852 3487 906 sancti
3518 861 3658 906 cau-'

2076 953 2192 992 sam
2227 941 2514 996 statuere?
2569 943 2766 997 Annon
2802 943 2959 997 audis
3015 943 3300 1014 theologos
3330 945 3650 1008 clamantes,

2077 1033 2378 1086 essentiam
2435 1049 2612 1102 neque
2680 1050 2943 1103 generare
2995 1051 3175 1105 neque
3236 1036 3489 1106 generari
3535 1035 3653 1107 (a);

2079 1121 2379 1175 secundum
2408 1130 2589 1178 tamen
2622 1124 2792 1193 ipsam
2820 1126 3036 1180 Patrem
3065 1142 3330 1196 generare
3355 1136 3410 1182 et
3436 1127 3653 1180 Patrem

2085 1213 2395 1286 Filiumque
2427 1217 2733 1285 producere
2771 1219 3035 1290 Spiritum
3078 1230 3327 1274 sanctum
3362 1219 3449 1289 pie
3489 1219 3655 1274 simul

396 1317 464 1357 ac
513 1305 906 1362 convenienter
965 1307 1168 1362 dicitur
1205 1307 1300 1378 (b).
1342 1307 1422 1362 Tu
1476 1313 1658 1362 autem
1695 1322 1822 1362 cum
1875 1305 2196 1364 discernere
2242 1309 2344 1366 ista
2375 1326 2484 1366 non
2525 1312 2730 1380 valeas,
2773 1315 3196 1386 superﬁcialiter
3227 1329 3291 1370 ae
3323 1330 3459 1368 vane
3482 1316 3657 1384 quid-

401 1397 533 1466 quid
561 1397 614 1452 in
653 1400 879 1456 buccam
914 1403 1013 1458 tibi
1048 1405 1263 1458 venerit
1293 1403 1596 1471 eloqueris.

644 1494 784 1547 ΤΟΥ
816 1495 1080 1548 sessor
1135 1496 1292 1550 xm.
1329 1494 1409 1548 16'
1443 1495 1606 1566 (ac?)
1634 1494 1736 1566 (4).
2484 1501 2723 1559 EPllES.
2754 1501 2816 1558 c.
2855 1502 2976 1558 XIX
2999 1501 3308 1572 (XXXVI)-

473 1613 536 1665 Ei
564 1612 592 1665 6
618 1611 717 1681 μὲν
747 1611 936 1683 Πατὴρ
961 1610 1135 1674 αἴτιος
1171 1608 1303 1663 Υἱοῦ
1355 1610 1453 1663 καὶ
1483 1608 1822 1678 Πνεύματος,
1857 1610 1885 1663 6
1917 1609 1975 1663 δὲ

2160 1611 2214 1667 Si
2242 1613 2405 1668 Pater
2427 1613 2648 1683 quidem
2677 1624 2762 1670 est
2793 1630 2952 1671 causa
2977 1615 3094 1670 Filii
3115 1625 3169 1671 et
3197 1617 3436 1686 Spiritus
3457 1620 3660 1681 sancti,

401 1705 530 1768 Υἱὸς
583 1705 676 1758 τοῦ
728 1705 1048 1773 Πνεύματος
1085 1704 1268 1773 μόνον,
1317 1705 1388 1756 τὰ
1435 1705 1491 1758 δὲ
1533 1704 1608 1772 μὴ
1649 1701 1762 1756 τῶν
1797 1701 2016 1765 αὐτῶν]

2091 1704 2261 1758 Filius
2302 1716 2486 1760 autem
2523 1705 2765 1774 Spiritus
2796 1723 2959 1763 causa
2989 1708 3284 1775 duntaxat;
3319 1727 3440 1780 quae
3477 1721 3663 1767 autem

403 1799 554 1852 αἴτια
578 1798 701 1851 οὐδὲ
725 1797 794 1850 τὰ
821 1797 962 1851 αὐτὰ
998 1799 1242 1863 πάντως,
1271 1798 1373 1852 οὐκ
1408 1797 1515 1868 ἄρα
1547 1796 1606 1850 ἓν
1633 1795 1730 1850 καὶ
1762 1795 1822 1848 τδ
1849 1795 1983 1848 αὐτὸ

2091 1812 2195 1851 non
2223 1801 2543 1854 eorumdem
2572 1815 2773 1864 causa,
2807 1815 2982 1870 neque
3017 1801 3210 1856 eadem
3246 1819 3468 1871 prorsus
3510 1815 3660 1873 sunt,

403 1890 580 1944 αἴτιον
631 1889 723 1943 ἐπὶ
771 1891 870 1955 τῆς
917 1889 1070 1954 Θείας
1107 1889 1358 1960 Τριάδος,
1393 1891 1533 1942 ἀλλὰ
1564 1889 1658 1942 δύο
1701 1889 1769 1942 τὰ
1808 1888 1980 1954 αἴτια,

403 1979 496 2033 καὶ
538 1979 718 2052 μάτην
745 1980 796 2033 οἱ
841 1980 1064 2036 Λατῖνοι
1097 1981 1198 2044 τὰς
1227 1980 1320 2034 δύο
1362 1981 1536 2050 ἀρχὰς
1567 1981 1835 2052 φεύγουσι
1865 1979 1969 2051 (5).

942 2166 1081 2222 ΤΟΥ
1126 2165 1436 2222 ΝΙΚΑΙΑΣ.

475 2261 593 2314 Καὶ
626 2259 787 2314 τοῦτο
813 2261 914 2332 τῆς
969 2260 1141 2328 αὐτῆς
1190 2260 1523 2329 λεπτότητος
1552 2259 1736 2330 ἔχεται
1770 2260 1848 2332 τῷ
1881 2263 1988 2333 πρδ

407 2354 609 2408 ἑαυτοῦ
651 2356 746 2408 καὶ
791 2355 902 2408 τῶν
936 2355 1198 2418 πολλάκις
1231 2355 1330 2425 μὲν
1363 2353 1470 2407 ὑπὸ
1518 2353 1613 2406 σοῦ
1652 2353 1985 2424 εἰρημένων,

407 2449 669 2512 πολλάκις
695 2449 752 2502 δὲ
790 2449 881 2516 ὑφ’
915 2448 1075 2519 ἡμῶν
1113 2447 1496 2519 ἐληλεγμένων
1535 2447 1687 2500 ἐστίν
1709 2462 1723 2478 ⁶
1759 2447 1988 2500 ἀσυλλό-

408 2561 596 2612 γιστος
628 2545 685 2599 δὲ
719 2545 814 2599 καὶ
841 2539 1019 2609 οὗτος,
1050 2545 1126 2608 ὡς
1161 2547 1188 2598 6
1219 2545 1324 2614 πρὸ
1359 2543 1524 2598 αὑτοῦ
1559 2544 1737 2612 λόγος.
1773 2543 1846 2597 Τὸ
1877 2544 1988 2614 γὰρ

408 2638 635 2692 ταυτὸν
661 2639 718 2692 ὲν
764 2636 841 2708 τῷ
877 2638 1049 2708 μέσῳ,
1081 2639 1128 2691 εί
1167 2639 1266 2708 μὲν
1307 2635 1572 2706 τὰριθμῷ
1613 2634 1946 2705 λαμϐάνοιτο
1971 2675 1987 2700 ,

409 2731 510 2797 τὴν
543 2729 738 2801 μείζω,
776 2732 823 2782 εί
852 2729 908 2782 δὲ
944 2727 1024 2795 τῷ
1049 2730 1218 2794 εῖδει,
1248 2729 1345 2800 τὴν
1378 2731 1583 2783 ἐλάττω
1609 2729 1778 2798 ψευδῆ
1815 2729 1985 2782 ποιεῖ’

410 2824 508 2877 καὶ
545 2823 616 2876 τὰ
647 2822 1076 2893 παραδείγματα
1127 2820 1468 2892 ἐξεθήκαμεν
1496 2822 1774 2892 ἀνωτέρω.
1819 2824 1992 2892 Anap—

414 2913 540 2982 χίαν
588 2913 647 2966 δὲ
701 2912 962 2979 οὐδαμῶς
1012 2911 1400 2982 συμπεραίνει,
1447 2911 1549 2964 κᾶν
1603 2913 1651 2963 εί
1691 2913 1783 2964 ἐπὶ
1821 2913 1992 2965 πᾶσιν

407 3004 696 3074 ἡλήθευεν.
755 3003 819 3057 Εἰ
874 3005 984 3073 γὰρ
1031 3005 1127 3057 καὶ
1165 3006 1236 3074 μὴ
1268 3000 1377 3056 εἷεν
1426 3003 1484 3057 ἒν
1536 3004 1710 3057 αἴτιον
1741 3003 1769 3055 6
1802 3005 1991 3076 Πατὴρ
2018 3045 2064 3107 c

413 3097 510 3151 καὶ
537 3099 568 3151 6
596 3097 726 3160 Υἱὸς
773 3091 808 3170 ᾖ
839 3096 1030 3167 Πατὴρ
1069 3097 1164 3149 καὶ
1191 3095 1351 3161 Υἱὸς,
1387 3096 1505 3149 ἀλλ’
1545 3097 1685 3150 εἰσὶν
1714 3096 1772 3149 ἓν
1804 3099 1870 3168 τῇ
1909 3098 1988 3150 εἰ-

414 3182 540 3255 δικῇ
575 3185 744 3256 ἀρχῇ,
778 3185 902 3255 ἥτις
940 3186 1092 3239 ἐστὶν
1124 3186 1158 3253 ἡ
1205 3185 1325 3239 Θεία
1377 3185 1559 3253 οὐσία,
1605 3187 1730 3241 καθ’
1755 3189 1823 3257 ἣν
1861 3189 1990 3258 μίαν

415 3280 511 3333 καὶ
542 3281 640 3348 τὴν
668 3277 842 3348 αὐτὴν
871 3278 1094 3350 ἀριθμῷ
1130 3281 1189 3333 ἐν
1233 3280 1440 3350 ἀμφοῖν
1473 3275 1642 3335 οὖσαν
1671 3282 1732 3335 τὸ
1766 3282 1990 3352 Πνεῦμα

413 3369 758 3440 προάγουσιο
793 3373 888 3424 καὶ
937 3371 1084 3425 τοῦτ’
1110 3372 1274 3442 ἀρκεῖ
1333 3373 1474 3445 πρὶς
1528 3374 1590 3427 τὸ
1653 3375 1782 3445 μίαν
1815 3376 1992 3446 ἀρχὴν

413 3459 556 3515 εἶναι
589 3463 880 3532 θεότητος.
929 3463 1122 3535 ὥσπερ
1175 3465 1273 3518 καὶ
1332 3465 1432 3534 μία
1484 3464 1628 3537 ἀρχὴ
1677 3467 1910 3531 κτίσεως
1958 3469 1991 3539 ἠ

413 3558 610 3628 Τριὰς,
644 3560 825 3614 καίτοι
881 3558 1056 3631 Τριᾶς
1100 3557 1237 3615 οὖσα
1263 3602 1278 3629 ,
1310 3549 1421 3616 διὲο
1445 3563 1544 3635 τὴν
1596 3564 1730 3635 μίαν
1763 3566 1864 3620 καὶ
1893 3564 1991 3637 τὴν

488 3693 566 3762 (a)
607 3694 759 3748 Hanc
799 3694 1232 3765 propositionem
1283 3710 1406 3749 cum
1449 3696 1616 3752 Petro
1655 3695 1992 3763 Lombardo,

413 3766 514 3820 lib.
545 3782 561 3820 ι
590 3765 744 3836 Sent.
776 3766 904 3836 dist.
953 3766 1016 3832 5;
1057 3775 1113 3820 et
1145 3765 1202 3820 S.
1256 3765 1486 3830 Thoma,
1520 3783 1558 3831 ι,
1596 3783 1689 3836 qu.
1732 3767 1820 3824 39.
1857 3784 1908 3821 a.
1936 3769 1991 3833 5,

412 3851 609 3888 omnes
641 3835 956 3890 Scholastici
997 3843 1362 3905 propugnant,
1393 3835 1624 3890 essentid
1651 3837 1903 3892 absolute
1937 3848 1994 3892 et

412 3905 689 3976 abstracte
719 3921 824 3975 pro.
848 3906 1048 3976 deitate
1082 3916 1327 3974 accepta.
1353 3905 1443 3960 Sic
1468 3907 1721 3959 innititur
1750 3907 1993 3976 generali

418 3975 710 4049 principio.
749 3975 974 4049 relativa
1007 3977 1073 4030 de
1109 3977 1450 4049 absolutiset
1480 3975 1773 4030 abstractis
1799 3978 1997 4049 praedi-

416 4046 529 4099 cari
561 4061 669 4098 non
701 4061 880 4115 posse,
913 4046 1074 4112 eique
1106 4046 1343 4109 veritati,
1369 4046 1730 4099 immanentes
1749 4048 1994 4103 actiones

419 4116 671 4183 personis
721 4131 842 4170 esse
897 4115 1236 4170 tribuendas.
1283 4115 1400 4170 Jam
1442 4115 1736 4168 concilium
1772 4115 1996 4170 Latera-

417 4199 590 4239 nense
635 4199 688 4237 tv
740 4186 798 4239 iii
850 4199 970 4254 cap.
1033 4184 1364 4254 Damnamus
1415 4184 1670 4250 (Deeret.
1725 4201 1775 4240 e.
1812 4186 1866 4246 2.
1921 4187 1997 4242 De

419 4269 633 4326 summa
666 4254 844 4315 Trin.,
873 4253 1003 4326 1,72)
1033 4256 1244 4326 dixerat
1270 4274 1282 4308 :
1332 4253 1569 4326 Sumatur
1600 4253 1698 4309 illa
1753 4272 1835 4309 res
1881 4257 1994 4326 (es.-

420 4325 621 4384 sentia.
644 4340 763 4395 quze
794 4325 1072 4379 veraciter
1087 4333 1172 4379 est
1201 4325 1363 4380 Pater
1387 4335 1442 4379 et
1472 4324 1644 4378 Filius
1674 4334 1730 4379 et
1755 4324 1994 4395 Spiritus

2087 1905 2196 1944 non
2245 1891 2430 1960 itaque
2487 1907 2594 1946 una
2648 1894 2952 1964 eademque
3000 1909 3164 1949 causa
3209 1895 3262 1949 in
3311 1896 3496 1950 divina
3544 1898 3665 1952 Tri-

2086 1981 2256 2037 nitate
2283 1992 2388 2045 est,
2410 1985 2504 2039 sed
2535 1984 2656 2041 duae
2680 2001 2858 2042 causa;
2886 2003 2899 2054 ;
2930 1996 3092 2058 atque
3119 1987 3318 2043 frustra
3347 1987 3525 2044 Latini
3555 1990 3666 2046 duo

2089 2073 2360 2145 principia
2382 2077 2575 2133 vitant.

2745 2174 3028 2232 NICENI.

2163 2257 2278 2316 Hoc
2307 2277 2526 2332 quoque
2552 2277 2936 2334 argumentum
2961 2269 3208 2340 ejusdem
3233 2270 3474 2326 levitatis
3504 2280 3587 2328 est
3606 2287 3670 2327 ae

2090 2356 2415 2424 praecedens
2451 2366 2507 2411 et
2529 2373 2596 2412 ex
2625 2359 2694 2414 iis
2716 2369 2823 2425 est,
2849 2376 2973 2430 quae
2999 2378 3139 2428 saepe
3169 2379 3195 2416 a
3237 2373 3287 2417 te
3315 2363 3484 2428 dicta,
3525 2379 3668 2432 s'rpe

2093 2461 2224 2500 vero
2251 2463 2280 2502 a
2307 2449 2462 2504 nobis
2497 2450 2754 2506 relutata‘
2777 2461 2925 2507 sunt.
2969 2453 3174 2509 Vitiosa
3211 2469 3341 2508 vero
3369 2465 3453 2510 est
3500 2455 3667 2510 etiam

2089 2538 2206 2596 hare
2233 2541 2393 2606 ratio,
2423 2551 2482 2598 ut
2507 2558 2717 2614 eaquae
2750 2545 2897 2600 illam
2923 2546 3208 2616 praecedit.
3241 2547 3374 2602 Nam
3403 2562 3506 2600 vox
3527 2547 3670 2600 idem

2090 2631 2147 2687 in
2188 2634 2370 2690 medio
2413 2634 2516 2704 (a),
2562 2636 2609 2690 si
2647 2637 2868 2707 quidem
2923 2648 3172 2692 sumatur
3207 2655 3449 2704 numero,
3503 2639 3674 2708 majo-

2095 2740 2244 2790 rem;
2275 2726 2319 2781 si
2350 2742 2480 2782 vero
2503 2729 2695 2798 specie,
2729 2730 2996 2783 minorem
3027 2730 3455 2799 propositionem
3478 2729 3668 2782 falsam

2092 2816 2308 2884 reddit;
2341 2827 2504 2888 atque
2529 2820 2776 2890 exempla
2820 2820 3077 2890 superius
3101 2822 3480 2890 exposuimus.
3513 2820 3672 2875 Prin-

2093 2909 2223 2980 cipii
2256 2922 2440 2966 autem
2473 2912 2790 2968 dualitatem
2811 2914 2963 2968 nullo
2982 2913 3146 2968 modo
3181 2913 3481 2977 concludit,
3501 2914 3673 2966 etiam

2094 3003 2140 3057 si
2175 3003 2229 3058 in
2269 3003 2531 3061 omnibus
2561 3021 2690 3060 vera
2727 3005 2867 3061 foret
2927 3007 3029 3062 ista
3073 3007 3236 3061 ratio.
3271 3005 3402 3060 Nam
3432 3007 3476 3060 si
3507 3006 3673 3060 etiam

2095 3111 2207 3152 non
2246 3096 2356 3151 sint
2402 3111 2510 3152 una
2559 3113 2726 3152 causa
2759 3099 2918 3153 Pater
2957 3109 3016 3153 et
3066 3099 3239 3153 Filius
3263 3115 3368 3168 qua
3409 3098 3568 3152 Pater
3617 3107 3676 3152 et

2096 3187 2290 3254 Filius,
2336 3197 2579 3244 attamen
2640 3206 2810 3245 unum
2883 3200 3013 3246 sunt
3064 3190 3339 3260 principio
3395 3189 3674 3258 spcciiico,

2096 3279 2242 3350 quod
2272 3289 2357 3334 est
2385 3281 2568 3335 divina
2597 3282 2928 3344 substantia,
2971 3281 3277 3336 secundum
3310 3297 3473 3352 quam
3509 3298 3675 3335 unam

2095 3370 2454 3440 eamdemque
2482 3386 2718 3424 numero
2747 3371 2801 3424 in
2833 3380 3068 3438 utroque
3097 3373 3456 3427 exsistentem
3496 3371 3678 3442 Spiri-

2099 3470 2214 3518 tum
2247 3462 2590 3532 producant;
2622 3473 2678 3520 et
2727 3465 2831 3520 hoc
2879 3464 3102 3527 sullicit,
3141 3473 3202 3519 ut
3243 3479 3410 3518 unum
3465 3465 3678 3534 princi-

2098 3555 2249 3623 pium
2301 3553 2520 3610 deitatis
2573 3555 2668 3618 sit,
2719 3556 2864 3611 sicut
2904 3555 3069 3610 etiam
3105 3569 3275 3609 unum
3309 3569 3491 3610 rerum
3520 3571 3680 3611 crea-

2097 3707 2155 3761 p.
2192 3692 2344 3758 2'78),
2378 3693 2505 3763 licet
2536 3693 2681 3748 haud
2709 3709 2880 3761 pauca
2908 3693 3088 3749 eidem
3131 3693 3356 3752 minime
3386 3703 3679 3749 oonscnta~

2099 3779 2199 3818 nea
2229 3779 2372 3832 saepe
2398 3765 2716 3833 protulerit.
3238 3797 3260 3811 ο

2172 3833 2246 3903 (b)
2274 3835 2369 3888 Eat
2408 3834 2671 3889 nimirum
2703 3835 2940 3890 essentia
2975 3835 3293 3902 principium
3334 3850 3436 3902 quo
3464 3835 3547 3887 vel
3586 3851 3679 3901 per

2097 3905 2236 3972 quod
2276 3904 2438 3958 Pater
2466 3904 2640 3973 gignit
2666 3912 2720 3958 et
2764 3906 2925 3960 Pater
2964 3904 3242 3974 Filiusqne
3274 3905 3508 3968 spirant,
3538 3905 3675 3956 dum

2101 3988 2336 4040 persona
2361 3985 2469 4044 cst
2518 3976 2836 4043 principium
2886 3975 3164 4044 quod._ut
3198 3974 3460 4044 praeclare
3515 3974 3681 4044 docet

2096 4045 2336 4101 Joannes
2358 4042 2673 4112 Theologus
2695 4042 2752 4097 in
2778 4042 3016 4100 concilio
3048 4042 3388 4106 Florentino,
3418 4058 3555 4098 sess.
3593 4043 3679 4105 l9,

2098 4113 2369 4185 pag.q276.
2398 4112 2504 4166 282
2522 4126 2578 4168 et
2597 4114 2754 4176 alias,
2773 4116 2916 4170 sicut
2935 4124 2991 4168 et
3015 4113 3264 4169 Bessario
3287 4127 3453 4182 supra
3477 4129 3601 4185 cap.
3624 4113 3676 4168 l.

2173 4182 2242 4254 (ε)
2272 4185 2633 4256 Syllogismus
2679 4193 2762 4239 est
2779 4201 2800 4238 ηε
2854 4200 2978 4254 qua:
3006 4198 3115 4238 non
3167 4193 3298 4236 sunt
3346 4183 3674 4256 continidem

2099 4252 2448 4319 musellam,
2472 4269 2574 4309 nec
2606 4252 3055 4324 eademprorsus
3091 4262 3270 4324 sunt;
3305 4253 3400 4324 sed
3433 4252 3592 4324 Pater
3618 4264 3674 4306 et

2097 4325 2271 4380 Filius
2300 4340 2406 4380 non
2435 4333 2566 4379 sunt
2593 4321 2916 4380 earumdem
2952 4337 3153 4388 causae,
3181 4323 3310 4391 quia
3352 4323 3440 4377 ille
3465 4321 3588 4375 Filii
3621 4331 3680 4376 et

420 4386 693 4465 sanctus),
723 4411 825 4447 non
871 4405 944 4448 est
987 4410 1242 4463 generum
1268 4410 1432 4464 neque
1463 4395 1642 4465 genita
1682 4411 1775 4449 nec
1797 4386 1991 4465 prece-
2019 4386 2362 4464 D-Spiritus,
2420 4395 2593 4450 Filius
2647 4395 2821 4452 solius
2873 4394 3114 4464 Spiritus
3141 4386 3148 4388 “
3172 4386 3337 4445 causa
3367 4404 3454 4448 est
3481 4410 3495 4458 ;
3547 4406 3680 4459 ergo

420 4463 568 4535 deus.
590 4465 822 4518 Eﬂ‘atnm
841 4465 984 4519 istud
1006 4463 1459 4535 .\larcns_quo’que
1477 4464 1753 4534 Ephesius
1776 4463 1997 4535 agnovit

424 4532 480 4586 in
533 4535 782 4589 sessione
836 4535 902 4589 l9
948 4535 1170 4590 concilii
1208 4532 1539 4590 Florentini
1572 4535 1788 4604 (Hard.,
1814 4532 1864 4590 ἰ.
1903 4537 1996 4604 lx,

499 4666 574 4740 (Ι)
606 4668 684 4724 lta
712 4669 881 4724 Marc.
915 4669 952 4724 l'.
986 4669 1056 4726 89
1103 4685 1172 4738 a;
1218 4670 1432 4728 Monac.
1473 4669 1543 4724 27
1579 4670 1617 4738 ί,
1647 4671 1754 4727 252
1783 4673 1854 4740 ι),
1905 4673 2001 4727 εὐ.

421 4739 617 4804 Λαόὡς.

494 4811 571 4884 (a)
601 4810 815 4884 Mariae.
854 4813 1212 4884 ἁρςιοζόντος.

495 4881 570 4950 (5)
609 4882 685 4936 Ita
722 4881 915 4951 Marc.;
941 4883 1149 4940 Ilionae.
1187 4885 1411 4960 ἐπέλθῃ.

431 4976 530 5046 οὐχ
563 4980 620 5034 ἓν
642 4980 816 5034 αἴτιον

1751 4981 1812 5034 οὐ
1840 4977 1946 5032 τῶν
1971 4978 2152 5033 αὐτῶν
2177 4979 2342 5038 αἴτια,

2103 4467 2263 4520 Pater
2302 4475 2359 4520 et
2411 4465 2584 4520 Filius
2627 4481 2737 4520 non
2757 4467 2968 4520 eadem
3009 4477 3240 4534 prorsus
3292 4472 3444 4529 sunt,
3498 4476 3680 4530 neque

2099 4536 2268 4606 igitur
2299 4552 2405 4592 una
2433 4535 2736 4606 eademque
2760 4536 2945 4592 causa.

2175 4672 2254 4745 (4)
2286 4674 2342 4728 In
2377 4673 2590 4729 Monac.
2639 4674 2746 4730 256
2781 4675 2819 4742 l',
2848 4675 2954 4730 305
2979 4675 3015 4731 b
3041 4660 3133 4745 est
3168 4688 3288 4745 cap.
3328 4671 3398 4745 37
3442 4678 3500 4725 et
3523 4670 3682 4745 _ul:i-

2108 4740 2293 4817 mum;
2330 4745 2539 4817 reliqua
2567 4745 2676 4801 duo
2705 4740 3027 4817 argumenta
3057 4744 3196 4799 intra
3216 4740 3496 4812 descripta
3522 4740 3577 4795 in
3606 4754 3675 4794 eo

2104 4815 2294 4874 codice
2321 4814 2539 4870 desunt.

2179 4884 2257 4957 (5)
2299 4884 2358 4938 In
2391 4884 2498 4944 (ine
2527 4885 2729 4957 legitur
2756 4884 2862 4944 hoc
2900 4887 3146 4944 schema.

3109 4984 3138 5035 6
3169 4978 3356 5053 Πατὴρ
3384 4976 3476 5032 καὶ
3497 4977 3524 5030 6
3551 4974 3680 5039 Υἱὸς

837 5441 964 5547 \
1803 5538 1812 5542 -

2321 5514 2332 5526 ο
3089 5485 3194 5565 /

1343 5679 2926 5909 \.\___//

988 5568 1121 5654 \
