4124 6408
483 436 591 498 235

1849 437 2083 498 BESSA
2100 436 2368 497 BIONIS

3619 443 3727 507 2‘36

475 557 655 600 tarum
718 546 1048 616 principium
1104 555 1189 602 est
1235 556 1424 603 sancta
1484 547 1764 612 Trinitas,
1812 548 1940 604 licet
1976 548 2047 602 sit

2157 546 2322 618 αὐτὴν
2375 547 2483 600 τῶν
2530 549 2702 618 τριῶν
2753 550 2996 621 Θέλησιν.
3059 551 3170 604 Καὶ
3217 551 3374 606 οὐδὲν
3409 554 3730 626 περαιτέρω
3776 583 3782 589 ·

472 637 737 704 Trinitas,
787 649 1010 708 propter
1037 655 1201 694 unam
1235 640 1594 710 eamdemque
1647 643 1812 694 trium
1861 656 2048 711 perso-

473 746 668 784 narum
706 731 1068 787 voluntatem.
1099 733 1167 788 Et
1213 733 1319 802 piis
1349 734 1562 787 nullum
1607 732 1846 804 amplius
1879 746 2048 802 nego-

454 824 610 877 -tium
657 821 770 877 hinc
800 822 1096 880 facessunt.

853 935 1074 992 EPHES
1104 980 1117 1003 ,
1145 939 1206 993 c.
1246 938 1342 994 xx
1369 939 1679 1009 (xxxvu).

547 1048 670 1102 Filii
695 1049 1070 1103 denominatio
1089 1049 1199 1104 duo
1218 1051 1332 1106 haec
1351 1051 1622 1120 signiﬁcat
1644 1067 1660 1106 :
1684 1062 1738 1107 et
1769 1051 2050 1106 habitudi-

476 1155 599 1192 nem
631 1138 696 1193 ad
739 1138 976 1205 Patrem,
997 1141 1296 1195 secundum
1318 1158 1483 1213 quam
1515 1158 1638 1200 esse
1661 1145 1728 1199 ab
1760 1161 1828 1199 eo
1857 1145 2045 1210 habet,

477 1243 533 1287 et
562 1247 688 1286 cum
713 1246 781 1287 eo
817 1231 1474 1302 consubstantialitatcm;
1533 1251 1658 1289 nam
1699 1238 1880 1292 omnis
1905 1239 2048 1293 [ilius

484 1325 625 1390 patri
659 1323 1144 1381 consubstantialis
1173 1335 1274 1381 est.
1327 1326 1474 1381 Idem
1513 1327 1815 1384 deducitur
1839 1345 1906 1385 ex
1949 1346 2045 1399 ge-

478 1413 776 1468 nerationis
830 1416 1074 1470 nomine.
1126 1416 1260 1471 Nam
1313 1427 1370 1473 et
1426 1433 1646 1473 causam
1683 1421 1827 1476 unde
1879 1422 2050 1477 habet

475 1523 618 1570 esse,
653 1515 707 1560 et
757 1508 1383 1565 consubstantialitatem
1432 1511 1676 1567 declarat
1713 1522 2044 1583 opportune.

477 1599 596 1654 Non
638 1599 709 1654 ita
741 1615 869 1655 vero
894 1601 1192 1672 appellatio
1222 1602 1460 1672 Spiritus
1507 1606 1705 1672 sancti,
1745 1621 1924 1675 neque
1953 1621 2052 1676 ap-

480 1691 699 1758 pellatio
735 1693 1122 1761 processionis.
1161 1693 1361 1749 Verum
1395 1699 1611 1766 quando
1643 1696 1900 1752 audimus
1924 1696 2052 1768 Spi-

480 1785 638 1837 ritum
665 1782 870 1844 Patris.
902 1784 1105 1839 donum
1138 1785 1412 1856 quoddam
1461 1787 1640 1842 Patris
1669 1788 2048 1860 intelligimus,

2147 638 2264 701 τοῖς
2313 638 2563 695 εὐσεϐέσι
2598 641 3172 714 πολυπραγμονεῖται.

2456 947 2600 1003 ΤοΥ
2649 948 2916 1005 sessor
2945 950 3103 1006 xeo.
3155 948 3218 1004 K'
3252 949 3415 1021 (Δι’).

2233 1057 2300 1114 Ἦ
2353 1062 2447 1115 τοῦ
2491 1063 2624 1117 Υίοῦ
2664 1065 3011 1136 προσηγορία
3062 1065 3157 1118 δύο
3201 1064 3375 1118 ταῦτα
3428 1064 3724 1133 σημαίνει·

2149 1151 2250 1221 τήν
2279 1170 2340 1206 τε
2374 1154 2515 1222 πρὸς
2575 1156 2666 1208 τον
2713 1140 2934 1226 Πατέρα
2993 1156 3204 1228 σχέσιν,
3253 1156 3377 1210 καθ’
3407 1157 3474 1228 ἦν
3495 1155 3557 1209 τὸ
3585 1151 3727 1210 εἶναι

2151 1245 2283 1316 παρ’
2314 1246 2483 1300 αὑτοῦ
2511 1245 2642 1316 ἔχει,
2677 1249 2776 1301 καὶ
2807 1248 2868 1300 τὸ
2919 1249 3054 1320 πρὸς
3081 1249 3247 1302 αὑτὸν
3277 1251 3587 1318 ὁμοούσιονο
3617 1249 3728 1310 πᾶς

2154 1335 2263 1406 γὰρ
2295 1336 2411 1399 υίὸς
2441 1337 2518 1407 τῷ
2556 1339 2727 1407 πατρὶ
2757 1340 3066 1409 ὁμοούσιος.
3110 1340 3390 1402 Ὡσαύτως
3437 1339 3494 1393 δὲ
3527 1339 3620 1393 καὶ
3665 1339 3728 1390 ὲκ

2150 1429 2248 1497 τῆς
2279 1428 2608 1497 γεννήσεως’
2637 1430 2739 1499 τήν
2766 1447 2827 1482 τε
2859 1431 2969 1500 γὰρ
2997 1430 3177 1484 αἰτίαν
3208 1430 3334 1484 ὅθεν
3370 1429 3486 1500 εχει
3517 1429 3615 1483 τοῦ
3649 1429 3727 1499 (ί)

2151 1514 2314 1584 εἶναι,
2369 1519 2465 1573 καὶ
2493 1520 2595 1590 τὴν
2643 1523 3047 1592 ὀμοουσιότητα
3107 1523 3443 1594 παρίστησιν
3506 1521 3724 1584 ίκανῶς.

2151 1611 2266 1680 Οὐχ
2294 1609 2436 1664 οὕτω
2470 1611 2527 1664 δὲ
2565 1613 2662 1666 καὶ
2704 1614 2738 1684 ὴ
2779 1612 2874 1667 τοῦ
2911 1613 3071 1681 ἁγίου
3119 1614 3435 1684 Πνεύματος
3469 1613 3569 1684 (2).
3599 1612 3729 1668 οὗτε

2160 1699 2266 1770 μὴν
2289 1701 2323 1771 ἡ
2353 1701 2451 1771 τῆς
2508 1703 2912 1773 ἔκπορεύσεως·
2951 1703 3069 1758 ἀλλ’
3108 1705 3238 1758 ὅταν
3271 1705 3370 1774 μὲν
3403 1703 3734 1775 ἀκούσωμεν

2093 1848 2096 1852 _
2157 1792 2402 1860 Πνεῦμα
2463 1792 2714 1862 Πατρὸς,
2772 1794 2948 1865 δῶρόν
3003 1813 3056 1848 τι
3083 1795 3180 1849 τοῦ
3239 1796 3452 1866 Πατρδς
3509 1798 3736 1866 ἐνοήσα-

481 1875 626 1946 quod
673 1875 741 1930 ad
777 1891 876 1930 nos
907 1877 1178 1945 pervenit,
1213 1893 1312 1931 nos
1359 1879 1664 1934 sanctiﬁcat
1700 1888 1756 1934 et
1800 1881 1855 1936 in
1890 1883 2052 1937 nobis

2157 1898 2259 1951 μεν
2294 1883 2373 1952 (ὅ)
2417 1885 2500 1947 είς
2548 1884 2698 1954 ἡμᾶς
2752 1885 2954 1953 φθάνον
2986 1887 3082 1940 καὶ
3111 1888 3259 1958 ἡμᾶς
3295 1887 3522 1956 ἁγιάζον
3551 1889 3647 1940 καὶ
3675 1888 3733 1940 ἐν

481 1977 764 2038 operatur.
827 1968 970 2025 Dicit
1023 1971 1172 2025 enim
1223 1971 1532 2028 Dominus:
1587 1972 1822 2043 Spiritus
1875 1975 2055 2030 Patris

479 2062 662 2126 vestri,
688 2063 779 2131 qui
806 2061 1040 2133 ioquilur
1081 2063 1135 2116 in
1169 2062 1326 2116 vobis.
1371 2063 1526 2120 Unde
1557 2074 1613 2119 et
1643 2064 1875 2136 Spiritus
1924 2065 2057 2120 Filii

481 2154 625 2208 idem
676 2153 914 2224 Spiritus
966 2154 1200 2223 dicitur;
1245 2171 1370 2211 nam
1419 2172 1712 2213 commune
1760 2159 2051 2214 amborum

480 2247 686 2301 donum
717 2257 824 2312 est,
864 2258 924 2303 ut
976 2248 1170 2304 beatus
1223 2265 1444 2320 quoque
1500 2251 1840 2322 Augustinus
1893 2253 2053 2309 dicit.

478 2339 710 2408 Quando
735 2350 915 2396 autem
949 2343 1206 2397 audimus
1234 2341 1515 2410 Spiritum,
1541 2346 1634 2415 qui
1652 2361 1716 2399 ex
1747 2345 1913 2401 Patre
1933 2363 2058 2418 pro-

481 2433 637 2498 cedit,
674 2433 763 2490 hic
798 2449 1045 2500 causam,
1077 2434 1226 2490 unde
1283 2435 1450 2492 habet
1481 2451 1627 2503 esse,
1667 2446 1724 2494 et
1755 2439 1926 2509 ipsam
1961 2441 2059 2509 hy-

481 2527 721 2596 postasin
768 2528 1116 2598 accipimus;
1169 2543 1280 2583 non
1320 2544 1452 2584 vero
1483 2529 1647 2584 etiam
1681 2531 2054 2587 consubstan-

481 2617 788 2672 tialitatvem.
847 2618 1035 2688 Neque
1089 2618 1237 2673 enim
1295 2634 1497 2674 nomen
1568 2619 1810 2690 Spiritus
1871 2635 2055 2690 neque

488 2708 861 2778 processionis
886 2725 1085 2766 nomen
1120 2709 1172 2764 id
1213 2709 1379 2765 valet.
1410 2710 1756 2782 Quapropter
1813 2712 2054 2784 theologi

477 2802 710 2870 quando
731 2801 1054 2872 simpliciter
1103 2816 1348 2867 causam,
1381 2801 1528 2858 unde
1574 2817 1697 2858 esse
1744 2803 1925 2868 habet,
1959 2804 2057 2859 de-

477 2893 687 2947 clarare
720 2891 930 2957 volunt,
966 2881 1225 2962 Spiritum
1253 2895 1342 2956 qui
1389 2909 1454 2946 ex
1504 2890 1666 2947 Patre
1697 2895 1930 2964 procedit
1975 2895 2058 2949 di-

479 2989 631 3049 cunt,
665 2984 734 3038 ab
764 2984 882 3054 ipso
922 2983 1154 3038 Domino
1183 2985 1288 3040 hoc
1317 2983 1521 3047 edocti.
1542 2999 1650 3038 non
1675 2986 2056 3055 semiperfecte

478 3084 534 3130 et
589 3077 772 3130 minus
821 3075 983 3145 plene
1039 3076 1426 3145 praedicantes.
1478 3091 1658 3147 neque
1724 3076 2053 3146 principium

483 3168 714 3239 propius
767 3168 1253 3237 pmtermittentes
1286 3170 1478 3238 (apage
1521 3183 1648 3237 cum
1678 3167 1783 3223 hac
1803 3168 2056 3224 absurdi-

2155 1973 2287 2042 ἡμῖν
2325 1972 2604 2042 ἐνεργοῦν.
2639 1974 2802 2041 Λέγει
2850 1975 2960 2046 γὰρ
3019 1978 3047 2030 ὁ
3093 1977 3329 2049 Κύριοςο
3371 1978 3442 2032 Τὸ
3484 1979 3734 2048 Πνεῦμα

2155 2059 2264 2114 τοῦ
2317 2061 2552 2130 Πατρός
2602 2061 2770 2132 ὑμῶν
2817 2065 2894 2136 (4)
2952 2067 3018 2120 τὸ
3057 2068 3296 2122 λαλοῦν
3343 2069 3414 2122 ἐν
3438 2069 3585 2139 ὑμῖν
3618 2070 3729 2140 (5).

2157 2154 2323 2208 Ὅθεν
2351 2156 2448 2209 καὶ
2471 2155 2604 2209 Υίοῦ
2635 2155 2861 2227 Πνεῦμα
2888 2159 2947 2212 τὸ
2975 2159 3107 2213 αὐτὸ
3139 2160 3381 2229 λέγεται·
3417 2161 3598 2214 κοινὸν
3625 2162 3735 2231 γάρ

2133 2245 2272 2333 (tat:
2300 2244 2472 2314 δῶρον
2498 2247 2705 2315 ἀμφοῖν
2725 2287 2741 2310 ,
2773 2246 2849 2311 ὡς
2895 2248 2993 2302 καὶ
3045 2251 3074 2301 ὁ
3119 2250 3394 2322 μακάριός
3440 2267 3605 2320 φησιν
3628 2251 3736 2303 Αὑ-

2155 2339 2458 2405 γουστῖνος.
2497 2339 2671 2392 Ὅταν
2722 2339 2779 2391 δὲ
2816 2339 3175 2410 ἀκούσωμεν,
3225 2342 3469 2411 Πνεῦμα
3502 2343 3570 2396 ἐκ
3617 2347 3736 2397 Πα-

2155 2433 2296 2497 τρὸς
2326 2428 2831 2500 ἐκπορευόμενον,
2867 2431 3104 2485 ἐνταῦθα
3137 2431 3237 2504 τὴν
3270 2432 3369 2504 μὲν
3391 2435 3573 2487 αἰτίαν
3610 2433 3736 2488 ὅθεν

2155 2525 2268 2595 ἔχει
2307 2519 2403 2575 τοῦ
2443 2517 2608 2588 εἶναι,
2663 2523 2761 2576 καὶ
2796 2521 2896 2594 τὴν
2935 2524 3240 2578 ὑπόστασιν
3273 2524 3444 2595 αὐτὴν
3484 2526 3737 2590 ὲξελὰὅο-

2159 2633 2260 2686 μεν
2281 2633 2296 2649 ·
2329 2617 2392 2669 οὐ
2425 2616 2612 2686 μέντοι
2655 2617 2751 2670 καὶ
2785 2617 2846 2671 τὸ
2907 2616 3197 2687 ὁμοούσιον
3223 2632 3240 2651 ⁶
3283 2617 3408 2671 οὔτε
3443 2618 3553 2688 γὰρ
3577 2620 3609 2690 ἡ
3636 2619 3736 2673 τοῦ

2156 2705 2475 2774 Πνεύματος
2512 2705 2701 2777 φωνὴ,
2753 2706 2881 2760 οὔτε
2937 2708 3046 2780 μὴν
3100 2710 3132 2779 ἡ
3191 2708 3289 2778 τῆς
3350 2709 3736 2780 ἑκπορεύσεως

2155 2797 2311 2850 τοῦτο
2334 2797 2578 2852 δύναται.
2615 2799 2716 2851 Διὰ
2743 2797 2907 2851 τοῦτο
2941 2800 2990 2852 oi
3042 2797 3286 2868 θεολόγοι
3326 2799 3456 2854 ὅταν
3498 2799 3599 2868 μὲν
3636 2798 3739 2871 τὴν

2154 2889 2334 2944 αἰτίαν
2365 2889 2552 2953 ἁπλῶς
2582 2890 2707 2944 ὅθεν
2746 2889 2860 2961 ἔχει
2892 2890 2988 2944 τοῦ
3029 2885 3176 2944 εἶναι
3209 2890 3568 2962 παραστῆσαι
3605 2890 3736 2961 βού-

2154 2985 2376 3046 λωνται,
2425 2983 2671 3052 Πνεῦμα
2726 2982 2794 3036 ἐκ
2847 2984 3082 3052 Πατρὸς
3131 2984 3624 3051 ἐκπορευόμενον
3649 2983 3739 3036 λέ-

2155 3091 2367 3144 γουσιν,
2412 3075 2471 3139 ἐξ
2503 3075 2672 3129 αὑτοῦ
2720 3074 2814 3128 τοῦ
2849 3075 3058 3144 Κυρίου
3112 3076 3270 3130 τοῦτο
3305 3077 3736 3146 παρειληφότες,

2158 3168 2258 3238 οὐχ
2298 3167 2574 3238 ἡμιτελῶς
2612 3167 3020 3236 θεολογοῦντες,
3060 3167 3181 3222 οὐδὲ
3220 3169 3282 3222 τὸ
3313 3169 3611 3239 ἐγγύτερον
3647 3169 3738 3221 αῖ-

483 3269 592 3316 tate
617 3262 631 3315 ί
659 3261 713 3332 )‹;
749 3261 970 3331 quando
1004 3271 1187 3317 autem
1234 3261 1396 3317 simul
1423 3272 1479 3318 et
1505 3261 2054 3318 consubstantialita-

2159 3231 2274 3312 τιον
2307 3231 2836 3331 παραλιμπὰνοντες
2863 3231 3074 3329 (ἄπαγε
3109 3261 3209 3330 τῆς
3230 3231 3460 3323 ἀτοπίας
3488 3231 3532 3330 ι)
3555 3274 3572 3290 °
3601 3261 3734 3314 ὅταν

485 3363 590 3407 tem
631 3353 920 3423 propalare
973 3353 1184 3420 volunt,
1230 3363 1362 3408 tunc
1411 3363 1468 3408 et
1525 3353 1659 3408 illud
1728 3370 1822 3423 per
1856 3353 2054 3408 Filium

481 3445 692 3500 addunt
715 3453 771 3500 et
795 3461 862 3499 etc
894 3449 1060 3500 Patre
1088 3462 1181 3516 per
1212 3444 1404 3507 Filium
1429 3446 1796 3516 procedentem
1828 3446 2054 3516 dicunt;

483 3553 547 3592 ac
581 3538 625 3592 si
663 3537 944 3594 dicerent:
976 3539 1095 3594 Non
1119 3537 1328 3608 absque
1361 3539 1523 3602 Filio,
1559 3554 1741 3608 neque
1773 3540 1826 3594 in
1863 3549 2057 3594 natura

488 3647 518 3683 ει
546 3629 684 3685 Filio
717 3630 953 3695 diversa,
983 3632 1077 3686 sed
1102 3630 1262 3686 simul
1293 3645 1420 3686 cum
1471 3631 1826 3701 generatione
1860 3631 2060 3686 intelli-

488 3722 636 3790 gitur
670 3721 834 3776 etiam
857 3722 1154 3792 processio.
1178 3720 1331 3777 Unde
1356 3721 1516 3777 divus
1542 3721 1810 3777 Maximus
1859 3722 1936 3778 ait
1967 3739 2060 3794 per

487 3812 694 3869 Filium
741 3815 972 3896 genitum
1015 3813 1275 3883 ineﬁabili
1333 3813 1487 3868 modo
1539 3814 1922 3884 procedentem,
1963 3816 2061 3885 qui

485 3925 619 3964 sane
649 3925 758 3964 non
789 3908 1088 3965 addidisset
1114 3909 1370 3981 genitum,
1402 3908 1509 3962 nisi
1554 3907 1659 3963 hoc
1683 3909 1950 3966 voluisset
1979 3910 2062 3964 in-

482 4003 751 4072 telligere.
785 4002 889 4058 Sed
921 4003 1084 4058 etiam
1133 4003 1372 4074 reliquos
1419 4002 1472 4056 id
1510 4003 1739 4067 sentire,
1773 4007 1927 4059 testis
1975 4011 2062 4058 est

485 4095 600 4164 ipse
631 4093 898 4151 Maximus
928 4095 981 4148 in
1019 4093 1246 4165 epistola
1299 4095 1367 4151 ad
1405 4094 1674 4151 Marinum
1729 4097 1893 4170 Cypri
1938 4112 2066 4167 pre-

493 4187 776 4258 sbyterum
810 4186 1019 4251 dicens,
1068 4202 1260 4242 eorum
1287 4195 1597 4256 temporum
1629 4189 1908 4246 Romanos
1956 4206 2061 4244 non

485 4296 706 4334 causam
743 4279 972 4352 Spiritus
1006 4283 1179 4351 facere
1228 4280 1274 4334 F
1278 4282 1469 4347 ilium,
1503 4285 1596 4336 sed
1643 4289 1701 4336 ut
1744 4283 2060 4352 signiﬁcent,

487 4373 686 4442 inquit,
714 4389 830 4426 eum
855 4389 946 4444 per
977 4373 1172 4428 Filium
1198 4375 1412 4443 prodire
1433 4381 1482 4427 et
1516 4375 1590 4428 sic
1624 4381 1835 4429 natura:
1875 4375 2066 4452 absque

487 4461 604 4516 ulla
637 4462 940 4516 diversitate
980 4463 1404 4531 ronjunctionem
1457 4461 1729 4515 declarent
1779 4459 1881 4531 (a).
1916 4461 2066 4516 Ridi-

2156 3350 2213 3404 δὲ
2239 3350 2375 3421 ὁμοῦ
2409 3353 2506 3406 καὶ
2539 3352 2639 3423 τὴν
2672 3353 3070 3422 ὁμοουσιὸτητα
3101 3352 3295 3423 δηλοῦν
3326 3354 3573 3416 ἐθέλωσι,
3611 3353 3738 3405 τότε

2157 3444 2253 3498 καὶ
2281 3443 2344 3497 τὸ
2385 3444 2462 3515 (6)
2503 3444 2576 3498 δι’
2617 3445 2756 3500 Υίοῦ
2791 3445 3148 3515 προστιθέασι
3179 3446 3273 3498 καὶ
3305 3445 3374 3499 ἐκ
3403 3443 3632 3514 Πατριῑς
3661 3445 3739 3499 δι’

2159 3535 2294 3590 Υιοῦ
2343 3535 2830 3605 ἐκπορευόμενον
2884 3537 3156 3605 λέγουσιν,
3212 3537 3415 3591 ὡσανεὶ
3447 3535 3736 3602 λέγοντεςο

2161 3629 2276 3683 Οὐκ
2309 3629 2438 3683 ἄνευ
2462 3629 2556 3682 τοῦ
2601 3628 2756 3694 Υίοῦ,
2794 3629 2894 3700 οὐχ
2927 3629 3242 3699 ἐτερυφυῶς
3276 3628 3427 3698 παρὰ
3457 3627 3546 3681 τὸν
3582 3627 3735 3693 Υίὸν,

2162 3722 2281 3776 ἀλλ’
2316 3721 2432 3794 ἅμα
2455 3724 2520 3793 τῇ
2546 3724 2803 3793 γεννήσει
2835 3724 3043 3776 νοεῖται
3075 3722 3152 3794 (7)
3186 3722 3282 3775 καὶ
3317 3723 3349 3792 ἡ
3385 3721 3738 3790 ὲκπόρευσις.

2165 3816 2334 3870 Ὅθεν
2382 3817 2478 3887 καὶ
2543 3817 2572 3869 ὁ
2629 3815 2774 3880 θεῖός
2818 3833 2953 3887 φησι
2993 3817 3249 3887 Μάξιμος
3307 3815 3384 3868 δι’
3429 3813 3569 3869 Υίοῦ
3605 3830 3745 3883 γεν-

2161 3907 2454 3976 νηθέντος
2484 3906 2810 3976 ἀφράστως
2863 3906 3351 3975 ἐκπορευόμενον
3387 3906 3491 3976 (8),
3545 3899 3644 3957 οὐκ
3674 3903 3741 3957 ἂν

2163 4000 2424 4073 προσθεὶς
2449 3999 2557 4054 τοῦ
2582 3998 3004 4070 γεννηθέντος,
3037 4000 3086 4051 εί
3117 3999 3191 4070 μὴ
3221 3999 3380 4052 τοῦτο
3400 3999 3542 4052 νοεῖν
3574 3997 3744 4066 ἠϐού-

2161 4091 2306 4146 λετο.
2326 4091 2450 4144 Ὀτι
2473 4089 2529 4143 δὲ
2555 4089 2649 4143 καὶ
2686 4089 2737 4142 oi
2761 4089 2942 4142 λοιποὶ
2970 4087 3133 4142 τοῦτο
3165 4085 3387 4151 νοοῦσι,·
3415 4088 3626 4158 μάρτυς
3664 4086 3740 4155 (9)

2163 4183 2328 4246 αὐτὸς
2383 4184 2438 4236 ὲν
2490 4184 2558 4251 τῇ
2607 4181 2750 4250 πρὸς
2793 4179 3033 4250 Μαρῖνον
3086 4179 3317 4250 Κύπρου
3364 4179 3742 4249 πρεσσύτερον

2164 4276 2423 4346 ἐπιστολῇ
2471 4275 2586 4346 (10)
2621 4275 2751 4337 τοὺς
2807 4273 2931 4327 τότε
2969 4273 3274 4344 Ῥωμαίους
3308 4271 3484 4340 λέγων
3513 4272 3627 4325 οὐκ
3656 4272 3744 4324 al-

2163 4371 2302 4424 τίαν
2337 4369 2445 4425 τοῦ
2476 4369 2823 4437 Πνεύματος
2877 4368 2986 4421 τὸν
3044 4368 3183 4421 Υίὸν
3227 4366 3444 4428 ποιεῖν,
3478 4365 3619 4420 ἀλλ’
3643 4364 3744 4416 ινα

2165 4462 2234 4517 τὸ
2262 4461 2337 4515 δι’
2385 4461 2576 4516 αὑτοῦ
2621 4459 2893 4530 προϊέναι
2941 4459 3282 4526 δηλώσωσι,
3321 4458 3635 4524 καὶταύτῃ
3675 4455 3742 4509 τὸ

488 4557 610 4610 cnla
650 4570 780 4609 vero
810 4554 1131 4610 Latinorum
1169 4557 1440 4623 theologia
1472 4557 1696 4626 prepius
1731 4555 2056 4625 principium

2187 4553 2467 4624 συναφὲς
2531 4553 2645 4622 τῆς
2695 4552 2915 4618 οὐσίας
2972 4552 3073 4604 καὶ
3127 4549 3608 4618 ἀπαράλλακτον
3634 4563 3746 4600 πα-

489 4664 558 4704 cx
589 4661 720 4701 voce
755 4662 848 4716 per
875 4643 1074 4700 Filium
1126 4647 1439 4718 intelligens
1471 4657 1527 4704 et
1583 4648 1800 4704 Patrem
1856 4648 2065 4718 princi—

491 4739 642 4806 pium
665 4737 950 4804 remotius,
976 4746 1033 4793 et
1082 4753 1190 4793 non
1225 4740 1535 4809 proximum
1591 4741 1901 4814 hypostasis
1949 4739 2066 4806 Spi-

493 4831 634 4883 ritus
666 4829 838 4885 sancti
878 4837 1146 4896 statuens,
1192 4829 1650 4899 quemadmodum
1705 4829 1941 4886 Enosum
1971 4847 2067 4900 per

496 4921 627 4978 Selh
664 4937 730 4976 ex
761 4919 969 4976 A'damo
1012 4919 1272 4987 dicimus,
1305 4922 1606 4976 venerandi
1655 4907 1888 4993 Nysseni
1931 4923 2064 4978 Grc~

494 5017 634 5086 gorii
671 5030 859 5072 vocem
894 5014 966 5087 (ὁ)
993 5031 1103 5070 non
1147 5014 1325 5079 audit,
1358 5029 1481 5083 qua:
1530 5014 1666 5069 dicit
1706 5016 1829 5071 Filii
1862 5015 2069 5071 media-

496 5111 699 5166 tionem
729 5117 784 5165 et
815 5108 915 5178 ipsi
953 5106 1220 5178 unigeniti
1253 5106 1523 5162 rationem
1552 5121 1772 5161 servare
1801 5117 1858 5161 et
1889 5107 2066 5178 Spiri-

567 5271 643 5336 ιι)
676 5273 806 5336 Τοῦ,
839 5285 948 5324 non
981 5267 1040 5320 τὸ
1074 5266 1165 5320 hic
1202 5274 1264 5320 et-
1299 5265 1354 5320 in
1385 5265 1744 5336 sequentibus
1769 5265 1991 5337 legitur.

567 5342 644 5398 (‘2)
674 5344 806 5398 Scil.
835 5337 1196 5398 προσηγορία.

595 5355 644 5397 2)
674 5355 806 5397 5011.
835 5355 1196 5397 προσηγορία.

567 5342 644 5481 (9.)
674 5344 806 5398 Scil.
835 5342 1196 5412 προσηγορία.

593 5415 645 5480 5)
682 5413 826 5471 Μοη.
864 5413 1227 5481 ἐννοήσαμεν..

570 5480 647 5550 (4)
679 5485 824 5540 Mon.
865 5483 898 5553 ὴ
910 5480 1050 5553 μῶν.

575 5556 650 5625 (5)
693 5552 894 5610 Matth.
914 5552 1094 5625 suit).

569 5621 645 5695 (6)
673 5627 814 5680 Mon.
843 5625 882 5685 i',
905 5623 1012 5676 ‘253
1037 5635 1104 5675 a:
1137 5621 1255 5695 τοῦ.

568 5690 648 5766 (7)
685 5695 896 5750 Monac.
920 5709 934 5746 :
960 5695 1027 5762 τῇ
1060 5693 1244 5762 νοήσει
1272 5690 1534 5746 νοεῖσθαι.

571 5830 647 5899 (a)
673 5827 808 5882 Vide
840 5829 894 5899 in
926 5836 1076 5899 temo
1105 5826 1374 5899 superiori
1398 5827 1559 5895 Greg.
1591 5824 1898 5899 CplaApoi.
1931 5840 2074 5882 con-

506 5896 593 5956 tra
631 5896 796 5956 Marci
842 5896 1062 5966 Ephesii
1093 5898 1531 5962 Conicssioncm,
1563 5913 1684 5966 cap.
1716 5896 1767 5950 4..

2162 4645 2589 4714 ραστήσωσιν.
2625 4645 2693 4699 Ἥ
2716 4645 2772 4698 δὲ
2797 4643 2892 4698 νῦν
2914 4643 3324 4711 καταγέλαστος
3357 4642 3466 4694 τῶν
3498 4641 3744 4695 Λατίνων

2161 4736 2421 4807 ,Θεολογία
2478 4737 2540 4791 τί,
2604 4738 2906 4807 ἐγγύτερον
2956 4735 3130 4791 αίτιον
3191 4737 3256 4788 ὲκ
3312 4735 3408 4788 τοῦ
3459 4733 3536 4787 δι’
3603 4731 3743 4785 Υίοῦ
3791 4766 3794 4769 -

2168 4829 2364 4884 νοοῦσα
2413 4831 2511 4884 καὶ
2563 4829 2658 4883 τὸν
2717 4829 2941 4900 Πατέρα
2971 4826 3325 4897 πορρώτερον
3351 4825 3526 4880 αἴτιον
3554 4824 3648 4878 καὶ
3680 4823 3742 4875 οὐ

2172 4922 2441 4994 προσεχὲς
2499 4921 2712 4976 τιθεῖσα
2755 4922 2854 4990 τῆς
2904 4920 3000 4974 τοῦ
3049 4919 3209 4988 ἁγίου
3256 4917 3574 4984 [Ινεύματος
3608 4916 3745 4969 ὐπο-

2171 5014 2434 5078 στὰσεως,
2465 5013 2660 5083 ὥσπερ
2699 5013 2764 5082 δὴ
2801 5013 2891 5065 τὸν
2933 5011 3098 5072 Ἐνὼς
3145 5011 3232 5063 διὰ
3267 5007 3361 5062 τοῦ
3400 5007 3507 5076 Σὴθ
3557 5008 3622 5061 ἐκ
3647 5003 3744 5059 τοῦ

2183 5104 2358 5175 Ἀδὰμ
2396 5103 2767 5175 λέγομεν,τῆς
2807 5103 2908 5174 μὲν
2942 5101 3038 5158 τοῦ
3082 5099 3284 5156 σεπτοῦ
3312 5097 3619 5171 Γρηγορίου
3647 5094 3743 5150 τοῦ

2246 5265 2324 5336 (8)
2361 5262 2631 5336 Maximus
2664 5262 2719 5336 in
2759 5277 2990 5336 aureum
3033 5258 3428 5336 candelabrum
3467 5254 3746 5336 apud_Za-

2171 5325 2444 5462 ξὲεένῖξὲἒ.
2466 5333 2681 5390 Citatur
2705 5333 2858 5389 locus
2881 5348 2913 5387 a
2956 5332 3161 5395 Becco,
3194 5327 3289 5383 Gr.
3323 5326 3470 5384 orth.
3507 5333 3550 5380 t.
3597 5325 3660 5391 ll,
3689 5341 3744 5393 p.

2172 5427 2206 5461 0
2283 5445 2297 5464 ο
2323 5440 2336 5456 ι
2432 5445 2445 5458 .

2245 5475 2320 5543 (9)
2355 5474 2563 5543 quac.
2594 5491 2609 5527 :
2639 5475 2857 5543 μάρτις.

2247 5534 2360 5617 (ίῦ)
2393 5542 2530 5598 Vide
2560 5534 2732 5617 verba
2773 5534 2919 5613 apud
2957 5541 3186 5613 Gregor.
3221 5539 3278 5594 in
3311 5535 3477 5594 Marci
3520 5534 3746 5593 Confes-

2174 5615 2407 5682 sionem,
2442 5629 2562 5685 cap.
2591 5615 2644 5669 4.

2246 5826 2320 5897 (b)
2355 5823 2490 5882 Vide
2517 5823 2861 5894 Gregorium,
2895 5838 2984 5895 op.
3017 5820 3113 5878 cit.
3147 5835 3269 5892 cap.
3301 5818 3354 5874 l.
