4124 6434
424 391 526 449 237

1471 399 1515 457 Β
1529 401 1907 460 EFUTATIO
1955 402 2192 461 MARCI
2241 406 2628 467 liPllESlNl.

3582 410 3687 473 233

429 504 654 572 Νύσσης
690 507 873 574 φωνῆς
924 506 1024 560 οὐκ
1066 507 1271 585 ⁸ἀκούει
1335 509 1637 581 λεγούσης,
1691 515 1774 566 ὅτι
1825 515 1858 584 ἡ
1912 513 2006 566 τοῦ

2129 532 2227 569 um
2252 534 2279 570 a
2303 520 2539 572 naturali
2566 518 2630 573 ad
2664 520 2878 575 Patrem
2905 521 3225 578 habitudine
3252 525 3687 585 nonexeluderr,

431 597 565 652 Υἱοῦ
602 599 852 666 μεσιτεία
890 601 984 653 καὶ
1020 577 1170 670 αύτῷ
1208 601 1289 671 (l)
1364 577 1424 656 et
1474 577 1770 672 μονογενὲς
1803 577 2009 673 φυλάτ-

428 704 513 740 τει
539 689 635 741 καὶ
674 689 735 742 τὸ
771 689 1000 760 Πνεῦμα
1049 692 1148 761 τῆς
1196 697 1435 764 φυσικῆς
1484 695 1622 766 πρὸς
1661 696 1754 748 τὸν
1793 696 2013 766 Πατέρα

435 781 808 850 σχέσεωςοὺκ
860 784 1114 852 ἀπείργει
1146 785 1228 855 (2)
1277 801 1292 818 ·
1335 786 1580 856 βαθμοὺς
1634 786 1691 840 δὲ
1740 789 1836 842 καὶ
1882 790 2015 842 ὐπο-

434 872 630 935 ὅάσεις
663 873 757 925 ἐπὶ
787 875 889 944 τῆς
920 875 1082 941 ἁγίας
1122 876 1354 946 Τριάδος
1385 878 1621 947 εἰσάγει,
1653 881 1746 932 καὶ
1780 882 1873 933 τὸν
1916 881 2013 951 μὲν

437 967 660 1035 Πατέρα
681 967 902 1037 τίθησιν
933 968 1214 1023 ἀνώτατόν
1240 987 1299 1023 τε
1324 971 1419 1023 καὶ
1443 972 1661 1042 πρῶτον
1692 973 1890 1037 αἴτιον,
1922 973 2015 1027 τὸν

437 1057 496 1110 δὲ
541 1058 668 1110 Υίὸν
702 1059 1018 1126 κατώτερόν
1060 1076 1120 1112 τε
1179 1061 1274 1114 καὶ
1305 1060 1560 1134 δεύτερον
1591 1064 1788 1129 αἴτιον,
1825 1064 2014 1136 ὥσπερ

436 1166 490 1203 τι
519 1149 871 1222 διατείχισμα
909 1153 1077 1222 μέσον
1117 1152 1213 1207 τοῦ
1256 1155 1470 1226 Πατρὸς
1503 1157 1600 1210 καὶ
1639 1157 1735 1211 τοῦ
1768 1157 2016 1228 Πνεύμα⁶

436 1258 552 1305 τος,
592 1241 653 1294 τὸ
705 1243 763 1296 δὲ
808 1243 968 1312 ἅγιον
1008 1245 1234 1316 Πνεῦμα
1287 1247 1604 1302 κατώτατον
1634 1250 1729 1302 καὶ
1767 1250 2016 1304 αἰτιατὸν

442 1334 625 1404 μόνον’
662 1336 756 1388 καὶ
781 1335 954 1399 οὕτως
987 1341 1066 1401 εἰς
1092 1340 1152 1391 τὸ
1183 1340 1280 1407 τῆς
1331 1341 1575 1412 τριθεϊας
1609 1341 1884 1412 βάραθρον
1915 1359 2014 1393 κα-

452 1428 753 1492 ταπίπτει,
789 1431 884 1482 καὶ
912 1431 982 1482 τὰ
1016 1431 1139 1483 θεῖα
1183 1432 1452 1502 πρόσωπα
1509 1435 1849 1505 περιγράφει
1878 1475 1891 1500 ,
1921 1433 2014 1486 καὶ

442 1521 503 1573 τὸ
536 1522 760 1591 Πνεῦμα
797 1521 994 1593 ὥσπερ
1027 1522 1222 1576 υἱωνὸν
1256 1523 1656 1595 ἀπεργάζετατ.

991 1632 1131 1687 ΤΟΥ
1164 1633 1472 1690 ΝΙΚΑΙΑΣ.

515 1765 588 1817 Σὺ
637 1765 738 1836 μέν
771 1766 832 1818 τὸ
863 1767 1094 1836 Πατρός
1136 1767 1390 1836 λέγεσθαι
1425 1767 1669 1838 Πνεῦμα
1701 1769 1758 1822 τὸ
1792 1768 2015 1839 Πνεῦμα

2113 607 2314 677 gradus
2336 619 2516 664 autem
2540 620 2703 680 atque
2737 612 3128 668 descensiones
3153 614 3205 667 in
3225 615 3691 669 saneta'l‘rinitate

2117 699 2348 764 inducit,
2395 717 2460 756 ac
2503 700 2716 758 Patrem
2770 703 2992 774 quidem
3045 705 3235 760 statuit
3265 721 3585 774 supremum
3637 713 3691 758 et

2115 792 2444 864 principium
2498 796 2778 866 primum,
2839 797 3038 851 Filium
3085 813 3217 852 vero
3256 797 3576 852 inferiorem
3637 806 3692 851 et

2115 884 2449 955 principium
2479 889 2783 944 secundum
2818 891 2986 945 veluti
3018 890 3292 961 quoddam
3328 890 3537 958 murale
3572 905 3691 943 me-

2117 973 2268 1027 dium
2311 976 2452 1031 inter
2504 978 2716 1034 Patrem
2757 991 2814 1036 et
2846 981 3134 1050 Spiritum,
3166 992 3415 1037 sanctum
3469 983 3688 1038 demum

2115 1067 2380 1137 Spiritum
2412 1068 2659 1124 intimum
2692 1081 2748 1128 et
2778 1073 3142 1144 principatum
3183 1075 3448 1130 duntaxat
3476 1091 3491 1138 ;
3523 1081 3579 1128 et
3609 1071 3690 1126 sic

2117 1160 2175 1215 in
2221 1162 2513 1238 tritbeipmi
2565 1163 2888 1218 barathrum
2936 1167 3182 1232 decidit,
3239 1167 3456 1221 divinas
3499 1179 3691 1233 perso-

2117 1267 2218 1307 nas
2243 1253 2645 1308 circumscribit
2685 1264 2737 1309 et
2771 1256 3038 1324 Spiritum
3073 1258 3229 1328 quasi
3269 1265 3520 1326 nepotem
3561 1268 3691 1308 con-

2117 1344 2318 1399 stituit.

2771 1635 3046 1694 NICIENI.

2191 1778 2271 1833 Tu
2306 1776 2528 1847 quidem
2570 1772 2701 1829 dum
2733 1782 2891 1845 putas
2913 1771 3059 1842 quod
3086 1769 3324 1840 Spiritus
3357 1775 3579 1822 sanctus
3613 1764 3696 1820 di-

440 1856 502 1910 τὸ
549 1857 708 1924 ἅγιον
755 1857 887 1911 ἄλλο
929 1859 1222 1928 σημαίνειν
1251 1859 1496 1942 οἰόμενος
1539 1860 1572 1929 ἢ
1616 1860 1677 1912 τὸ
1708 1860 1771 1912 ἐκ
1805 1861 2014 1930 Πατρδς

2129 1870 2271 1925 citur
2288 1867 2520 1940 Spiritus
2544 1867 2748 1933 Patris,
2767 1865 2915 1921 aliud
2928 1863 3240 1934 signiﬁcare
3265 1876 3425 1930 quam
3447 1876 3508 1912 ex
3539 1858 3697 1911 Patre

441 1950 574 2002 αὐτὸ
632 1949 1060 2021 ἐκπορεύεσθαι,
1101 1950 1209 2004 ἀπὸ
1246 1949 1442 2005 σαυτοῦ
1496 1953 1590 2003 καὶ
1619 1953 1717 2020 τῆς
1747 1953 1880 2016 ἰδίας
1906 1969 2019 2004 xor.-

438 2041 557 2105 λίας
589 2041 840 2111 φθέγγῃ,
872 2042 1146 2113 μηδεμίαν
1182 2043 1308 2113 μήτ’
1341 2043 1404 2095 ἐκ
1433 2040 1529 2095 τοῦ
1558 2042 1719 2111 λόγου
1746 2043 2015 2112 ἀνάγκην,

440 2135 578 2204 μήτε
623 2133 734 2186 τῶν
778 2134 1120 2188 διδασκάλων
1179 2134 1449 2205 παράγων
1497 2134 1715 2205 ἀξίωμα
1741 2150 1757 2166 ⁶
1785 2136 1868 2189 διὸ
1924 2137 2019 2191 καὶ

440 2227 667 2292 είκότως
725 2228 904 2292 οὐδείς
961 2245 1046 2281 σοι
1106 2229 1364 2300 προσέξει
1400 2229 1492 2282 τὸν
1547 2228 1696 2283 νοῦν.
1741 2226 1931 2298 Ἡμεῖς
1963 2227 2020 2281 δέ

441 2320 567 2384 τοὺς
597 2319 963 2383 διδασκάλους
998 2319 1246 2383 ἅπαντας
1277 2320 1496 2391 ἔχοντες
1533 2320 1700 2374 ταυτδ
1735 2319 2021 2388 οἰομένους

439 2405 500 2458 τό
551 2422 610 2460 τε
660 2405 886 2476 Πνεῦμα
927 2407 1164 2477 .Πατρδς
1205 2403 1351 2462 εἶναι
1394 2409 1651 2476 λέγεσθαι
1686 2410 1779 2462 καὶ
1812 2410 1876 2462 ἐκ
1912 2410 2023 2463 Πα-

442 2497 571 2567 τρές
604 2497 1035 2568 ἐκπορεύεσθαι,
1064 2503 1159 2552 καὶ
1187 2501 1250 2554 τὸ
1276 2501 1342 2571 δὴ
1382 2501 1590 2570 μεῖζον,
1624 2501 1684 2554 τὸ
1717 2501 1851 2555 Υίοῦ
1882 2499 2022 2557 εἶναι

450 2590 672 2661 Πνεῦμα
705 2592 800 2644 καὶ
831 2591 894 2645 τὸ
948 2592 1007 2660 ἐξ
1059 2591 1191 2645 Υἱοῦ
1239 2592 1643 2662 ἐκπορεύεσθαι
1691 2593 1938 2664 (εὑρήσει
1976 2593 2022 2646 δ’

444 2683 578 2737 αὐτὸ
610 2686 637 2737 ὁ
671 2683 1000 2754 βουλόμενος
1053 2684 1288 2756 Ἰλάριον
1317 2724 1332 2748 ,
1380 2683 1708 2756 Ἱερώνυμον
1733 2725 1750 2753 ,
1791 2686 2023 2757 Ἀμϐρό-

449 2793 563 2830 σιον
589 2817 606 2843 ,
641 2776 1007 2845 Αὐγουστῖνον
1032 2818 1048 2844 ,
1084 2778 1396 2848 Γρηγόριον
1450 2778 1715 2847 Διάλογον
1761 2779 2023 2848 λέγοντας

443 2870 762 2942 διαρρήδην,
797 2871 894 2924 καὶ
930 2871 1042 2924 τῶν
1092 2871 1383 2941 ἡμετέρων
1424 2871 1482 2926 δὲ
1533 2874 1629 2927 καὶ
1657 2872 2023 2926 ’Λνατολικῶν

449 2963 756 3030 Βασίλειον,
785 2963 878 3016 τὸν
908 2963 1134 3034 Νύσσης
1169 2965 1498 3035 Γρηγόριον,
1536 2965 1834 3037 Κύριλλον,
1875 2966 2024 3020 Ἐπι-

445 3056 638 3123 φάνιον
671 3057 930 3121 καὶτοὺς
972 3057 1188 3122 ἄλλους,
1223 3058 1272 3110 εί
1326 3058 1422 3111 καὶ
1466 3059 1541 3128 μὴ
1591 3057 1736 3112 οῦτω
1786 3057 2021 3127 σαφῶς)’

443 3149 600 3204 ταῦτ’
647 3146 742 3203 οῦν
792 3150 952 3203 αὐτοὶ
985 3149 1204 3220 ἔχοντες
1233 3151 1327 3203 καὶ
1355 3151 1478 3214 τοὺς
1514 3150 1707 3219 λόγους
1739 3150 1796 3204 δέ
1828 3149 2025 3204 πολλά-

447 3259 535 3304 κις
569 3229 820 3306 εἰπόντες
845 3243 905 3294 ἐν
940 3243 1122 3305 ἄλλοις
1154 3244 1264 3295 τῶν
1290 3243 1399 3295 σῶν
1431 3243 1532 3296 οὐκ
1573 3241 2024 3314 ἐπιστρεφόμεθα

442 3334 646 3404 λόγων.
689 3335 1108 3405 Ἐπιμαρτυρεῖ
1155 3335 1212 3387 δὲ
1257 3335 1352 3388 καὶ
1387 3335 1448 3389 ὃν
1483 3335 1545 3389 ού
1571 3335 1713 3389 πάνυ
1757 3351 1841 3389 τοι
1885 3337 2025 3398 νοεῖς

443 3427 812 3494 Δύγουστϊνον
836 3441 850 3457 ο
893 3425 1069 3492 δῶρον
1135 3427 1351 3497 lla-cpia;
1404 3429 1498 3481 xor).
1537 3425 1669 3482 Υἱοῦ
1698 3427 1759 3481 τδ
1794 3427 2024 3496 Πνεῦμα

443 3516 695 3585 λέγοντα’
736 3518 859 3572 ούδέ
903 3514 1052 3581 οἶδας
1073 3560 1086 3584 ,
1116 3519 1192 3580 ὡς
1229 3519 1404 3588 δῶρον
1448 3519 1549 3590 μὲν
1580 3520 1790 3584 ἐκεῖνος
1819 3521 2026 3590 ἀμφοῖν

449 3609 584 3663 αὐτὸ
617 3610 766 3678 λέγει
816 3610 1054 3673 αἰωνίως
1103 3627 1162 3664 τε
1233 3610 1310 3679 (3)
1350 3612 1444 3664 καὶ⁸
1497 3610 1746 3681 ἁχρόνως
1797 3609 1895 3666 καὶ
1931 3611 2026 3664 ού-

451 3701 662 3765 σιωδῶς
698 3699 863 3763 εἶναι,
896 3700 994 3756 καὶ
1034 3701 1124 3754 διὰ
1177 3700 1339 3755 τοῦτο
1390 3701 1600 3772 ἀμφοῖν
1645 3702 1821 3772 δῶρον
1859 3699 2024 3768 εἶναι,

447 3794 530 3847 ὅτι
577 3794 649 3858 ἐξ
695 3793 921 3864 ἀμφοῖν
952 3792 1160 3860 ἀιδίως
1195 3794 1606 3861 ἐκπορεύεται,
1639 3793 1782 3846 οὕτω
1826 3794 1922 3847 καὶ
1949 3795 2028 3866 τῷ

377 3951 388 3958 ν
452 3886 660 3957 ῥήματι
689 3886 887 3954 λέγων.
945 3887 1139 3939 Καίτοι
1189 3886 1273 3949 τίς
1321 3886 1389 3940 ἂν
1447 3885 1608 3941 ἄλλον
1658 3886 1768 3938 τῶν
1813 3887 2027 3940 ἐκείνου

452 3973 649 4040 φωνῶν
691 3971 890 4041 βελτίω
939 3974 1220 4046 ἐξηγητὴν
1253 3974 1568 4052 ζητῂσειεν,
1607 3975 1816 4029 ἐκεῖνον
1857 3993 2029 4030 κατα-

448 4063 661 4132 λιπών;
693 4062 765 4119 Εὖ
798 4066 857 4120 δὲ
883 4067 980 4120 καὶ
1007 4068 1088 4121 ὅτι
1119 4066 1218 4136 τὴν
1251 4067 1528 4138 σωτήριον
1556 4067 1689 4136 περὶ
1722 4067 1817 4121 τοῦ
1851 4069 2030 4122 Πνεύ-

458 4174 626 4228 ματος
659 4157 1013 4211 διδασκαλίαν
1045 4158 1214 4224 άτελῆ
1259 4158 1407 4211 κατὰ
1451 4159 1511 4210 σέ
1558 4153 1726 4212 οὖσαν
1761 4161 1810 4213 οι
1856 4161 2030 4215 Πατέ-

456 4265 549 4321 ρες
581 4251 910 4318 τελεώτερον
961 4251 1252 4303 ἀπέδωκαν
1299 4249 1380 4321 (4)
1439 4251 1507 4303 δι’
1547 4251 1680 4305 Υίοῦ
1711 4252 1771 4306 τὸ
1803 4254 2030 4322 Πνεῦμα

452 4341 852 4409 ἐκπορεύεσθαι
883 4341 1137 4411 φάμενοι.
1184 4340 1276 4404 Ὠς
1328 4342 1722 4410 καταγέλαστα
1762 4345 1858 4398 καὶ
1906 4361 2032 4398 παι-

449 4434 688 4507 δαριώδη
723 4435 799 4503 τῷ
829 4434 944 4488 ὖντι
983 4435 1234 4506 φθέγγῃῐ
1272 4435 1426 4488 ”Ωστ’
1457 4437 1506 4489 εί
1555 4438 1628 4506 μή
1686 4453 1754 4507 με
1806 4438 1840 4508 ἡ
1892 4439 2032 4505 πρὸς

449 4517 556 4578 ’τὸν
585 4527 966 4596 αίτησάμενον
990 4526 1206 4590 τούτοις
1241 4543 1336 4581 σου
1363 4529 1478 4592 τοῖς
1507 4526 1813 4600 λογυδρίοις
1854 4531 2032 4583 ἀντει-

463 4621 588 4672 πεῖν
626 4618 786 4672 τοῦτο
835 4621 936 4689 μὲν
987 4620 1177 4684 αἰδὼς,
1211 4620 1372 4674 τοῦτο
1415 4621 1472 4675 δὲ
1507 4623 1813 4691 ἐπαγγελία
1847 4628 2037 4679 κατεῖ-

456 4725 574 4778 χεν,
619 4709 788 4764 πάλαι
839 4709 908 4764 ἂν
946 4712 980 4782 ἢ
1034 4711 1737 4784 ἁπορῤίψαςῆδιαρῤήξας
1768 4714 1844 4787 (ε)
1875 4717 1908 4786 ἢ
1938 4719 2038 4788 ἐμ-

457 4801 677 4871 πρήσας
697 4805 856 4856 ταυτί
885 4820 980 4855 σου
1011 4804 1079 4856 τὰ
1107 4807 1467 4875 γραμματεῖα
1507 4806 1830 4876 ἀπηλλάγην
1857 4824 2038 4876 πραγ-

464 4895 674 4964 μάτων.
730 4893 806 4948 Τὸ
849 4897 949 4965 μὲν
982 4897 1092 4967 γὰρ
1153 4899 1217 4950 ἐκ
1271 4897 1486 4969 Πατρδς
1541 4888 1943 4968 ἐκπορεύεσθαι
1975 4900 2037 4954 τὸ

411 5050 413 5052 η
457 4985 688 5055 Πνεῦμα
709 4985 783 5056 μῆ
815 4988 1103 5057 σημαίνειν
1121 4989 1636 5061 τὴνὸμοουσιότητα
1651 4992 1779 5064 φῂς,
1812 4992 1874 5046 τὺ
1901 4993 1950 5051 δ’
1971 4995 2038 5047 ἐκ

459 5073 673 5145 Πατρδς
696 5074 766 5128 δι’
787 5075 918 5128 Υίοῦ
937 5078 1339 5147 ἐκπορεύεσθαι
1357 5080 1514 5133 τοῦτο
1532 5081 1626 5134 καὶ
1654 5083 1800 5148 μάλα
1818 5083 2036 5155 δηλοῦν

461 5164 606 5219 ὥστε
619 5167 854 5221 ἀναίτιοι
875 5169 974 5239 μὲν
987 5171 1034 5222 οί
1053 5170 1184 5240 περὶ
1197 5170 1289 5223 τὸν
1310 5172 1374 5224 'A
1385 5189 1529 5242 ρειον
1544 5173 1687 5228 κατά
1705 5176 1786 5242 σὲ,
1804 5175 2038 5230 ἀναίτιοι

459 5262 517 5314 δέ
541 5260 620 5335 (6)
651 5263 699 5316 oi
735 5264 866 5334 napi.
892 5263 1231 5318 Μακεδόνων
1268 5265 1365 5317 καὶ
1392 5263 1661 5334 Εὐνόμιον
1682 5268 1775 5320 καὶ
1805 5267 2036 5333 Ἀέτιον,

463 5354 634 5425 ἄλλης
659 5354 853 5419 οὐσίας
881 5356 1035 5427 παρὰ
1066 5355 1156 5410 τὸν
1190 5356 1410 5427 Πατέρα
1438 5357 1500 5410 τὸ
1524 5358 1750 5427 Πνεῦμα
1774 5361 2036 5430 οἰόμενοι,

467 5445 639 5516 μήπω
670 5447 771 5518 μέν
799 5447 908 5502 τῶν
937 5446 1279 5504 διδασκάλων
1311 5449 1371 5504 τδ
1409 5448 1485 5504 δι’
1520 5449 1660 5505 Υίοῦ
1689 5451 2039 5521 προσθέντων

532 5624 611 5696 (i)
647 5623 791 5680 Men.
813 5642 841 5696 :7
863 5624 1016 5696 αὐτό.

535 5695 795 5772 (2)_\_lide_
834 5695 1066 5767 Nysseni
1112 5695 1287 5772 verba
1331 5703 1478 5770 apud
1537 5697 1766 5770 Gregor.
1811 5697 1931 5772 Cpi.
1984 5701 2038 5758 in

464 5764 629 5837 Marci
652 5764 927 5837 Confessi,
955 5782 1078 5837 cap.
1105 5767 1158 5820 1.

540 5835 618 5907 (3)
653 5835 799 5894 Men.
826 5836 865 5906 ί,
894 5836 1002 5894 254
1025 5835 1067 5892 ἰι
1093 5856 1106 5895 :
1142 5840 1222 5893 τό.

2065 4569 2112 4627 D

2122 1966 2296 2034 ipsum
2329 1962 2627 2030 procedere,
2667 1975 2695 2014 a
2723 1957 3009 2026 temetipso
3030 1965 3086 2010 ct
3117 1970 3183 2009 ex
3212 1952 3434 2023 proprio
3467 1949 3698 2004 arbitrio

2129 2054 2393 2124 loqueris,
2428 2067 2606 2119 neque
2631 2051 2794 2105 ullam
2821 2063 2892 2103 ea.
2921 2047 3129 2102 ratione
3159 2053 3442 2113 cogentem
3469 2042 3700 2095 drmnne

2125 2146 2474 2208 strationem,
2506 2157 2684 2211 neque
2725 2140 3012 2194 doctorum
3060 2139 3440 2190 auctoritatem
3490 2131 3697 2199 produ-

2127 2246 2304 2296 cens;
2362 2231 2567 2284 idcirco
2623 2239 2678 2285 et
2723 2227 3082 2298 probabiliter
3111 2239 3272 2279 nemo
3305 2222 3399 2277 tibi
3451 2221 3697 2274 animum

2127 2323 2395 2378 advertet.
2423 2321 2534 2377 Nos
2575 2329 2758 2375 autem
2793 2319 2885 2388 qui
2937 2319 3188 2372 doctores
3210 2328 3402 2368 omnes
3426 2311 3707 2365 habemus

2128 2414 2272 2470 idem
2305 2423 2594 2470 censentes
2627 2423 2740 2469 tum
2767 2409 3030 2480 Spiritum
3071 2406 3250 2464 Patris
3281 2420 3403 2459 esse
3431 2403 3538 2456 diei
3579 2413 3695 2454 tum

2127 2526 2192 2565 ex
2231 2508 2390 2562 Patre
2424 2504 2742 2575 procedere,
2786 2511 2862 2568 et,
2899 2499 3045 2570 quod
3088 2499 3264 2568 majus
3286 2505 3386 2558 est,
3419 2493 3540 2549 Filii
3575 2508 3699 2547 esse

2131 2601 2391 2670 Spiritum
2426 2606 2482 2652 et
2504 2613 2570 2651 ex
2609 2595 2747 2650 Filio
2773 2593 3069 2662 procedere
3099 2589 3362 2663 (reperiet
3394 2594 3575 2641 autem
3603 2583 3702 2653 qui

2131 2691 2369 2762 yoluerit
2398 2689 2685 2752 Ililarium,
2721 2685 3140 2754 Hieronymum,
3189 2679 3561 2741 Ambrosium,
3588 2677 3702 2731 Au.

2129 2781 2434 2853 gustiuum,
2483 2777 2805 2850 Gregorium
2853 2776 3134 2845 Dialogum
3191 2772 3398 2826 diserte
3465 2770 3569 2824 hoc
3622 2767 3706 2823 di-

2131 2884 2337 2938 centes,
2384 2882 2440 2929 et
2489 2887 2558 2928 ex
2607 2869 2811 2927 nostris
2869 2876 2924 2924 et
2981 2867 3356 2932 Orientalibus
3419 2861 3703 2927 Basilium,

2129 2967 2452 3038 Gregorium
2498 2963 2803 3037 Nyssenum
2830 3003 2844 3028 ,
2893 2961 3156 3032 Cyrillum
3186 3000 3201 3025 ,
3245 2956 3608 3028 Epiphanium
3650 2961 3707 3006 et

2132 3070 2381 3124 caeteros,
2413 3057 2518 3113 etsi
2561 3072 2670 3111 non
2701 3057 2773 3110 ita
2808 3053 3144 3125 perspicue),
3175 3067 3300 3115 nos,
3329 3050 3574 3119 inquam,
3609 3045 3706 3117 qui

2133 3152 2248 3207 lucc
2289 3150 2472 3206 omnia
2524 3149 2788 3204 habemus
2818 3156 2874 3203 ct
2924 3148 3165 3202 rationes
3190 3159 3332 3214 saepe
3378 3142 3710 3198 adduximus

2081 3248 2096 3263 ‘
2133 3244 2187 3298 in
2219 3243 2362 3303 aliis,
2394 3241 2530 3296 nihil
2554 3255 2815 3295 curamus
2838 3247 2960 3294 tuas
2981 3238 3452 3294 ratiocinationes.
3481 3233 3709 3300 Insuper

2137 3345 2370 3392 testatur
2403 3348 2624 3404 quoque
2649 3331 3009 3402 Augustinus,
3033 3345 3194 3400 quem
3222 3344 3330 3383 non
3359 3327 3519 3397 plane
3549 3324 3711 3379 intel-

2132 3427 2257 3497 ligis
2279 3426 2334 3481 in
2370 3439 2436 3480 eo
2456 3423 2601 3496 quod
2637 3422 2904 3492 Spiritum
2928 3421 3122 3476 donum
3149 3419 3328 3474 Patris
3370 3425 3419 3471 et
3452 3415 3584 3471 Filii
3610 3431 3710 3470 vo-

2133 3525 2241 3581 cat,
2297 3524 2464 3586 atque
2519 3516 2738 3584 ignoras
2790 3529 2916 3569 eum
2985 3513 3190 3568 donum
3249 3511 3535 3566 amborum
3587 3524 3710 3562 esse

2134 3608 2400 3679 Spiritum
2429 3607 2610 3663 dicere
2631 3603 3024 3676 aeternalitater
3045 3612 3102 3659 et
3144 3604 3353 3674 absque
3386 3613 3630 3670 tempore
3655 3610 3712 3656 ct

2133 3697 2522 3762 essentialiter,
2553 3708 2718 3767 atque
2762 3697 2970 3753 idcirco
3001 3711 3126 3752 eum
3175 3695 3460 3750 amborum
3502 3694 3709 3748 donum

2133 3806 2275 3855 esse,
2309 3790 2437 3860 quia
2467 3805 2530 3844 ea:
2575 3788 2824 3843 ambobus
2872 3788 3202 3844 wtemaliter
3251 3788 3504 3858 procedit,
3534 3787 3613 3840 ita
3640 3785 3710 3839 ad

2133 3883 2365 3938 verbum
2414 3879 2626 3936 dicens.
2657 3880 2988 3949 Quanquam
3037 3879 3162 3949 quis
3217 3879 3386 3934 alium
3419 3893 3615 3933 vocum
3649 3877 3715 3930 it-

2134 3977 2245 4050 lius
2299 3976 2658 4044 interpretem
2707 3973 2993 4027 meliorem
3039 3981 3247 4040 qureret
3281 3970 3432 4029 illum
3483 3984 3714 4038 prorsus

2135 4065 2595 4140 praetermittens?
2617 4065 2883 4121 Praeclare
2909 4079 3066 4127 vero,
3099 4062 3245 4132 quod
3289 4062 3599 4117 Servatoris
3643 4061 3725 4117 de-

2139 4161 2348 4231 Spiritu
2403 4167 2596 4215 sancto
2641 4157 2974 4223 doctrinam,
3004 4171 3124 4225 qua:
3162 4153 3468 4210 secundum
3513 4163 3564 4208 te
3610 4154 3719 4207 ima

2135 4253 2378 4324 perfecta
2428 4259 2534 4317 est,
2575 4248 2880 4321 perfectius
2935 4249 3128 4304 Patres
3170 4246 3576 4316 cxpoliverunt,
3617 4262 3714 4315 per

2135 4345 2335 4400 Filium
2364 4343 2627 4412 Spiritum
2661 4341 2962 4411 procedere
3000 4346 3332 4394 asserentes.
3360 4337 3532 4404 Quam
3577 4338 3716 4390 ridi-

2138 4436 2260 4492 cula
2287 4444 2343 4490 et
2370 4434 2600 4506 puerilia
2629 4449 2820 4488 revera
2841 4431 3150 4502 eloquerisl
3173 4429 3329 4487 Unde
3352 4431 3456 4486 nisi
3480 4445 3566 4484 me
3585 4445 3712 4500 erga

2140 4545 2289 4595 eum,
2321 4530 2416 4599 qui
2447 4526 2732 4599 ﬂagitavit,
2762 4534 2824 4580 ut
2848 4525 3003 4581 hisee
3037 4524 3145 4579 tuis
3167 4523 3491 4579 ratiunculis
3515 4537 3714 4578 occur-

2141 4635 2346 4687 rerem,
2389 4627 2446 4675 et
2479 4617 2788 4674 reverentia
2818 4625 2876 4673 et
2919 4615 3210 4688 promissio
3240 4615 3578 4680 retinuisset,
3602 4615 3712 4683 iam

2138 4712 2368 4778 dudum,
2411 4711 2498 4766 vel
2547 4709 2859 4782 abjiciendo
2889 4709 2974 4766 vel
3031 4707 3323 4763 lacerando
3355 4707 3440 4762 vel
3484 4708 3716 4762 combu-

2137 4805 2311 4862 rendo
2343 4805 2462 4860 haec
2492 4813 2586 4860 tua
2613 4803 2816 4874 scripta
2844 4818 2930 4858 me
2959 4802 3027 4858 ab
3070 4801 3174 4857 hac
3206 4817 3266 4857 re
3291 4800 3714 4871 expedivissem.
3780 4860 3787 4868 _

2135 4899 2272 4956 Nam
2329 4915 2392 4952 ea:
2431 4897 2598 4952 Patre
2637 4895 2917 4968 procedere
2958 4894 3219 4966 Spiritum
3248 4908 3359 4948 non
3403 4893 3715 4963 significare

2139 4987 2768 5044 consubstantialitatem
2798 4985 3111 5053 contendis,
3144 4986 3422 5056 procedere
3443 4994 3626 5039 autem
3653 4999 3717 5038 ea:

2142 5081 2304 5138 Patre
2331 5097 2427 5152 per
2456 5080 2655 5136 Filium
2681 5095 2802 5135 eam
2833 5079 3101 5135 denotare
3146 5077 3234 5132 vel
3262 5079 3519 5133 maxime.
3556 5075 3717 5133 Unde

2140 5174 2464 5228 innocentes
2499 5171 2805 5227 secundum
2853 5179 2908 5227 te
2945 5179 3076 5227 sunt
3126 5169 3244 5223 Arii
3287 5168 3532 5232 asseclaa,
3559 5167 3718 5220 inno-

2140 5274 2328 5320 centes
2360 5279 2494 5320 vero
2513 5264 2679 5319 etiam
2706 5262 3035 5329 Macedonii,
3069 5260 3320 5315 Eunomii
3361 5269 3526 5328 atque
3571 5257 3720 5311 Aetii

2141 5365 2461 5421 sectatores,
2483 5356 2575 5426 qui
2608 5355 2837 5410 diversa:
2866 5369 2894 5408 a
2915 5354 3077 5408 Patre
3100 5351 3421 5406 substantiae
3451 5348 3718 5417 Spiritum

2141 5453 2501 5512 censuerunt,
2530 5460 2658 5502 cum
2693 5443 2936 5500 nondum
2969 5440 3280 5499 audiverim
3303 5439 3591 5510 doctores,
3621 5437 3719 5510 qui

2217 5628 2297 5695 (ι)
2323 5626 2470 5681 Men.
2495 5625 2808 5695 ἀπέδωσαν.

2215 5691 2412 5772 (ωεξο
2445 5705 2595 5750 recte
2624 5694 2800 5752 Mare.
2850 5695 2891 5752 ί.
2931 5694 2993 5752 9t
3033 5710 3061 5750 a
3087 5712 3102 5763 ;
3132 5691 3279 5750 Mon.
3303 5709 3318 5749 :
3346 5691 3654 5764 ἀπορρίψω
3685 5691 3738 5772 ἦ

2144 5765 2588 5913 διᾶξιῗξῖλςξοῖιέιω.
