4124 6404
415 407 520 466 ἓζὶ

971 517 1108 571 ΤΟΥ
1147 517 1447 571 ΝΙΚΔΙΛΣ.

491 636 553 687 Οἱ
585 635 683 705 μὲν
713 634 950 700 Λατῖνοι,
984 635 1058 698 ὡς
1091 637 1183 688 καὶ
1205 637 1263 688 ἐν
1293 637 1470 697 ἄλλοις
1502 637 1632 705 ἡμῖν
1659 637 1991 710 πλατύτερον

421 727 660 794 εἴρηται,
691 726 830 795 πρὸς
853 727 950 794 τὴν
991 727 1208 794 ίσότητά
1233 743 1292 778 τε
1329 727 1421 777 καὶ
1447 726 1759 796 ὁμοιότητα,
1793 728 1990 796 μᾶλλον

417 816 474 868 δὲ
513 817 816 885 ταυτότητα
860 818 959 884 τῆς
1004 817 1069 869 ὲκ
1120 817 1329 886 Πατρδς
1389 817 1482 870 καὶ
1516 815 1646 870 Υίοῦ
1694 817 1787 869 :06
1832 819 1989 885 ἁγίου

419 909 736 975 Πνεύματος
785 909 1055 977 προϐολῆς
1105 910 1416 977 ἀφορῶντες
1468 911 1566 978 τὴν
1615 909 1682 962 ἐκ
1736 911 1990 976 πρόθεσιν

421 1001 622 1068 μᾶλλον
651 1001 747 1068 τῆς
779 997 877 1053 διὰ
905 1000 1314 1069 δοκιμάζουσιν,
1343 1002 1558 1069 ἐκείνην
1586 1000 1896 1068 φεύγοντες,
1929 1001 1987 1053 06

417 1092 505 1144 διὰ
553 1092 612 1143 τὸ
659 1092 756 1144 δύο
788 1093 964 1162 ἀρχὰς
1011 1093 1270 1159 είσάγειν,
1317 1094 1392 1154 ὡς
1427 1093 1552 1162 φῂς,
1586 1092 1720 1144 ἀλλὰ
1765 1093 1852 1145 διὰ
1892 1093 1990 1162 τὴν

417 1181 664 1234 ἀτέλειαν
709 1184 803 1234 καὶ
851 1181 910 1232 :6
957 1181 1254 1249 ὀργανικὴν
1303 1197 1424 1234 τινα
1457 1181 1746 1248 σημαίνειν
1780 1181 1984 1234 αἰτίαν.

415 1271 534 1322 Εἰσὶ
584 1269 763 1339 μέντοι
813 1287 876 1336 γε
921 1269 969 1322 οἳ
1002 1271 1094 1322 καὶ
1145 1270 1280 1338 αὐτῇ
1324 1269 1583 1336 χρῶνται,
1639 1270 1988 1322 σπανιώτατα

419 1363 623 1429 μέντοι·
651 1363 744 1415 καὶ
768 1361 978 1428 μάρτυς
1012 1363 1039 1413 6
1073 1361 1248 1430 μέγας
1280 1360 1504 1428 Ίλάριος
1541 1360 1899 1428 ἀρχαιότατός
1927 1378 1988 1412 τε

414 1452 510 1504 καὶ
540 1452 854 1519 σοφώτατος
882 1450 992 1503 τῶν
1037 1450 1344 1504 Λατινικῶν
1383 1450 1722 1503 διδασκάλων
1753 1454 1847 1506 καὶ
1882 1453 1988 1504 Πα-

413 1543 589 1611 τέρων
617 1543 934 1610 γενόμενος.
971 1542 1197 1612 Γραῖκοί
1227 1543 1282 1594 δὲ
1317 1543 1408 1594 καὶ
1442 1539 1694 1609 Γραῖκῶν
1724 1542 1772 1593 0i
1811 1542 1988 1594 Πατέ-

419 1651 508 1702 ρες
536 1651 593 1685 τε
623 1633 714 1686 καὶ
746 1631 1052 1686 διδάσκαλοι
1075 1631 1174 1700 τὴν
1204 1632 1339 1700 πρὸς
1366 1633 1456 1686 τὸν
1487 1633 1705 1702 Πατέρα
1733 1632 1828 1685 τοῦ
1856 1632 1986 1685 Υἱοῦ

415 1724 598 1791 σχέσιν
645 1724 738 1777 καὶ
768 1724 923 1786 τάξιν
965 1725 1058 1776 καὶ
1102 1724 1163 1776 :6
1203 1723 1414 1777 ἐκεῖθεν
1444 1724 1604 1778 αὑτὸν
1639 1725 1815 1778 πάντα
1843 1724 1988 1795 ἔχειν

419 408 520 468 333,1
1073 420 1090 434 '
1468 408 1908 470 REFUTA'I‘IO
1950 411 2195 472 MARCI
2240 415 2633 481 El’nESlNI.

1781 537 1789 545 ‘
2019 526 2066 582 Δ

3560 417 3663 478 22-2

2743 532 2997 588 ΝΙΟᾹΞΝΙ

2165 643 2341 699 Latini
2395 648 2639 716 quidem,
2691 657 2748 701 ut
2796 648 2978 702 alibia
3031 648 3188 701 nobis
3230 647 3404 701 fusius
3456 646 3661 700 dictum

2090 745 2174 789 est
2194 736 2290 801 (α),
2313 739 2376 790 ad
2407 741 2771 808 aequalitatem
2791 751 2846 793 et
2872 741 3311 802 similitudinem,
3347 741 3453 792 imo
3479 741 3661 806 potius

2092 828 2431 883 identitatem
2489 833 2807 900 spirationis
2836 832 3074 900 Spiritus
3105 833 3278 886 sancti
3310 845 3374 884 ex
3410 832 3568 884 Patre
3605 839 3662 884 et

2091 918 2230 974 Filio
2257 923 2613 990 respicientes
2645 926 3084 992 prchositionem
3120 941 3183 990 ea;
3209 925 3376 990 magis
3404 925 3658 991 probant,

2091 1028 2254 1079 quam
2302 1016 2737 1082 praepositionem
2783 1034 2898 1087 per,
2957 1024 3200 1085 hancque
3246 1018 3501 1087 fugiunt,
3546 1032 3654 1070 non

2091 1105 2246 1172 quasi
2284 1104 2409 1159 inde
2443 1107 2551 1158 duo
2587 1106 2978 1161 inducerentur
3009 1109 3298 1178 principia,
3333 1117 3391 1160 ut
3424 1124 3524 1170 ais,
3561 1107 3656 1160 sed

2091 1207 2315 1265 propter
2341 1198 2807 1266 imperfectionem
2838 1209 2892 1252 et
2921 1201 3050 1268 quia
3087 1201 3394 1268 organicam
3429 1201 3658 1264 (instru-

2092 1291 2406 1359 mentalem)
2430 1291 2720 1359 quamdam
2748 1307 2967 1344 causam
2992 1291 3282 1352 significat.
3309 1289 3448 1343 Sunt
3477 1297 3658 1341 tamen

2089 1392 2146 1436 et
2194 1398 2261 1436 ex
2312 1383 2378 1436 iis
2418 1382 2509 1450 qui
2573 1383 2671 1435 ista
2726 1391 2973 1445 utuntur,
3009 1381 3288 1434 rarissime
3344 1389 3558 1442 tamen;
3605 1387 3661 1431 et

2092 1472 2242 1523 testis
2288 1481 2371 1522 est
2395 1484 2624 1537 magnus
2663 1468 2919 1530 Hilarius,
2953 1470 3042 1536 qui
3079 1479 3134 1521 et
3171 1469 3577 1522 vetustissimus
3603 1478 3659 1520 et

2089 1558 2530 1628 sapientissimus
2569 1559 2710 1612 inter
2767 1558 2988 1613 Latinos
3039 1558 3294 1612 doctores
3352 1556 3658 1624 Patresquc

2091 1649 2192 1704 fuit
2247 1649 2344 1718 (b).
2387 1649 2556 1703 Grzeei
2627 1666 2756 1703 vero
2809 1661 2973 1718 atque
3007 1650 3318 1704 Graecorum
3363 1647 3554 1702 Patres
3604 1654 3661 1700 et

2089 1740 2342 1795 doctores
2381 1741 2502 1795 Filii
2527 1740 2592 1794 ad
2629 1743 2844 1796 Patrem
2893 1741 3276 1794 habitudinem
3307 1748 3361 1791 et
3407 1737 3658 1792 ordinem

411 1813 606 1882 δηλοῦν
638 1815 768 1883 περὶ
803 1815 1050 1878 πλείονος
1075 1814 1439 1881 ποιησάμενοι
1465 1817 1532 1884 τῇ
1563 1813 1661 1868 διὰ
1698 1815 1772 1876 ὡς
1806 1816 1897 1868 ἐπὶ
1929 1815 1979 1867 :6

2089 1841 2251 1900 atque
2279 1833 2423 1900 quod
2457 1849 2484 1886 a
2517 1835 2673 1888 Patre
2697 1834 2880 1888 omnia
2922 1833 3086 1886 habet
3126 1832 3408 1886 declarare
3438 1829 3662 1896 majoris

414 1905 664 1958 πλεῖστον
691 1905 952 1976 χρῶνται,
984 1906 1092 1958 οὐδ’
1116 1905 1268 1957 αὐτοὶ
1300 1906 1448 1974 ὅμως
1476 1906 1755 1968 παντελῶς
1783 1906 1880 1976 τὴν
1911 1907 1980 1960 ἐκ

413 1996 776 2064 ἐξορίσαντες.
828 1997 938 2049 Καὶ
993 1996 1231 2065 παρίημι
1279 1999 1626 2066 παραγαγεῖν
1679 1998 1984 2067 μαρτυρίας

409 2086 483 2148 ὡς
521 2088 654 2140 πᾶσι
687 2088 1022 2158 γνωρίμους.
1059 2089 1222 2140 Ὅθεν
1252 2089 1475 2151 εἰκότως
1503 2089 1614 2141 τῶν
1653 2089 1902 2158 Γραῖκῶν
1932 2091 1981 2144 οἱ

411 2177 548 2248 πρὸς
591 2179 691 2247 τὴν
745 2178 1006 2248 ἀλήθειαν
1036 2179 1422 2242 άποκλίναντες
1454 2181 1531 2240 ὡς
1573 2181 1889 2250 Χριστιανοὶ
1921 2198 1981 2234 τι

414 2269 507 2322 καὶ
538 2269 882 2339 εὐγνώμονες
916 2271 1042 2332 τοὺς
1081 2270 1436 2334 διδασκάλους
1481 2271 1726 2339 ἀλλήλοις
1757 2290 1984 2341 συμφω-

409 2360 633 2422 νοῦντας
683 2361 993 2430 δείκνυμεν·
1025 2360 1100 2424 ὡς
1144 2361 1300 2415 τοῦτο
1353 2361 1777 2429 ἀναγκαιότατον
1825 2362 1883 2415 δν
1914 2365 1976 2432 τῇ

410 2455 592 2507 πίστει
640 2454 734 2507 καὶ
765 2452 824 2506 06
871 2453 999 2508 ἄνευ
1041 2455 1216 2507 πᾶσαν
1267 2456 1333 2508 ἂν
1364 2456 1518 2524 ἡμῶν
1569 2454 1666 2526 τὴν
1699 2456 1979 2509 εὐσέϐειαν

407 2542 720 2614 οἰχομένην
755 2545 849 2598 καὶ
890 2544 988 2613 τὴν
1019 2543 1117 2596 διὰ
1162 2546 1226 2613 τῇ
1259 2544 1326 2596 ἐκ
1358 2543 1555 2598 ταυτὸν
1603 2545 1780 2613 φαμὲν
1822 2543 1981 2598 δύνα-

410 2634 534 2688 σθαι
565 2637 656 2687 ἐπὶ
693 2635 788 2688 τοῦ
821 2636 1207 2704 προκειμένου,
1241 2635 1333 2689 καὶ
1363 2637 1457 2689 τὸν
1490 2634 1662 2705 μέγαν
1698 2635 1978 2687 Βασίλειον

407 2725 810 2796 ἔχοντες-τοῦτο
841 2727 1184 2795 βουλόμενον,
1211 2725 1285 2789 ὡς
1315 2728 1374 2780 ὲν
1411 2729 1521 2789 τοῖς
1549 2727 1809 2796 ἀνωτέρω
1841 2725 1977 2778 ἐδεί-

408 2819 598 2888 ξαμεν.
628 2818 764 2872 Οὐδὲ
789 2820 975 2872 καινὸν
1003 2818 1178 2883 οὐδὲν,
1211 2820 1260 2872 εί
1293 2819 1513 2872 Λατῖνοι
1547 2817 1646 2888 μὲν
1685 2819 1822 2890 πρὸς
1851 2817 1978 2871 ἄλλο

406 2905 695 2976 βλέποντες
725 2907 853 2961 ἄλλο
887 2909 1038 2976 φασὶ,
1073 2907 1183 2960 τῶν
1217 2909 1466 2978 Γραῐκῶν
1509 2910 1554 2962 δ’
1579 2909 1628 2961 οἱ
1671 2909 1976 2962 διδάσκαλοι

408 3001 582 3054 ἄλλων
613 3001 793 3054 εἵνεκα
820 3003 997 3070 λόγων
1035 3003 1218 3070 ἕτερα,
1254 3002 1328 3072 μὴ
1359 3005 1539 3072 μέντοι
1572 3003 1808 3068 ἐναντία,
1839 3003 1974 3056 ἀλλὰ

408 3095 546 3164 πρὶς
573 3093 633 3146 τὸ
661 3095 792 3147 αὐτὸ
823 3095 1194 3164 συμπέρασμα
1223 3095 1458 3164 φέροντα
1490 3096 1675 3164 ἄμφω.
1707 3097 1774 3148 Ἃ
1798 3095 1975 3158 καλῶς

2086 1923 2347 1977 facientes
2391 1925 2775 1993 prazpositione
2809 1941 2903 1994 per
2957 1933 3013 1978 ut
3062 1924 3359 1992 plurimum
3407 1930 3658 1986 utuntur,

2087 2031 2264 2083 neque
2295 2025 2472 2069 tamen
2517 2016 2614 2084 ipsi
2651 2016 3088 2081 prmpositionem
3135 2032 3199 2068 ex
3224 2014 3449 2066 omnino
3470 2012 3661 2066 exclu-

2084 2107 2240 2162 dunt.
2283 2106 2489 2162 Omitto
2525 2109 2839 2161 testimonia
2876 2107 3178 2176 producere
3221 2116 3406 2175 utpote
3438 2105 3657 2159 cunctis

2084 2208 2212 2253 nota
2247 2199 2337 2267 (c).
2373 2199 2742 2265 Quamobrem
2792 2200 2988 2254 merito
3041 2199 3074 2251 ii
3115 2198 3430 2252 Graecorum
3470 2196 3562 2264 qui
3587 2195 3656 2248 ad

2082 2291 2368 2346 veritatem
2401 2291 2770 2355 transivimus,
2800 2289 3174 2344 utChrisliani
3209 2297 3262 2342 et
3294 2286 3655 2354 intelligentia

2083 2383 2295 2452 praediti
2348 2382 2597 2450 doctores
2645 2382 2746 2435 sibi
2797 2381 3027 2434 invicem
3073 2379 3372 2434 concordes
3412 2375 3657 2430 ostendi-

2083 2489 2224 2536 mus,
2255 2481 2445 2542 utpote
2489 2472 2634 2541 quod
2669 2472 2902 2524 maxime
2935 2469 3306 2523 necessarium
3340 2468 3410 2520 sit
3435 2466 3557 2519 fidei
3598 2473 3655 2519 et

2080 2580 2190 2634 quo
2219 2564 2475 2633 adempto
2511 2564 2690 2617 omnis
2719 2574 2902 2617 nostra
2935 2563 3127 2631 religio
3157 2569 3398 2615 corruat.
3432 2559 3494 2612 Et
3516 2575 3658 2628 pra:-

2080 2657 2403 2727 positionem
2423 2672 2516 2726 per
2543 2655 2684 2710 idem
2715 2655 2895 2709 valere
2928 2655 3164 2707 dicimus
3202 2669 3264 2707 ac
3310 2651 3654 2720 praepositio-

2079 2765 2204 2803 nem
2241 2766 2304 2802 ex
2327 2749 2380 2802 in
2422 2749 2698 2817 proposita
2733 2747 2982 2807 materia.
3013 2746 3178 2800 etiam
3213 2759 3468 2813 magnum
3506 2741 3652 2794 Basi-

2078 2843 2212 2897 lium
2265 2841 2531 2895 habentes
2579 2839 2630 2892 id
2685 2839 2992 2901 docentem,
3052 2845 3111 2889 ut
3160 2836 3214 2889 in
3272 2833 3654 2904 superioribus

2079 2934 2575 2988 demonstravimus
2597 2931 2696 2999 (ά).
2732 2929 2920 2997 Neque
2958 2943 3160 2982 novum
3200 2928 3310 2981 ullo
3342 2927 3502 2980 modo
3544 2935 3652 2992 est,

2078 3026 2122 3079 si
2151 3024 2329 3079 Latini
2354 3023 2419 3077 ad
2453 3022 2600 3076 aliud
2634 3021 2988 3090 respicientes
3014 3021 3163 3074 aliud
3200 3019 3412 3084 dicunt,
3437 3018 3649 3073 Graeco-

2077 3130 2198 3169 rum
2235 3131 2364 3169 vero
2402 3114 2675 3176 doctores,
2701 3112 2930 3165 aliarum
2964 3111 3238 3164 rationum
3286 3111 3480 3179 gratia,
3519 3109 3648 3173 alia,

411 3186 690 3248 ποιοῦντες
707 3187 754 3238 οἱ
785 3187 848 3238 ὲκ
870 3184 960 3238 σοῦ
987 3185 1210 3239 καὶτῶν
1239 3187 1322 3239 σοὶ
1346 3187 1546 3255 ὁμοίως
1577 3188 1978 3254 ὲσκοτισμένων

2083 3222 2192 3261 non
2230 3216 2408 3260 tamen
2442 3205 2736 3266 contraria,
2758 3202 2851 3256 sed
2881 3203 2945 3256 ad
2971 3202 3218 3257 eamdem
3241 3201 3648 3256 conclusionem

410 3277 652 3346 εὐτυχῶς
702 3279 1048 3340 ἐκπεσόντες,
1090 3277 1305 3344 μᾶλλον
1335 3277 1390 3330 δὲ
1439 3278 1768 3352 ἀναστάντες
1815 3281 1868 3349 (ἡ
1914 3281 1976 3332 ὲκ

404 3369 499 3422 τοῦ
554 3370 785 3433 σκότους
838 3369 944 3439 γὰρ
995 3369 1089 3422 καί⁵
1139 3369 1233 3422 τοῦ
1281 3369 1511 3438 ψεύδους
1539 3371 1809 3435 ἔκπτωσις
1839 3373 1975 3442 πρὸς

403 3466 503 3536 τὴν
527 3466 786 3535 ἀλήθειαν
823 3470 914 3520 καὶ
948 3468 1008 3521 :6
1054 3467 1168 3536 φῶς
1212 3469 1358 3520 ἐστιν
1387 3469 1674 3533 άπόκλισις
1720 3471 1812 3524 καὶ
1841 3471 1975 3524 ἀπό-

404 3558 591 3627 ϐλεψις
637 3561 734 3612 καὶ
776 3559 1004 3630 εὐτυχὴς
1061 3559 1228 3622 ὅντως
1277 3550 1617 3630 άνάστὲισις)·
1653 3561 1837 3625 καλῶς
1881 3558 1976 3615 οὖν

403 3648 550 3702 οὗτοί
595 3666 657 3716 γε
687 3649 780 3702 καὶ
811 3650 1050 3712 εὐσεϐῶς
1075 3647 1354 3712 ποιοῦντες
1392 3651 1754 3720 συμϐαίνοντά
1788 3669 1846 3705 τε
1882 3653 1975 3706 καὶ

401 3743 663 3814 ὁμόφωνα
691 3741 942 3811 ἀλλήλοις
974 3742 1036 3794 ἐκ
1065 3758 1124 3794 τε
1155 3741 1250 3795 τοῦ
1289 3742 1446 3810 λόγου
1477 3741 1664 3807 αὑτοῦ,
1699 3743 1761 3797 ἔκ
1790 3761 1847 3797 τε
1880 3743 1974 3798 τοῦ

402 3836 512 3887 τῶν
540 3836 711 3902 ἁγίων
741 3832 1044 3900 ἀξιώματος
1071 3831 1385 3902 ὁρμώμενοι
1417 3833 1590 3886 ταῦτα
1615 3835 1972 3891 δεικνύουσιν.

404 3927 567 3981 Ὅθεν
609 3929 771 3997 ἡμεῖς
803 3925 904 3996 μὲν
950 3925 1077 3979 οὔτε
1123 3927 1223 3994 τὴν
1263 3926 1360 3980 διὰ
1393 3927 1485 3980 καὶ
1526 3928 1585 3980 τὸ
1616 3931 1753 3996 μετὰ
1783 3931 1880 3999 τῆς
1904 3930 1974 3984 ἐκ

400 4019 550 4074 ἐστιν
581 4021 666 4090 ἐφ’
691 4015 767 4074 ὧν
798 4020 1120 4090 ίσοδύναμον
1169 4019 1341 4086 αὐτῆς
1372 4019 1700 4090 άπόλλυμεν,
1735 4020 1860 4076 οὔτε
1896 4024 1976 4086 είς

399 4113 660 4182 δυαρχίαν
708 4113 1066 4179 ὲκπίπτομεν.
1115 4111 1174 4164 Εἰ
1226 4113 1333 4179 γὰρ
1374 4113 1469 4165 καὶ
1513 4113 1606 4165 δύο
1650 4113 1914 4181 πρόσωπα
1946 4114 1975 4166 6

407 4206 594 4270 Πατὴρ
624 4205 718 4257 καὶ
745 4205 772 4256 ὁ
803 4204 946 4268 Υἱὸς,
974 4203 1108 4256 ἀλλὰ
1136 4203 1197 4256 :6
1223 4204 1419 4257 είδικὸν
1445 4205 1636 4270 αἴτιον,
1669 4206 1702 4275 ή
1737 4205 1856 4258 Θεία
1887 4207 1975 4259 οὐ·

406 4296 496 4347 σία
541 4294 765 4363 δηλαδὴ,
800 4294 1014 4363 καθ’ἥν
1048 4295 1177 4363 μίαν
1208 4296 1304 4348 καὶ
1330 4295 1431 4366 τὴν
1465 4294 1638 4364 αὐτὴν
1684 4299 1740 4348 ἐν
1788 4297 1973 4360 αὐτοῖς

401 4382 567 4443 οὖσαν
605 4385 774 4454 άμφω
811 4385 871 4437 :6
921 4383 1143 4454 Πνεῦμα
1173 4385 1234 4437 :6
1264 4385 1420 4453 ἅγιον
1464 4387 1879 4456 προϐάλλουσιν,
1915 4388 1975 4441 ἓν

403 4477 500 4530 καὶ
533 4478 704 4532 ταυτὸ
739 4475 978 4547 ἀριθμῷ,
1017 4480 1114 4532 καὶ
1155 4476 1244 4530 διὰ
1283 4477 1442 4532 τοῦτο
1490 4479 1588 4548 μία
1627 4481 1776 4532 ἐστὶν
1805 4480 1968 4551 ἀρχὴ,
2007 4527 2048 4582 D

403 4572 591 4641 ὥσπερ
621 4571 714 4625 καὶ
745 4572 843 4640 τῆς
879 4571 1111 4634 κτίσεως
1146 4569 1370 4641 ήΤριὰς
1396 4567 1533 4625 οὖσα
1561 4574 1732 4634 αίτία,
1759 4574 1819 4626 06
1849 4574 1972 4644 τρία

398 4665 548 4730 ὅμως
574 4663 716 4715 εἰσὶν
747 4663 915 4728 αῐτια,
945 4661 1122 4714 καίτοι
1159 4661 1284 4732 τρία
1309 4661 1384 4732 τῷ
1420 4663 1636 4733 ἀριθμῷ
1675 4663 1830 4730 οὖσα,
1859 4666 1972 4718 ἀλλ’

397 4755 457 4806 ἓν
483 4771 542 4806 τε
571 4755 664 4807 καὶ
696 4755 876 4823 πάντη
905 4754 964 4806 ἒν
998 4754 1086 4808 διὰ
1115 4754 1176 4807 :6
1200 4753 1402 4807 ταυτόν
1433 4771 1492 4807 τε
1527 4756 1619 4807 καὶ
1645 4757 1841 4810 ἑνιαῖον
1869 4757 1973 4826 τῆς

398 4845 542 4907 θείας
577 4845 848 4915 θελήσεως
881 4846 983 4917 (δεῖ
1014 4846 1118 4914 γάρ
1163 4862 1230 4913 με
1271 4844 1533 4907 πολλάκις
1575 4847 1752 4900 ταυτά
1794 4847 1974 4915 λέγειν

396 4939 531 5007 πρὸς
571 4941 663 4992 τὸν
704 4940 792 4994 άεὶ
843 4939 910 4992 τὰ
949 4940 1088 4992 αὐτὰ
1120 4937 1576 5008 άνακυκλοῦντα).
1615 4937 1752 4991 Οὔτε
1785 4937 1841 4990 δὲ
1883 4939 1986 4992 διὰ

393 5031 553 5084 τοῦτο
599 5031 790 5102 ἕψεται
840 5030 1049 5099 κτίσμα
1097 5026 1236 5084 εἶναι
1277 5030 1338 5084 :6
1369 5029 1617 5098 Πνεῦμα,
1645 5029 1722 5092 ὡς
1771 5029 1971 5094 εἴωθας

398 5124 705 5193 ὲπιςέρειν,
751 5124 845 5178 καὶ
873 5124 921 5176 οί
951 5125 1097 5191 λόγοι
1139 5122 1406 5192 εἴρηνται,
1450 5120 1574 5175 οὔτε
1604 5122 1699 5174 καὶ
1738 5121 1770 5192 ἢ
1809 5122 1971 5176 ἑαυτὸ

391 5217 721 5285 προϐάλλειν
753 5217 810 5269 :6
850 5215 1101 5285 Πνεῦμα,
1135 5215 1167 5285 ἢ
1201 5215 1367 5283 ἄλλης
1414 5213 1630 5283 φύσεως
1661 5209 1824 5270 εἶναι.
1861 5213 1969 5266 Καὶ

392 5307 616 5368 τούτους
642 5307 750 5376 γὰρ
776 5308 900 5369 τοὺς
927 5307 1176 5370 ἀσθενεῖς
1197 5306 1468 5374 ὲλύσαμεν
1497 5305 1710 5374 λόγους·
1742 5304 1838 5357 καὶ
1859 5304 1969 5374 γὰρ

393 5400 484 5452 καὶ
517 5400 544 5451 6
575 5399 701 5462 Υἱὸς
732 5403 796 5453 ἐκ
834 5400 1050 5470 Πατρὸς
1104 5401 1246 5454 κατὰ
1291 5399 1389 5469 τὴν
1435 5397 1584 5452 θείαν
1613 5397 1802 5450 οὐσίαν
1836 5413 1966 5466 γεν-

462 5562 540 5629 (a)
567 5560 700 5613 Vide
748 5559 1083 5615 Bessarionis
1115 5557 1268 5614 Orat.
1299 5557 1484 5628 dogm.
1533 5556 1602 5611 de
1650 5555 1857 5612 unione
1907 5556 1963 5613 in

387 5646 544 5684 conc.
585 5629 848 5693 Florcnt.,
875 5646 995 5698 cap.
1030 5630 1063 5682 5
1094 5645 1210 5698 seq.

461 5700 532 5768 (ὁ)
573 5701 826 5764 llilarins,
883 5695 956 5753 de
1003 5695 1200 5752 Triuit'.
1236 5715 1329 5761 xu,
1379 5698 1476 5760 56,
1515 5695 1865 5768 57.7formnla
1898 5715 1964 5751 ea:

394 5766 552 5822 Putre
581 5787 671 5838 per
703 5769 900 5822 Filium
925 5769 1252 5823 utiturJam
1284 5779 1407 5821 ante
1434 5783 1560 5819 eum
1591 5766 1962 5838 'l‘ertullianns

394 5844 516 5891 allv.
554 5837 709 5892 I'i'n)‘.
766 5858 813 5892 (τ.
851 5840 901 5892 4.
929 5848 985 5893 ct
1019 5839 1373 5895 Nevatianus.
1408 5838 1460 5892 ιιι
1497 5838 1638 5892 libro
1675 5837 1746 5891 Dc
1774 5837 1956 5891 'fiiui-

2080 3299 2404 3353 deducentia
2446 3306 2697 3364 utraque.
2725 3295 2855 3360 Quae
2891 3304 3036 3348 recte
3069 3303 3292 3364 agentes
3319 3294 3377 3355 ii,
3408 3293 3501 3361 qui
3534 3309 3562 3345 a
3597 3302 3648 3346 te

2078 3398 2133 3444 et
2173 3389 2240 3443 ab
2273 3389 2338 3442 iis
2379 3388 2472 3455 qui
2505 3387 2601 3440 tibi
2640 3387 2890 3439 similiter
2939 3387 3182 3439 tenebris
3235 3383 3464 3437 involuti
3499 3391 3646 3445 sunt,

2078 3481 2309 3536 feliciter
2357 3480 2695 3543 defecerunt,
2741 3492 2880 3547 quos
2921 3477 3101 3542 lapsos
3133 3477 3295 3539 dicis,
3342 3477 3434 3544 qui
3467 3483 3648 3528 autem

2078 3587 2268 3628 revera
2298 3577 2718 3624 resurrexernnt
2755 3569 2902 3637 (nam
2939 3568 3178 3623 defectio
3211 3585 3240 3622 a
3269 3567 3509 3622 tenebris
3539 3577 3591 3619 et
3620 3581 3650 3619 a

2078 3661 2361 3718 mendacio
2393 3659 2458 3714 ad
2491 3659 2772 3714 veritatem
2814 3672 2878 3712 ac
2918 3657 3105 3711 lumen
3139 3656 3435 3711 declinatio
3469 3663 3553 3708 est
3592 3664 3652 3707 et

2080 3770 2266 3810 revera
2294 3753 2417 3807 felix
2445 3750 2820 3816 resurrectio),
2847 3759 3016 3811 recte,
3044 3749 3283 3818 inquam,
3305 3756 3527 3818 agentes
3560 3747 3649 3801 isti

2077 3863 2142 3902 ac
2183 3846 2435 3916 religiose
2463 3844 2725 3898 facientes
2751 3857 2993 3896 consona
3036 3849 3092 3896 et
3119 3838 3508 3895 concordantia
3543 3839 3647 3892 sibi

2078 3935 2310 3990 invicem
2367 3941 2480 3987 tum
2531 3948 2598 3987 ex
2633 3931 2842 3986 ratione
2887 3931 3028 4000 ipsa,
3055 3939 3167 3984 tum
3217 3945 3281 3983 ex
3331 3937 3647 3984 sanctorum

2078 4028 2402 4081 auctoritate
2455 4023 2710 4078 commoti
2752 4023 3152 4077 demonstrant.
3185 4021 3341 4076 Unde
3387 4035 3489 4073 nos
3521 4021 3650 4089 qui-

2077 4119 2200 4173 dem
2224 4131 2402 4185 neque
2426 4115 2865 4185 praepositionem
2903 4129 2995 4184 per
3040 4123 3094 4167 et
3129 4114 3248 4184 ejus
3281 4113 3334 4166 in
3369 4111 3651 4166 nonnullis
3681 4153 3686 4162 ..

2077 4225 2201 4264 cum
2229 4207 2602 4279 pratpositionc
2636 4221 2698 4259 ex
2725 4204 3186 4275 aaquipollentiam
3216 4203 3520 4272 perdimus,
3553 4217 3651 4256 ne—

2076 4316 2182 4370 que
2210 4300 2263 4352 in
2295 4299 2685 4369 principiorum
2715 4296 3034 4352 dualitatem
3070 4296 3380 4350 incidimus.
3411 4295 3469 4350 Si
3497 4295 3647 4349 enim

2075 4401 2129 4446 et
2152 4391 2273 4444 duae
2307 4403 2550 4457 personae
2575 4399 2704 4444 sunt
2728 4389 2887 4442 Pater
2918 4397 2973 4440 et
3006 4386 3454 4451 Filius,attamcn
3482 4402 3648 4440 causa

2077 4482 2350 4552 speciﬁca,
2389 4481 2574 4535 divina
2599 4481 2853 4535 videlicet
2877 4479 3138 4543 essentia,
3157 4481 3456 4534 secundum
3481 4497 3646 4549 quam

2080 4587 2242 4626 unam
2266 4570 2621 4641 eamdemque
2647 4572 2698 4624 in
2729 4570 2863 4640 ipsis
2902 4572 3258 4626 exsistentem
3286 4572 3447 4626 ambo
3472 4571 3651 4640 Spiri-

2083 4671 2192 4718 tum
2220 4671 2467 4718 sanctum
2519 4663 2851 4732 producunt,
2889 4679 2996 4718 una
3041 4664 3397 4733 eamdemque
3433 4677 3516 4719 est
3549 4681 3650 4718 nu-

2080 4769 2252 4816 mero,
2280 4754 2511 4824 ideoque
2544 4771 2714 4808 unum
2745 4755 3075 4825 principium
3098 4795 3114 4820 ,
3150 4756 3294 4809 sicut
3323 4757 3490 4810 etiam
3523 4773 3648 4811 cum

2081 4847 2320 4902 Trinitas
2381 4849 2465 4902 sit-
2496 4862 2681 4902 rerum
2725 4858 3033 4902 creatarum
3077 4863 3262 4912 causa,
3311 4859 3492 4904 tamen
3541 4866 3650 4906 non

2082 4948 2194 4994 tres
2227 4954 2407 4995 causa:
2431 4947 2580 5005 sunt,
2613 4939 2741 4994 licet
2773 4939 2874 4995 tria
2927 4956 3158 4994 numero
3201 4942 3288 4995 illa
3334 4941 3427 5006 sit,
3460 4956 3648 4996 verum

2080 5048 2187 5087 una
2223 5040 2278 5086 et
2305 5033 2452 5088 omni
2484 5047 2550 5087 ex
2603 5043 2755 5102 parte
2795 5046 2902 5086 una
2941 5042 3165 5103 propter
3209 5033 3553 5088 identitatem
3597 5042 3653 5086 ιι

2077 5126 2408 5194 singularem
2453 5125 2768 5179 unicitatem
2821 5123 3122 5178 voluntatis
3165 5124 3364 5180 divina:
3414 5125 3652 5195 (oportet

2076 5216 2223 5270 enim
2253 5231 2338 5269 me
2367 5215 2568 5286 saepius
2600 5215 2790 5271 eadem
2819 5215 3006 5270 dicere
3052 5217 3117 5269 ad
3145 5231 3294 5280 eum,
3323 5217 3420 5285 qni
3453 5215 3645 5270 eadem

2076 5322 2294 5377 semper
2338 5309 2580 5377 repetit).
2623 5307 2814 5377 Neque
2851 5322 2984 5362 vero
3017 5315 3303 5377 propterea
3359 5315 3642 5374 sequetur,

2075 5410 2381 5455 creaturam
2415 5415 2533 5456 esse
2569 5400 2858 5470 Spiritum,
2889 5409 2950 5455 ut
2982 5399 3184 5455 inferre
3206 5399 3369 5462 soles,
3394 5409 3452 5452 et
3481 5399 3648 5451 ratio-

2077 5563 2183 5610 tatc
2213 5569 2331 5606 eam
2366 5560 2712 5621 usurparant.

2147 5628 2215 5693 (cl
2242 5624 2470 5678 Certum
2504 5619 2606 5676 Vest
2658 5621 2922 5693 Cyrillum
2964 5619 3393 5693 Alexandrinum
3430 5633 3646 5693 [πωρο-

2075 5689 2326 5748 sitionem
2358 5708 2421 5745 ea:
2454 5693 2506 5745 in
2545 5695 2644 5745 hac
2692 5689 2917 5746 materia
2963 5708 3071 5744 non
3105 5691 3272 5744 semel
3301 5689 3644 5745 adhibuisse.

2071 5767 2152 5821 Cf.
2189 5767 2350 5818 Allat.
2390 5763 2598 5817 Vindic.
2639 5779 2759 5833 svn.
2796 5761 3021 5833 Epheso
3057 5777 3108 5814 c.
3154 5761 3244 5827 54,
3290 5778 3343 5832 p.
3386 5761 3486 5816 165
3525 5776 3642 5830 se}.

2145 5837 2220 5894 (di
2253 5834 2380 5888 Vide
2411 5849 2570 5898 supra
2596 5832 2818 5900 ad'cap.
2855 5832 2889 5885 ἓ
2922 5832 3054 5898 (19).
