4124 6412
353 436 484 507 Ξᾶίῗ
1337 444 1721 505 APOLOGIA
1762 442 2383 507 INSCRIPTIONUM
2417 445 2656 509 VECCL
3513 443 3621 507 946

352 557 447 611 καὶ
491 552 798 625 ὶνεργείας,
842 553 938 606 καὶ
974 551 1248 623 θελήσεως
1286 555 1313 606 ὁ
1351 557 1560 626 Πατὴρ,
1591 559 1618 609 ὁ
1661 557 1808 620 Υίδς,
1845 557 1940 610 καὶ
1971 595 1979 615 λ

2092 571 2228 628 ater,
2283 561 2491 626 Filius,
2539 571 2594 617 et
2643 559 2884 629 Spiritus
2949 567 3208 620 sanctus,
3253 556 3421 611 unius
3472 554 3628 624 ejus-

352 649 414 700 τὸ
445 645 671 714 Πνεῦμα
705 643 768 696 τὸ
793 643 973 712 ἀγιον.
1021 639 1081 698 ’0
1106 644 1151 696 δ’
1177 645 1412 698 ἐνταῦθα
1437 647 1941 717 καταγραψάμενος

2088 667 2286 721 emque
2351 663 2600 718 naturae,
2678 651 2972 722 potentiae.
3043 649 3420 718 Operationis,
3469 655 3635 714 atque

352 738 426 792 τὰ
478 738 590 790 τῶν
647 737 818 804 ἁγίων
869 737 1031 808 ρητά,
1089 742 1183 791 καὶ
1231 737 1404 801 οὕτως
1445 740 1786 810 ἐπιγράψας,
1845 741 1945 809 τὴν

2088 749 2347 802 oluntatis
2392 763 2514 803 esse
2560 750 2947 802 ostenduntur.
2999 744 3104 811 Qui
3143 754 3328 798 autem
3371 742 3462 796 hic
3508 756 3637 796 san-

353 829 622 898 διαφοράν
654 830 842 891 κακῶς
871 830 966 882 καὶ
995 830 1274 894 δυσσεϐῶς
1325 831 1436 884 τῶν
1481 833 1644 886 θείων
1697 834 1941 886 ὑποστά-

2088 850 2272 893 torqu
2343 840 2493 895 dicta
2545 839 2874 908 descripsit,
2921 845 2979 892 et
3025 838 3161 891 tales
3209 833 3384 888 edidit
3437 831 3636 886 inscrio

359 937 496 972 σεων
539 920 811 987 ἐπιχειρεῖ
857 919 1136 973 δεικνύναι
1193 920 1283 973 διὰ
1345 919 1441 974 τοῦ
1507 921 1618 973 τῶν
1673 923 1941 974 τοιούτων

2091 933 2269 986 tiones
2303 947 2370 986 ex
2394 947 2461 984 eo
2489 930 2634 1000 quod
2673 931 2758 985 ha:
2792 928 3210 1000 praepositiones
3235 926 3378 979 idem
3411 925 3635 984 valent,

361 1011 676 1078 προθέσεων
740 1011 1066 1080 ίσοδυνάμου
1095 1026 1110 1042 °
1155 1013 1249 1065 καὶ
1299 1014 1379 1066 ὅτι
1416 1015 1480 1067 ὲκ
1525 1013 1635 1066 τῶν
1681 1014 1776 1067 δύο
1815 1015 1946 1068 ὐπο-

2092 1023 2352 1077 iscrimen
2419 1021 2738 1076 divinarum
2800 1032 3204 1090 personarum,
3259 1015 3443 1082 inepte
3501 1028 3635 1066 sane

366 1101 630 1205 στάσεων,
665 1099 762 1205 καὶ
806 1100 942 1171 παρ’
975 1101 1248 1172 ἑκατέρας
1290 1104 1501 1157 τούτων
1531 1104 1807 1173 διαφόρως
1837 1104 1949 1173 ἔχει

2092 1125 2223 1183 tque
2261 1114 2470 1182 impie,
2525 1113 2655 1167 item
2711 1128 2876 1167 unam
2932 1127 3000 1165 ex
3053 1109 3235 1164 tribus
3286 1103 3533 1160 colendis
3581 1110 3638 1156 et

361 1191 466 1262 τὴν
529 1189 768 1258 ὕπαρξιν
843 1193 876 1262 ἡ
957 1191 1058 1262 μία
1126 1193 1236 1247 τῶν
1312 1193 1479 1264 τριῶν
1559 1195 1952 1265 προσκυνητῶν

2089 1207 2388 1262 enerandis
2439 1205 2726 1276 personis,
2779 1203 3039 1258 nimirum
3078 1200 3342 1269 Spiritum
3384 1206 3635 1251 sanctum

364 1285 720 1337 ὑποστάσεων
765 1286 825 1336 τδ
881 1285 1106 1352 Πνεῦμα
1162 1287 1221 1339 τδ
1276 1285 1455 1353 ἅγιον.
1485 1285 1723 1355 Φανερδν
1753 1284 1848 1340 οῦν
1874 1285 1949 1350 ὡς

364 1379 422 1432 at
455 1377 555 1445 μὲν
583 1376 689 1430 τῶν
718 1377 892 1446 ἁγίων
943 1379 1134 1449 ῥήσεις
1185 1381 1401 1450 ἔχουσιν
1451 1381 1697 1444 εὐσεϐῶς
1749 1398 1808 1433 τε
1858 1381 1954 1434 καὶ

367 1470 586 1534 καλῶς·
619 1471 1061 1539 ὲκλαμὸἀνονται
1100 1473 1157 1527 δὲ
1207 1474 1363 1543 παρά
1425 1475 1519 1526 τοῦ
1575 1473 1954 1542 συνειληχότος

368 1564 466 1616 καὶ
497 1563 955 1634 καταγράψαντος
1007 1565 1244 1621 ἐνταῦθα
1289 1564 1497 1630 ταύτας
1532 1567 1719 1630 κακῶς
1752 1584 1812 1620 τε
1860 1568 1956 1620 καὶ

366 1656 430 1708 δυ
441 1657 671 1719 σσεὸῶς.

445 1748 588 1802 Ὅτι·
619 1749 676 1802 δὲ
735 1749 836 1820 τὴν
893 1750 1092 1805 ἕνωσιν
1140 1753 1234 1808 καὶ
1293 1753 1356 1807 τὸ
1410 1754 1834 1824 ἀπαράλλακτον
1898 1754 1956 1806 ὲν

378 1842 547 1894 πᾶσιν
591 1842 625 1910 ἡ
656 1841 884 1911 τοιαύτη
919 1841 1162 1895 δείκνυσι
1219 1843 1340 1908 διὰ,
1373 1843 1503 1898 ὅταν
1554 1843 1806 1912 δηλονότι
1842 1845 1953 1897 i30-

2056 1314 2123 1352 ex
2162 1298 2377 1353 duabus
2411 1297 2663 1367 personis
2687 1337 2702 1363 ,
2733 1305 2790 1350 et
2820 1310 2887 1349 ex
2923 1303 3157 1360 utraque
3191 1290 3387 1342 harum
3421 1286 3641 1338 diverse

2068 1391 2339 1446 exsistere
2363 1429 2378 1453 ,
2417 1387 2651 1459 probare
2681 1395 2938 1442 conatur.
2972 1382 3324 1438 Manifestum
3362 1377 3526 1445 igitur
3557 1384 3648 1428 est

2065 1482 2210 1537 dicta
2245 1492 2563 1537 sanctorum
2591 1520 2605 1543 ,
2639 1478 2985 1548 illa'quidem
3027 1473 3322 1529 admodum
3358 1472 3446 1540 pie
3479 1477 3646 1535 atque

2059 1572 2269 1641 optime
2321 1587 2380 1626 se
2435 1571 2677 1632 habere,
2716 1569 2858 1624 male
2903 1578 3086 1622 tamen
3136 1563 3417 1632 impieque
3466 1558 3534 1613 ab
3579 1572 3646 1612 eo

2059 1667 2260 1737 exponi
2284 1705 2298 1728 ,
2332 1665 2425 1734 qui
2463 1679 2527 1718 ea
2563 1662 2813 1732 collegit,
2847 1670 2903 1714 et
2939 1659 3030 1713 hic
3065 1653 3386 1724 descripsit.

2130 1757 2288 1825 Quod
2345 1768 2528 1812 autem
2583 1755 2901 1826 hujusmoui
2967 1748 3461 1820 praeposito.per,
3519 1759 3648 1797 cum

2061 1850 2272 1905 scilicet
2319 1847 2464 1902 idem
2511 1845 2656 1901 valet
2701 1843 2848 1914 quod
2901 1840 3218 1912 praepositio
3284 1852 3367 1902 ex,
3412 1835 3648 1906 conjun-

376 1934 586 2004 δυναμῇ
619 1935 684 2004 τῇ
717 1935 807 1997 ἐκ,
837 1937 866 1988 δ
917 1933 1062 1997 θεῖος
1117 1935 1377 2004 Μάξιμος
1430 1911 1735 2004 παρίστησι
1770 1937 1958 2004 σαφῶς

2088 1942 2306 1998 :tionem
2345 1949 2508 2010 atque
2541 1939 2594 1992 in
2627 1937 2884 1993 omnibus
2917 1931 3424 1987 immutabilitatem
3463 1935 3653 1981 osten-

379 2023 507 2090 περί
537 2040 698 2076 τινων
730 2022 996 2076 είπόντων
1030 2026 1095 2076 ὲκ
1124 2024 1220 2077 τοῦ
1255 2024 1388 2078 Υίοῦ
1435 2025 1496 2076 τὸ
1531 2024 1784 2094 Πνεῦμα,
1819 2025 1958 2094 γρά-

383 2136 498 2187 φων
524 2117 660 2188 πρὸς
685 2117 948 2187 Μαρίνον,
972 2117 1047 2179 ὡς
1091 2117 1192 2170 οὒκ
1257 2116 1439 2170 αἰτίαν
1468 2117 1560 2169 τὸν
1581 2116 1710 2169 Υίδν
1744 2117 1960 2171 ποιοῦν-

382 2226 482 2272 τας
513 2211 652 2277 σφᾶς
688 2211 886 2274 αὐτοὺς
919 2209 1214 2276 ἀπέδειξαν
1235 2225 1251 2241 ·
1311 2210 1443 2279 μίαν
1474 2209 1583 2279 γὰρ
1615 2211 1796 2262 ἴσασιν
1827 2208 1959 2263 Υίοῦ

385 2303 481 2353 καὶ
520 2300 839 2370 Πνεύματος
877 2300 968 2352 τὸν
997 2301 1218 2371 Πατέρα
1267 2300 1485 2355 αἰτίαν·
1530 2301 1648 2355 ἀλλ’
1678 2301 1768 2354 ἵνα
1804 2301 1864 2353 τὸ
1893 2301 1971 2354 δι’

387 2392 554 2447 αὑτοῦ
611 2393 860 2464 προϊέναι
913 2391 1224 2458 δηλώσωσι,
1258 2392 1356 2446 καὶ
1405 2391 1578 2462 ταύτῃ
1627 2391 1686 2444 τὸ
1728 2391 1967 2460 συναφὲς

383 2485 486 2554 τῆς
512 2484 726 2547 οὐσίας,
794 2483 891 2536 καὶ
920 2482 1348 2552 ἀπαράλλακτον
1389 2484 1807 2554 παραστήσωσι.
1863 2483 1967 2534 Σαο-

387 2576 488 2644 φὲς
543 2574 636 2628 οῦν
681 2573 930 2628 ἐντεῦθεν
985 2574 1062 2638 ὡς
1121 2576 1149 2629 δ
1209 2575 1417 2638 Βέκκος
1475 2567 1632 2638 οῦτος
1687 2575 1969 2639 δυσσεϐῶς

387 2665 723 2734 ἐκλαμϐάνει
753 2664 852 2728 τάς
878 2664 1135 2728 τοιαύτας
1167 2667 1388 2738 ρήσειςο
1419 2665 1479 2719 οὐ
1506 2665 1614 2736 γάρ
1635 2666 1696 2720 τὸ
1731 2666 1970 2734 συναφὲς

388 2759 481 2813 καὶ
514 2757 956 2829 ἀπαράλλακτον,
992 2757 1129 2810 ἁλλά
1172 2758 1234 2811 τὸ
1269 2758 1528 2828 διάφορον
1583 2759 1692 2812 τῶν
1726 2760 1969 2812 ὑποστά-

390 2870 530 2907 σεων
565 2855 625 2905 ὲκ
657 2851 864 2905 τούτων
915 2853 1188 2922 ἐπιχειρεῖ
1235 2852 1519 2922 συνάγειν.
1553 2852 1690 2906 Οὐδὲ
1745 2851 1825 2922 τῷ
1871 2869 1970 2921 με-

389 2946 542 3015 γάλῳ
583 2944 850 3015 Βασιλείῳ
902 2945 1245 3013 πειθόμενος.
1278 2943 1390 2997 Καὶ
1443 2935 1599 3008 οὗτος
1631 2945 1742 3015 γὰρ
1792 2947 1850 2997 ὲν
1890 2945 1973 2997 ἐνὶ

391 3039 502 3094 τῶν
535 3039 670 3108 προς
713 3037 1064 3108 ’Δμφιλὸχιον
1093 3036 1396 3107 κεφαλαίῳ,
1426 3054 1445 3089 ι
1481 3035 1553 3089 Τὸ
1577 3036 1664 3090 διά
1692 3037 1788 3090 τοῦ
1819 3035 1972 3099 Υίοῦ,

395 3138 549 3202 φησὶ,
585 3131 938 3202 δημιουργεῖν
970 3129 1060 3183 τδν
1114 3129 1335 3199 Πατέρα
1371 3127 1494 3182 οὔτε
1548 3128 1715 3198 ἀτελῆ
1745 3127 1840 3181 τοῦ
1867 3129 1976 3181 Πα-

2070 2035 2204 2090 dat:
2240 2034 2402 2086 docet
2433 2033 2535 2085 hoc
2569 2031 2632 2084 D.
2664 2029 2964 2089 Maximus,
2997 2025 3246 2080 scribens
3279 2021 3345 2075 ad
3382 2020 3651 2074 Marinum

2073 2128 2140 2182 de
2176 2124 2508 2196 quibusdam
2563 2123 2656 2192 qui
2717 2137 2784 2176 ex
2817 2120 2956 2173 Filio
3004 2132 3126 2172 esse
3183 2113 3453 2183 Spiritum
3502 2111 3656 2166 dice-

2075 2230 2199 2276 rent
2242 2237 2260 2276 :
2307 2197 2462 2284 Quod
2519 2231 2631 2269 non
2672 2227 2890 2268 causam
2941 2210 3138 2265 Filium
3198 2207 3378 2261 facere
3434 2203 3650 2272 seipsos

2075 2309 2459 2370 ostenderint;
2497 2322 2663 2360 unam
2711 2304 2862 2359 enim
2899 2316 3123 2356 causam
3162 2297 3284 2353 Filii
3319 2303 3376 2350 et
3412 2294 3658 2363 Spiritus

2077 2403 2296 2456 Patrem
2330 2406 2640 2469 agnoscunt
2672 2412 2686 2448 :
2725 2408 2954 2455 verum,
2991 2400 3051 2444 ut
3103 2405 3202 2460 per
3256 2389 3436 2458 ipsum
3488 2385 3655 2438 etiam

2079 2488 2323 2563 (Filium)
2356 2485 2660 2557 procedere
2689 2480 3042 2552 signiﬁcent,
3077 2487 3132 2533 et
3185 2477 3288 2531 hac
3336 2491 3403 2529 ex
3460 2482 3616 2544 parte
3641 2512 3656 2536 ,

2083 2562 2143 2635 ut
2205 2577 2457 2635 essentize
2503 2573 2948 2646 conjunctionem
3024 2579 3190 2636 atque
3235 2562 3659 2619 immutabilita-

2081 2683 2190 2729 tem
2244 2669 2580 2740 exprimant.
2623 2665 2763 2719 iliuc
2835 2663 3004 2732 igitur
3064 2658 3355 2714 manileste
3399 2664 3660 2726 a[parel,

2082 2763 2228 2834 quod
2295 2762 2398 2816 iste
2457 2757 2670 2813 Veccns
2732 2752 3061 2823 huiusmodi
3127 2751 3276 2805 dicta
3340 2755 3662 2802 sanctorum

2083 2855 2250 2924 impie
2303 2852 2511 2920 excipit
2557 2857 2620 2902 'ct
2672 2846 3094 2916 interpretatur.
3145 2842 3267 2898 Non
3320 2841 3468 2895 enim
3525 2854 3663 2892 con-

2079 2947 2427 3020 iunctionem
2466 2952 2636 3012 atque
2675 2937 3187 2996 immutabilitatem
3215 2974 3230 2994 ,
3272 2932 3366 2988 sed
3405 2930 3669 2984 diﬂ‘ereu-

2087 3041 2222 3096 tiam
2258 3049 2619 3109 personarum
2657 3049 2722 3088 ex
2758 3033 2846 3087 his
2881 3030 3142 3096 colligere
3181 3034 3435 3080 conatur.
3473 3022 3668 3090 Neque

2085 3131 2338 3202 Magnum
2386 3128 2646 3183 Basilium
2680 3126 2856 3180 audit.
2891 3122 3186 3178 Enimvero
3244 3117 3291 3171 is
3337 3128 3558 3185 quoque
3610 3113 3667 3165 in

396 3229 522 3298 τρδς
567 3225 664 3296 τὴν
707 3223 1070 3293 δημιουργίαν
1109 3221 1454 3289 συνίστησιν,
1491 3217 1614 3274 οὔτε
1657 3222 1846 3276 ἄτονον
1879 3219 1973 3274 τοῦ

2089 3239 2201 3279 uno
2230 3221 2468 3292 quodam
2503 3219 2570 3272 ad
2606 3214 3054 3286 Amphilochium
3088 3210 3267 3280 capite
3295 3207 3370 3276 (Ι)
3399 3223 3410 3258 :
3443 3223 3460 3255 ι
3494 3202 3630 3258 lllud
3654 3241 3670 3267 ,

399 3317 530 3372 Υίοῦ
581 3314 886 3386 παραδηλοῖ
930 3314 1030 3382 τὴν
1069 3313 1357 3383 ἐνέργειαν
1383 3329 1398 3345 ·
1434 3313 1568 3367 ἀλλά
1608 3312 1667 3368 τὸ
1698 3311 1980 3382 ἡνωμένον

397 3409 492 3465 τοῦ
547 3408 855 3478 θελήματος
915 3404 1270 3474 παρίστησιν.
1335 3422 1353 3456 ι
1425 3405 1588 3458 Ὥστε
1643 3405 1677 3474 ἡ
1731 3404 1799 3457 δι’
1850 3405 1982 3458 Υἱοῦ

402 3503 555 3573 φωνὴ
587 3504 684 3572 τῆς
743 3497 1228 3570 προκαταρκτικῆς
1277 3497 1459 3559 αἰτίας
1489 3496 1782 3566 ὁμολογίαν
1830 3497 1980 3567 ἔχει·

401 3595 503 3648 οὐκ
561 3595 654 3648 ἐπὶ
714 3591 1021 3661 κατηγορίᾳ
1071 3587 1164 3641 τοῦ
1235 3586 1524 3658 ποιητικοῦ
1579 3587 1750 3641 αίτίου
1808 3605 1988 3656 παρα-

401 3685 762 3756 λαμϐάνεται.
806 3681 868 3735 '0
913 3679 1046 3750 γοῦν
1092 3679 1267 3748 λέγων
1324 3679 1414 3734 διὰ
1461 3679 1556 3733 τοῦ
1613 3679 1745 3734 Υίοῦ
1798 3685 1892 3734 καὶ
1925 3683 1990 3734 ἐκ

404 3780 502 3835 τοῦ
551 3777 686 3832 Υίοῦ
742 3777 805 3830 τὸ
865 3774 1092 3844 Πνεῦμα
1124 3771 1374 3844 προϊέναι
1401 3774 1543 3827 κατὰ
1590 3774 1690 3845 τὴν
1727 3774 1992 3844 χορηγίαν

405 3874 506 3946 τὴν
536 3869 862 3940 δμοϐουλίαν
888 3866 985 3922 τοῦ
1021 3866 1235 3934 Πατρὸς
1261 3869 1358 3921 καὶ
1393 3865 1486 3919 τοῦ
1520 3867 1652 3920 Υίοῦ
1686 3866 1992 3935 παρίστησι

407 3965 622 4028 καλῶς·
677 3961 896 4016 εὐδοκία
942 3959 1050 4028 γάρ
1092 3957 1187 4010 τοῦ
1255 3957 1471 4028 Πατρδς
1528 3959 1625 4010 καὶ
1675 3956 1769 4010 τοῦ
1830 3956 1987 4021 Υίοῦ,

411 4059 505 4114 καὶ
559 4054 725 4110 αὑτοῦ
780 4048 1229 4110 συνευδοκοῦντος
1283 4047 1377 4101 τοῦ
1445 4049 1604 4116 ἀγίου
1665 4048 1991 4117 Πνεύματος

410 4154 522 4217 τοῖς
567 4151 740 4217 ἀξίοις
779 4147 1098 4217 χορηγείται
1153 4142 1214 4193 τὸ
1272 4141 1498 4210 Πνεῦμα
1559 4141 1620 4194 τὸ
1684 4141 1865 4210 ἀγιον.
1933 4141 1996 4195 Οἱ

413 4248 469 4302 δὲ
499 4244 901 4311 Δατινόφρονες
929 4233 1075 4291 οῦτοι
1130 4235 1452 4301 συνάγοντες
1481 4235 1542 4285 ὲκ
1585 4235 1877 4304 παροινίας
1903 4233 1994 4288 διὰ

414 4339 510 4394 τοῦ
537 4334 670 4390 Υίοῦ
706 4333 801 4387 καὶ
829 4332 893 4383 ὲκ
915 4329 1009 4394 τοῦ
1046 4327 1176 4380 Υίοῦ
1225 4327 1324 4396 τὴν
1371 4324 1605 4396 ὕπαρξιν
1641 4324 1786 4394 ἔχειν
1808 4325 2003 4396 ,εὐδο-

419 4389 666 4495 κίαςκαὶ
708 4389 1183 4496 θελήσεωςίέργον
1221 4389 1320 4474 καὶ
1354 4389 1562 4488 κτίσμα
1618 4389 1998 4488 ὲξτάνάιγκης,

418 4525 530 4579 ἀλλ’
573 4523 634 4576 ού
685 4521 834 4582 θείας
885 4517 1103 4585 φύσεως
1142 4515 1352 4581 καρπὸν
1384 4512 1682 4582 ὑπάρχειν,
1717 4511 1999 4580 δυσσεὸᾠς

2090 3316 2304 3386 inquit,
2338 3328 2435 3383 per
2476 3311 2673 3367 Filium
2705 3323 2899 3365 creare
2945 3307 3203 3366 Patrem,
3237 3315 3416 3370 neque
3463 3298 3672 3367 imper-

2089 3415 2287 3470 fectam
2325 3409 2504 3464 Patris
2554 3406 2889 3463 creationem
2920 3399 3227 3464 constituit,
3281 3410 3463 3466 neque
3494 3391 3671 3447 inem-

2091 3520 2276 3562 cacem
2304 3503 2425 3558 Filii
2452 3501 2830 3571 operationem
2867 3494 3160 3566 signiﬁcat.
3197 3489 3302 3546 Sed
3327 3485 3675 3558 conjunctio-

2093 3613 2216 3654 nem
2250 3612 2444 3652 eorum
2481 3593 2785 3649 voluntatis
2817 3589 3153 3644 manifestat.
3193 3585 3372 3652 Quare
3402 3596 3508 3635 vox
3543 3580 3672 3643 illa,

2092 3706 2190 3762 per
2221 3688 2418 3743 Filium
2444 3728 2458 3749 ,
2496 3685 2561 3740 ad
2595 3684 3002 3740 confessionem
3036 3677 3320 3749 originalis
3355 3687 3534 3729 causa:
3571 3685 3676 3724 nos

2093 3779 2361 3843 adducit;
2399 3792 2507 3831 non
2544 3785 2728 3830 autem
2764 3773 2830 3826 ad
2861 3769 3172 3825 ellectivam
3210 3779 3432 3819 causam
3469 3760 3676 3828 imper-

2096 3869 2356 3926 l'cCtiouis
2419 3877 2584 3934 atque
2633 3862 2976 3935 impotentiae
3057 3855 3463 3928 coarguendam
3513 3865 3674 3906 assu-

2096 3964 2286 4017 mitur.
2344 3960 2448 4026 Qui
2501 3974 2632 4027 ergo
2657 3949 2778 4025 ‘per
2827 3954 3025 4009 Filium
3077 3961 3134 4005 et
3195 3965 3260 4003 ex
3308 3947 3448 4001 Filio
3482 3942 3679 3996 asserit

2101 4056 2406 4125 Spiritum,
2446 4048 2755 4105 secundum
2789 4044 3138 4115 largitionem
3174 4040 3446 4094 donorum
3484 4047 3678 4103 proce-

2099 4150 2270 4211 dere,
2309 4144 2559 4201 eamdem
2600 4143 2940 4196 voluntatem
2983 4135 3165 4190 Patris
3200 4147 3263 4187 ac
3299 4129 3424 4185 Filii
3459 4125 3681 4194 egregie

2099 4237 2375 4308 exprimit.
2415 4233 2628 4288 Etenim
2663 4247 2728 4287 ex
2766 4221 3118 4294 benep‘lacito
3170 4222 3352 4276 Patris
3403 4233 3468 4271 ac
3519 4215 3680 4277 Filii,

2104 4306 2227 4402 ipso
2273 4341 2496 4399 quoque
2534 4341 2640 4380 una
2678 4321 3061 4379 consentiente
3098 4315 3309 4386 Spiritu
3333 4319 3524 4367 sancto
3551 4347 3566 4371 ,
3601 4306 3684 4361 di-

2103 4423 2194 4491 gni
2249 4421 2503 4475 homines
2549 4419 2832 4473 donantur
2883 4412 3093 4482 Spiritu
3145 4418 3358 4463 sancto.
3408 4404 3504 4457 Isti
3553 4414 3684 4454 vero

2101 4515 2420 4570 Latinorum
2451 4527 2716 4582 sequaces
2749 4518 2804 4564 et
2835 4508 3098 4568 fautores,
3129 4518 3196 4556 ex
3253 4497 3556 4570 petulantia
3591 4509 3690 4563 per

422 4613 732 4688 παριστῶσι
788 4613 849 4666 τὸ
900 4609 1127 4677 Πνεῦμα
1185 4606 1245 4658 τὸ
1301 4605 1493 4673 ἆγιον·
1553 4603 1695 4656 κατὰ
1741 4601 1851 4673 γὰρ
1906 4602 1979 4655 τδ.

2106 4611 2339 4673 Filium,
2389 4617 2444 4662 et
2477 4623 2546 4662 ex
2595 4605 2735 4661 Filio
2787 4604 3058 4657 exsistere
3112 4594 3382 4666 Spiritum
3433 4597 3687 4644 sanctqu

427 4708 569 4778 ἱερὸν
611 4701 974 4775 Δαμασκηνὸν
1017 4700 1180 4768 ἔργον
1225 4697 1376 4759 θείας
1421 4695 1694 4765 θελήσεως
1731 4697 1764 4764 ἡ
1796 4693 2000 4761 κτίσις,

2109 4707 2240 4760 dum
2291 4703 2597 4772 colligunt;
2633 4697 3007 4769 beneplaciti,
3053 4701 3111 4746 et
3159 4687 3462 4744 voluntatis
3509 4698 3690 4753 opus,

426 4775 541 4852 ἀλλ’
585 4799 684 4868 οὐχ
736 4797 769 4866 ἡ
830 4792 1284 4864 θεότη;,ἀπαγε.
1343 4788 1482 4842 Οὐδὲ
1537 4787 1647 4857 γὰρ
1703 4787 1802 4855 τῆς
1857 4787 1974 4840 θεία

2111 4806 2168 4850 et
2203 4803 2518 4850 creaturam
2550 4807 2670 4848 esse
2704 4787 3046 4849 necessario,
3076 4782 3303 4836 minime
3331 4793 3461 4832 vero
3487 4775 3691 4830 divina:

429 4893 726 4964 θελήσεως,
759 4888 895 4942 ἀλλὰ
937 4888 1038 4956 τῆς
1083 4886 1236 4948 θείας
1280 4883 1497 4952 φύσεως
1529 4880 1686 4942 αὖθις
1729 4880 1870 4934 κατά
1918 4882 2009 4932 τὸν

427 4987 591 5041 αὐτὸν
648 4985 680 5054 ὴ
746 4979 1076 5052 προαιὼνιος
1128 4977 1222 5031 καὶ
1275 4977 1445 5038 ἀΐδιος
1503 4971 1755 5042 γέννησίς
1800 4988 1860 5024 τε
1912 4971 2010 5024 καὶ

428 5076 773 5146 ἐκπόρευσις.

2118 4899 2330 4944 natura
2363 4888 2608 4942 fructum
2680 4883 2848 4952 impie
2879 4876 3180 4933 ostendunt
3203 4914 3216 4938 ,
3253 4882 3309 4927 et
3339 4871 3558 4924 docent.
3595 4865 3694 4920 Et-

2118 4977 2293 5041 enim,
2335 4975 2638 5032 secundum
2668 4986 2884 5028 sacrum
2917 4969 3336 5024 Damascenum,
3370 4959 3567 5014 divinae
3599 4969 3695 5008 vo-

2113 5067 2347 5124 luntatis
2399 5085 2539 5138 opus
2581 5074 2668 5121 est
2715 5071 3004 5124 creatura,
3051 5073 3162 5111 non
3216 5053 3442 5115 Deitas;
3496 5063 3696 5117 apage.

430 5176 619 5247 Neque
653 5174 798 5230 enim
835 5187 1029 5228 rursus
1074 5171 1228 5242 juxta
1300 5165 1555 5222 eumdem
1605 5165 1805 5221 divina:
1856 5163 2179 5234 voluntatis,
2246 5167 2344 5224 sed
2410 5167 2612 5222 divinae
2647 5173 2856 5220 naturae
2883 5165 3011 5212 ante
3043 5168 3206 5210 omne
3239 5163 3416 5206 avum
3488 5144 3707 5214 sempi-

433 5288 699 5344 ternaque
727 5281 813 5328 est
848 5281 963 5325 tum
1001 5266 1324 5340 generatio,
1363 5274 1475 5319 tum
1511 5263 1812 5334 processio.

438 5378 567 5445 Τοῦ’
607 5388 967 5458 σοφωτάτου
1022 5383 1210 5458 κυρολῠ
1255 5383 1693 5458 Ιζησᾳςαρίωνος
1743 5381 1979 5458 ἀρχιεπιι

2121 5374 2517 5458 δαρίεηέὶεεξῃιὶ
2576 5371 2906 5458 Βςεδατξοηίε
2935 5410 2950 5432 ,
3000 5360 3380 5458 archiepiscopi

503 5450 743 5514 σκόπὸυ
791 5458 1040 5519 Νικαίας
1081 5450 1188 5507 τοῦ
1229 5453 1348 5505 νῦν
1390 5450 1812 5518 Καρδινὰλεως
1861 5451 2014 5517 πρὸς

504 5531 614 5596 τὰς
673 5529 826 5583 κατὰ
876 5527 982 5581 τοῦ
1029 5525 1261 5578 Βέκκου
1312 5522 1701 5591 ἀντιρρήσεις
1749 5519 1854 5575 τοῦ
1892 5523 2011 5572 Ila-

503 5599 686 5655 λααᾶ.

521 5619 582 5653 ια
603 5619 686 5655 ια.

521 5619 856 5762 Ὀιγενναϊος
889 5691 1042 5754 οὗτος
1068 5687 1208 5758 ἀνὴρ
1238 5688 1376 5758 πρὸς
1417 5686 1518 5753 μὲν
1557 5683 1656 5747 τὰς
1684 5683 1780 5737 καὶ
1815 5683 1879 5736 ἐκ
1912 5681 2009 5735 τοῦ

438 5788 570 5844 Υίοῦ
599 5788 864 5857 λεγούσας
896 5787 1103 5857 ῥήσεις,
1133 5782 1228 5836 καὶ
1254 5780 1322 5832 δι’
1353 5777 1485 5832 Υίοῦ
1520 5781 1584 5832 ὲκ
1609 5776 1824 5850 Πατρδς
1848 5777 2009 5831 ἐκπο-

514 5900 590 5971 (I)
618 5899 689 5957 De
720 5898 922 5970 Spiritu
952 5903 1157 5963 sancto,
1193 5907 1244 5949 c.
1264 5891 1317 5958 8,
1353 5890 1406 5944 in
1433 5887 1562 5944 line.

3431 5354 3642 5412 Νὴ*ωηὶ

2194 5397 2516 5445 ptemrumu
2576 5397 2906 5426 Dessurwnu
2935 5410 2950 5432 ,
3000 5397 3379 5434 αιιηιῠμιουυμο
3431 5397 3639 5412 μην...
3675 5397 3707 5420 ,,

2194 5445 2254 5500 S.
2298 5446 2362 5500 R.
2409 5444 2472 5498 Ινῖ.
2513 5443 2839 5508 cardinalis,
2875 5448 3058 5493 contra
3116 5434 3407 5490 Palamam
3447 5423 3708 5496 apologia.

2193 5518 2598 5588 inscriptionum
2639 5512 2809 5568 Vecci.

2190 5673 2465 5747 Egregius
2505 5671 2610 5726 iste
2657 5669 2742 5724 vir
2798 5665 2865 5722 ad
2919 5662 3276 5720 auctoritates
3330 5663 3649 5713 sanctorum
3679 5692 3708 5717 ,_

2119 5744 2262 5840 quati
2298 5782 2422 5823 cum
2475 5779 2543 5822 cx
2605 5762 2744 5818 Filio
2776 5802 2790 5827 ,
2853 5767 2965 5814 tum
3019 5773 3083 5812 ex
3125 5755 3286 5810 l’atre
3347 5765 3444 5822 pcr
3499 5744 3756 5804 Filiuus.
