4124 6416
499 387 608 448 247

1428 401 1928 468 BESSARIONIS
1969 409 2032 469 S.
2072 407 2146 470 R.
2183 407 2249 468 Ε.
2282 407 2757 471 (ῙΑΒΒΙΝΑΙᾸΞ

3643 413 3748 476 24η

499 499 775 567 Spiritum
826 510 1074 557 sanctum
1113 507 1414 574 procedere
1457 519 1754 577 testantur,
1791 523 1881 579 et,
1917 531 2040 585 quoe

2169 514 2427 586 ριύεσθαι
2484 518 2545 573 τὸ
2603 519 2832 590 Πνεῦμα
2880 518 2940 574 τδ
2995 520 3175 590 ἅγιον,
3207 521 3303 578 καὶ
3351 522 3412 576 τὸ
3464 521 3523 588 ἔξ
3566 522 3754 576 αὐτῶν

497 606 563 644 ex
619 592 731 648 illis
789 594 1088 664 colligitur,
1141 598 1369 652 omnino
1411 616 1485 655 ne
1538 604 1792 672 aSpicere
1837 607 2060 675 quidem

493 682 690 737 valet:
744 685 1022 752 quomodo
1084 687 1232 740 enim
1287 691 1354 744 ad
1406 700 1649 756 tantam,
1701 706 1866 765 alque
1920 697 2062 754 adeo

495 773 806 827 evidentem
858 777 1146 831 veritatem
1170 780 1193 832 '1
1221 779 1426 836 Verum
1459 787 1723 854 aequalem
1759 789 1869 842 vim
1895 798 2063 859 atque

493 873 747 919 naturam
829 871 1279 938 prmpositionum
1329 892 1422 943 per
1473 887 1528 932 et
1576 895 1675 942 ex.
1733 880 1898 950 idque
1950 899 2061 937 non

490 965 639 1009 recte
662 996 676 1018 ,
714 967 881 1027 atque
917 961 1036 1016 sine
1072 964 1183 1018 ulla
1229 967 1441 1023 ratione
1485 969 1734 1034 invadit;
1771 985 2061 1030 contume-

489 1044 689 1113 liisque
719 1062 874 1102 suam
912 1051 1296 1108 refutatiOnem
1326 1057 1650 1128 absolvens,
1686 1062 1891 1131 aliquid
1925 1079 2060 1134 ope-

451 1138 808 1205 _rzepretium
872 1141 1054 1197 facere
1113 1147 1410 1204 existimat.
1473 1151 1608 1207 Cum
1695 1154 1878 1224 inepte
1927 1157 2066 1213 sane

491 1237 657 1298 atque
695 1230 862 1300 impie
895 1244 1135 1312 mentem
1171 1251 1490 1296 sanctorum
1527 1245 1965 1316 interpretetur;
2003 1259 2060 1305 et

488 1335 615 1374 eum
646 1322 738 1390 qui
768 1328 1071 1382 sententias
1099 1329 1324 1385 Patrum
1351 1335 1604 1405 collegit,
1633 1347 1689 1392 et
1719 1339 1856 1394 tales
1888 1342 2060 1397 edidit

488 1410 916 1483 inscriptiones,
965 1419 1142 1474 virum
1193 1439 1324 1479 sane
1370 1426 1592 1481 doctum
1644 1430 2055 1501 calumnietur;

485 1503 756 1559 rationem
808 1524 939 1564 vero
989 1511 1222 1569 reddere
1273 1517 1497 1574 minime
1550 1521 1750 1577 valeat.
1785 1525 2054 1595 Praeposi-

487 1593 638 1647 tione
698 1605 879 1651 antem
924 1615 1039 1666 per,
1094 1605 1536 1674 eonjunctionem
1587 1611 1642 1664 in
1704 1593 2053 1670 sanctis-sima

485 1682 795 1755 Trinitate,
855 1689 1396 1764 immutabilitatem,
1446 1700 1834 1768 identitatem,
1885 1716 2052 1776 atque

479 1776 729 1831 eamdem
759 1779 1098 1836 voluntatem
1132 1788 1467 1857 denotante;
1494 1808 1619 1847 cum
1653 1796 1705 1849 in
1740 1795 2010 1869 theologia
2032 1839 2047 1863 ,

482 1865 626 1920 idem
671 1870 858 1925 valere
905 1872 1228 1945 intelligitur
1267 1880 1416 1948 quod
1473 1886 1790 1953 praepositio
1826 1860 2049 1952 ex,var;
2078 1860 2126 1920 Β

481 1956 722 2013 bitratur
767 1977 874 2016 non
912 1979 1072 2032 posse
1111 1982 1140 2020 a
1181 1983 1458 2040 quoquam
1494 1975 1705 2044 accipi,
1742 1980 2051 2034 secundum

481 2046 588 2102 hoc
619 2050 987 2118 significatum
1019 2059 1183 2112 etiam
1228 2060 1282 2114 in
1323 2062 1687 2131 productione
1728 2068 1908 2125 Patris
1955 2086 2052 2140 per

484 2139 725 2209 Filium;
761 2145 843 2199 vel
879 2147 982 2202 hac
1025 2153 1238 2206 ratione
1275 2164 1462 2222 putat,
1506 2172 1613 2211 non
1652 2159 1784 2215 illud
1826 2177 1928 2217 nos
1958 2139 2053 2218 iiu-

484 2231 780 2303 telligere,
834 2238 1095 2294 nimirum
1176 2246 1528 2308 concordiam
1602 2257 1657 2304 et
1709 2253 2054 2322 conjunctio-

479 2335 644 2389 nem,
705 2327 800 2380 sed
868 2329 1052 2398 potius
1108 2332 1500 2392 discretionem
1559 2355 1622 2396 ac
1678 2340 2049 2412 divisionem,

477 2416 994 2490 oppositionemque
1046 2434 1210 2494 atque
1270 2425 1699 2499 discrepantiam
1757 2433 2046 2491 inducere.

475 2505 630 2570 Quod
671 2509 744 2564 ita
779 2527 906 2566 eum
945 2515 1250 2588 intelligere
1301 2537 1368 2576 ex
1404 2522 1492 2577 his
1533 2539 1653 2592 quae
1695 2526 1871 2591 dicit,
1916 2543 2050 2596 quo-

475 2597 771 2656 dammodo
821 2617 1094 2676 apparet;
1151 2611 1260 2665 imo
1313 2629 1444 2668 vero
1495 2625 1552 2669 et
1599 2617 1889 2672 manifeste
1940 2619 2048 2686 ait,

473 2688 580 2744 hac
620 2693 832 2750 ratione
897 2698 1037 2754 velle
1079 2716 1180 2757 nos
1219 2705 1566 2774 significare,
1607 2707 1874 2777 Spiritum
1918 2724 2049 2763 san-

473 2794 647 2843 ctum.
682 2801 749 2840 ex
781 2786 994 2844 duabus
1056 2796 1334 2861 personis,
1368 2797 1545 2852 Patris
1571 2811 1624 2853 et
1654 2799 1798 2862 Filii,
1831 2799 2046 2855 diverse

471 2875 777 2944 exsistere;
811 2881 999 2935 nescio
1034 2885 1213 2949 unde,
1245 2895 1299 2940 et
1329 2903 1358 2940 a
1391 2904 1629 2957 quonam
1666 2891 1883 2946 dicente
1911 2893 2045 2947 illud

473 2967 746 3036 (diverse)
784 2972 1045 3027 audierit.
1083 2974 1174 3030 Sic
1215 2977 1400 3048 itaque
1431 2980 1710 3050 opinatur.
1751 3000 1848 3039 nos
1876 2985 2045 3040 insul-

473 3065 591 3111 tare
631 3059 685 3112 in
729 3058 1102 3132 theologiam;
1149 3065 1288 3121 forte
1317 3077 1371 3122 et
1403 3069 1518 3138 ipse
1548 3086 1770 3142 quoque
1811 3075 1917 3130 hoc
1959 3077 2044 3130 in-

2171 609 2563 678 συναγόμενον,
2613 612 2722 665 οὐδ’
2775 613 3094 683 ἀντιϐλέψαι
3137 613 3362 668 δύναται
3410 613 3573 678 ὅλως.
3625 615 3750 678 Πῶς

2167 698 2275 768 γὰρ
2319 701 2457 770 πρός
2511 719 2577 769 γε
2628 704 2901 774 τοσαύτην
2952 706 3049 758 καὶ
3104 705 3280 768 οὕτως
3329 706 3748 776 ἐναργεστάτην

2167 789 2467 858 ἁλήθειαν;
2503 792 2580 860 τῷ
2615 792 2672 846 δὲ
2728 795 3040 866 ίσοδυνάμῳ
3085 796 3186 864 τῆς
3229 795 3328 850 διὰ
3373 798 3466 850 καὶ
3504 797 3609 863 τῆς
3652 797 3748 860 ἐκ,

2164 881 2338 950 τούτῳ
2363 881 2420 934 δὲ
2448 883 2508 936 οὐ
2544 883 2728 947 καλῶς
2758 884 2882 938 οὕτε
2911 887 3010 940 σὺν
3036 887 3215 940 οὐδενὶ
3246 887 3546 954 ἐπιφύεται
3575 889 3743 957 λόγῳ·

2164 972 2259 1024 καὶ
2297 972 2492 1044 ὕϐρεσι
2537 978 2629 1028 τδν
2676 977 2810 1030 ῐδιον
2844 977 3067 1046 ἔλεγχον
3115 979 3456 1050 ἀπαρτίζων,
3493 979 3664 1033 οῐεταί
3690 997 3747 1032 τι

2165 1064 2449 1134 προύργου
2509 1070 2723 1121 ποιεῖν’
2756 1070 2941 1133 κακῶς
3004 1071 3106 1140 μὲν
3167 1072 3262 1124 καὶ
3310 1070 3591 1134 δυσσεϐῶς
3643 1076 3746 1142 τὴν

2161 1157 2271 1210 τῶν
2297 1159 2469 1226 ἁγίων
2495 1161 2733 1215 διάνοιαν
2759 1162 3146 1231 ἐκλαμϐάνων,
3175 1163 3270 1216 καὶ
3299 1164 3390 1216 τὸν
3415 1165 3514 1226 τὰς
3551 1166 3747 1234 ῥήσεις

2166 1250 2525 1320 συνειληχότα
2555 1255 2718 1321 σοφὸν
2751 1254 2945 1322 ἄνδρα,
2985 1255 3082 1308 καὶ⁸
3133 1255 3232 1319 τὰς
3280 1256 3590 1326 ἐπιγραφὰς
3623 1261 3750 1310 ἐπι-

2160 1342 2518 1412 γραψάμενον
2566 1346 2946 1415 συκοφαντῶν,
2991 1347 3085 1399 τὸν
3133 1348 3187 1400 δὲ
3242 1347 3400 1415 λόγον
3441 1349 3742 1403 ἀποδοῦναι

2159 1433 2258 1486 οὐκ
2286 1432 2427 1502 ἔχων
2449 1451 2463 1465 ο
2494 1437 2765 1506 ὑπείληφε
2793 1438 2848 1490 δὲ
2876 1438 2976 1508 τῆς
3008 1437 3106 1492 διὰ
3137 1439 3236 1508 τὴν
3261 1439 3456 1492 ἕνωσιν
3497 1442 3593 1494 καὶ
3638 1441 3741 1511 τὴν

2159 1523 2595 1592 ἀπαραλλαξίαν,
2631 1529 2727 1582 καὶ
2759 1529 2819 1582 τὸ
2853 1529 3049 1582 ταυτὸν
3097 1531 3196 1583 καὶ
3244 1531 3539 1598 ὁμόϐουλον
3572 1549 3744 1601 παρ;-

2158 1616 2459 1686 στανούσης
2497 1618 2591 1671 ἐπὶ
2636 1621 2736 1686 τῆς
2781 1622 2947 1688 ἁγίας
3000 1621 3249 1685 Τριάδος,
3303 1621 3430 1676 ὅταν
3485 1624 3576 1676 ἐπὶ
3639 1627 3739 1693 τῆς

2158 1707 2438 1776 θεολογίας
2471 1709 2876 1781 ίσοδυναμοῦσα
2910 1711 3097 1780 νοῆται
3123 1715 3189 1782 τῇ
3221 1713 3311 1776 ἐκ,
3350 1715 3425 1784 μὴ
3471 1714 3734 1767 δύνασθαί

2155 1816 2278 1852 τινα
2312 1800 2455 1854 κατὰ
2495 1801 2657 1856 τοῦτο
2701 1803 2763 1856 τὸ
2797 1804 3200 1874 σημαινόμενον
3241 1805 3413 1876 αὐτὴν
3456 1806 3734 1875 ἐκλαμϐά-

2156 1908 2268 1944 νειν
2296 1893 2435 1946 κάπὶ
2463 1893 2558 1964 τῆς
2604 1893 2700 1948 τοῦ
2732 1897 2944 1965 Πατρδς
2981 1897 3051 1950 δι’
3086 1896 3218 1949 Υίοῦ
3245 1897 3627 1967 ἐκπορεύσεως
3650 1914 3664 1929 ⁸
3697 1897 3731 1967 ἦ

2158 1979 2234 2050 μὴ
2260 1978 2436 2052 τούτῳ
2461 1981 2538 2051 τῷ
2567 1981 2712 2051 λόγῳ
2747 1984 2842 2036 καὶ
2872 1984 3017 2052 ἡμᾶς
3054 1984 3214 2037 τοῦτο
3238 1986 3404 2049 νοεῖν,
3439 1984 3577 2038 ἀλλὰ
3613 1983 3734 2037 διά-

2155 2089 2336 2143 κρισιν
2390 2078 2483 2131 καὶ
2509 2076 2778 2147 διαίρεσιν
2812 2077 3017 2146 μᾶλλον
3052 2078 3300 2146 εἰσάγειν
3337 2078 3432 2129 καὶ
3484 2077 3546 2130 τὸ
3577 2077 3730 2130 ἀντί-

2155 2165 2310 2220 θετον
2355 2169 2449 2220 καί
2499 2167 2851 2237 ἀσύμφωνον.
2903 2168 3083 2238 Ὅπερ
3149 2166 3416 2236 ἀμηγέπη
3467 2168 3576 2220 κάκ
3622 2165 3731 2220 τῶν

2154 2262 2464 2332 εἰρημένων
2510 2261 2661 2332 αὑτῷ
2690 2263 2830 2316 νοῶν
2885 2262 3159 2330 φαίνεται,
3196 2261 3395 2327 μᾶλλον
3421 2259 3478 2312 δὲ
3511 2260 3606 2314 καὶ
3631 2277 3732 2327 φα-

2153 2353 2330 2422 νερῶς
2361 2353 2580 2424 φάσκει,
2610 2353 2699 2406 διὰ
2737 2353 2930 2406 τούτου
2969 2352 3167 2422 δηλοῦν
3212 2352 3362 2422 ἡμᾶς
3415 2349 3728 2420 βούλεσθαι,

2153 2444 2228 2508 ὼς
2272 2445 2338 2498 ἐκ
2396 2446 2506 2499 τῶν
2554 2446 2648 2499 δύο
2698 2445 3055 2498 ὑποστάσεων
3101 2443 3196 2497 τοῦ
3249 2442 3464 2513 Πατρδς
3507 2441 3728 2495 καὶτοῦ

2154 2537 2284 2590 Υίοῦ
2323 2537 2598 2608 διαφόρως
2651 2537 2764 2608 ἔχει
2816 2537 2878 2590 τὸ
2933 2535 3158 2606 Πνεῦμα
3205 2535 3306 2605 τὴν
3339 2533 3601 2604 ὓπαρξιν,
3629 2534 3730 2586 οὐκ

2152 2621 2248 2679 οἷδ’
2297 2627 2418 2680 ὅθεν
2467 2628 2564 2680 καὶ
2615 2627 2738 2681 ὅτου
2789 2625 2948 2680 τοῦτο
3002 2627 3064 2680 τὸ
3123 2627 3424 2695 διαφόρως
3475 2625 3730 2694 ἀκηκοὼς

2150 2716 2421 2785 λέγοντος.
2465 2719 2654 2781 Οῦτως
2708 2718 2818 2787 ἄρα
2876 2717 3087 2787 νομίζει
3137 2719 3288 2788 ἡμᾶς
3349 2719 3416 2787 τῇ
3475 2716 3730 2786 θεολογίᾳ.

2149 2809 2548 2880 προσϐάλλειν·
2585 2813 2716 2874 ίσως
2772 2811 2830 2864 δὲ
2889 2812 2984 2865 καὶ
3033 2810 3196 2873 αὐτὸς
3251 2807 3421 2862 τοῦτο.
3474 2809 3605 2872 νοεῖ,
3660 2808 3728 2860 ὲκ

2150 2901 2364 2973 Πατρδς
2401 2901 2472 2956 δι’
2504 2903 2638 2956 Υίοῦ
2686 2904 2865 2965 λέγων
2912 2903 3214 2970 ὑποστῆναι
3249 2901 3340 2955 τὸν
3385 2900 3613 2970 κόσμον.
3647 2900 3725 2953 Οὐ
3789 2936 3794 2939 -

2147 2995 2258 3063 γὰρ
2289 2992 2400 3064 ὁρῶ
2444 2994 2543 3064 τὴν
2593 2994 2866 3065 ἀνάγκην,
2901 2992 2970 3048 δι’
3005 2993 3073 3065 ἢν
3101 2993 3192 3046 ἐπὶ
3223 2992 3324 3063 μὲν
3361 2992 3461 3062 τῆς
3496 2991 3725 3054 κτίσεως

2147 3086 2179 3154 ἡ
2225 3083 2326 3138 διὰ
2373 3085 2773 3156 ίσοδυναμοῦσα
2822 3089 2888 3157 τῇ
2921 3086 3014 3148 ἐκ,
3055 3087 3159 3156 τὴν
3192 3086 3499 3156 ταυτότητα
3543 3101 3725 3156 παρα-

470 3154 713 3222 t-Iligit,
777 3170 900 3206 eum
958 3169 1025 3207 ex
1083 3155 1242 3214 Patre
1298 3177 1394 3228 per
1451 3162 1692 3230 Filium,
1745 3165 1802 3219 in
1853 3181 2038 3221 rerum

2150 3176 2364 3245 στήσει,
2384 3154 2693 3247 προσώπων
2725 3178 2782 3230 δὲ
2810 3154 2960 3247 ὅμως
2985 3154 3220 3247 δηλοῦσα
3247 3154 3541 3249 διάκρισιν,
3561 3154 3725 3231 τοῦτο

469 3250 667 3298 natura
695 3247 961 3302 mundum
990 3266 1112 3306 esse
1138 3253 1464 3322 productum
1493 3256 1705 3315 asserit.
1737 3256 1856 3312 Non
1890 3259 2037 3312 enim

2144 3263 2253 3333 γὰρ
2303 3264 2422 3319 οὐδὲ
2462 3267 2627 3329 αὐτὸς
2665 3267 2988 3338 ἀρνήσεται,
3023 3267 3116 3319 ἐπὶ
3157 3267 3214 3320 δὲ
3265 3247 3719 3333 τοῦνΠνεύματος

468 3337 630 3392 video
652 3378 667 3404 ,
701 3355 802 3393 cur
835 3342 1016 3409 potius
1053 3344 1105 3397 in
1147 3346 1530 3414 procreatione
1574 3348 1799 3415 mundi,
1831 3365 2041 3421 praepo-

469 3444 497 3482 s
527 3431 598 3480 tiu
641 3448 755 3498 per,
785 3447 942 3502 aeque
983 3436 1194 3504 pollens
1225 3447 1389 3506 atque
1421 3439 1738 3509 praepositio
1767 3457 1853 3509 ex,
1892 3441 2037 3496 idem

465 3536 591 3576 esse
622 3521 766 3578 inter
794 3540 850 3580 se
883 3541 1149 3596 personas
1177 3529 1471 3600 signiticet,
1503 3546 1628 3586 cum
1661 3540 1840 3588 tamen
1871 3534 2039 3588 etiam

466 3613 878 3672 distinctionem
912 3635 1103 3674 earum
1140 3637 1296 3692 atque
1326 3623 1549 3680 denotet
1576 3641 1591 3680 :
1624 3625 1732 3681 hoc
1759 3627 1906 3681 enim
1936 3642 2038 3682 nec

467 3706 585 3774 ipse
639 3706 991 3765 adversarius
1037 3712 1300 3782 negabit;
1353 3714 1408 3769 in
1440 3715 1809 3785 productione
1851 3726 2034 3772 autem

465 3798 708 3866 Spiritus
735 3802 942 3865 sancti,
977 3817 1088 3856 non
1129 3803 1305 3871 item;
1348 3806 1446 3861 sed
1489 3814 1700 3862 tantum
1740 3807 2034 3864 diversita-

465 3898 573 3944 tem
595 3931 610 3954 ,
649 3902 707 3947 et
740 3893 982 3963 undique
1013 3896 1450 3953 distinctionem.
1493 3899 1685 3969 Neque
1713 3900 2033 3968 erubescit,

462 3992 655 4038 contra
730 4001 788 4040 se
828 3987 1108 4044 adducens
1157 4004 1413 4060 magnum
1462 3991 1764 4058 Basilium,
1818 3995 1909 4062 qui
1955 4003 2035 4048 te-

459 4083 638 4130 statur
689 4092 877 4132 vocem
935 4079 1104 4146 illam,
1163 4096 1258 4150 per
1308 4080 1526 4144 Filium,
1586 4081 1652 4136 ad
1705 4081 2030 4152 originalem

459 4181 679 4222 causam
713 4183 820 4223 non
855 4169 1082 4226 referre.
1129 4171 1200 4225 At
1240 4181 1392 4227 certe
1420 4187 1523 4227 nos
1553 4187 1618 4228 ex
1649 4173 1865 4228 duabus
1899 4189 2032 4244 per-

456 4260 606 4316 sonis
629 4300 645 4326 ,
692 4261 853 4318 Patre
881 4304 895 4329 ,
941 4264 1162 4335 inquam
1182 4307 1197 4333 ,
1227 4274 1282 4320 et
1327 4266 1469 4322 Filio
1490 4307 1503 4331 ,
1533 4267 1717 4322 dicere
1761 4265 2029 4337 Spiritum

455 4363 707 4409 sanetum
742 4357 1004 4413 exsistere
1027 4398 1041 4425 ,
1073 4361 1159 4414 vel
1189 4362 1425 4416 maxime
1457 4360 1780 4426 fatebimur,
1813 4370 1868 4416 et
1898 4377 2030 4416 con-

456 4429 719 4502 cedemus
749 4464 764 4515 ;
796 4449 935 4504 nihil
973 4452 1122 4505 enim
1157 4462 1445 4521 cperatur,
1484 4453 1593 4508 nisi
1630 4461 1902 4524 quatenus
1942 4463 2028 4509 est

2142 3357 2241 3428 τὴν
2277 3358 2575 3428 ἑτερότητα
2617 3359 2710 3412 καὶ
2741 3358 2923 3428 πάντη
2948 3358 3245 3430 διάκρισιν.
3282 3359 3395 3412 Καὶ
3431 3357 3553 3411 οὐδὲ
3592 3359 3717 3411 ἑαυ-

2141 3450 2234 3504 τὸν
2283 3451 2622 3522 αἰσχύνεται,
2679 3451 2802 3505 καθ’
2845 3451 3042 3504 ἑαυτοῦ
3101 3450 3455 3521 προκομίζων
3510 3466 3720 3520 μαρτυ-

2142 3545 2338 3618 ροῦντα
2389 3545 2478 3598 τὸν
2529 3546 2704 3615 μέγαν
2744 3544 3052 3608 Βασίλειον,
3090 3545 3190 3615 τὴν
3233 3543 3312 3596 δι’
3357 3542 3496 3597 Υιοὗ
3532 3541 3718 3612 φωνὴν

2139 3636 2238 3704 τῆς
2268 3635 2756 3706 προκαταρκτικῆς
2789 3635 2973 3700 αἰτίας
3026 3635 3174 3706 ἔχειν
3212 3634 3529 3704 ὁμολογίαν.
3570 3634 3714 3687 Ἀλλ’

2139 3726 2299 3794 ἡμεῖς
2351 3726 2416 3779 ἐκ
2477 3725 2578 3796 μὲν
2626 3725 2738 3780 τῶν
2785 3725 2882 3780 δύο
2933 3725 3294 3803 ὑποστιάσεων
3353 3724 3566 3794 Πατρὸς
3619 3723 3715 3777 καὶ

2138 3817 2272 3870 Υίοῦ
2302 3816 2484 3885 λέγειν
2508 3817 2568 3872 τδ
2596 3817 2823 3887 Πνεῦμα
2854 3818 2914 3870 τὸ
2949 3817 3106 3886 ἅγιον
3137 3818 3244 3887 τὴνι
3269 3817 3505 3885 ὕπαρξιν
3543 3815 3711 3886 ἔχειν,

2137 3909 2232 3960 καὶ
2267 3908 2474 3976 σφόδρα
2521 3908 3035 3979 συνομολογήσομεν
3063 3923 3077 3937 ·
3131 3908 3282 3961 οὐδὲν
3319 3909 3428 3977 γὰρ
3477 3907 3710 3974 ἐνεργεῖ,

2137 4001 2186 4053 εἰ
2219 3999 2296 4069 μὴ
2330 3999 2468 4053 καθὸ
2499 3999 2620 4052 τόδε
2666 4017 2718 4054 τι
2751 4000 2845 4054 καὶ
2872 3999 3074 4068 ἄτομον
3104 4016 3119 4032 θ
3145 3999 3283 4052 καθὸ
3329 3998 3384 4051 δὲ
3419 3997 3639 4051 τοιαῦτα
3681 3999 3711 4050 ὁ

2134 4094 2326 4164 Πατὴρ
2365 4095 2460 4147 καὶ
2492 4093 2620 4156 Υίός
2677 4094 2787 4147 εἰσι
2838 4090 2968 4159 δύο,
2998 4092 3274 4162 διαφόρως
3323 4091 3382 4146 δὲ
3426 4091 3485 4156 ἐξ
3527 4090 3707 4144 αὐτῶν

2133 4189 2401 4258 προϊέναι,
2433 4184 2594 4240 τοῦτο
2627 4187 2684 4240 δὲ
2719 4186 2778 4239 οὐ
2813 4185 3271 4256 συγχωρήσομεν,
3303 4184 3410 4247 ἕως
3440 4183 3508 4237 ἂν
3547 4183 3706 4253 ἐνέρε-

2130 4291 2286 4344 γειαν
2341 4277 2440 4345 μὲν
2497 4275 2688 4348 ὥσπερ
2733 4275 2829 4330 τοῦ
2891 4275 3127 4345 Πατρὺς,
3159 4274 3302 4329 οὕτω
3355 4275 3418 4344 δὴ
3471 4275 3564 4329 καὶ
3607 4273 3704 4326 τοῦ

2129 4369 2261 4424 Υἱοῦ
2291 4371 2574 4440 ἐνέργειαν
2603 4367 2838 4440 φυσικὴν
2866 4368 3134 4436 λεγόντων
3159 4367 3268 4421 τῶν
3296 4367 3470 4435 ἁγίων
3494 4367 3705 4420 ἀκούωο

2132 4481 2232 4534 μεν
2262 4464 2321 4515 τὸ
2354 4462 2578 4532 Πνεῦμα
2601 4462 2662 4515 τὸ
2681 4463 2837 4530 ἅγιον
2862 4475 2878 4492 ·
2913 4463 3046 4532 μίαν
3079 4463 3136 4516 δὲ
3170 4463 3459 4530 ἐνέργειαν
3483 4461 3702 4531 Πατρὺς

453 4535 560 4591 hoc
609 4538 853 4607 aliquid,
906 4551 1072 4610 atque
1124 4543 1473 4598 individuum
1507 4562 1522 4599 :
1554 4560 1663 4614 qua
1717 4559 1847 4599 vero
1895 4544 2024 4599 talia

2143 4554 2228 4609 καὶ
2269 4553 2402 4608 Υἰοῦ
2451 4549 2736 4618 εἶναι,.καὶ
2789 4555 2934 4624 μάλα
2985 4555 3356 4624 πιστεύομεν·
3395 4556 3443 4607 εἰ
3481 4555 3554 4623 μὴ
3607 4555 3703 4608 καὶ

454 4629 616 4684 Pater
653 4641 708 4684 et
745 4632 917 4689 Filius
945 4634 1056 4688 duo
1087 4645 1238 4689 sunt.
1276 4635 1346 4691 At
1378 4652 1510 4690 vero
1542 4637 1760 4691 diverse
1787 4635 1855 4691 ab
1886 4637 2021 4706 ipsis

452 4719 790 4789 procedere,
833 4723 887 4777 id
940 4740 1222 4794 nunquam
1265 4726 1673 4793 concedamus,
1725 4742 2018 4799 quousque

455 4810 711 4868 audimus
744 4824 964 4870 sanctos
999 4816 1248 4872 dicentes
1271 4859 1285 4884 ,
1316 4816 1582 4888 Spiritum
1612 4829 1860 4876 sanctum
1899 4835 2023 4875 esse

454 4905 833 4973 operationem
903 4909 1210 4964 naturalem
1252 4927 1408 4982 atque
1448 4912 1572 4967 Filii
1613 4921 1778 4982 atque
1815 4913 2020 4967 Patris.

455 4996 630 5053 Unam
657 5007 838 5053 autem
867 5001 1240 5070 operationem
1271 5019 1389 5058 esse
1415 5004 1594 5059 Patris
1616 5012 1672 5058 et
1695 5003 1820 5058 Filii
1845 5043 1860 5070 ,
1889 5020 2022 5059 eon-

449 5097 660 5144 stanter
689 5090 987 5148 credimus.
1027 5093 1144 5148 Nisi
1188 5095 1326 5150 forte
1363 5106 1419 5150 et
1455 5096 1576 5166 ipse
1609 5111 1734 5151 cum
1774 5096 1913 5150 dicit
1952 5110 2021 5151 ex

449 5183 634 5251 Patre,
665 5193 721 5239 et
753 5183 912 5248 Filio,
946 5193 1002 5240 et
1027 5185 1236 5255 Spiritu
1271 5197 1487 5252 sancto,
1521 5187 1606 5243 vel
1638 5203 1706 5242 ex
1729 5188 1893 5242 Patre
1919 5202 2020 5257 per

449 5272 647 5327 Filium
676 5275 731 5329 in
760 5273 968 5346 Spiritu
996 5288 1187 5333 sancto
1211 5287 1558 5349 procreatum
1585 5294 1705 5334 esse
1725 5279 2015 5343 mundum,

443 5382 557 5420 non
597 5376 709 5424 tres
751 5376 960 5423 tantum
1004 5369 1099 5440 (id
1135 5371 1282 5425 enim
1317 5372 1507 5442 utique
1542 5371 1890 5440 fateretur),
1920 5369 2018 5427 sed

442 5467 500 5512 et
537 5459 756 5516 diverse
799 5471 909 5516 tres
947 5461 1247 5518 fabricatos
1287 5478 1412 5518 esse
1451 5464 1718 5518 mundum
1771 5471 2007 5519 asserat.

421 5550 601 5615 ‘Quod
655 5553 701 5608 si
754 5554 1006 5620 miratur,
1063 5555 1344 5625 quomodo
1386 5555 1531 5611 idem
1572 5570 1693 5611 esse
1732 5557 1879 5611 inter
1915 5570 2012 5622 se,

440 5651 607 5708 atque
638 5643 889 5700 eamdem
925 5645 1267 5701 voluntatem
1292 5688 1306 5711 ,
1341 5647 1732 5718 praepositione
1763 5663 1878 5719 per,
1914 5648 2015 5704 de-

441 5739 706 5796 notante,
749 5750 851 5790 nos
889 5753 954 5792 ex
997 5738 1095 5793 ista
1137 5740 1523 5810 prmpositione
1562 5741 1810 5797 indicare
1851 5741 2012 5796 volu-

443 5833 601 5886 mus,
662 5821 862 5880 Filium
919 5845 1038 5886 esse
1095 5845 1314 5888 causam
1375 5832 1676 5890 cxsistendi
1737 5832 2007 5903 Spiritum

2129 4647 2290 4708 αὐτὸς
2326 4648 2390 4699 ὲκ
2426 4646 2640 4717 Πατρὸς
2670 4647 2765 4700 καὶ
2790 4645 2923 4699 Υίοῦ
2957 4646 3052 4698 καὶ
3082 4645 3178 4698 τοῦ
3213 4644 3547 4715 Πνεύματος,
3575 4645 3606 4714 ἦ
3639 4646 3701 4697 ὲκ

2129 4737 2344 4806 Πατρδς
2373 4736 2441 4790 δι’
2474 4736 2604 4791 Υίοῦ
2660 4738 2718 4789 ὲν
2749 4737 3032 4807 Πνεύματι
3057 4737 3232 4804 λέγων
3262 4736 3566 4805 ὑποστῆναι
3609 4735 3700 4788 τὸν

2127 4827 2348 4895 κόσμον,
2391 4827 2492 4880 οὐκ
2532 4827 2596 4880 ἐκ
2640 4828 2805 4898 τριῶν
2863 4828 3030 4897 μόνον
3058 4828 3440 4881 ’ὑποστάσεων
3498 4828 3697 4896 φάσκει

2124 4917 2662 4988 δεδημιουργῆσθαιο
2694 4919 2854 4974 τοῦτο
2899 4921 3009 4990 γὰρ
3061 4920 3199 4989 φαίη
3233 4919 3300 4973 ἂν
3330 4921 3526 4992 δήπου,
3559 4921 3696 4974 ἀλλὰ

2125 5009 2220 5061 καὶ
2266 5008 2542 5078 διαφόρως
2595 5008 2659 5061 ἐκ
2705 5009 2813 5062 τῶν
2847 5009 3036 5080 τριῶν.
3072 5009 3134 5062 Εἰ
3169 4999 3226 5061 δὲ
3268 5008 3543 5078 θαυμάζει
3575 5009 3695 5073 πῶς

2121 5099 2182 5152 τὸ
2210 5101 2404 5152 ταυτον
2454 5099 2550 5152 καὶ
2584 5097 2883 5168 ὁμόϐουλον
2917 5098 3015 5169 τῆς
3077 5097 3177 5152 διὰ
3226 5100 3693 5169 παριστανούσης,

2121 5190 2282 5259 ⁴ἡμεῖς
2320 5187 2491 5242 αἴτιον
2531 5188 2620 5242 διὰ
2651 5187 2860 5259 ταύτης
2887 5188 3082 5257 δηλοῦν
3112 5189 3202 5242 τὸν
3229 5188 3358 5242 Υἰὸν
3379 5189 3481 5258 τῆς
3516 5189 3694 5258 ὑπάρ-

2123 5280 2256 5347 ξεως
2286 5281 2381 5335 τοῦ
2421 5282 2742 5352 Πνεύματος
2769 5281 2866 5336 τοῦ
2913 5282 3070 5351 ἁγίου
3117 5281 3446 5353 βουλόμεθα,
3477 5283 3694 5352 θαυμα-

2119 5374 2260 5440 ζέτω
2288 5377 2555 5445 πρότερον
2604 5375 2823 5441 ἑαυτὸν,
2854 5375 3001 5439 ὅπως
3047 5376 3136 5429 διὰ
3167 5374 3261 5427 τοῦ
3295 5374 3427 5428 Υἰοῦ
3457 5375 3690 5444 γεγενῆ-

2118 5465 2245 5519 σθαι
2275 5466 2446 5534 λέγων
2483 5467 2572 5519 τὸν
2601 5467 2828 5536 κόσμον,
2859 5467 3049 5520 ἔπειτα
3081 5467 3272 5520 τοῦτον
3298 5467 3475 5520 αἴτιον
3515 5467 3690 5522 οἴεται

2115 5558 2216 5626 τῆς
2250 5557 2344 5610 τοῦ
2395 5557 2603 5626 κόσμου
2643 5556 2986 5626 παραγωγῆς
3045 5558 3134 5611 διὰ
3171 5558 3272 5628 τῆς
3327 5558 3428 5613 διὰ
3477 5559 3688 5614 δείκνυ-

2119 5648 2263 5703 σθαι.
2299 5650 2366 5701 Ἦ
2410 5649 2620 5702 εἰπάτω
2672 5649 2746 5718 μὴ
2793 5644 2935 5701 εἶναι
2980 5649 3090 5702 τῶν
3137 5650 3306 5703 ὄντων
3364 5653 3541 5705 αἴτιόν
3593 5652 3688 5705 τὸν

2118 5739 2269 5808 Υἰδν,
2303 5741 2400 5793 καὶ
2435 5739 2591 5809 κακῷ
2621 5739 2682 5791 τὸ
2726 5739 2896 5792 κακὸν
2940 5739 3204 5795 ἰασάσθω.
3243 5742 3466 5811 Εἰσάγει
3498 5743 3557 5797 δὲ
3592 5743 3685 5796 καὶ

2124 5833 2431 5904 μαρτυρίαν
2462 5832 2556 5886 τοῦ
2593 5831 2738 5887 θείου
2783 5831 3035 5901 Μαξίμου
3082 5835 3231 5887 οὐδὲν
3263 5833 3428 5888 οὖσαν
3459 5835 3592 5904 πρὸς
3622 5834 3686 5888 τὸ
