4124 6418
389 333 494 404 9ίῦ

1351 343 1736 406 APOLOGIA
1779 345 2402 414 INSCKIPTIONUM
2443 355 2684 418 VECCI.

3521 363 3631 428 E5.)

385 457 772 529 προκείμενον.
815 457 926 510 Καὶ
977 459 1144 528 ἡμεῖς
1179 460 1285 530 γάρ
1335 461 1404 514 ἂν
1451 435 1694 534 φαίημεν
1726 463 1826 535 τὴν
1858 468 1950 522 διὰ

2059 480 2349 539 sanctum;
2405 473 2639 528 miretur
2693 475 2878 545 potius
2953 480 3233 548 seipsum,
3305 500 3416 556 quo
3467 500 3633 558 pacto

385 550 484 620 τὴν
513 549 710 602 ἕνωσιν
739 549 832 602 καὶ
863 549 922 602 τὸ
953 550 1373 619 ἀπαράλλακτον
1403 553 1506 622 τῆς
1527 554 1716 617 οὐσίας
1745 558 1959 627 Πατρὸς

387 642 484 696 καὶ
531 641 658 694 Υίοῦ
710 641 1090 713 παριστάνειν.
1135 644 1324 714 Ἴσμεν
1352 645 1458 715 γὰρ
1502 647 1656 712 τάξιν
1691 649 1816 702 τινὰ
1865 651 1960 702 καὶ

386 734 576 804 σχέσιν
619 733 709 787 ἀεὶ
761 733 848 785 διὰ.
895 735 994 802 τῆς
1045 733 1143 788 διὰ
1191 735 1285 790 τοῦ
1339 731 1512 807 ἐφ’οῦ
1545 738 1684 810 αὕτη
1715 740 1958 809 λέγεται,

385 824 522 893 πρὸς
571 823 662 876 τὸν
704 823 791 892 ἐφ’
827 817 887 878 οῦ
916 827 980 894 τῇ
1009 824 1076 878 ἐκ
1107 825 1370 896 χρώμεθα
1427 830 1522 882 καὶ
1575 831 1722 898 μάλα
1769 831 1960 901 δηλοῦ-

388 913 512 966 σθαι
538 929 552 943 ⁸
585 914 716 966 αὐτὸ
745 915 933 983 μέντοι
963 914 1122 968 τοῦτο
1163 917 1223 968 τὸ
1253 919 1448 970 ταυτὸν
1497 936 1556 971 τε
1584 923 1678 974 καὶ
1708 922 1961 992 ἀπαράλ-

386 1004 584 1057 λακτον
631 1003 808 1058 αἴτιον
859 1001 999 1061 εῖναι
1053 1007 1150 1060 καὶ
1190 999 1286 1060 τοῦ
1319 1011 1490 1064 ταυτὲ
1536 1011 1615 1082 τῷ
1662 1014 1840 1083 Πατρὶ
1871 1015 1962 1068 τὸν

387 1098 517 1150 Υίὸν
541 1097 828 1161 δύνασθαι,
857 1099 956 1150 καὶ
988 1097 1058 1151 δι’
1089 1098 1256 1152 αὐτοῦ
1292 1103 1542 1172 προῖέναι
1593 1106 1654 1156 τὸ
1707 1107 1958 1176 Πνεῦμα.

343 1242 346 1245 ,
389 1189 548 1242 Κατὰ
598 1189 696 1259 μὲν
727 1189 834 1260 γὰρ
865 1191 959 1243 τὸν
987 1190 1130 1244 θεῖον
1175 1192 1444 1262 Κύρι).λον
1472 1195 1530 1260 ἐξ
1563 1195 1788 1264 ἀμφοῖν,
1823 1198 1854 1268 ἢ
1895 1201 1960 1252 ἐκ

391 1285 602 1352 Πατρὸς
657 1283 726 1335 δι’
789 1283 946 1351 Υἱοῦ,
973 1283 1114 1336 κατὰ
1169 1284 1226 1338 δὲ
1282 1287 1374 1339 τὸν
1417 1288 1582 1341 αὐτὸν
1614 1289 1868 1358 Μάξιμον
1897 1293 1960 1344 ὲκ

391 1376 602 1444 Πατρὸς
657 1376 752 1428 καὶ
805 1375 958 1440 Υἱοῦ,
1005 1375 1105 1429 εἰτ’
1159 1376 1254 1430 οῦν
1307 1379 1370 1430 ἐκ
1429 1379 1644 1449 Πατρὺς
1697 1380 1766 1434 δι’
1825 1381 1957 1436 Υίοῦ

388 1469 771 1538 ἐκπορεύεται,
824 1469 1074 1523 τουτέστι
1124 1467 1228 1541 τὴν
1274 1470 1509 1542 ὕπαρξιν
1562 1472 1692 1543 ἔχει.
1729 1475 1802 1527 Τὸ
1848 1475 1958 1544 γὰρ

389 1563 780 1631 ἐκπορεύεσθαι
825 1563 919 1615 καὶ
953 1563 1116 1626 αὐτὸς
1164 1563 1230 1616 ἂν
1274 1565 1408 1634 φαίη
1466 1567 1529 1618 τὸ
1577 1570 1678 1636 τὴν
1724 1566 1958 1639 ὓπαρξιν

389 1654 532 1722 ἔχειν
577 1657 888 1724 σημαίνειν,
921 1659 1016 1709 καὶ
1069 1657 1308 1726 μάλιστα
1345 1657 1488 1710 κατὰ
1533 1659 1661 1720 τοὺς
1697 1659 1856 1712 τοῦτο
1898 1659 1958 1712 τδ

388 1741 560 1809 ὄνομα
586 1744 1040 1813 άποκληροῦντας
1081 1746 1150 1814 τῇ
1189 1743 1421 1813 ὑπάρξει
1469 1744 1566 1797 τοῦ
1620 1747 1953 1815 Πνεύματος.

2062 575 2160 628 per
2193 562 2390 616 Filium
2423 566 2710 619 conditum
2747 582 2868 622 esse
2903 570 3171 625 mundum
3209 574 3396 643 dicat,
3429 578 3630 636 deinde

2061 651 2258 706 Filium
2298 671 2364 709 cx
2399 658 2784 724 praepositione
2821 677 2935 730 per,
2979 663 3198 717 ostendi
3245 682 3462 724 causam
3505 687 3630 726 esse

2061 744 2458 811 procreationis
2499 747 2688 800 mundi
2723 749 3054 805 arbitretur.
3087 753 3182 807 Vel
3231 755 3386 812 dicat
3422 759 3624 813 Filium

2061 845 2169 884 non
2224 847 2348 887 esse
2389 849 2611 889 causam
2663 854 2882 906 rerum,
2931 851 2986 897 et
3033 844 3332 900 absurdum
3387 851 3630 905 absurdo

2061 923 2347 978 emendet.
2390 927 2627 981 Adducit
2667 939 2849 983 autem
2897 940 2954 985 et
2991 935 3364 992 testimonium
3419 939 3478 993 Ι).
3513 941 3628 1006 Ma-

2061 1014 2229 1077 ximi,
2258 1019 2404 1084 quod
2439 1018 2578 1072 nihil
2613 1018 2744 1073 facit
2781 1020 2850 1074 ad
2885 1024 3281 1086 rem.,Etenim
3325 1044 3424 1082 nos
3454 1031 3622 1084 etiam

2059 1103 2382 1170 faterentur,
2429 1110 2870 1177 praepositionem
2921 1129 3037 1182 per,
3071 1119 3516 1184 conjunctiouem
3563 1132 3622 1176 et

2060 1191 2557 1250 immutabilitatem
2612 1201 2872 1256 essentia:
2924 1204 3098 1258 Patris
3153 1215 3208 1260 et
3261 1207 3383 1262 Filii
3437 1211 3625 1279 expri-

2059 1299 2248 1350 mere;
2291 1286 2498 1342 scimus
2528 1291 2674 1344 enim
2717 1291 2818 1345 hac
2865 1297 3260 1364 praepositione
3312 1317 3424 1370 per,
3477 1303 3628 1356 ordi-

2059 1389 2182 1429 nem
2213 1377 2509 1444 quemdam
2555 1389 2611 1434 et
2661 1382 2992 1437 relationem
3045 1387 3131 1440 vel
3185 1389 3422 1444 maxime
3476 1391 3628 1446 illius

2057 1467 2355 1531 signiﬁcari
2413 1469 2482 1524 de
2526 1486 2635 1539 quo
2687 1472 2806 1539 ipsa
2884 1475 3234 1544 praedicatur,
3282 1479 3348 1533 ad
3395 1496 3521 1536 eum
3573 1483 3628 1536 in

2057 1573 2168 1626 quo
2209 1561 2598 1628 praepositione
2666 1579 2731 1616 ex
2783 1565 3027 1622 utimur:
3063 1569 3168 1624 hoc
3210 1571 3388 1640 ipsum
3443 1584 3626 1628 tamen

2059 1648 2201 1702 idem
2248 1666 2371 1704 esse
2407 1652 2552 1707 inter
2601 1669 2659 1709 se
2695 1665 2753 1709 et
2799 1657 3332 1730 immutabilitatem,
3385 1665 3623 1722 dicimus

2059 1755 2179 1794 esse
2244 1757 2464 1796 causam
2520 1759 2618 1798 cur
2666 1747 2837 1802 Filius
2895 1751 3087 1806 eadem
3156 1757 3330 1823 possit
3395 1773 3518 1827 qua:
3573 1769 3631 1814 et

393 1837 450 1886 Ei
487 1835 544 1888 δὲ
575 1837 664 1888 τὸν
695 1836 823 1888 Υίδν
855 1837 932 1905 μὴ
965 1837 1144 1888 ποιεῖν
1176 1852 1342 1904 φησιν
1365 1837 1392 1887 ὁ
1421 1835 1744 1900 διδάσκαλος
1774 1836 1950 1892 αίτίαν

2061 1830 2258 1896 Pater;
2291 1844 2350 1888 ut
2379 1843 2435 1888 et
2467 1850 2566 1904 per
2599 1837 2778 1905 ipsum
2815 1843 3074 1909 procedat
3109 1819 3344 1914 Spiritus
3375 1819 3624 1907 sanctus.

387 1925 482 1978 τοῦ
522 1927 861 1995 Πνεύματος,
893 1927 1027 1980 ἀλλὰ
1079 1928 1170 1980 τὸν
1223 1927 1462 1996 Πατέρα,
1516 1927 1592 1998 μὴ
1643 1927 1955 1998 θαυμάσῃς,

387 2017 437 2067 εί
469 2015 565 2085 τῆς
611 2014 937 2085 Ἑλληνικῆς
993 2015 1180 2085 φωνῆς
1245 2016 1677 2086 ἁναμνησθείης,
1732 2017 1824 2070 καὶ
1867 2019 1956 2070 ἐπὶ

385 2106 534 2168 τίνος
561 2105 702 2174 αὕτη
732 2107 941 2176 κυρίως
983 2107 1046 2176 τῇ
1095 2104 1247 2177 αίτίᾳ
1284 2107 1377 2158 καὶ
1415 2106 1492 2174 τῷ
1519 2106 1746 2176 ὀνόματι
1780 2107 1958 2179 τούτῳ

386 2195 546 2249 εἴωθε
577 2197 848 2267 χρῆσθαι·
896 2197 1056 2266 δῆλον
1088 2198 1198 2268 γάρ
1236 2197 1298 2266 δὴ
1341 2196 1440 2267 τὴν
1474 2200 1957 2270 προκαταρκτικὴν

386 2289 482 2341 acati.
531 2288 788 2358 ἀρχοειδῆ
822 2291 1002 2342 αἰτίαν
1035 2289 1134 2342 καὶ
1161 2289 1340 2358 πηγὴν
1375 2290 1468 2342 καὶ
1509 2291 1664 2359 ῥίζαν
1698 2291 1954 2358 ἑκάστου,

383 2381 591 2451 ταύτην
642 2381 849 2448 κυρίως
898 2381 1080 2433 αἰτίαν
1131 2381 1442 2445 καλεῖσθαι,
1480 2382 1600 2434 οἵαν
1655 2383 1816 2451 μόνον
1863 2383 1956 2436 τὸν

387 2472 605 2541 Πατέρα
638 2472 928 2540 ὑπάρχειν,
959 2471 1044 2534 τίς
1066 2471 1166 2523 οὐκ
1203 2473 1268 2524 ἂν
1322 2471 1610 2538 συνθοῖτος
1641 2473 1752 2526 Καὶ
1796 2474 1956 2545 δῆλον

385 2563 636 2617 ἐντεῦθεν
659 2581 674 2597 ο
701 2566 800 2634 τῆς
831 2565 930 2634 μὲν
963 2565 1068 2634 γὰρ
1099 2565 1332 2628 κτίσεως
1372 2566 1466 2618 καὶ
1492 2563 1587 2618 τὸν
1613 2566 1741 2619 Υίὸν
1772 2567 1868 2619 καὶ
1896 2565 1955 2620 τὸ

385 2655 611 2722 Πνεῦμα
643 2656 823 2707 αἰτίαν
863 2653 1132 2724 ὐπάρχειν
1162 2655 1337 2718 οὐδεὶς
1369 2655 1476 2708 τῶν
1507 2657 1564 2708 ὲν
1597 2657 1952 2725 Χριστιανοῖς

383 2745 682 2798 τελούντων
711 2747 1030 2816 ἀρνήσαιτο.
1076 2746 1218 2798 ’Λ).λ’
1247 2748 1274 2798 ὁ
1322 2747 1585 2814 Θεολόγος
1622 2748 1950 2818 Γρηγόριος,

387 2857 409 2890 σ
444 2839 598 2902 Θεὸς,
647 2839 830 2908 φησὶν,
865 2841 924 2890 ἐν
971 2840 1152 2909 τρισὶν
1215 2839 1431 2893 ἵσταται
1479 2842 1595 2902 τοῖς
1643 2842 1950 2910 μεγίστοις,

381 2931 562 2999 αἰτίῳ,
597 2932 693 2984 καὶ
743 2929 1083 3000 δημιουργῷ,
1135 2929 1230 2982 καὶ
1272 2929 1612 2999 τελειοποιῷ,
1657 2931 1734 3000 τῷ
1780 2932 1953 3001 Πατρὶ

381 3021 525 3088 λέγω
573 3023 666 3073 καὶ
695 3021 770 3092 τῷ
803 3021 912 3090 Υίῴ
954 3024 1048 3074 καὶ
1095 3023 1171 3091 τῷ
1203 3022 1340 3092 ἁγίῳ
1369 3023 1670 3092 Πνεύματι.
1715 3024 1953 3076 Ἀκούων

380 3109 438 3160 δὲ
493 3109 751 3179 ἀρχοειδῆ
805 3109 896 3162 τὸν
944 3109 1164 3180 Πατέρα
1213 3111 1416 3174 αἰτίαν,
1449 3112 1523 3179 μὴ
1583 3111 1811 3180 νομίσῃς
1848 3111 1950 3181 ἤδη

381 3201 477 3250 καὶ
516 3201 592 3268 μὴ
629 3199 884 3262 θέλοντας
919 3201 1198 3272 διαφόρως
1232 3201 1414 3268 λέγειν
1442 3203 1534 3254 τον
1557 3201 1684 3254 Υίὸν
1716 3203 1953 3271 προϐάλ-

377 3291 493 3344 λειν
525 3291 588 3343 τὸ
640 3291 886 3360 Πνεῦμα,
921 3292 997 3361 μὴ
1050 3293 1306 3366 ἀρχοειδῆ
1355 3292 1487 3345 ὄντα
1533 3291 1714 3346 αἰτίαν
1742 3308 1756 3322 ·
1793 3294 1951 3346 τοῦτο

379 3379 488 3447 γὰρ
535 3379 689 3434 οὐδὲν
737 3375 902 3451 ἦττον
933 3397 1030 3435 και
1073 3383 1170 3433 ἐπὶ
1212 3381 1310 3451 τῆς
1343 3383 1575 3446 κτίσεως
1610 3384 1824 3450 ἕπεται,
1857 3386 1952 3438 καὶ

379 3471 600 3520 πάντων
648 3469 838 3532 ἁπλῶς
885 3464 960 3523 ὧν
991 3471 1019 3522 ὁ
1069 3471 1193 3533 Υἱὸς
1227 3472 1366 3540 ἔχει·
1397 3471 1530 3524 οὐδὲ
1583 3473 1692 3544 γὰρ
1744 3473 1951 3544 ταύτης

378 3562 670 3628 ἀρχοειδὴς
720 3563 894 3625 αῐτιος
949 3564 978 3614 ὁ
1024 3561 1172 3626 Υἱὸς,
1223 3562 1380 3631 εἴπερ
1429 3565 1693 3626 αίτιατῶς
1740 3582 1798 3618 τε
1855 3567 1950 3618 καὶ

379 3653 572 3713 υίῖκῶς
605 3651 824 3707 ἅπαντα
852 3652 988 3722 ἔχει,
1029 3654 1128 3706 ὅσα
1173 3657 1269 3708 καὶ
1294 3656 1322 3708 ὀ
1355 3655 1548 3725 Πατὴρ
1577 3657 1861 3726 πατρικῶς
1888 3673 1946 3709 τε

376 3743 474 3796 καὶ
506 3743 786 3806 ἀναιτίως.
832 3743 972 3795 Ἀλλ’
997 3744 1146 3814 ὅμως
1178 3747 1270 3799 καὶ
1310 3746 1338 3796 ὁ
1370 3748 1534 3810 αὐτός
1565 3749 1716 3800 ἐστιν
1748 3748 1944 3814 αἴτιος,

375 3835 474 3886 καὶ
507 3835 604 3904 μία
651 3835 788 3905 μετὰ
839 3835 932 3888 τοῦ
969 3837 1180 3907 Πέτρος
1213 3839 1364 3892 αἰτία
1399 3839 1509 3892 τῶν
1545 3839 1735 3902 θντων,
1764 3842 1856 3891 καὶ
1885 3841 1947 3893 τὸ

373 3927 574 3977 ταυτὸν
622 3925 788 3978 αὐτοῦ
841 3929 936 3980 καὶ
989 3927 1310 3996 ὁμόδουλον,
1344 3930 1496 3981 οὐδὲν
1534 3929 1598 4000 δὴ
1645 3923 1808 3999 ἦττον
1851 3930 1948 3984 καὶ

372 4019 476 4085 τὴν
512 4019 616 4070 τῶν
659 4020 970 4088 προσώπων
998 4022 1270 4092 διάκρισιν
1304 4022 1336 4092 ῄ
1367 4021 1463 4075 διὰ
1492 4023 1836 4092 παριστάνει.

2060 1921 2366 1990 Siquidem,
2402 1927 2706 1981 secundum
2757 1931 2822 1984 D.
2874 1931 3161 2004 Cyrillum,
3213 1951 3280 1991 ex
3325 1939 3628 2007 ambobus,

2059 2013 2316 2068 videlicet
2341 2031 2407 2069 ex
2433 2017 2592 2095 Patre
2619 2034 2718 2088 per
2747 2021 2944 2076 Filium
2969 2063 2985 2090 ,
3015 2026 3172 2095 juxta
3207 2043 3339 2083 vero
3371 2033 3628 2086 eumdem

2057 2101 2351 2158 Maximum
2379 2121 2444 2160 cx
2479 2089 2637 2162 Patre
2665 2119 2720 2162 et
2751 2110 2891 2165 Filio
2913 2153 2928 2176 ,
2960 2089 3076 2168 sive
3106 2132 3174 2170 ex
3203 2117 3364 2173 Patre
3398 2137 3496 2189 per
3535 2123 3623 2176 Fi-

2059 2191 2190 2245 lium
2226 2193 2472 2261 procedit
2499 2233 2513 2259 ,
2537 2195 2659 2266 ‘hoc
2691 2208 2775 2251 est
2813 2201 3192 2256 exsistentiam
3232 2205 3420 2260 habet.
3467 2207 3626 2273 Quod

2057 2281 2206 2336 enim
2243 2283 2330 2336 illa
2372 2300 2474 2338 vox
2511 2287 2944 2357 ἐκπορεύεσθαι,
2991 2296 3296 2364 procedere,
3352 2301 3628 2353 exsistet:-

2059 2374 2188 2429 tiam
2237 2375 2440 2431 habere
2489 2377 2804 2447 signiticet,
2863 2383 3030 2438 etiam
3093 2386 3211 2456 ipse
3271 2389 3626 2447 adversarius

2055 2469 2422 2525 concederet:
2461 2475 2764 2542 praesertim
2794 2477 2952 2547 juxta
2984 2495 3081 2534 eos
3113 2483 3206 2550 qui
3246 2484 3350 2538 hoc
3383 2488 3627 2542 nominis

2055 2561 2122 2614 ad
2179 2562 2596 2631 signiﬁcandam
2655 2567 3040 2624 exsistcntiam
3109 2573 3355 2641 Spiritus
3410 2581 3624 2648 sancti,

2056 2653 2498 2707 accommodant.
2537 2656 2694 2720 Quod
2727 2658 2774 2713 si
2807 2659 2908 2714 iste
2939 2660 3134 2717 doctor
3163 2665 3496 2740 (Maximus)
3532 2685 3630 2724 ne-

2055 2751 2146 2812 gat
2173 2757 2232 2796 se
2263 2742 2460 2798 Filium
2493 2745 2694 2814 facere,
2727 2750 2821 2804 sed
2856 2749 3097 2816 Patrem,
3135 2770 3356 2812 causam
3385 2759 3626 2830 Spiritus

2055 2835 2274 2901 sancti;
2331 2851 2398 2890 ne
2443 2827 2660 2894 mireris
2718 2841 2765 2895 si
2818 2841 3060 2898 Griecam
3107 2847 3348 2918 linguam
3416 2853 3470 2906 in
3506 2869 3625 2907 me-

2053 2924 2284 2979 moriam
2315 2927 2646 2994 adduxeris,
2684 2941 2739 2986 et
2772 2933 2824 2987 in
2856 2951 2966 3002 quo
3017 2939 3240 3007 proprie
3287 2939 3390 2995 ista
3441 2943 3626 3013 lingua

2054 3016 2160 3072 hoc
2191 3020 2414 3074 nomine
2457 3036 2636 3077 causa:
2673 3025 2854 3080 soleat
2904 3029 3004 3082 uti.
3049 3030 3280 3087 Constat
3322 3034 3470 3088 enim
3503 3051 3624 3089 eam

2056 3113 2276 3179 proprie
2305 3127 2527 3166 causam
2566 3117 2869 3185 appellari,
2935 3135 3058 3189 quae
3106 3123 3178 3176 sit
3225 3128 3627 3192 procatarctica

2055 3210 2110 3253 et
2169 3201 2487 3269 originalis,
2537 3203 2662 3258 fons
2724 3199 2888 3274 atque
2937 3209 3094 3265 radix
3151 3213 3624 3286 uniuscujusque,

2051 3294 2266 3363 qualem
2303 3295 2476 3347 solum
2508 3310 2627 3350 esse
2663 3289 2880 3353 Patrem
2902 3342 2917 3366 ,
2949 3305 3073 3372 quis
3107 3320 3218 3360 non
3249 3311 3626 3366 assentiatur?

2051 3382 2230 3452 Atque
2266 3384 2394 3437 hinc
2423 3396 2647 3454 apparet
2675 3405 2687 3440 :
2723 3393 3022 3446 creatiouis
3053 3395 3199 3450 enim
3230 3400 3396 3452 etiam
3429 3399 3626 3456 Filium

2051 3482 2106 3528 et
2130 3475 2393 3544 Spiritum
2425 3487 2672 3532 sanctum
2695 3495 2816 3536 esse
2844 3497 3066 3560 causam
3092 3525 3108 3550 ,
3170 3490 3262 3556 qui
3294 3491 3439 3546 inter
3465 3493 3628 3547 Chri-

2052 3565 2260 3617 stianos
2290 3565 2380 3630 sit,
2415 3581 2578 3620 nemo
2606 3569 2850 3638 negabit.
2882 3573 3050 3642 Atqui
3077 3574 3397 3645 Gregorius,
3429 3595 3628 3651 cogno-

2053 3664 2238 3708 mento
2269 3655 2602 3727 Theologus,
2658 3679 2675 3710 ι
2712 3661 2854 3718 Deus
2881 3703 2896 3730 ,
2927 3665 3142 3735 inquit,
3181 3670 3234 3722 in
3286 3674 3460 3726 tribus
3505 3690 3626 3729 ma-

2054 3747 2216 3800 x'mis
2251 3751 2530 3816 constitit,
2565 3765 2632 3806 eo
2673 3753 2766 3820 qui
2801 3770 2962 3810 causa
2997 3759 3090 3824 sit,
3129 3769 3184 3813 et
3221 3762 3442 3830 opiﬁce,
3469 3775 3525 3820 et
3554 3781 3622 3822 eo

2053 3837 2147 3904 qui
2177 3836 2645 3893 absolutissimum
2679 3843 2872 3897 reddat
2902 3859 3043 3914 opus
3063 3886 3077 3911 ,
3121 3848 3280 3904 Patre
3300 3891 3314 3916 ,
3356 3851 3576 3922 inquam
3603 3896 3618 3919 ,

2053 3939 2106 3983 et
2138 3929 2312 3997 Filio,
2337 3941 2392 3986 et
2432 3932 2644 4000 Spiritu
2683 3947 2892 3990 sancto.
2925 3956 2943 3989 ι
2972 3938 3108 3994 Cum
3156 3957 3286 3996 vero
3323 3945 3480 3999 audis
3509 3947 3624 4000 ori-

2054 4021 2288 4091 ginalem
2332 4037 2552 4077 causam
2582 4039 2706 4080 esse
2764 4027 3020 4097 Patrem,
3077 4048 3145 4086 ne
3193 4037 3455 4091 continuo
3504 4041 3622 4094 exi-

374 4114 606 4180 stimes,
659 4119 742 4172 vel
797 4119 1002 4172 invitos
1069 4123 1172 4172 nds
1206 4120 1364 4188 cogi,
1435 4119 1596 4174 fateri
1640 4119 1872 4185 Filium,
1917 4135 2040 4174 cum
2084 4120 2365 4190 originalis
2413 4138 2576 4177 causa
2624 4125 2850 4182 minime
2901 4131 3004 4194 sit,
3062 4131 3282 4190 diverse
3315 4139 3622 4208 producere
3684 4197 3688 4200 ,

375 4205 640 4274 Spiritum
725 4220 1019 4275 sanctum;
1074 4211 1127 4264 id
1175 4211 1322 4264 enim
1366 4227 1477 4266 non
1543 4210 1726 4266 minus
1755 4222 1812 4267 et
1880 4213 1934 4267 in
1964 4213 2172 4268 fabrica
2229 4215 2417 4268 mundi
2483 4219 2751 4284 sequitur,
2809 4232 2866 4275 et
2940 4225 3165 4279 omnino
3220 4230 3276 4282 in
3332 4232 3618 4296 omnibus,

375 4312 498 4364 quae
549 4297 718 4353 Filius
767 4301 950 4356 habet.
1035 4303 1224 4372 Neque
1278 4305 1425 4359 enim
1476 4306 1760 4374 originalis
1806 4321 1971 4362 causa
2049 4319 2130 4362 cst
2186 4309 2358 4364 Fiiius
2407 4316 2745 4368 Creatonis:
2792 4317 3063 4386 siquidem
3117 4324 3300 4378 omnia
3351 4340 3615 4390 causata,

371 4397 431 4441 et
459 4390 695 4444 lilialiter
724 4391 924 4457 habet,
953 4409 1295 4464 quaecunque
1323 4397 1493 4451 Pater
1527 4398 1642 4466 ipse
1673 4409 1901 4468 paterne
1944 4405 2002 4453 et
2057 4400 2356 4455 incausate.
2396 4404 2500 4456 Sed
2537 4414 2715 4460 tamen
2750 4423 2893 4462 unus
2923 4419 3086 4479 atque
3119 4410 3264 4468 idem
3297 4427 3379 4470 est
3407 4431 3619 4483 auctor,

373 4492 429 4536 ct
477 4499 584 4537 una
631 4497 795 4538 causa
839 4502 964 4540 eum
1005 4489 1166 4542 Patre
1209 4506 1394 4544 rerum
1441 4492 1678 4547 exsistit.
1764 4493 1994 4562 Ipsaque
2029 4494 2347 4563 praepositio
2395 4513 2513 4565 per,
2569 4513 2677 4552 non
2734 4501 2914 4556 minus
2964 4505 3378 4561 distinctionem
3430 4523 3622 4577 perso-

372 4593 603 4644 narum,
638 4595 800 4649 quam
859 4580 1007 4635 idem
1057 4598 1180 4639 esse
1237 4586 1381 4639 inter
1433 4602 1532 4654 se,
1583 4598 1748 4659 atque
1800 4591 1944 4644 idem
1988 4591 2129 4646 velle
2179 4591 2470 4661 significat.
2513 4629 2515 4631 ι

451 4672 518 4722 Ἃ
545 4674 601 4724 δέ
648 4689 840 4742 φησιν,
882 4673 958 4737 ὡς
1004 4674 1166 4744 ἔργον
1209 4676 1358 4741 θείας
1393 4679 1693 4751 θελήσεως,
1731 4686 1824 4735 καὶ
1858 4683 1945 4736 διὰ

2121 4684 2252 4749 Quae
2281 4701 2408 4738 vero
2431 4686 2530 4753 ait,
2569 4688 2832 4742 nimirum
2874 4705 3012 4757 Opus
3056 4690 3257 4744 divinae
3293 4694 3616 4770 voluntatfsv

369 4761 528 4815 τοῦτο
559 4767 653 4817 καὶ
683 4765 889 4836 κτίσμα
917 4766 976 4818 τὸ
1011 4767 1238 4836 Πνεῦμα
1272 4786 1478 4840 φαμεν,
1514 4773 1601 4824 διὰ
1628 4779 1686 4825 το
1713 4775 1811 4844 τὴν
1843 4773 1943 4826 διὰ

2054 4777 2114 4830 ob
2159 4792 2390 4846 eamque
2437 4795 2661 4834 causam
2699 4792 2754 4836 et
2805 4795 3122 4838 creaturam
3177 4785 3445 4856 Spiritum
3487 4803 3620 4843 san-

368 4854 432 4906 τὸ
459 4855 658 4908 ταυτὸν
708 4856 806 4921 τῆς
855 4855 1132 4928 θελήσεως
1178 4863 1556 4930 παριστάνειν,
1593 4863 1695 4916 οὐκ
1740 4861 1837 4916 οἷδ’
1893 4865 1946 4916 εί

2054 4875 2192 4920 ctum
2237 4883 2337 4921 nos
2391 4868 2574 4937 fateri,
2625 4883 2920 4942 prapteri-a
2975 4877 3120 4945 quod
3157 4854 3476 4947 priepositio
3524 4897 3619 4949 per

366 4962 474 4997 τινι
498 4946 640 5013 ἄλλῳ
667 4948 807 5016 πλὴν
831 4947 1023 5000 τούτου
1055 4949 1376 5015 συνδόξειεν.
1414 4951 1476 5003 Εί
1506 4951 1612 5022 γὰρ
1637 4951 1724 5005 διὰ
1754 4955 1810 5004 τὸ
1841 4955 1941 5020 τὴν

2054 4959 2291 5013 ιοωάοηι
2317 4960 2653 5016 voluntatem
2686 4967 2999 5034 signiticet;
3037 4971 3226 5024 nescio
3257 4987 3324 5024 an
3360 4972 3452 5026 ulti
3481 4989 3619 5042 prai—
3706 4982 3711 4988 '

367 5038 466 5091 διὰ
503 5039 564 5091 τὸ
599 5039 794 5092 ταυτὸν
841 5039 1038 5111 δηλοῦν
1087 5043 1186 5110 τῆς
1231 5041 1502 5112 θελήσεως
1557 5043 1764 5114 κτίσμα
1819 5041 1942 5098 κατ’

2040 5061 2126 5105 ter
2179 5052 2327 5107 hunc
2375 5055 2600 5123 probari
2648 5069 2888 5126 queant;
2941 5063 2986 5114 si
3037 5062 3189 5115 enim
3232 5079 3301 5117 ex
3349 5079 3437 5129 eo,
3470 5068 3617 5135 quod

367 5129 530 5180 αὐτὸν
575 5128 638 5181 τὸ
681 5130 903 5199 Πνεῦμα
951 5131 1272 5197 συνάγεται,
1316 5133 1433 5195 πῶς
1471 5133 1592 5202 οὐχὶ
1623 5133 1744 5187 θεία
1776 5135 1940 5203 φύσις

2054 5145 2360 5214 ρτσιροεὶιίο
2389 5163 2502 5216 per,
2537 5149 2786 5203 eamdem
2839 5151 3180 5207 voluntatem
3211 5155 3507 5224 signiticet,
3548 5173 3617 5212 ex

365 5219 522 5271 ἔσται
565 5219 766 5289 μᾶλλον
790 5223 886 5274 καὶ
910 5221 1304 5292 δοξασθήσεται
1333 5224 1422 5292 ὐφ’
1444 5226 1602 5293 ἡμῶν
1630 5225 1718 5277 διὰ
1752 5226 1811 5277 τὸ
1835 5225 1934 5296 τὴν

365 5310 464 5363 διὰ
500 5313 594 5365 καὶ
623 5313 684 5365 τὸ
725 5315 822 5380 τῆς
865 5315 1054 5377 οὐσίας
1081 5318 1279 5376 ταυτὸν
1330 5318 1722 5386 παριστάνειν;
1755 5320 1934 5372 καίτοι

364 5403 467 5471 τῆς
497 5405 742 5474 ῥήσεως,
785 5407 852 5474 ἣν
903 5408 1214 5477 προήνεγκε
1251 5407 1344 5460 τοῦ
1386 5409 1623 5478 μεγάλου
1654 5410 1932 5480 Μαξίμου,

362 5505 464 5565 τὴν
487 5497 798 5566 ταυτότητα
835 5499 1040 5568 μᾶλλον
1077 5501 1175 5568 τῆς
1202 5503 1391 5564 οὐσίας
1414 5501 1610 5573 δηλοῦν
1643 5503 1934 5557 διδασκού-

366 5607 466 5658 σης
493 5607 510 5622 ·
545 5609 564 5642 ι
606 5591 884 5664 Ἵναδγὰρ,
921 5595 1075 5666 φησὶ,
1115 5595 1176 5647 τὸ
1213 5596 1450 5665 συναφὲς
1492 5599 1592 5666 τῆς
1625 5595 1812 5662 οὐσίας
1841 5601 1933 5651 καὶ

365 5683 785 5753 απιράλ).ακτον
833 5689 1252 5756 παραστήσωσι.
1296 5707 1315 5740 ι
1375 5689 1566 5742 Καίτοι
1621 5689 1717 5742 καὶ
1772 5691 1820 5744 εί
1872 5693 1932 5745 τὸ

369 5777 459 5845 τῆς
490 5775 760 5847 θελήσεως
794 5781 954 5850 μόνον
996 5780 1187 5852 ἐδήλου
1223 5781 1414 5836 ταυτὸν
1444 5783 1476 5852 ή
1526 5783 1642 5850 διὰ,
1679 5785 1832 5840 οἶδὲν
1864 5787 1929 5842 ἂν

2042 5237 2161 5308 ejus
2211 5241 2508 5304 sententia,
2559 5253 2837 5306 creatura,
2870 5259 2992 5298 esse
3025 5246 3266 5314 Spiritus
3295 5253 3610 5320 colligitur;

2042 5344 2152 5398 quo
2205 5331 2426 5384 tandem
2459 5333 2621 5386 modo
2660 5349 2768 5387 non
2803 5335 2991 5390 divina
3030 5339 3214 5406 potius
3254 5343 3359 5392 erit
3394 5349 3612 5406 natura,

2042 5433 2097 5477 et
2129 5439 2158 5476 a
2196 5425 2356 5478 nobis
2386 5428 2741 5481 venerandus
2764 5439 2928 5498 atque
2956 5433 3247 5493 colendus,
3276 5445 3340 5484 ex
3377 5446 3443 5486 eo
3461 5433 3612 5501 quod

2044 5515 2362 5582 praepositio
2400 5532 2516 5585 per,
2548 5517 2713 5570 etiam
2748 5520 2999 5574 eamdem
3036 5521 3400 5576 substantiam
3437 5524 3610 5578 deno-

2045 5613 2160 5670 tet;
2191 5607 2493 5682 etquidem
2527 5610 2798 5663 sententia
2831 5611 2945 5674 illa,
2970 5627 3131 5680 quam
3165 5615 3396 5682 protulit
3429 5619 3610 5687 magni

2040 5696 2299 5766 Maximi,
2347 5701 2596 5754 eamdem
2653 5702 2836 5770 potius
2883 5707 3250 5760 substantiam
3299 5708 3614 5779 signiﬁcare

2039 5805 2141 5845 nos
2205 5792 2410 5866 docet;
2453 5813 2470 5846 ι
2515 5793 2582 5848 Ut
2637 5795 2823 5865 enim,
2877 5799 3092 5869 inquit,
3157 5803 3610 5873 coniunctionem
