4124 6404
487 337 586 406 ἓῦὶ

1447 320 1957 385 BESSARIONIS
1993 319 2053 382 S.
2103 318 2177 380 Β.
2220 317 2283 378 Ε.
2321 309 2792 372 CARDINALIS
2839 378 2847 386 _

3652 304 3766 370 212

497 447 828 508 substantia:
905 456 1068 516 atque
1133 441 1642 498 immntabilitatem
1736 435 2076 505 exprimant.

2192 431 2305 484 οὐδὲ
2335 427 2510 491 οὕτως
2544 427 2750 480 ἄτοπον
2795 424 3002 486 εἵπετο,
3035 424 3129 492 τῆς
3162 423 3330 493 αὐτῆς
3370 425 3463 476 καὶ
3494 422 3776 493 θελήσεως

492 550 720 604 Verum,
753 543 884 596 licet
923 535 1238 607 pra-positio
1298 549 1394 604 per
1421 531 1673 588 eamdem
1721 531 2066 581 voluntatem

496 649 708 692 tantum
761 632 1123 701 signiﬁcaret,
1175 626 1340 680 etiam
1395 623 1476 677 sic
1535 621 1612 674 nil
1671 620 1800 674 inde
1840 616 2069 672 absurdi

494 735 846 796 sequeretur,
881 736 1005 774 cum
1051 717 1243 772 eadem
1278 729 1400 768 esse
1429 721 1484 768 et
1508 712 1786 774 voluntas,
1833 717 1890 763 et
1938 708 2071 762 sub-

495 821 701 872 stantia
750 815 804 868 iu
858 811 972 865 Deo
1025 808 1406 877 intelligatur;
1439 824 1456 856 ι
1505 805 1650 858 hanc
1687 804 1834 858 enim
1870 803 1980 856 vim
2019 809 2076 855 et

495 909 794 978 potentiam
831 901 1227 971 simplicior-em
1254 913 1397 960 esse,
1431 905 1597 964 atque
1637 894 1896 948 omnibus
1935 893 2078 946 emi-

495 1001 808 1057 nentiorem
836 1038 849 1060 ,
885 1011 1048 1050 nemo
1074 1001 1180 1058 est,
1213 993 1306 1061 qui
1342 1006 1450 1044 non
1499 987 1832 1044 consentiat.
1867 985 2076 1040 Unam;

496 1107 772 1162 quamque
799 1098 982 1142 autem
1016 1083 1318 1154 pmeutiam
1361 1096 1428 1134 eo
1459 1095 1518 1133 se
1551 1079 1756 1132 habere
1794 1075 1860 1129 ad
1892 1077 2076 1145 plura,

494 1203 604 1255 quo
639 1181 940 1252 simplicior
993 1181 1065 1232 sit
1124 1186 1179 1230 et
1226 1173 1583 1232 eminentior,
1651 1169 1777 1239 quis
1821 1169 2078 1240 ignorat?

500 1279 640 1332 llinc
689 1276 850 1329 etiam
906 1271 997 1325 Dei
1051 1267 1326 1329 voluntas,
1377 1267 1442 1321 ad
1502 1265 1700 1319 Filiqu
1756 1263 1979 1332 quidem
2021 1271 2078 1315 et

498 1370 765 1437 Spiritum
803 1374 1051 1418 sanctum
1098 1373 1355 1429 tanquam
1391 1369 1622 1419 natura;
1656 1356 1721 1410 ad
1765 1365 2078 1410 creaturam

496 1472 679 1514 autem
719 1469 974 1526 tanquam
1016 1454 1270 1506 voluntas
1301 1467 1358 1504 se
1400 1451 1585 1503 habet.
1647 1447 1859 1501 Etenim
1898 1446 2081 1501 omnis

498 1551 776 1612 voluntas,
811 1556 871 1599 ut
903 1553 1092 1597 notum
1125 1557 1188 1596 ac
1233 1540 1587 1594 manifestum
1615 1550 1725 1600 est,
1757 1537 1925 1592 etiam
1964 1537 2080 1605 ipsa

498 1643 684 1695 divina
725 1637 794 1692 ad
839 1638 1023 1696 linem,
1071 1645 1330 1701 tanquam
1365 1640 1557 1684 natura
1591 1644 1650 1684 se
1694 1629 1859 1682 habet
1892 1629 2080 1682 deter-

500 1737 703 1788 n.inate
733 1731 912 1800 ipsum
941 1729 1170 1782 volens:
1201 1736 1256 1779 et
1290 1721 1753 1793 quemadmodum
1784 1724 1947 1776 etiam
1982 1736 2075 1773 na-

2199 524 2295 576 καὶ
2327 523 2515 583 ούσίας
2561 521 2650 573 ἐπὶ
2689 515 2827 571 Θεοῦ
2860 517 3178 585 νοουμένης.
3214 517 3436 586 Ταύτην
3469 518 3580 587 γὰρ
3622 513 3772 571 εἶναι

2197 615 2296 683 τὴν
2329 614 2562 682 δύναμιν
2597 611 2980 681 ἁπλουστέραν
3038 610 3132 663 καὶ
3173 608 3515 679 ὑψηλοτέραν
3553 609 3774 671 πασῶν,

2187 706 2363 767 οὐδεὶς
2391 706 2478 768 ἂν,
2506 704 2563 766 ὃς
2590 705 2650 758 οὐ
2677 701 3321 774 συμφήσειεν.Ἐκάστην
3345 701 3402 754 δὲ
3427 701 3656 771 δύναμιν
3683 719 3785 754 τεο

2189 796 2364 866 σούτῳ
2394 796 2541 867 ἔχειν
2578 797 2714 864 πρὸς
2762 796 2953 855 πλείω.
2989 795 3098 864 ὅσῳ
3131 793 3196 847 ἂν
3227 793 3573 863 ἁπλουστέρα
3680 794 3781 846 καὶ

2185 888 2514 958 ὑψηλοτέρα,
2549 889 2634 950 τίς
2674 889 2898 955 άγνοεῖ;
2933 885 3226 939 κάντεῦθεν
3257 885 3352 938 καὶ
3377 886 3478 951 τὴν
3501 885 3594 937 τοῦ
3637 885 3779 938 Θεοῦ

2193 981 2414 1047 θέλησιν
2447 981 2583 1051 πρὸς
2625 980 2722 1049 μὲν
2752 980 2843 1032 τὸν
2872 980 3001 1033 Υἰὸν
3029 982 3122 1032 καὶ
3157 979 3216 1030 τὸ
3246 977 3470 1046 Πνεῦμα
3522 979 3666 1048 ἔχειν
3697 978 3779 1040 ὡς

2188 1072 2467 1141 φύσιν,ὼς
2492 1072 2713 1142 θέλησιν
2741 1072 2797 1125 δὲ
2829 1073 2966 1144 πρὸς
2992 1072 3087 1141 τὴν
3113 1072 3314 1124 κτίσιν.
3355 1071 3528 1141 Δῆλον
3557 1071 3668 1141 γὰρ
3697 1071 3778 1134 ὡς

2187 1164 2339 1217 πᾶσά
2375 1181 2435 1217 τε
2468 1163 2688 1233 θέλησις
2721 1165 2814 1216 καὶ
2843 1165 2876 1234 ἡ
2911 1163 3029 1216 θεία
3067 1163 3208 1233 αῦτη
3242 1163 3381 1234 πρὸς
3410 1163 3509 1232 μὲν
3535 1164 3596 1215 τὸ
3625 1163 3780 1226 τέλος

2186 1257 2263 1320 ὡς
2289 1257 2450 1325 φύσις
2475 1258 2946 1328 ἔχει,ὡρισμένως
2976 1258 3107 1312 αὐτὸ
3142 1257 3390 1320 θέλουσα,
3407 1258 3501 1310 καὶ
3522 1256 3779 1324 καθάπερ

2195 1349 2291 1403 καὶ
2318 1351 2352 1419 ἡ
2392 1349 2554 1418 φύσις
2604 1351 2743 1420 πρὸς
2778 1350 2836 1402 ἓν
2870 1349 3181 1420 ὡρισμένον
3216 1350 3244 1403 δ
3279 1349 3413 1426 ἔχει,
3447 1349 3616 1401 τείνει
3647 1364 3660 1376 ’
3687 1349 3780 1402 τι.

2187 1441 2276 1503 λος
2317 1442 2373 1494 δὲ
2428 1441 2528 1510 τῆς
2578 1443 2848 1512 θελήσεως
2897 1441 2994 1494 τοῦ
3035 1441 3170 1494 Θεοῦ
3199 1443 3296 1496 καὶ
3335 1441 3550 1512 Πατρὺς
3587 1441 3615 1493 ὀ
3646 1440 3778 1503 Υἱός

2189 1535 2308 1586 ἐστι
2342 1533 2519 1586 καὶτὸ
2559 1532 2800 1602 Πνεῦμα,
2832 1534 2968 1602 πρὸς
3000 1534 3034 1588 ἃ
3068 1534 3236 1605 αὐτὴν
3271 1535 3415 1604 ἔχειν
3447 1535 3666 1604 ἀνάγκη
3698 1535 3779 1596 ὡς

2192 1628 2356 1694 φύσιν
2383 1643 2398 1657 ·
2449 1627 2583 1696 πρὶς
2650 1628 2706 1680 δὲ
2732 1635 2798 1681 τά
2834 1628 2969 1697 πρΣς
3001 1628 3060 1680 τὸ
3093 1631 3266 1693 τέλος,
3296 1630 3388 1682 καὶ
3431 1629 3668 1696 μάλιστα
3710 1631 3782 1682 τὰ

2188 1723 2281 1773 καὶ
2315 1714 2391 1774 ὧν
2416 1721 2545 1774 ἄνευ
2579 1719 2801 1774 δύναται
2833 1720 2926 1772 τοῦ
2955 1720 3142 1784 τέλους
3184 1724 3388 1791 τυχεῖν,
3417 1719 3504 1776 οἷα
3534 1723 3779 1792 ὑπάρχει

502 1837 626 1878 tura
659 1824 777 1892 ipsa
807 1820 871 1874 ad
905 1834 1071 1873 unum
1105 1816 1536 1871 determinatnm
1572 1813 1755 1875 linem,
1791 1827 1951 1880 quem
1986 1814 2080 1864 lla-

2192 1815 2257 1866 τὰ
2284 1813 2582 1884 κτίσματα,
2613 1815 2766 1869 οὐδὲν
2795 1815 2905 1885 γὰρ
2950 1815 3091 1868 αὐτὰ
3139 1815 3240 1868 οὐκ
3287 1817 3365 1878 είς
3398 1815 3458 1869 τὸ
3499 1809 3640 1867 εἶναι
3673 1812 3774 1867 τοῦ

503 1917 615 1978 bet,
651 1913 862 1977 tendit;
897 1911 1019 1965 ﬁnis
1047 1918 1230 1964 autem
1268 1906 1564 1961 voluntatis
1594 1905 1687 1958 Dei
1715 1913 1771 1958 et
1798 1904 1978 1958 Patris
1997 1912 2080 1956 est

504 2012 621 2080 ipse
653 2008 846 2068 Filius,
878 2014 934 2058 et
972 2004 1210 2074 Spiritus
1242 2009 1487 2061 sanctus,
1521 1999 1586 2052 ad
1621 2013 1762 2068 quos
1807 2013 1926 2052 eam
1958 2008 2078 2050 tan-

499 2119 662 2172 quam
698 2110 944 2155 naturam
982 2114 1040 2152 se
1085 2098 1312 2160 habere,
1342 2110 1572 2150 necesse
1603 2103 1710 2148 est.
1747 2092 1816 2146 At
1842 2107 1974 2146 vero
2010 2091 2075 2145 ad

499 2211 586 2259 ea,
629 2209 748 2260 qua:
782 2191 850 2245 ad
893 2190 1056 2244 linem
1103 2189 1444 2251 referuntur,
1495 2196 1552 2241 ct
1606 2187 1915 2257 prmsertim
1958 2185 2075 2238 sini

499 2287 704 2356 quibus
744 2285 906 2338 linem
960 2282 1181 2351 assequi
1232 2291 1433 2352 potest,
1469 2279 1776 2351 cujusmodi
1813 2285 1941 2333 sunt
1988 2293 2078 2332 res

499 2388 717 2441 creatae,
754 2390 862 2429 non
912 2373 1302 2436 determinate,
1353 2381 1762 2440 proptereaque
1817 2379 2075 2438 tanquam

500 2471 756 2524 voluntas
811 2481 869 2520 se
924 2465 1138 2519 habet:
1179 2473 1360 2534 potest
1410 2463 1556 2517 enim
1605 2477 1670 2515 ea
1719 2469 1775 2515 et
1825 2460 1969 2514 nolle
2021 2470 2078 2514 et

2189 1908 2326 1960 Θεοῦ
2357 1909 2624 1972 συντελεῖ,
2653 1908 2756 1962 οὐκ
2787 1909 2864 1970 είς
2895 1911 2958 1961 τὸ
2985 1908 3195 1978 βέλτιον
3231 1906 3398 1972 εἶναι,
3433 1909 3571 1978 πρὸς
3601 1907 3780 1962 ταῦτα

2189 1999 2246 2051 δὲ
2285 2000 2384 2070 οὐχ
2410 1999 2753 2071 ὡρισμένως,
2791 2002 2886 2053 καὶ
2935 2001 3021 2053 διὰ
3055 2001 3217 2054 τοῦτο
3249 2000 3324 2063 ὠς
3372 2001 3596 2072 θέλησις
3632 2001 3777 2071 ἔχει.

2189 2090 2424 2143 Δύναται
2453 2095 2561 2162 γὰρ
2609 2092 2749 2144 αὐτὰ
2795 2093 2890 2146 καὶ
2944 2093 3020 2164 μὴ
3055 2093 3232 2147 θέλειν
3265 2094 3359 2146 καὶ
3399 2083 3576 2149 θέλειν
3600 2112 3614 2126 °
3649 2095 3778 2148 ὅθεν

2185 2185 2281 2236 καὶ
2318 2185 2388 2238 τὰ
2425 2186 2521 2237 τοῦ
2571 2187 2942 2258 Δαμασκηνοῦ
2996 2187 3256 2252 σώζεται,
3301 2190 3395 2242 καὶ
3451 2189 3616 2258 ἡμεῖς
3667 2189 3778 2254 ἔξω

2185 2278 2370 2348 πάσης
2422 2277 2626 2345 αἰτίας,
2663 2283 2757 2333 καὶ
2790 2283 2818 2334 ὁ
2851 2279 2974 2334 καθ’
3013 2280 3174 2350 ήμῶν
3205 2280 3364 2349 λόγος
3411 2282 3566 2336 οὐδέν
3604 2299 3775 2352 φησιν

2184 2370 2484 2438 ἀναγκαῖον
2504 2389 2518 2403 ο
2555 2371 2729 2434 οὕτως
2754 2373 2862 2445 ἄρα
2903 2374 3079 2428 δοκῶν
3109 2391 3162 2427 τι
3190 2375 3392 2444 λέγειν,
3418 2375 3544 2430 καθ’
3573 2377 3778 2431 ἑαυτοῦ

2188 2462 2580 2532 συμπεραίνει.

500 2567 660 2620 velle.
701 2563 859 2620 Unde
909 2569 966 2614 et
1013 2560 1132 2614 loca
1182 2557 1500 2614 Damasceni
1567 2565 1884 2616 servantur.
1949 2561 2006 2608 et
2075 2571 2176 2609 nos
2212 2564 2365 2608 extra
2404 2572 2620 2610 omnem
2659 2556 2874 2627 culpam
2928 2575 3152 2623 sumus,
3207 2561 3436 2632 ipsaque
3467 2563 3608 2618 ratio
3642 2576 3781 2620 con‘

504 2671 587 2716 tra
635 2676 735 2716 nos
780 2663 944 2717 allata
984 2660 1133 2716 nulla
1171 2673 1271 2712 nos
1322 2656 1522 2726 premit
1571 2653 1930 2708 necessitate.
1986 2651 2080 2706 Sic
2122 2651 2294 2723 igitur
2365 2672 2490 2710 cum
2531 2655 2738 2728 aliquid
2771 2657 2958 2713 dicere
3025 2659 3304 2726 videatur,
3340 2669 3532 2715 contra
3557 2676 3618 2716 se
3640 2677 3780 2717 con-

498 2757 696 2812 cludit.

1013 2846 1160 2902 Vecci
1191 2847 1243 2900 in
1280 2843 1587 2900 secundam.

576 2940 846 3006 Quoniam
905 2949 1036 2993 sunt
1095 2938 1348 2991 nonnulli
1417 2935 1509 3004 qui
1573 2936 1780 3003 scripto
1871 2933 2087 3004 testatis

503 3033 837 3092 sententiis,
890 3028 1330 3099 significantibus
1386 3042 1453 3082 ex
1522 3027 1680 3082 Patre
1737 3042 1833 3094 per
1882 3026 2083 3080 Fllilllll

503 3137 627 3176 esse
665 3120 955 3190 Spiritum,
1004 3119 1410 3184 adversantur;
1465 3117 1519 3172 in
1572 3117 2087 3186 comprobationem

509 3212 907 3266 sententiarum
956 3225 1078 3279 qua:
1109 3209 1421 3278 signiﬁcant
1451 3224 1550 3278 per
1581 3208 1776 3262 Filium
1807 3223 1928 3263 esse
1957 3210 2084 3278 Spi-

509 3306 674 3358 ritum
704 3313 981 3368 sanctum,
1015 3302 1262 3356 collectae
1317 3313 1447 3355 sunt
1470 3301 1638 3355 etiam
1665 3301 1748 3356 hae
1783 3312 2087 3372 priesentcs

509 3398 727 3467 scriptae
766 3399 1058 3451 sententiae
1116 3411 1281 3465 :quae
1318 3394 1584 3457 indicant,
1627 3395 1978 3449 continenter
2002 3408 2087 3452 at-

508 3503 619 3558 que
672 3487 994 3542 immediate
1031 3503 1099 3542 ex
1145 3485 1307 3542 Patre
1359 3485 1557 3541 Filium
1610 3501 1755 3540 esse.
1807 3485 1863 3541 Si
1912 3487 2086 3552 enim,

512 3595 620 3633 non
658 3588 809 3635 esset
856 3578 1100 3648 Spiritus
1137 3588 1364 3634 sanctus
1396 3593 1496 3647 per
1528 3576 1755 3641 Filium,
1783 3594 1883 3633 cur
1921 3579 2088 3634 etiam

509 3672 629 3741 ipse
660 3687 770 3726 .‘ian
799 3671 1117 3725 immediate
1153 3670 1334 3724 dictus
1361 3675 1508 3722 esset
1545 3683 1575 3722 a
1608 3668 1811 3724 Patre?

1169 3762 1433 3817 Palama’.

585 3855 752 3926 Atqui
810 3857 992 3911 dictus
1022 3864 1107 3911 est
1155 3857 1322 3910 ctiam
1372 3856 1612 3926 Spiritus
1659 3865 1903 3924 sanctus,
1955 3870 2086 3914 esse

517 3949 837 4003 immediate
860 3965 886 4001 a
915 3947 1099 4012 Patre,
1127 3957 1186 4002 ct
1206 3949 1420 4002 sublata
1443 3958 1529 4002 est
1557 3949 1654 4002 tibi
1681 3949 1941 4004 omnibus
1969 3964 2090 4003 mo-

512 4041 598 4094 dis
647 4040 949 4109 impietatis
993 4041 1232 4106 occasio,
1285 4050 1450 4110 atque
1508 4041 1818 4110 persuasio.
1868 4040 2086 4096 Etenim

508 4132 835 4201 Gregorius,
870 4143 1239 4202 cognomento
1265 4133 1611 4203 Theologus,
1647 4134 1701 4188 in
1727 4133 2086 4200 carminibus,

2659 2841 2888 2897 Βέκκου
2912 2845 2998 2908 εις
3025 2841 3142 2909 τὴν
3164 2843 3246 2908 β’.

2275 2934 2498 3006 Ἐπειδὴ
2556 2935 2666 2988 εισι
2709 2951 2859 2998 τινες
2903 2935 3290 3003 ἀντιλέγοντες
3320 2939 3442 3000 ταῖς
3477 2941 3780 3010 γραφεκαῖς

2195 3029 2412 3099 ρήσεσι,
2439 3031 2560 3090 ταῖς
2587 3027 2878 3099 δηλούσαις
2905 3029 2994 3082 διὰ
3021 3027 3113 3082 τοῦ
3136 3027 3269 3082 Υίοῦ
3293 3025 3518 3087 εἶναιτὸ
3548 3031 3780 3102 Πνεῦμα

2193 3119 2257 3170 ἐκ
2286 3119 2379 3170 τοῦ
2415 3118 2650 3188 Πατρὶς,
2684 3117 3059 3187 συνελέγησαν
3087 3120 3183 3171 καὶ
3237 3122 3294 3172 αι
3333 3121 3612 3191 παροῦσαι
3640 3138 3781 3192 γρα-

2193 3211 2352 3280 φικαὶ
2393 3213 2604 3282 ῥήσεις,
2639 3213 2695 3264 ai
2723 3210 2980 3280 δηλοῦσαι
3011 3211 3300 3283 προσεχῶς
3337 3215 3432 3266 καὶ
3459 3213 3681 3284 ἀμέσως
3710 3217 3778 3270 ὲκ

2195 3304 2413 3374 Πατρδς
2445 3307 2535 3357 τὸν
2571 3305 2701 3358 Υῖὸν
2737 3301 2901 3372 εἶναι,
2927 3307 3008 3368 είς
3041 3307 3412 3376 συγκρότησιν
3441 3309 3550 3360 τῶν
3584 3307 3783 3378 δηλου-

2193 3395 2300 3447 σῶν
2327 3395 2414 3448 διὰ
2435 3393 2530 3447 τοῦ
2566 3396 2702 3449 Υίοῦ
2727 3391 2864 3449 εἶναι
2893 3396 2953 3448 τὸ
2995 3396 3222 3466 Πνεῦμα
3245 3413 3258 3426 ·
3295 3399 3343 3450 εί
3375 3398 3455 3469 μὴ
3479 3400 3587 3471 γὰρ
3618 3395 3686 3470 ἦν
3715 3401 3778 3454 τδ

2192 3485 2418 3554 Πνεῦμα
2451 3486 2537 3539 διὰ
2568 3486 2661 3538 τοῦ
2693 3485 2844 3548 Υίοῦ,
2881 3486 3026 3540 διατι
3068 3487 3146 3558 μὴ
3165 3490 3258 3563 καὶ
3278 3489 3654 3560 αύτὰὰμέσως
3675 3491 3772 3562 ep-

2193 3578 2330 3651 ρἐη
2357 3581 2421 3637 ὲκ
2444 3578 2538 3632 τοῦ
2565 3580 2778 3650 Πατρός
2807 3597 2824 3646 ;
3188 3567 3191 3572 ”
3445 3609 3454 3614 ~

2772 3753 2883 3808 Τοῦ
2923 3754 3234 3824 Παλαμᾶς.

2263 3849 2372 3902 Kal
2405 3849 2512 3920 μὴν
2538 3846 2741 3919 ὲρῤἐθη
2774 3847 2870 3916 καὶ
2903 3851 2962 3898 τὸ
3021 3846 3162 3899 θεῖον
3193 3847 3417 3918 Πνεῦμα
3451 3849 3514 3900 ἐκ
3553 3851 3765 3918 Πα-ερδς

2192 3942 2438 4011 ἀμέσως,
2469 3941 2563 3994 καὶ
2587 3940 2860 4010 ἀνῄρηταί
2897 3956 2992 3991 σου
3035 3940 3388 3993 παντάπασιν
3424 3941 3457 4010 ἠ
3516 3940 3618 4012 τῆς
3653 3943 3781 3995 δυσ-

2197 4033 2412 4096 σεϐεῑας
2453 4034 2832 4103 πρόφασίςντε
2891 4033 2984 4085 καὶ
3043 4033 3424 4100 παράστασιν
3480 4034 3780 4105 Γρηγόριος

2195 4130 2306 4197 γὰρ
2358 4130 2386 4181 ὁ
2421 4127 2523 4196 τῆς
2587 4127 2869 4193 θεολογίας
2927 4125 3221 4195 ἐπώνυμος
3261 4127 3515 4199 δεύτερον
3559 4132 3616 4182 ὲν
3665 4133 3777 4192 τοῖς

515 4223 821 4278 secundum
877 4225 956 4278 ait
1009 4240 1130 4280 esse
1189 4223 1460 4294 Spiritum
1516 4236 1769 4279 sanctum
1822 4241 1852 4278 a
1905 4224 2083 4289 Patre,

2195 4219 2383 4273 ἔπεσιν
2411 4216 2553 4273 εἷναί
2589 4237 2754 4288 φησιν
2815 4220 2924 4272 ἀπὸ
2959 4218 3053 4272 τοῦ
3094 4220 3313 4288 Πατρδς
3347 4221 3408 4273 τὸ
3451 4219 3676 4290 Πνεῦμα
3720 4223 3780 4275 τὸ

512 4316 660 4370 sicut
709 4326 767 4372 et
819 4316 1040 4370 Filium.
1087 4315 1388 4385 Gregorius
1440 4325 1624 4371 autem
1682 4315 1982 4388 Nyssenus,
2036 4327 2092 4372 et

516 4409 634 4478 ipse
672 4424 798 4463 eum
850 4410 1042 4465 multis
1083 4410 1205 4465 aliis
1234 4413 1454 4478 asserit,
1489 4421 1787 4481 utrumque
1837 4411 2094 4466 similiter

517 4516 577 4555 se
612 4502 826 4555 habere
860 4504 927 4555 ad
959 4517 1126 4555 unam
1154 4516 1447 4571 personam
1484 4503 1686 4570 Patris,
1720 4515 2090 4574 praeterquam

519 4591 574 4644 in
620 4592 784 4646 modo
814 4592 1144 4647 exsistendi.
1198 4594 1342 4660 Quid
1388 4603 1575 4649 autem
1607 4594 1712 4649 sibi
1747 4595 1960 4659 volunt,
1997 4594 2092 4663 qui

514 4685 708 4754 dicunt
739 4683 1008 4752 Spiritum
1045 4693 1297 4740 sanctum
1360 4702 1428 4741 ex
1472 4687 1634 4741 Patre
1676 4687 2000 4755 procedere,
2038 4696 2093 4741 et

514 4775 572 4828 in
605 4774 743 4828 Filio
777 4789 1124 4842 permanere,
1155 4783 1213 4828 et
1247 4789 1312 4829 ex
1349 4775 1514 4829 Patre
1554 4777 1608 4830 in
1644 4776 1846 4830 Filium
1895 4792 2093 4846 perve-

516 4865 674 4918 nire?
723 4873 782 4919 et
825 4879 888 4919 ex
925 4865 1086 4920 Patre
1119 4881 1265 4928 esse,
1303 4875 1360 4921 et
1411 4865 1572 4922 Verbi
1609 4869 1919 4923 comitem?
1966 4871 2093 4924 Am-

518 4957 688 5025 plius,
727 4956 824 5026 qui
874 4960 1326 5014 communionem
1379 4969 1437 5015 et
1492 4976 1738 5015 amorem
1799 4960 1982 5016 Patris
2037 4971 2095 5016 et

517 5049 643 5105 Filii
681 5049 952 5120 Spiritum
985 5061 1240 5106 sanctum
1264 5053 1584 5123 appellant?
1612 5054 1692 5108 Ad
1724 5053 1861 5120 haec,
1883 5055 1979 5124 qui
2010 5055 2094 5109 di-

514 5148 651 5194 cunt
683 5140 933 5208 singulas
977 5157 1248 5212 personas
1288 5157 1397 5195 non
1447 5142 1634 5196 minus
1676 5157 1737 5198 se
1779 5142 1984 5196 habere
2021 5142 2088 5196 ad

513 5237 772 5301 alteram,
808 5249 974 5304 quam
1031 5235 1099 5290 ad
1159 5236 1408 5306 seipsas?
1453 5235 1595 5302 Quid
1640 5250 1772 5292 vero
1814 5236 1930 5300 ille,
1985 5235 2081 5305 qui

511 5329 686 5391 canit,
737 5325 933 5380 Manus
971 5336 1074 5380 tua:
1102 5327 1180 5397 (Ι)
1213 5327 1445 5394 fecerunt
1478 5343 1558 5380 me
1600 5335 1650 5380 et
1695 5325 2094 5397 plasmaverunt

515 5419 679 5472 me“?
714 5419 909 5475 Nonne
952 5434 1148 5474 omnes
1201 5419 1292 5473 isti
1325 5435 1393 5472 ex
1440 5419 1600 5472 l’atre
1645 5433 1770 5472 esse
1807 5417 2085 5486 Spiritqu

514 5521 769 5566 sanctum
803 5511 1126 5566 immediate
1153 5509 1498 5566 ostendunt?

591 5605 606 5634 ⁸
638 5602 786 5658 Psal.
816 5617 1010 5668 cxvnl,
1054 5606 1144 5660 75.

589 5719 664 5786 (l)
697 5721 854 5784 Quod
889 5721 1131 5792 Spiritus
1174 5723 1246 5776 sit
1273 5738 1470 5776 manus
1502 5723 1617 5787 Dei,
1653 5732 1818 5792 atque
1868 5729 1926 5775 ιιι
1986 5738 2099 5775 ma-

521 5807 626 5844 nus
645 5793 864 5861 attingit
893 5793 1209 5850 immediate
1239 5809 1462 5865 corpus,
1489 5795 1561 5848 ita
1588 5795 1826 5863 Spiritus
1851 5792 2090 5861 Patrem;

73 6402 92 6404 _
105 6401 330 6404 —__
345 6401 447 6404 __
475 6399 521 6402 ῃ
535 6393 892 6402 γὴ-ζζ-ῘῨ

2202 4313 2357 4380 ἅγιον
2391 4313 2535 4365 καθὰ
2564 4315 2658 4366 καὶ
2685 4312 2777 4364 τὸν
2819 4313 2968 4366 Υἱόν.
3003 4312 3070 4365 '0
3104 4311 3158 4364 δὲ
3185 4310 3408 4379 Νύσσης
3445 4313 3540 4366 σὺν
3563 4312 3779 4390 πολλοῖς

2197 4407 2406 4476 ἑτέροις
2437 4405 2578 4477 πρὸς
2640 4404 2698 4458 ἓν
2735 4405 3036 4467 πρόσωπον
3067 4404 3127 4456 τὸ
3186 4404 3456 4474 πατρικὸν
3512 4403 3779 4468 ὡσαύτως

2197 4495 2342 4566 ἔχειν
2379 4496 2644 4566 ἑκάτερόν
2673 4512 2863 4563 φησιν,
2913 4495 3042 4548 ἄνευ
3073 4492 3168 4546 τοῦ
3202 4495 3408 4564 τρόπου
3463 4496 3562 4565 τῆς
3601 4497 3782 4566 ὑπάρ-

2199 4589 2356 4653 ξεως.
2417 4587 2482 4639 Τί
2515 4587 2572 4640 δὲ
2605 4587 2654 4638 οἱ
2686 4586 2938 4654 λέγοντες
2963 4587 3027 4638 ἐκ
3058 4585 3152 4638 τοῦ
3212 4588 3424 4658 Πατρὸς
3484 4589 3785 4657 ἐκπορεύε-

2200 4682 2323 4734 σθαι
2345 4681 2440 4734 xui.
2471 4683 2526 4732 ὲν
2557 4680 2637 4748 τῷ
2670 4679 2784 4750 Υίῷ
2809 4679 3088 4749 διαμένειν
3137 4680 3200 4733 τὸ
3251 4680 3481 4752 Πνεῦμα
3513 4682 3574 4734 τὸ
3599 4682 3782 4750 ἅγιον,

2196 4772 2294 4825 καὶ
2317 4774 2381 4825 ἐκ
2406 4771 2501 4824 τοῦ
2533 4773 2747 4842 Πατρὺς
2780 4774 2837 4824 ὲν
2869 4771 2946 4842 τῷ
2975 4771 3092 4842 Υίῷ
3122 4773 3358 4843 διήκειν,
3421 4774 3517 4827 καὶ
3563 4776 3626 4828 ὲκ
3686 4775 3784 4827 τοῦ

2197 4866 2410 4934 Πατρὸς
2437 4861 2578 4920 εἶναι
2637 4870 2727 4920 καὶ
2760 4868 2837 4936 τῷ
2885 4868 3031 4938 λόγῳ
3066 4871 3594 4938 συμπαρομαρτεῖν;
3657 4870 3785 4923 Ἔτι

2194 4957 2250 5008 δὲ
2309 4957 2359 5008 οἱ
2414 4957 2699 5010 κοινωνίαν
2751 4958 2846 5009 καὶ
2907 4959 3130 5029 ἀγάπην
3190 4955 3328 5014 εἶναι
3385 4961 3632 5026 λέγοντες
3688 4961 3783 5015 τοῦ

2200 5050 2413 5118 Πατρὸς
2437 5051 2531 5102 καὶ
2562 5049 2658 5103 τοῦ
2689 5049 2821 5102 Υίοῦ
2848 5051 2908 5104 τὸ
2937 5051 3162 5122 Πνεῦμα
3205 5053 3266 5105 τὸ
3322 5054 3500 5122 ἆγιον.
3555 5055 3698 5122 Πρὸς
3726 5055 3786 5107 δὲ

2195 5139 2408 5202 τούτοις
2439 5141 2489 5194 οἱ
2521 5143 2656 5212 πρὸς
2679 5143 2737 5194 τὸ
2768 5141 2959 5214 ἕτερον
2990 5143 3220 5197 ἕκαστον
3250 5145 3395 5215 ἔχειν
3433 5146 3540 5198 τῶν
3568 5148 3784 5216 προσώ-

2197 5249 2315 5284 πων
2375 5232 2627 5300 λέγοντες
2675 5237 2773 5304 οὐχ
2833 5230 2996 5307 ἦττον
3050 5237 3082 5307 ἢ
3121 5237 3259 5307 πρὸς
3324 5237 3523 5303 eam;
3557 5239 3624 5291 Τί
3669 5239 3724 5290 δὲ
3755 5239 3785 5290 ὁ

2193 5325 2433 5395 ψάλλων,
2466 5328 2534 5381 Αἱ
2559 5327 2756 5396 χεῖρές
2785 5345 2903 5382 σου
2924 5329 3231 5399 ἐποίησάν
3267 5346 3342 5400 με
3368 5330 3470 5384 καὶ
3499 5330 3786 5384 ἔπλασὰν

2190 5433 2302 5488 μεῖ
2333 5413 2482 5487 Ἀρα
2507 5419 2605 5489 οὐχ
2626 5420 2869 5484 ἅπαντες
2892 5416 3036 5474 οῦτοι
3063 5424 3282 5492 ἀμέσως
3311 5421 3450 5475 εῖναι
3474 5423 3785 5476 δεικνύουσι

2199 5513 2289 5562 καὶ
2317 5509 2376 5562 τὸ
2417 5511 2644 5582 Πνεῦμα
2675 5511 2736 5562 ἐκ
2757 5510 2850 5564 τοῦ
2887 5513 3138 5584 Πατρύς;
3747 5504 3752 5512 ’

2207 5723 2287 5848 silc
2319 5733 2451 5792 puto
2500 5722 2807 5796 intelligere
2834 5711 3149 5792 Palamam;
3185 5725 3428 5796 alioquin
3479 5740 3586 5780 non
3635 5729 3784 5779 esset

2207 5811 2254 5848 at
2305 5810 2440 5848 rem.

2201 5810 2267 5848 ad
2305 5810 2440 5848 των.
