4124 6410
379 349 407 406 1
422 346 490 408 53

996 465 1104 519 Τοῦ
1135 464 1406 529 Νικαίας.

456 576 591 633 Οὐδὲ
617 579 782 648 ἡμεῖς
807 576 1126 648 ἀρνούμεθα
1155 578 1476 631 παντάπασι
1511 577 1586 652 μῂ
1617 576 1713 628 καὶ
1743 575 1964 644 ἁμέσως

382 677 449 728 ὲκ
478 672 572 725 τοῦ
609 671 821 740 Πατρὸς
847 665 992 724 εἶναι
1027 671 1089 724 τὸ
1132 671 1379 738 Πνεῦμα.
1413 672 1462 722 εί
1491 673 1585 722 καὶ
1626 669 1806 737 ῥητῶς
1821 665 1967 720 οὓτω

385 762 616 834 μηδαμῆ
657 763 1007 831 προήνεγκας
1063 761 1355 830 εἰρημένον
1415 761 1526 822 τοῖς
1587 757 1965 820 διδασκάλοις·

382 858 431 909 εί
455 855 547 908 οῦν
578 857 672 908 καὶ
698 855 865 918 αὐτὸς
921 853 1041 924 μεθ’
1080 854 1241 925 ἡμῶν
1284 853 1344 906 τὸ
1375 856 1470 906 καὶ
1514 852 1771 922 ἐμμέσως
1827 847 1966 904 εἶναι

382 949 694 1017 ὁμολογεῖς,
725 949 865 1017 πρὸς
893 947 1052 1018 ἡμῶν
1071 948 1099 1000 ὁ
1134 947 1292 1016 λόγος
1313 963 1326 978 ο
1356 950 1402 999 εί
1438 946 1491 998 δὲ
1518 946 1675 999 τοῦτο
1706 944 1968 1013 φυλάττει

383 1039 576 1102 δεδιὼς
615 1040 680 1092 τὸ
706 1040 994 1110 ἑπόμενον,
1026 1041 1054 1091 ὁ
1077 1038 1228 1110 παρὰ
1257 1037 1367 1092 τῶν
1397 1037 1730 1090 διδασκάλων
1746 1035 1968 1104 ἔλεγχος

385 1133 587 1202 ὲγγύςο
613 1133 705 1186 τόν
731 1149 791 1185 τε
824 1133 955 1185 Υίὸν
980 1133 1200 1202 ἁμέσως
1231 1133 1292 1185 ὲκ
1323 1130 1422 1184 τοῦ
1452 1131 1666 1198 Πατρδς
1693 1129 1970 1183 διδασκόν-

382 1247 496 1280 των
526 1227 617 1280 καὶ
662 1226 828 1297 μέσον
847 1226 1056 1278 τούτων
1091 1221 1236 1278 εἶναι
1263 1223 1436 1286 οὐδὲν,
1464 1223 1525 1275 τό
1549 1239 1606 1275 τε
1637 1219 1861 1290 Πνεῦμα
1883 1219 1970 1275 διὰ

383 1321 480 1374 τοῦ
516 1322 647 1375 Υἰοῦ
681 1320 844 1386 εἶναι,
875 1323 969 1375 καὶ
1004 1321 1290 1392 μεσιτείαν
1335 1317 1466 1370 Υίοῦ
1499 1316 1704 1387 μεταξὺ
1759 1315 1970 1386 Πατρός

382 1429 445 1464 τε
506 1413 602 1464 καὶ
657 1411 976 1480 Πνεύματος
1035 1411 1362 1478 τιθεμένων.
1423 1410 1639 1463 Γίνεται
1691 1409 1750 1462 δέ
1800 1427 1880 1462 σοι
1933 1411 1967 1479 ἡ

383 1503 569 1573 ἀπάτη
597 1502 830 1556 ἐνταῦθα
860 1502 1012 1570 παρὰ
1040 1504 1101 1556 τὸ
1137 1502 1212 1571 μὴ
1242 1501 1503 1555 δύνασθαι
1534 1500 1787 1570 διαιρεῖν,
1821 1500 1970 1560 ὃπως

388 1595 611 1663 ἁμέσως
641 1595 707 1645 ἂν
747 1593 831 1662 εἴη
863 1593 922 1645 τὸ
959 1594 1184 1662 Πνεῦμα
1231 1593 1296 1644 ἐκ
1325 1593 1419 1646 τοῦ
1455 1593 1688 1663 Πατρὺς,
1737 1593 1882 1654 ὅπως
1913 1590 1968 1644 δὲ

387 1687 483 1740 καί⁸
507 1687 790 1755 ἐμμέσως.
825 1686 884 1738 Εἰ
921 1685 1019 1754 μὲν
1043 1687 1151 1755 γὰρ
1182 1685 1214 1754 ἢ
1241 1687 1364 1739 δυσὶ
1397 1687 1490 1738 καὶ
1513 1685 1792 1755 διαφόροις
1811 1684 1971 1754 προό-

383 1780 496 1842 δοις
531 1780 596 1832 ἐκ
629 1779 846 1848 Πατρδς
880 1779 974 1832 καὶ
1012 1778 1142 1830 Υίοῦ
1181 1779 1442 1847 ἐλέγομεν
1472 1775 1612 1830 εἶναι
1643 1777 1703 1856 re
1739 1775 1965 1846 Πνεῦμα
1996 1816 2042 1873 Β

383 1873 444 1926 τὸ
469 1875 646 1941 ἅγιον,
682 1872 758 1935 ὼς
791 1873 854 1926 ἐκ
911 1871 1010 1942 μὲν
1053 1871 1147 1924 τοῦ
1204 1872 1420 1942 Πατρὶς
1454 1869 1684 1934 ἁτελῶς,
1741 1869 1966 1933 τελείως

383 1967 429 2018 δ’
456 1967 516 2030 ἐξ
545 1965 678 2018 Υίοῦ
706 1966 978 2036 προϊέναι,
1016 1965 1112 2018 καὶ
1154 1965 1241 2018 διὰ
1278 1964 1446 2034 μέσου
1477 1964 1643 2016 αὐτοῦ
1676 1964 1770 2017 καὶ
1788 1964 1854 2015 ἐκ
1870 1962 1964 2015 τοῦ

388 2060 604 2132 Πατρὺς
629 2060 778 2129 ἔχειν
802 2059 862 2112 τδ
892 2059 1118 2123 τέλειον,
1151 2058 1183 2129 ἢ
1208 2060 1270 2110 ὲκ
1297 2057 1392 2111 τοῦ
1420 2057 1553 2110 Υίοῦ
1583 2057 1751 2128 μόνου
1787 2057 1964 2110 tuae-

390 2151 531 2224 μεθα
564 2154 837 2224 προϊέναι,
871 2152 1046 2222 μόνως
1090 2153 1156 2205 ἂν
1200 2153 1458 2222 ὲμμέσως
1508 2153 1572 2204 ἐκ
1607 2152 1703 2205 τοῦ
1753 2150 1968 2220 Πατρὶς

384 2246 506 2298 τότε
534 2245 750 2316 προῄει.
779 2244 895 2298 Νῦν
917 2244 994 2309 δὲ,
1028 2245 1081 2298 εί
1111 2261 1191 2308 τις
1226 2245 1323 2313 μὲν
1351 2244 1486 2313 πρὸς
1513 2243 1609 2314 τὴν
1669 2244 1967 2312 μοναδικὴν

385 2338 660 2409 προόολὴν
689 2338 784 2391 καὶ
810 2337 872 2391 τὸ
893 2337 1093 2390 ταυτὸν
1125 2337 1224 2407 τῆς
1259 2337 1316 2403 ἐξ
1347 2337 1552 2406 ἀμφοῖν
1595 2337 1771 2389 ἐπίδοι
1800 2338 1965 2405 προό-

384 2431 497 2496 δου,
532 2431 610 2484 ἔτι
640 2431 696 2483 δὲ
724 2431 816 2483 καὶ
837 2430 899 2483 τδ
923 2430 1015 2483 τὸν
1044 2428 1266 2497 Πατέρα
1287 2429 1388 2500 τὴν
1438 2429 1620 2483 αἰτίαν
1649 2429 1739 2482 καὶ
1783 2429 1968 2500 πηγὴν

386 2523 488 2589 τῆς
524 2523 781 2593 θεότητος
817 2518 981 2586 εἶναι,
1009 2523 1084 2585 ῶς
1131 2522 1300 2575 αὑτοῦ
1338 2524 1412 2592 μὴ
1466 2521 1642 2584 ὄντος,
1679 2522 1816 2590 μηδὲ
1877 2524 1966 2575 τὸν

385 2615 519 2670 Υἱὺν
542 2617 681 2687 μήτε
725 2634 822 2669 του
848 2617 1019 2670 αἴτιον
1049 2613 1209 2684 εἶναι,
1263 2617 1405 2688 μήτε
1451 2617 1586 2678 ὅλως
1615 2614 1776 2680 εἶναι,
1831 2618 1969 2687 ἁμέ-

389 2725 498 2772 σως
529 2711 590 2763 ὲκ
618 2709 714 2763 τοῦ
752 2710 967 2780 Πατρὺς
1000 2709 1223 2779 εὑρήσει
1257 2709 1316 2762 τὸ
1367 2708 1594 2777 Πνεῦμα
1616 2726 1631 2739 ·
1691 2711 1787 2764 καὶ
1829 2710 1968 2778 πρὸς

385 2795 548 2850 τοῦτο
578 2797 770 2866 φέρειν
805 2798 951 2867 άπερ
978 2796 1143 2858 αὐτὸς
1174 2797 1418 2864 εἰσάγεις
1461 2799 1622 2866 ῥητά.
1653 2797 1716 2850 Ei
1745 2797 1802 2850 δὲ
1833 2797 1969 2850 Θεω-

389 2890 510 2958 ροίη
541 2888 640 2957 τὴν
675 2887 852 2954 τάξιν,
887 2891 954 2958 ἣν
999 2889 1291 2959 πράγματι
1346 2885 1488 2943 εἶναι
1538 2892 1596 2941 ἐν
1645 2891 1710 2960 τῇ
1754 2889 1966 2959 Τριάδι,

385 2981 483 3049 οὐχ
513 2981 762 3051 ἡμετέρα
827 2979 988 3050 μόνον
1029 2981 1245 3051 ἐπινοίᾳ
1283 2981 1702 3051 συνεστηκέναι,
1752 2981 1966 3049 ἀνάγκη

385 3075 668 3141 ὁμολογεῖν
692 3089 706 3102 ο
737 3075 830 3126 τὸν
864 3073 994 3125 Υίὸν
1024 3072 1219 3141 ὄψεται
1263 3073 1452 3144 μέσον,
1495 3075 1588 3126 καὶ
1643 3073 1828 3142 τρίτον
1860 3074 1968 3127 ἀπὸ

1351 346 1646 410 APOLOG
1662 346 1679 405 l
1693 348 1734 406 A
1778 339 2392 406 INSCRIPTIONUM
2430 345 2669 407 VECCl.
2932 355 2939 360 '
3539 346 3645 412 254

2739 455 2874 510 Νίειι
2888 456 2964 509 ni.

2139 573 2328 642 Neque
2373 589 2476 628 nos
2511 575 2739 628 omnino
2777 589 3045 644 negamus
3076 588 3198 629 esse
3234 573 3505 644 Spiritum
3547 575 3652 630 im-

2069 666 2308 720 mediate
2340 682 2368 720 a
2405 667 2588 731 Patre,
2626 667 2756 722 licet
2789 682 2899 720 non
2947 667 3119 722 certis
3158 666 3348 722 verbis
3387 684 3650 739 expresse

2067 756 2272 811 alicubi
2309 759 2516 813 dictum
2552 775 2678 814 esse
2721 777 2748 812 a
2801 759 3129 815 doctoribus
3178 758 3503 828 protuleris.
3539 760 3648 814 ita-

2067 863 2174 917 que
2208 850 2252 902 si
2286 864 2342 902 tu
2377 865 2599 920 quoque
2631 850 2922 905 uobiscum
2952 849 3144 906 fateris
3190 867 3317 907 esse
3349 854 3515 907 etiam
3546 854 3648 908 im-

2071 939 2351 1006 mediate;
2406 943 2699 997 nobiscum
2785 943 2917 997 facit
2967 943 3069 997 ista
3106 943 3409 1000 ratiozsin
3458 954 3646 1001 autem

2069 1028 2123 1082 id
2181 1045 2362 1096 caves,
2436 1032 2638 1086 timens
2695 1032 2843 1101 quod
2895 1033 3174 1101 sequitur,
3221 1035 3480 1090 doctores
3535 1053 3645 1091 nou

2068 1122 2231 1193 longe
2265 1124 2491 1187 absunt,
2523 1125 2618 1193 qui
2659 1134 2710 1179 te
2740 1137 3069 1195 coarguant,
3103 1127 3197 1196 qui
3221 1128 3423 1182 docent
3447 1130 3644 1184 Filium

2071 1216 2392 1271 immediate
2442 1233 2470 1270 a
2510 1218 2672 1271 Patre
2707 1233 2853 1283 esse,
2887 1229 2942 1273 et
2985 1220 3128 1274 inter
3179 1221 3282 1274 hos
3332 1223 3470 1276 nihil
3525 1240 3646 1279 esse

2070 1309 2349 1375 medium;
2393 1321 2449 1364 et
2491 1309 2762 1380 Spiritum
2803 1321 3054 1368 sanctum
3107 1328 3206 1382 per
3252 1312 3477 1379 Filium,
3523 1319 3648 1386 qui-

2069 1416 2178 1470 que
2218 1401 2463 1456 medium
2493 1413 2709 1470 ponunt
2742 1403 2941 1458 Filium
2983 1406 3132 1460 inter
3182 1407 3402 1462 Patrem
3435 1417 3490 1462 et
3527 1408 3650 1479 Spi-

2071 1494 2243 1546 ritum
2297 1507 2576 1549 sauctum.
2611 1493 2712 1550 ilic
2757 1507 2944 1551 autem
3005 1498 3304 1566 deciperis,
3352 1511 3648 1570 pr0pterea

2069 1588 2219 1658 quod
2261 1603 2507 1658 nequeas
2541 1591 2885 1662 distinguere
2942 1610 3180 1664 quonam
3221 1597 3384 1652 modo
3413 1598 3484 1652 sit
3523 1599 3651 1669 Spi-

2070 1680 2212 1733 ritus
2241 1681 2562 1735 immediate
2587 1698 2615 1735 a
2643 1685 2827 1748 Patre,
2854 1701 2964 1755 quo
2983 1688 3150 1742 etiam
3180 1699 3344 1757 pacto
3373 1691 3610 1745 mediatc
3634 1711 3646 1744 :

2072 1772 2119 1827 si
2151 1773 2296 1828 enim
2330 1774 2416 1828 vel
2449 1774 2667 1829 duabus
2719 1777 2978 1844 diversis,
3003 1787 3059 1834 et
3099 1779 3486 1837 differentibus
3515 1799 3646 1852 pro~

2070 1866 2452 1934 ductionibus,
2482 1884 2549 1923 ex
2577 1869 2763 1932 Patre,
2806 1881 2864 1926 et
2895 1871 3035 1925 Filio
3063 1888 3188 1927 esse
3219 1873 3486 1942 Spiritum
3517 1891 3646 1930 san-

2069 1967 2222 2012 ctum
2264 1958 2592 2026 faterentur,
2629 1973 2890 2033 tauquam
2921 1964 2965 2017 si
2997 1980 3063 2018 ex
3091 1966 3253 2020 Patre
3289 1967 3512 2035 quidem
3547 1967 3651 2021 im-

2069 2048 2342 2116 perfecte,
2379 2065 2446 2103 ex
2490 2049 2633 2105 Filio
2669 2062 2854 2106 autem
2882 2053 3130 2123 perfecte
3162 2057 3472 2125 proveniat,
3499 2068 3554 2112 et
3581 2046 3648 2112 ex

2069 2139 2233 2195 Patre
2262 2156 2362 2210 per
2397 2142 2580 2210 ipsum
2612 2144 2815 2198 Filium
2847 2146 3253 2214 perfectionem
3286 2149 3526 2213 habeat;
3561 2153 3648 2206 vel

2016 2255 2017 2258 η
2069 2249 2098 2287 a
2138 2234 2260 2288 solo
2299 2235 2440 2289 Filio
2478 2237 2785 2305 procedere
2817 2255 3194 2307 poneremus;
3231 2253 3362 2297 tunc
3403 2259 3434 2298 a
3485 2243 3649 2300 Patre

2069 2328 2246 2381 solum
2276 2329 2514 2383 mediate
2550 2331 2899 2399 procederet.
2948 2333 3108 2388 Nunc
3141 2350 3297 2400 vero,
3331 2337 3378 2390 si
3415 2337 3544 2406 quis
3578 2340 3644 2392 ad

2071 2423 2290 2477 unicam
2322 2431 2379 2477 et
2426 2425 2676 2479 eamdem
2728 2428 3156 2496 productionem
3184 2469 3200 2495 ,
3278 2448 3401 2502 qua:
3447 2443 3533 2488 est
3577 2449 3641 2489 ex

2070 2514 2362 2580 ambobus,
2419 2516 2718 2584 respiciat;
2774 2529 3043 2587 praetcrea
3093 2529 3149 2574 et
3199 2521 3266 2575 ad
3319 2524 3444 2589 hoc,
3499 2527 3646 2594 quod

2070 2605 2345 2660 Patersit
2413 2623 2579 2664 causa
2635 2620 2690 2665 et
2739 2610 2864 2665 fons
2915 2611 3167 2678 Deitatis,
3217 2627 3476 2686 tanquam
3525 2618 3646 2688 ipso

2070 2714 2181 2753 non
2216 2700 2546 2768 exsistente,
2575 2719 2756 2773 neque
2787 2705 2960 2760 Filius
2989 2721 3155 2762 causa
3181 2707 3274 2772 sit,
3305 2726 3487 2780 neque
3522 2727 3646 2766 om-

2071 2793 2205 2846 nino
2235 2803 2474 2860 constet,
2529 2794 2852 2851 immediate
2901 2813 2930 2852 a
2963 2798 3127 2854 Patre
3177 2802 3420 2856 inveniet
3472 2801 3650 2873 Spiri-

2073 2893 2189 2938 tum
2219 2902 2233 2938 :
2264 2894 2320 2939 et
2356 2885 2467 2940 huc
2496 2897 2768 2955 spectant,
2806 2905 2930 2958 qua:
2959 2890 3075 2959 ipse
3103 2892 3386 2947 adduxisti
3421 2908 3646 2950 sancto-

2073 2992 2195 3030 rum
2233 2977 2405 3034 dicta.
2435 2977 2489 3032 Si
2529 2989 2712 3034 autem
2742 2983 3064 3036 consideret
3091 2984 3368 3051 ordinem,
3401 3004 3565 3057 quem
3591 3005 3650 3044 re

2074 3073 2190 3143 ipsa
2227 3091 2348 3129 esse
2376 3075 2431 3128 in
2460 3075 2758 3140 Trinitate,
2791 3092 2900 3130 non
2939 3087 3152 3131 tantum
3179 3081 3521 3149 cogitatione
3555 3099 3650 3136 no-

385 3167 482 3219 τοῦ
539 3167 753 3235 Πατρὶς
803 3165 864 3219 τδ
902 3166 1149 3237 Πνεῦμα,
1204 3167 1298 3220 καὶ
1356 3165 1424 3219 δι’
1473 3166 1605 3220 Ποῦ
1659 3169 1724 3228 ὲκ
1761 3165 1971 3234 Πατρὸς

2077 3176 2189 3220 stra
2215 3177 2500 3232 constare,
2534 3183 2674 3239 Opus
2698 3178 2783 3223 est
2813 3169 2998 3236 fateri,
3033 3171 3246 3227 videbit
3291 3173 3491 3229 Filium
3530 3191 3652 3230 me-

388 3261 602 3327 προϊὸν,
678 3259 775 3312 καὶ
854 3258 1052 3312 ἑαυτοῦ
1122 3258 1215 3312 τὸν
1267 3258 1398 3311 Υίδν
1473 3257 1971 3328 προεπινοούμενον

388 3351 536 3420 ἕχον,
590 3349 782 3420 ὥσπερ
837 3351 866 3403 ὁ
930 3350 1059 3414 Υἱὸς
1121 3350 1213 3403 τδν
1270 3349 1514 3420 Πατέρα.
1575 3349 1754 3420 Ὅπερ
1808 3349 1972 3411 αὐτὸς

383 3446 470 3514 μὴ
509 3443 1016 3514 προσλογισάμενος
1074 3443 1475 3514 συμπεραίνεις
1526 3443 1627 3496 οὐκ
1675 3443 1968 3512 ἀναγκαῖα.

815 3732 927 3788 Τοῦ
959 3731 1190 3787 Βέκκου
1218 3735 1304 3800 εἰς
1331 3733 1447 3802 τὴν
1477 3733 1546 3804 γ’.

463 3827 948 3922 Κατεστρὼθησαν
973 3849 1067 3902 καὶ
1127 3849 1183 3902 αἱ
1220 3847 1498 3919 παροῦσαι
1539 3851 1808 3920 γραφικχὶ
1869 3853 1986 3922 ρήω

391 3966 508 4010 aeta;
538 3950 618 4012 εἰς
641 3940 1010 4015 συγκρότησιν
1035 3941 1134 4010 τῆς
1172 3939 1383 4003 ἐννοίας
1414 3942 1524 3994 τῶν
1568 3943 1843 4011 δηλουσῶν
1875 3947 1972 4014 ρήο

393 4060 555 4108 σεων,
591 4042 667 4110 μὴ
731 4037 978 4108 ἁμέσως,
1019 4033 1155 4089 ἀλλὰ
1203 4035 1291 4088 διὰ
1344 4033 1439 4087 τοῦ
1480 4035 1613 4088 Υίοῦ
1663 4037 1729 4090 ὲκ
1759 4039 1970 4108 Πατρὸς

381 4130 536 4188 ἐἶναι
568 4133 627 4186 τὸ
660 4130 907 4200 Πνεῦμα.
946 4127 1008 4180 Ei
1043 4126 1154 4198 γὰρ
1180 4127 1401 4196 ἀμέσως
1433 4121 1502 4197 ἦν
1531 4126 1591 4180 τὸ
1651 4127 1878 4198 Πνεῦμα
1911 4131 1972 4182 ἐκ

389 4226 485 4279 τοῦ
515 4223 750 4294 Πατρὸς,
791 4222 890 4274 οὐκ
913 4219 980 4274 ἂν
1015 4217 1215 4290 ἐρρέθη
1271 4220 1299 4271 ὁ
1367 4220 1471 4286 μὲν
1506 4218 1636 4282 Υἱὸς
1667 4220 1832 4273 εἰκὼν
1875 4221 1971 4275 τοῦ

393 4315 631 4387 Πατρὸς,
665 4316 724 4367 τὸ
753 4313 811 4366 δὲ
843 4310 1072 4382 Πνεῦμα
1117 4310 1286 4364 εἰκὼν
1306 4310 1400 4364 τοῦ
1460 4310 1594 4364 Υίοῦ
1619 4329 1634 4345 ο
1671 4315 1765 4366 καὶ
1791 4316 1817 4366 ὁ
1873 4314 1972 4382 μὲν

392 4412 521 4474 Υἱὸς
558 4411 813 4479 ἐνέργεια
841 4403 936 4458 τοῦ
985 4403 1220 4474 Πατρὸς,
1266 4403 1327 4456 τὸ
1358 4403 1415 4456 δὲ
1459 4403 1688 4474 Πνεῦμα
1721 4407 1974 4474 ἐνέργεια

2076 3258 2254 3324 dium,
2280 3269 2336 3315 et
2371 3262 2596 3316 tertium
2630 3279 2658 3317 a
2691 3265 2854 3318 Patre
2891 3263 3186 3334 Spiritum,
3215 3278 3272 3320 et
3318 3284 3416 3337 per
3447 3269 3649 3324 Filium

2075 3366 2139 3405 ex
2183 3353 2342 3406 Patre
2373 3357 2788 3422 procedentem,
2846 3365 2905 3410 et
2949 3357 3245 3412 habentem
3296 3360 3522 3426 Filium,
3555 3367 3650 3433 qui

2077 3440 2196 3509 ipso
2249 3443 2732 3512 pra'intelligatur,
2764 3446 3234 3515 quemadmodum
3271 3450 3446 3507 Filius
3485 3453 3655 3510 habet

2076 3532 2316 3587 Patrem.
2349 3535 2504 3600 Quod
2537 3551 2670 3596 sane
2699 3553 2822 3592 cum
2857 3539 2972 3608 ipse
3014 3553 3124 3592 non
3163 3546 3523 3612 computaris.
3565 3563 3657 3604 res

2077 3625 2302 3680 minime
2330 3629 2672 3683 necessarias
2705 3631 3012 3685 concludis.

2605 3743 2758 3798 Becci
2799 3745 2851 3798 in
2884 3749 3120 3803 tertium.

2145 3856 2228 3911 Ad
2280 3857 2774 3912 demonstrandqu
2852 3875 3077 3916 sensum
3127 3871 3185 3916 et
3234 3863 3653 3936 intelligentiam

2080 3947 2299 4002 illarum
2332 3951 2760 4013 sententiarum,
2791 3967 2912 4018 quze
2948 3955 3264 4022 s?gnificant
3301 3973 3411 4011 non
3456 3959 3652 4016 imme-

2076 4040 2255 4103 diate,
2299 4043 2393 4094 sed
2434 4058 2528 4110 per
2574 4041 2772 4095 Filium
2804 4059 2868 4098 ex
2904 4045 3065 4101 Patre
3111 4059 3166 4101 et
3216 4048 3484 4117 Spiritum
3518 4067 3652 4106 sau-

2075 4145 2246 4200 ctum,
2283 4128 2624 4208 suhjeeimus
2656 4152 2877 4207 quoquc
2899 4151 3202 4208 prmsentcs
3231 4141 3435 4197 litteris
3455 4146 3616 4214 prodi
3638 4178 3652 4190 ο

2079 4235 2162 4280 tas
2199 4230 2523 4282 sententias.
2558 4227 2613 4282 Si
2643 4229 2789 4283 enim
2823 4229 3066 4298 Spiritus
3095 4242 3245 4288 esset
3272 4234 3589 4292 immediate
3622 4255 3655 4293 a

2077 4317 2260 4381 Patre,
2290 4333 2400 4372 non
2434 4327 2580 4373 esset
2614 4319 2798 4377 dictus
2823 4319 2996 4375 Filius
3027 4321 3210 4394 imago
3244 4322 3442 4391 Patris,
3478 4329 3654 4398 Spiri-

2080 4418 2168 4464 tus
2222 4410 2403 4482 imago
2441 4411 2587 4476 Filii,
2640 4423 2695 4467 et
2750 4413 2922 4468 Filius
2972 4429 3104 4469 sane
3157 4418 3407 4487 operatio
3453 4419 3653 4489 Patris,

390 4505 485 4560 τοῦ
522 4501 654 4555 Υίοῦ
676 4517 689 4530 ’
724 4500 820 4552 καὶ
847 4501 874 4551 ὁ
903 4498 1002 4566 μὲν
1032 4497 1162 4560 Υἱὸς
1201 4497 1495 4568 πρόσωπον
1522 4498 1620 4550 τοῦ
1649 4499 1882 4570 Πατρὸς,
1912 4500 1972 4552 τὸ

2083 4507 2323 4578 Spiritus
2374 4525 2506 4564 vero
2540 4511 2793 4581 Operatio
2842 4511 2990 4575 Filii,
3040 4512 3214 4569 Filius
3261 4528 3500 4584 persona
3549 4517 3659 4573 Pa-

393 4599 450 4650 δὶ
479 4595 700 4664 Πνεῦμα
730 4591 1024 4663 πρόσωπον
1053 4591 1147 4641 τοῦ
1176 4588 1332 4646 Υἱοῦ.

968 4704 1078 4760 Τοῦ
1112 4702 1388 4774 Παλαμᾶ.

479 4824 810 4880 ’Δνούστατε
841 4824 869 4876 ὁ
897 4820 1178 4883 δυσσεϐῶς
1215 4819 1540 4888 ἐπιγράφων
1571 4813 1673 4874 ὧδε
1704 4821 1772 4874 τὰ
1825 4823 1977 4892 παρὰ

397 4923 506 4978 τῶν
539 4922 712 4992 ἁγίων
740 4917 980 4982 εὐσεϐῶς
1014 4916 1282 4986 εἰρημένα
1305 4931 1319 4946 ο
1376 4915 1492 4976 πῶς
1525 4914 1587 4966 οῦ
1621 4917 1852 4986 συνορᾷς
1897 4919 1979 4970 ὅτι

398 5020 469 5072 τὰ
493 5017 651 5073 κοινὰ,
682 5014 775 5069 καὶ
797 5011 1006 5082 φυσικὰ
1036 5011 1128 5064 ἐπὶ
1151 5011 1249 5078 τῆς
1283 5009 1444 5076 ἁγίας
1467 5007 1698 5078 Τριάδος
1721 5010 1980 5080 οὐδεμίαν

399 5113 589 5184 έχουσι
645 5107 953 5176 διαφοράνς
991 5098 1086 5166 Εἷς
1141 5101 1252 5172 γὰρ
1288 5101 1444 5166 θεὸς,
1506 5101 1605 5171 μία
1661 5100 1846 5165 είκὼνν
1882 5102 1980 5172 μία

399 5206 644 5276 θέλησις,
675 5201 776 5272 μία
799 5198 1053 5268 ἐνέργεια
1081 5195 1315 5265 Πατρὸς,
1348 5194 1476 5246 Υίοῦ
1509 5195 1602 5248 καὶ
1623 5195 1782 5262 ἁγίου
1810 5196 1982 5250 Πνεύ-

403 5315 594 5370 ματος.
627 5292 838 5348 Οὐκοῦν
878 5291 1016 5361 πρὸς
1046 5291 1157 5351 τοῖς
1180 5287 1362 5351 ἄλλοις
1387 5289 1480 5343 καὶ
1517 5288 1831 5358 πρόσωπον,
1851 5292 1982 5345 ὅταν

403 5394 596 5461 ἕτερον
631 5389 821 5460 ἐτέρου
851 5384 1062 5438 τούτων
1091 5383 1342 5452 λέγηται,
1412 5383 1665 5452 φυσικὸν,
1717 5386 1817 5455 οὐκ
1850 5387 1983 5440 ὑπο-

404 5479 663 5536 στατικὺν
727 5479 823 5533 καὶ
876 5477 976 5546 τῆς
1033 5473 1461 5544 ἁπαραλλὰκτου
1495 5474 1810 5538 ὁμοιώσεώς
1865 5477 1982 5530 ἐστι

476 5619 556 5688 (l)
621 5616 834 5672 Dicitur
885 5615 1065 5688 Filius
1105 5612 1640 5688 _persona_Patris‘
1671 5613 1980 5688 secundum

403 5683 710 5756 illtiil'quod
749 5688 916 5741 etiam
964 5685 1230 5739 Dominus
1274 5686 1333 5756 in
1382 5683 1680 5752 Evangelia
1729 5685 1824 5756 ait,
1860 5683 1984 5738 Mea

403 5755 646 5810 doctrina
698 5775 799 5812 non
829 5765 905 5811 est
937 5769 1052 5808 mea
1081 5772 1098 5808 :
1133 5765 1218 5809 est
1249 5755 1398 5809 enim
1461 5769 1694 5823 persona
1752 5755 1930 5808 Patris
1964 5773 1978 5809 :

406 5846 517 5884 non
567 5829 717 5900 quod
774 5829 847 5884 sit
904 5829 1018 5898 ipsa
1069 5841 1304 5897 persona
1362 5827 1574 5893 Patris,
1621 5835 1784 5896 atque
1837 5827 1978 5881 adeo

2083 4602 2186 4656 tris
2223 4601 2324 4670 (1),
2360 4600 2603 4672 Spiritus
2639 4618 2876 4671 persona
2915 4603 3065 4661 Filii.

2734 4711 2872 4766 Pala
2882 4729 2998 4768 mw.

2153 4829 2600 4895 Dementissime,
2652 4830 2748 4900 qui
2804 4830 3072 4884 scelerate
3116 4830 3206 4885 hic
3255 4846 3321 4886 ea
3374 4831 3660 4899 inscribis,

2083 4938 2207 4994 quae
2236 4939 2264 4976 a
2289 4923 2508 4976 Sanctis
2549 4923 2636 4992 pie
2660 4923 2804 4976 dicta
2837 4932 2987 4986 sunt,
3021 4937 3130 4991 quo
3157 4933 3318 4992 pacto
3344 4940 3453 4978 non
3479 4933 3664 4982 cernés

2088 5015 2406 5073 communia
2462 5022 2516 5068 et
2563 5013 2834 5068 naturalia
2878 5014 2932 5067 in
2980 5016 3330 5070 sanctissima
3364 5016 3659 5086 Trinitate,

2085 5109 2294 5164 nullam
2356 5107 2565 5161 habere
2619 5105 3036 5160 differentiam?
3093 5107 3314 5161 Etenim
3376 5125 3520 5164 unus
3577 5123 3665 5163 est

2087 5201 2252 5265 Deus,
2285 5217 2392 5254 una
2425 5200 2630 5271 imago,
2663 5214 2772 5254 una
2803 5201 3088 5266 voluntas,
3127 5217 3234 5254 una
3269 5203 3526 5270 operatio
3562 5203 3669 5258 Pa-

2087 5294 2186 5349 tris
2211 5303 2267 5348 et
2298 5293 2422 5347 Filii
2457 5304 2514 5346 et
2561 5291 2806 5363 Spiritus
2857 5292 3060 5347 sancti.
3109 5293 3255 5361 Ergo
3297 5303 3498 5362 praeter
3555 5296 3664 5351 alia

2085 5387 2250 5442 etiam
2281 5399 2542 5455 persona,
2571 5383 2794 5454 quando
2825 5385 3000 5439 altera
3031 5385 3265 5439 alterius
3303 5385 3502 5439 horum
3535 5401 3662 5444 esse

2087 5479 2322 5542 dicitur,
2355 5477 2681 5547 naturaliter
2712 5477 2977 5544 sumitur,
3009 5491 3119 5531 non
3168 5476 3534 5546 hypostatice.
3568 5478 3671 5533 At-

2054 5615 2324 5682 ~ipsemet
2377 5612 2564 5673 Pater,
2622 5609 2898 5682 sedquia
2942 5608 3126 5682 Filius
3157 5617 3553 5682 estpersona,
3583 5619 3668 5682 Aet

2089 5678 2262 5739 Folius
2295 5692 2380 5738 est
2421 5683 2618 5742 Patris,
2659 5681 2789 5749 quia
2837 5696 2902 5733 ex
2941 5681 3102 5749 Patre
3149 5679 3372 5747 genitus
3417 5689 3524 5732 est.
3579 5678 3673 5734 Sic

2087 5756 2432 5820 Augustinus
2466 5747 2723 5822 explanat
2779 5749 2936 5818 illud,
2976 5747 3097 5803 Mea
3145 5750 3390 5803 doctrina
3443 5763 3547 5803 non
3595 5760 3673 5803 est

2089 5843 2137 5879 ηἶ
2145 5839 2227 5879 θαι
