4124 6406
460 341 571 402 255

1422 334 1936 396 BESSARIONIS
1968 333 2028 396 S.
2070 335 2144 393 Β.
2178 334 2247 391 Ε.
2290 325 2759 391 CAIlDlNALlS

3606 315 3713 382 2;.6

463 470 572 523 que
632 453 1034 508 immutabilem
1097 450 1519 507 sinnnilitndinenn
1573 452 1867 521 signiﬁcat,
1923 465 2030 505 non

2144 449 2456 521 δηλωτικὸν,
2515 445 2633 498 ἀλλ’
2687 443 2809 513 οὐχὶ
2859 439 2952 494 τοῦ
3019 439 3220 510 τρόπου
3249 438 3344 510 τῆς
3398 436 3706 508 ὑπάρξεως,

464 559 650 604 autem
684 547 905 600 modum
945 545 1285 599 exsistentize
1313 561 1326 596 :
1359 559 1551 613 apage,
1601 553 1657 599 tu
1714 561 1870 612 vero,
1904 559 2030 598 cum

464 650 578 691 non
620 637 692 689 ita
718 650 969 698 censeas,
999 649 1294 703 personam
1345 633 1576 687 alteram
1625 636 1858 690 alterius
1887 649 2031 697 esse,

464 729 563 784 sed
598 728 964 799 hypostatice,
1012 744 1120 782 non
1154 728 1393 797 amplius
1422 743 1542 783 esse
1593 729 1801 796 poteris
1847 728 2032 782 Trini-

465 823 594 876 tatis
625 831 920 874 venerator
958 830 1015 874 et
1052 821 1251 874 cultor.
1285 821 1340 873 Si
1399 822 1545 874 enim
1581 820 1753 875 Filius
1779 833 1862 875 est
1901 839 2030 892 per-

462 928 601 967 sona
635 911 836 973 Patris,
871 923 1063 981 utpote
1097 912 1188 980 qui
1221 927 1284 965 ex
1321 912 1440 981 ipso
1473 912 1564 976 sit,
1610 923 1666 967 et
1705 914 1828 967 Filii
1861 914 2035 984 Spiri-

461 1012 585 1068 tus;
623 1020 728 1056 non
767 1004 952 1073 itaque
987 1004 1229 1074 amplius
1254 1005 1360 1060 erit
1388 1005 1550 1059 Pater
1588 1006 1760 1058 altera
1794 1021 2033 1074 persona

463 1103 662 1162 pra-ter
685 1094 910 1159 Fnliunn,
933 1111 1112 1163 neque
1143 1096 1313 1150 Filius
1339 1106 1536 1164 praeter
1560 1097 1852 1166 Spiritum.
1879 1099 2036 1154 Vides

462 1187 743 1257 quomodo
790 1187 942 1242 dicta
979 1195 1296 1242 sanctorum
1332 1189 1418 1258 pie
1469 1189 1558 1243 illa
1589 1191 1810 1259 quidem
1840 1232 1853 1254 ,
1887 1192 2036 1259 opti-

466 1291 666 1344 meque
699 1291 758 1330 se
792 1275 1022 1340 habent,
1060 1286 1120 1332 tu
1158 1285 1291 1332 vero
1323 1293 1386 1332 ea
1427 1277 1613 1348 inepte
1679 1290 1844 1348 atque
1869 1278 2037 1350 impie

467 1369 882 1438 interpretaris.

994 1503 1256 1576 Sapientis
1283 1505 1504 1562 Nic-teni.

542 1639 749 1710 Nempe
787 1649 842 1694 tu
879 1655 1100 1710 quoque
1135 1639 1356 1694 beatum
1391 1641 1643 1705 Paulum,
1697 1654 2038 1699 asserentem

466 1733 667 1789 Filium
706 1749 824 1788 esse
863 1733 1158 1802 imaginem
1215 1734 1512 1788 invisibilis
1548 1736 1641 1789 Dei
1698 1746 1753 1790 et
1803 1740 2034 1806 figuram

2135 545 2340 610 ἄπαγε.
2369 541 2440 593 Σὺ
2467 539 2524 591 δὲ
2558 537 2632 606 μὴ
2673 535 2816 588 οὓτω
2847 533 3146 604 πρόσωπον
3173 531 3364 600 ἕτερον
3404 532 3595 599 ἑτέρου
3623 532 3710 585 λέ-

2135 652 2270 703 γων,
2309 633 2427 686 ἀλλ’
2455 627 2860 691 ὐποστατικῶς,
2898 627 3078 679 οὐκέτ’
3114 624 3259 694 ἔχεις
3300 619 3441 678 εἶναι
3497 625 3712 692 μύστης

2136 729 2236 792 τῆς
2269 725 2520 795 Τριάδος.
2549 724 2612 776 Εἰ
2642 723 2750 789 γὰρ
2784 721 2876 774 τοῦ
2915 721 3128 786 Πατρός
3161 705 3308 771 ἐστιν
3335 721 3362 771 6
3416 717 3545 780 Υἱὸς
3573 718 3714 786 πρό-

2139 836 2319 873 σωπον
2364 817 2438 879 ὡς
2470 817 2525 882 ἐξ
2575 814 2763 877 αὐτοῦ,
2817 813 2910 865 καὶ
2953 812 3048 864 τοῦ
3086 808 3218 862 Υίοῦ
3248 809 3310 862 τὸ
3339 809 3588 879 Πνεῦμα,
3619 810 3716 861 οὐ·

2138 915 2252 967 κέτ⁶
2280 914 2430 966 ἔσται
2465 911 2652 964 λοιπὸν
2683 911 2710 960 6
2767 910 2957 978 Πατὴρ
2989 909 3286 977 πρόσωπον
3338 906 3528 975 ἕτερον
3558 904 3717 972 παρὰ

2138 1008 2228 1058 τδν
2261 1007 2410 1069 Υξδν,
2443 1004 2566 1057 οὐδὲ
2599 1003 2746 1072 παρᾶ
2785 1003 2846 1054 τὸ
2876 1001 3096 1070 Πνεῦμα
3124 1003 3152 1053 6
3175 999 3321 1062 Υἱός.
3361 998 3528 1067 Ὀρᾷς
3557 996 3634 1060 ὼς
3655 995 3718 1048 αἱ

2141 1100 2238 1169 μὲν
2267 1099 2379 1152 τῶν
2410 1098 2581 1165 ἁγίων
2606 1099 2794 1166 ῥήσεις
2823 1095 3037 1164 ἔχουσιν
3069 1093 3310 1154 εὐσεϐῶς
3343 1108 3404 1142 τε
3455 1091 3547 1143 καὶ
3608 1105 3717 1140 κα-

2137 1191 2268 1253 λῶς.
2314 1190 2473 1261 Παρὰ
2503 1187 2597 1243 σοῦ
2623 1189 2680 1242 δὲ
2721 1186 3160 1258 ὲκλαμϐἀνονται
3189 1183 3464 1246 δυσσεϐῶς
3523 1198 3582 1235 τε
3621 1180 3719 1234 καὶ

2140 1297 2350 1345 κακως.

2610 1499 2723 1556 Τοῦ
2755 1499 2953 1568 σοροῦ
2981 1497 3251 1564 Νικαίας.

2226 1635 2314 1698 Ὠς
2338 1635 2400 1702 δὴ
2427 1635 2490 1688 σὺ
2522 1635 2615 1688 καὶ
2640 1633 2734 1688 τοῦ
2763 1633 3039 1702 μακαρίου
3067 1632 3282 1685 Παύλου
3311 1631 3402 1684 τὸν
3447 1629 3578 1682 Υἱὸν
3629 1628 3723 1683 λέ-

2143 1744 2332 1796 γοντος
2363 1727 2550 1778 εἰκόνα
2569 1726 2664 1779 τοῦ
2689 1725 2921 1795 ἀοράτου
2951 1724 3110 1788 Θεοῦ,
3146 1723 3239 1776 καὶ
3265 1723 3366 1792 τῆς
3390 1721 3553 1774 αὐτοῦ
3585 1724 3720 1774 (rno—

469 1831 792 1884 snbstantize
820 1830 940 1898 ejus
973 1839 1139 1898 atque
1170 1829 1526 1898 splendorem
1565 1831 1776 1900 glorize,
1811 1833 1893 1886 sic
1932 1848 2032 1887 au-

2145 1821 2385 1881 στάσεως
2426 1820 2777 1888 χαρακτῆρα,
2838 1819 2934 1872 καὶ
2988 1818 3086 1886 τῆς
3145 1817 3303 1886 δόξης
3348 1817 3716 1885 ἀπαύγασμα,

470 1922 619 1975 dires
654 1931 912 1988 tanquam
943 1919 1222 1974 dicentem
1273 1921 1522 1989 ejusdenn
1563 1936 1686 1974 esse
1713 1921 2039 1978 substantia:

469 2027 594 2066 cum
647 2012 834 2073 Patre,
871 2021 924 2064 ct
972 2011 1149 2064 solnnn
1199 2012 1448 2065 eamdem
1481 2021 1758 2074 naturam,
1797 2029 1904 2068 non
1946 2031 2042 2069 au-

473 2115 582 2158 tem
638 2115 691 2160 et
743 2105 1155 2159 distinctionem
1203 2121 1558 2172 personarum
1606 2105 2037 2174 signiﬁcantem.

474 2199 672 2253 Verum
724 2214 827 2251 nos
873 2199 1086 2250 ratione
1131 2209 1388 2267 tanquann
1440 2199 1652 2255 arbitro
1690 2209 1926 2264 utentes,
1984 2208 2041 2253 et

472 2291 814 2344 idcnntitatcnn
874 2300 1088 2344 natura:
1131 2289 1500 2360 imaginisque
1551 2301 1715 2360 atque
1766 2307 2038 2360 personnze,

469 2382 598 2435 item
630 2381 991 2449 operationis,
1029 2381 1111 2433 his
1142 2380 1278 2449 ipsis
1321 2381 1642 2436 nominibus
1673 2382 1928 2452 religiose
1960 2383 2044 2435 inn-

469 2476 790 2544 telliginnus,
815 2485 1091 2542 quatenus
1123 2489 1410 2542 possemus
1439 2475 1606 2529 etiam
1640 2476 1848 2541 dicere,
1876 2491 2040 2528 unam

467 2581 590 2620 esse
629 2566 997 2619 satnetissitnna:
1031 2561 1324 2618 Trinitatis
1374 2566 1692 2634 imaginem,
1748 2575 1804 2619 et
1858 2566 2032 2618 Deita-

471 2669 606 2718 tem,
643 2659 984 2726 accipientes
1017 2659 1310 2728 imaginem
1342 2658 1462 2712 loco
1495 2657 1861 2726 exemplaris;
1891 2657 2044 2711 sinui-

468 2750 597 2804 liter
627 2751 819 2812 etiann,
863 2749 907 2802 si
961 2764 1256 2818 personam
1309 2749 1486 2802 Patris
1523 2748 1857 2816 diceremus,
1906 2750 2043 2803 sub-

471 2839 728 2892 stantiam
779 2837 961 2892 Patris
1021 2838 1435 2905 denotaremus,
1487 2850 1761 2908 quatenus
1817 2840 1870 2894 in
1931 2841 2044 2895 Deo

471 2931 803 2990 substantia,
840 2931 985 2984 idennn
1018 2941 1101 2984 est
1126 2943 1292 3000 atque
1319 2933 1440 3002 ejus
1469 2948 1729 3001 persona,
1768 2943 1826 2987 et
1857 2919 2046 3004 perso-

473 3039 668 3074 nnarunnn
725 3022 1091 3075 nihilominus
1145 3023 1561 3077 distinctionem
1626 3025 2042 3093 signiﬁcamus,

473 3114 745 3182 siquidem
785 3124 894 3167 tres
927 3129 1194 3182 personas
1254 3114 1494 3168 fatemur
1551 3119 1757 3170 essein
1802 3119 2040 3172 sanctis-
2071 3143 2113 3203 α

472 3205 611 3260 sima
652 3204 958 3268 Trinnitate;
1011 3219 1143 3258 sane
1199 3215 1415 3259 constat
1451 3221 1552 3259 nos
1602 3209 1706 3262 hoc
1739 3209 1905 3262 modo
1957 3210 2038 3263 lo-

471 3297 675 3368 quendi
707 3311 814 3348 non
854 3296 994 3347 idean
1023 3311 1142 3349 esse
1177 3311 1441 3365 personas
1478 3297 1619 3351 inter
1660 3313 1741 3359 se.
1777 3300 1873 3354 sed
1906 3300 2035 3355 dis-

470 3388 788 3444 tinnCtiouem
842 3387 1060 3450 docere,
1115 3397 1170 3440 et
1226 3387 1541 3455 explanare.
1592 3387 1772 3459 lnnago
1820 3407 2040 3460 quoque

469 3485 633 3555 plane
668 3501 777 3536 nnon
809 3483 873 3536 ad
915 3485 1173 3551 seipsam,
1205 3482 1300 3537 sed
1336 3483 1402 3536 ad
1460 3483 1594 3537 illud
1629 3483 1855 3548 dicitur,
1883 3486 2041 3555 cujus

470 3584 553 3630 est
581 3577 783 3644 imago,
829 3585 1123 3644 prnpterea
1170 3584 1225 3629 et
1276 3589 1566 3642 personam
1621 3573 1868 3637 dennotat,
1919 3591 2041 3646 qua:

474 3667 763 3721 relativum
807 3682 1012 3720 neuneu
1041 3665 1293 3729 exsistat,
1343 3665 1449 3718 tale
1497 3666 1784 3732 nimirum,
1817 3678 1876 3720 ut
1917 3684 2040 3736 per-

468 3774 659 3812 sonam
687 3759 916 3824 saineat;
957 3768 1012 3810 tu
1045 3773 1176 3811 vero
1212 3757 1398 3812 nescio
1429 3759 1561 3828 quid
1611 3759 1846 3826 cogitas,
1882 3771 2040 3814 natu-

468 3852 664 3904 raliter
725 3867 833 3903 non
897 3849 1242 3919 lnypostatice
1300 3849 1410 3903 dici
1461 3850 1758 3908 afﬁrmans.
1818 3853 2040 3920 quando

467 3943 642 3997 altera
676 3958 914 4012 persona
951 3941 1184 3995 alterius
1211 3956 1332 3995 esse
1367 3942 1598 3996 dicitur.
1632 3942 1698 3996 Et
1737 3943 2037 3996 absurdum

468 4049 692 4102 quoqnne
716 4034 975 4102 colligere
1006 4032 1322 4097 arbitraris,
1342 4034 1486 4101 quod
1527 4034 1816 4088 manifeste
1843 4044 2037 4088 contra

470 4135 521 4179 te
550 4125 700 4178 facit.
745 4125 838 4180 Sin
869 4137 1052 4180 autetn
1083 4125 1136 4178 id
1171 4142 1362 4179 verum
1401 4126 1494 4189 sit,
1526 4125 1654 4180 licet
1695 4126 2039 4179 animadver-

472 4227 609 4272 tere.
649 4217 947 4272 Existimas
971 4219 1117 4272 enim
1149 4233 1245 4272 eos
1274 4219 1368 4287 qui
1405 4228 1665 4272 asserunt
1693 4218 1890 4272 Fnliunnn
1916 4234 2038 4273 esse

471 4326 760 4380 personam
796 4311 996 4374 Patris,
1045 4320 1235 4378 utpote
1271 4312 1366 4380 qui
1396 4328 1463 4366 ea
1498 4311 1616 4379 ipso
1645 4311 1960 4380 proveniat,
1983 4320 2040 4365 et

471 4412 687 4448 rursum
750 4394 1016 4464 Spiritum
1066 4397 1214 4463 Filii,
1267 4399 1472 4468 quippe
1523 4399 1616 4467 qtni
1665 4415 1731 4451 ex
1785 4400 1902 4468 ipso
1945 4400 2036 4464 sit,

2142 1913 2314 1977 οὕτως
2357 1913 2642 1975 ἀκούσαις,
2698 1913 2773 1974 ὼς
2819 1913 2922 1981 τῆς
2977 1913 3146 1981 αὐτῆς
3178 1913 3342 1965 αὐτὸν
3397 1911 3475 1980 τῷ
3539 1913 3720 1978 Πατρὶ

2144 2005 2496 2067 ὑποστάσεως
2526 2006 2798 2073 λέγοντος,
2839 2006 2931 2058 καὶ
2958 2007 3173 2073 φύσεως
3205 2006 3368 2074 μόνον
3421 2003 3716 2074 δηλοῦντος

2141 2097 2470 2167 ταυτότητα,
2520 2097 2579 2149 οὐ
2620 2097 2801 2162 μέντοι
2857 2099 2952 2149 καὶ
3001 2097 3280 2165 διάκρισιν
3327 2097 3707 2150 ὑποστάσεων.

2144 2188 2287 2242 Ἀλλ’
2307 2190 2470 2260 ἡμεῖς
2501 2188 2745 2252 εὐσεϐῶς
2766 2190 3077 2252 διαιτῶντες
3105 2189 3182 2258 τῷ
3213 2189 3378 2259 λόγῳ.
3403 2191 3498 2242 καὶ
3518 2190 3720 2242 ταυτό-

2141 2301 2280 2350 τητα
2307 2286 2524 2351 φύσεως
2585 2283 2925 2336 Baconith
2979 2285 3086 2336 τῶν
3136 2285 3426 2354 ὀνομάτων
3486 2283 3718 2351 νοοῦμεν

2145 2377 2352 2440 εἳκόνος
2388 2393 2449 2429 τε
2481 2376 2578 2450 καὶ
2609 2374 2900 2444 προσώπου
2930 2376 3026 2428 καὶ
3079 2376 3387 2444 ἐνεργείας,
3446 2375 3579 2428 καθὸ
3622 2377 3720 2428 καὶ

2143 2470 2444 2542 δυναίμεθα
2469 2469 2534 2524 ἂν
2565 2470 2732 2539 φάναι
2764 2472 2894 2540 μίαν
2931 2465 3073 2522 εἶναι
3110 2472 3209 2539 τὴν
3240 2469 3338 2536 τῆς
3369 2469 3529 2536 ἁγίας
3552 2467 3720 2538 Τριά-

2143 2564 2230 2626 δος
2253 2564 2437 2616 είκόνα
2463 2579 2520 2616 τε
2563 2563 2658 2615 καὶ
2685 2562 2938 2630 θεότητα,
2980 2563 3098 2614 ἀντὶ
3125 2561 3568 2630 παραδείγματος
3615 2563 3716 2626 τὴν

2145 2657 2331 2710 εἰκόνα
2361 2657 2676 2726 δεχόμενοι·
2709 2657 2914 2726 ὁμοίως
2953 2655 3013 2709 δὲ
3063 2655 3156 2708 καὶ
3185 2657 3244 2707 τὸ
3283 2655 3576 2721 πρόσωπον
3622 2654 3716 2706 τοῦ

2147 2749 2362 2817 Πατρδς
2389 2748 2642 2815 λέγοντες
2676 2747 2779 2817 τὴν
2803 2747 2898 2798 τοῦ
2944 2748 3158 2816 Πατρδς
3214 2747 3403 2799 οὐσίαν
3452 2745 3722 2815 δηλώσαι-

2151 2858 2272 2909 μεν,
2304 2840 2532 2895 καθόσον
2565 2843 2724 2912 ἐντῷ
2758 2842 2877 2912 Θεῷ
2925 2843 2957 2907 ἡ
3003 2841 3162 2893 οὐσία
3218 2841 3418 2892 ταύτόν
3469 2841 3584 2893 ἐστι
3649 2841 3715 2910 τῇ

2148 2935 2444 2988 ὑποστάσει
2475 2933 2639 2986 αὐτοῦ
2669 2951 2680 2962 ·
2714 2935 2866 2986 οὐδὲν
2893 2937 3080 3003 μέντοι
3117 2927 3280 3002 ἦττον
3307 2933 3403 2984 καὶ
3458 2933 3556 3000 τὴν
3607 2932 3718 2984 τῶν

2148 3027 2502 3080 ὑποστάσεων
2531 3025 2804 3097 δηλοῦμεν
2838 3027 3134 3095 διάκρισιν,
3188 3026 3464 3093 [ιρόςωπὰ
3493 3041 3552 3076 τε
3607 3024 3717 3096 γὰρ

2147 3119 2272 3188 τρία
2303 3119 2485 3186 φαμὲν
2520 3119 2612 3169 ἐπὶ
2639 3118 2735 3186 τῆς
2771 3118 2928 3186 ἁγίας
2951 3117 3205 3186 Τριὰδος.
3240 3117 3407 3186 Δῆλον
3427 3117 3502 3183 ὡς
3527 3121 3586 3171 οὐ
3617 3123 3719 3187 τὴν

2161 3207 2469 3275 ταύτότητα
2496 3207 2585 3261 διὰ
2617 3207 2831 3271 τούτου,
2881 3209 2980 3276 τὴν
3031 3209 3306 3279 διάκρισιν
3355 3209 3411 3262 δὲ
3449 3211 3718 3278 τιταριστόι⁹

2153 3315 2358 3359 νσντες.
2405 3298 2478 3349 ἸΙ
2503 3315 2560 3350 τε
2586 3301 2751 3351 εἰκὼν
2791 3298 3038 3366 φανερῶς
3071 3298 3129 3348 οὐ
3164 3298 3294 3366 πρὸς
3324 3297 3547 3367 ἑαυτὴν,
3579 3297 3718 3350 ἀλλὰ

2150 3393 2287 3461 πρὸς
2320 3393 2493 3443 ἐκεῖνο
2517 3390 2757 3456 λέγεται,
2791 3385 3001 3450 οὗτινός
3050 3391 3164 3441 ἐστι
3211 3391 3306 3442 καὶ
3364 3392 3550 3442 εἰκών.
3607 3391 3717 3443 Καὶ

2150 3483 2238 3534 διὰ
2268 3483 2426 3534 τοῦτο
2457 3481 2716 3550 σημαίνει
2754 3482 3054 3534 ὑπόστασιν
3085 3481 3424 3549 ἅναφορικόν
3455 3497 3517 3548 γε
3544 3479 3717 3547 ὄνομα

2148 3573 2228 3639 ὃν,
2259 3575 2350 3626 καὶ
2378 3567 2491 3626 οἷον
2532 3574 2822 3643 πρόσωπον
2864 3572 3199 3638 ὐφιστὰνειν.
3249 3572 3322 3624 Σὺ
3351 3572 3396 3624 δ’
3435 3572 3536 3624 οὐκ
3561 3569 3658 3624 οἷδ’
3687 3573 3714 3624 ὅ

2149 3684 2200 3719 τι
2230 3666 2432 3734 διανοῇ,
2470 3665 2712 3736 φυσικῶς
2739 3663 2994 3733 λέγεσθαι
3029 3664 3251 3733 φάσκων
3285 3665 3382 3733 οὐχ
3423 3665 3718 3718 ὑποστατι⁹

2148 3756 2281 3819 κῶς,
2327 3755 2456 3809 ὅταν
2506 3756 2798 3826 πρόσωπον
2860 3755 3048 3823 ἕτερον
3090 3755 3277 3826 ἐτέρου
3323 3755 3573 3824 λέγηται.
3610 3758 3718 3810 Καὶ

2149 3847 2349 3901 ἄτοπον
2389 3846 2444 3898 δὲ
2475 3848 2739 3913 συνάγειν
2767 3847 3030 3917 νομίζεις,
3064 3847 3092 3900 ὃ
3137 3847 3281 3901 κατὰ
3313 3849 3407 3920 σοῦ
3465 3851 3717 3918 φανερῶς

2147 3939 2316 3990 ἐστιν.
2355 3938 2416 3990 Εί
2449 3937 2494 3990 δ’
2530 3937 2770 4007 ἀληθῶς,
2829 3937 3008 4004 ἔξεστι
3069 3937 3398 4008 σκέψασθαι.
3439 3941 3563 4004 Τοῖς
3606 3943 3716 4008 γὰρ

2147 4032 2368 4098 λέγουσι
2397 4031 2486 4083 τὸν
2519 4031 2620 4100 μὲν
2659 4031 2791 4083 Υίδν
2838 4033 3131 4102 πρόσωπον
3158 4031 3251 4084 τοῦ
3287 4012 3519 4103 Πατρδς,
3550 4034 3625 4094 ὼς
3656 4035 3716 4102 ἐξ

2147 4121 2310 4175 αὐτοῦ
2339 4125 2615 4192 προϊόντα,
2650 4121 2744 4175 τοῦ
2777 4123 2832 4175 δὲ
2857 4121 2985 4174 Υίοῦ
3019 4121 3174 4185 αὖθις
3197 4124 3258 4175 τὸ
3287 4123 3510 4194 Πνεῦμα
3548 4125 3623 4189 ὼς
3655 4126 3716 4180 ὃν

2147 4215 2206 4277 ἐξ
2237 4213 2423 4278 αὐτοῦ,
2455 4213 2680 4266 ἕπεσθαι
2711 4213 2811 4265 οἴει
2839 4215 2912 4283 μὴ
2938 4212 3117 4280 λέγειν
3143 4213 3270 4268 ἄλλο
3306 4218 3598 4285 πρόσωπον
3629 4219 3717 4270 τὸν

2149 4306 2388 4374 Πατέρα,
2431 4305 2640 4358 καὶτὸν
2672 4305 2801 4358 Υίὸν
2835 4306 3045 4376 ἓτερον,
3085 4309 3176 4359 καὶ
3194 4307 3252 4358 τὸ
3287 4307 3533 4376 Πνεῦμα.
3575 4311 3718 4375 Ἐγὼ

2145 4398 2192 4452 δ’
2223 4399 2354 4452 εἴτι
2389 4397 2570 4460 καλῶς
2601 4397 2694 4450 τοῦ
2743 4399 2836 4450 σοῦ
2891 4397 3053 4464 λόγου
3103 4399 3352 4467 συνίημι,
3383 4404 3446 4466 τῇ
3504 4401 3602 4468 μὲν
3649 4405 3717 4472 σῇ

469 4487 602 4540 illud
661 4487 1064 4541 inconveniens
1109 4491 1290 4558 sequi,
1345 4506 1444 4543 eos
1501 4505 1610 4543 non
1662 4491 1819 4544 fateri
1875 4490 2035 4544 aliam

2144 4492 2286 4544 θέσει
2310 4491 2402 4542 καὶ
2444 4489 2583 4542 πάνυ
2611 4490 2675 4542 ἂν
2717 4490 2875 4541 τοῦτο
2914 4492 2974 4542 τὸ
3008 4492 3208 4543 ἄτοπον
3246 4490 3476 4544 ἕπεσθαι
3510 4493 3673 4562 φαίην
3700 4511 3715 4523 ·

468 4593 592 4630 esse
625 4593 916 4644 personam
946 4578 1188 4645 Patrem,
1244 4581 1406 4633 aliann
1449 4581 1672 4646 Filinnnnn,
1701 4582 1861 4634 aliannn
1911 4582 2037 4650 Spi-

469 4669 943 4730 ritumsanetunn.
978 4670 1094 4738 Ego
1126 4685 1280 4732 vero,
1325 4671 1369 4724 si
1408 4687 1520 4740 quo
1563 4682 1726 4741 pacto
1778 4683 1924 4726 tuannn
1957 4687 2040 4724 ra-

471 4757 675 4810 tionem
707 4759 971 4827 percipio,
1006 4769 1095 4812 tua
1133 4760 1358 4828 quidem
1392 4762 1558 4828 tlnesi,
1587 4772 1641 4816 et
1683 4763 1839 4816 valde
1879 4763 2036 4831 sequi

470 4848 574 4901 lnoc
604 4847 902 4901 absurdum
951 4849 1307 4913 allirunarenn,
1343 4862 1534 4907 nostra
1565 4870 1700 4906 vero
1731 4864 1902 4908 totum
1945 4871 2041 4923 op-

471 4940 730 5009 positunn.
784 4927 1022 5003 Etenim,
1077 4943 1122 4995 si
1177 4957 1471 5011 personam
1533 4945 1761 4998 alteram
1813 4945 2041 5000 alterius

470 5032 603 5095 dici,
658 5031 801 5085 idennn
841 5048 960 5086 esse
995 5033 1140 5086 inter
1175 5050 1232 5088 se
1264 5035 1463 5100 solum,
1515 5045 1571 5090 et
1617 5035 2038 5092 similitudinem

469 5123 888 5189 immutabilem,
921 5136 980 5178 ut
1013 5126 1127 5194 ipse
1172 5128 1352 5196 ponis,
1384 5130 1691 5197 significat;
1733 5141 1812 5183 est
1853 5140 2039 5183 autem

465 5229 702 5282 porsenna
737 5213 916 5267 Patris
947 5214 1142 5278 Filius,
1174 5227 1361 5285 utpote
1389 5233 1511 5285 quae
1537 5219 1729 5272 eadem
1762 5220 1832 5272 sit
1875 5229 2041 5287 atque

469 5307 584 5371 ipse
640 5305 945 5358 secundum
999 5308 1407 5370 substantiam,
1460 5318 1624 5377 atque
1690 5310 1861 5378 ipsius
1919 5309 2037 5363 Filii

465 5405 550 5448 est
611 5395 879 5466 Spiritus,
937 5398 1139 5467 quippe
1200 5408 1406 5452 tantum
1469 5401 1708 5469 ejusdem
1751 5403 1822 5454 sit
1878 5411 2040 5470 atque

469 5488 586 5558 ipse
626 5492 986 5556 substantie;
1024 5493 1146 5546 sine
1174 5495 1551 5547 controversia
1577 5495 1721 5548 nulla
1753 5495 1856 5548 alia
1890 5507 2041 5550 esset

469 5598 706 5650 porsenna
748 5584 908 5638 Pater
953 5601 984 5638 a
1031 5586 1171 5639 Filio
1203 5595 1257 5640 et
1305 5586 1537 5655 Spiritu,
1569 5594 1624 5638 et
1660 5588 1738 5641 illi
1785 5589 1849 5640 ad
1903 5590 2043 5640 invi-

466 5685 608 5732 ρνιιι,
642 5687 816 5738 neque
853 5674 998 5727 enninnn
1031 5674 1262 5729 alterius
1295 5685 1426 5730 sunt
1463 5675 1808 5730 substantiae.
1841 5676 2037 5732 Verum

464 5776 595 5815 eum
655 5763 908 5818 audimus
968 5783 1259 5836 personam
1324 5767 1526 5834 Patris,
1593 5771 1671 5823 vel
1740 5785 2032 5838 personam

2143 4587 2208 4653 τῇ
2236 4584 2479 4654 ἡμετέρα
2511 4583 2566 4635 δὲ
2603 4585 2710 4635 πᾶν
2743 4583 3074 4640 τούναντίον.
3121 4585 3182 4638 Εί
3217 4585 3317 4653 μὲν
3348 4589 3455 4656 γὰρ
3490 4589 3549 4638 τὸ
3581 4589 3718 4657 τιρό-

2143 4693 2324 4728 σωπον
2346 4675 2532 4744 ἓτερον
2572 4676 2761 4746 ἐτέρου
2797 4677 3075 4744 λέγεσθαι,
3099 4681 3198 4747 τὴν
3231 4681 3538 4748 ταυτότητα
3563 4681 3720 4750 δηλοῖ

2145 4767 2323 4835 μόνον,
2351 4769 2444 4819 καὶ
2468 4769 2896 4837 ἀπαράλλακτον
2925 4769 3208 4838 ὁμοίωσιν,
3235 4771 3309 4832 ὼς
3332 4771 3496 4835 αὐτὸς
3530 4774 3713 4844 τίθης,
3737 4813 3744 4829 .

2142 4857 2334 4910 ἔστιδὲ
2359 4859 2648 4928 πρόσωπον
2679 4861 2772 4912 τοῦ
2845 4860 3054 4927 Πατρὸς
3111 4863 3138 4912 6
3189 4861 3338 4928 Υίὸς,
3395 4863 3471 4926 ὡς
3517 4867 3717 4918 ταυτὸν

2142 4949 2288 5018 αὐτῷ
2319 4955 2439 5002 κατ’
2465 4950 2678 5015 οὐσίαν,
2741 4954 2834 5005 καὶ
2881 4953 3046 5006 αὐτοῦ
3081 4954 3214 5006 Υίοῦ
3248 4959 3304 5008 τὸ
3341 4956 3584 5027 Πνεῦμα,
3639 4959 3718 5021 ὡς

2142 5041 2240 5110 τῆς
2269 5042 2438 5111 αὐτῆς
2469 5043 2616 5112 αὐτῷ
2653 5045 2814 5112 μόνον
2859 5046 3066 5107 οὐσίας,
3119 5047 3569 5117 ὁμολογουμέναις
3615 5052 3718 5102 οὐκ

2143 5134 2210 5186 ἂν
2240 5135 2325 5203 εἴη
2373 5134 2500 5186 ἄλλο
2566 5137 2860 5204 πρόσωπον
2908 5139 2935 5189 6
2983 5140 3172 5209 Πατὴρ
3223 5140 3318 5193 τοῦ
3356 5141 3484 5194 Υίοῦ
3529 5159 3589 5194 τε
3621 5147 3717 5195 καὶ⁵

2145 5224 2484 5294 ΙΙνεύματος,
2521 5227 2760 5279 κάκεῖνοι
2791 5229 3064 5298 ἀλλήλων,
3107 5231 3228 5284 οὐδὲ
3260 5233 3367 5301 γὰρ
3415 5232 3581 5301 ἄλλης
3619 5235 3714 5285 οὐ·

2143 5316 2288 5379 σίας.
2336 5316 2496 5369 Ἀλλὰ
2527 5319 2826 5387 πρόσωπον
2845 5324 2940 5374 τοῦ
2973 5323 3204 5391 Πατρὸς,
3237 5323 3269 5392 ἢ
3310 5328 3603 5395 πρόσωπον
3619 5323 3714 5378 τοῦ

2144 5409 2273 5461 Υἱοῦ
2302 5409 2613 5474 ἀκούοντες,
2640 5413 2735 5463 καὶ
2768 5411 2849 5466 ἔτι
2876 5413 2968 5465 τοῦ
3026 5415 3364 5484 Πνεύματος,
3395 5417 3493 5484 τὴν
3525 5417 3717 5470 ταυτό-

2141 5517 2280 5569 τητα
2311 5501 2407 5568 τῆς
2431 5501 2622 5564 οὐσίας
2652 5504 2935 5574 νοήσωμεν·
2968 5506 3042 5570 ὡς
3066 5510 3123 5560 τό
3153 5525 3214 5575 γε
3255 5511 3396 5562 κατὰ
3424 5511 3481 5562 σὲ
3513 5507 3717 5579 διῄρη-

2142 5607 2231 5643 ται
2259 5593 2291 5662 ὴ
2319 5593 2512 5662 Τριὰς.
2541 5599 2618 5657 εἰς
2655 5597 3350 5668 μονώτηνὰντιπεριστᾶσα
3377 5601 3532 5654 Θεὸν.
3585 5602 3650 5654 Et
3669 5602 3713 5653 δ’

2142 5682 2397 5753 ὼςὴμεῖς
2435 5684 2668 5756 λέγομεν
2694 5691 2752 5739 τὸ
2786 5691 3077 5758 πρόσωπον
3125 5692 3312 5762 ἕτερον
3343 5693 3530 5764 ἐτέρου
3563 5695 3715 5760 λέγε-

2148 5775 2268 5829 σθαι
2303 5777 2362 5828 τὸ
2397 5777 2454 5841 ἐξ
2505 5781 2742 5833 ἐκείνου.
2767 5779 2906 5836 εἶναι
2939 5784 3218 5854 σημαίνει,
3251 5781 3311 5838 οὗ
3373 5789 3464 5840 καὶ
3501 5791 3715 5854 λέγεται
