4124 6464
389 387 503 452 25⁸1

1367 378 1742 443 APOLOGIA
1787 376 2401 440 [NSCRIPTIONUM
2442 377 2687 442 VECCI.

3555 377 3663 442 E58

399 500 562 565 εἶναι,
593 499 730 571 πρὸς
778 498 852 568 τῷ
887 496 982 551 καὶ
1013 495 1112 566 τῆς
1179 495 1346 566 αὐτῆς
1401 493 1548 563 αὖτῷ
1579 489 1733 567 ἐἶναι
1772 491 1984 558 οὐσίας,

2107 491 2236 560 Filii,
2262 494 2432 564 ipsius
2457 509 2677 564 quoque
2707 491 2947 564 Spiritus
2973 493 3170 560 sancti,
3199 495 3344 550 idem
3369 509 3490 551 esse
3519 496 3666 552 inter

398 595 522 650 ἐπεὶ
545 595 606 648 τὸ
637 592 700 647 ἐκ
733 609 879 656 τινος
913 591 972 645 ὃν
1005 587 1194 658 ἔτερόν
1221 592 1336 642 ἐστι
1373 587 1622 658 φανερῶς
1651 585 1718 657 τῇ
1753 603 1814 654 γε
1849 585 1980 655 γοζν

399 685 728 748 ὑποστάσει,
766 684 858 735 καὶ
893 681 972 752 τῷ
1000 679 1279 751 προσώπῳ
1309 677 1408 732 τοῦ
1469 679 1528 744 ἐξ
1566 669 1626 730 οὗ
1655 676 1874 744 λέγεται
1903 672 1980 728 εἷ-

398 797 510 843 ναι,
545 777 662 842 πῶς
687 778 788 833 οὐκ
815 775 969 830 ἔσται
1000 775 1292 846 πρόσωπον
1327 775 1354 826 ὁ
1381 773 1571 842 Πατὴρ
1628 769 1777 836 ἄλλο,
1809 767 1901 824 καὶ
1957 771 1984 822 ὁ

401 873 552 938 Υἱὸς,
601 872 695 925 καὶ
728 873 790 924 τὺ
817 867 1080 937 Πνεῦμας
1133 865 1286 919 Ὦστ⁹
1322 865 1484 935 ἡμεῖς
1519 864 1617 934 μὲν
1661 862 1835 916 ταῦτα

401 983 590 1034 γοντες
629 964 730 1035 τὴν
780 961 1008 1033 Τριάδί
1043 961 1140 1014 καὶ
1203 959 1348 1028 μάλα
1395 959 1777 1027 φυλάττομεν·
1823 954 1986 1016 αὐτὸς

404 1061 464 1112 δὲ
500 1056 740 1128 φύλαξαι
775 1056 852 1127 μὴ
908 1053 1225 1108 τούναντίον
1285 1051 1458 1105 ποιῶν
1491 1050 1695 1112 ἀδίκως
1751 1048 1986 1116 ἐγκαλῇς

403 1149 607 1212 ἄλλοις,
632 1149 769 1218 ἡμῖν
802 1146 1072 1209 ἐπιτιθεὶς
1115 1145 1184 1198 τὰ
1205 1144 1382 1214 ὀνείδη
1423 1144 1491 1196 τὰ
1527 1142 1654 1196 ἴδια.
1695 1141 1816 1195 Ὅτι
1843 1140 1897 1191 δὲ
1927 1139 1986 1191 τὸ

405 1242 661 1310 ὶέγεσθαι
711 1241 1028 1312 πρόσωπον,
1069 1239 1104 1309 ἢ
1163 1238 1416 1306 δύναμιν,
1451 1237 1485 1307 ἢ
1546 1235 1826 1306 ἐνέργειαν
1869 1233 1988 1285 τάδε

406 1335 564 1388 τοῦδέ
588 1351 756 1399 τινος,
813 1333 952 1403 πρὸς
1007 1331 1084 1402 τῷ
1142 1331 1311 1402 ἄλλην
1366 1329 1654 1400 σημαίνειν
1693 1327 1990 1380 ὑπόστασιν

407 1427 504 1479 καὶ
527 1427 588 1479 τὺ
611 1426 670 1492 ἐξ
697 1423 868 1478 αὐτοῦ
903 1420 1045 1478 εἶναι
1074 1423 1352 1493 σημαίνει,
1418 1415 1480 1476 οῦ
1528 1421 1624 1474 καὶ
1671 1419 1890 1488 λέγεται
1916 1415 1994 1472 εί-

404 1535 518 1582 ναι,
553 1518 662 1570 τῶν
681 1517 951 1585 λεγόντων
975 1517 1208 1576 ἄκουσον
1231 1509 1402 1586 (οὗτοι
1431 1513 1476 1566 δ’
1509 1515 1645 1568 εἰσὶν
1667 1515 1716 1566 οἱ
1742 1513 1994 1567 διδάσκα-

405 1610 487 1662 λοι
525 1609 744 1680 πάντες)
777 1609 1016 1679 Χριστὸν
1049 1608 1187 1661 Θεοῦ
1217 1605 1475 1676 δύναμιν,
1496 1608 1592 1660 καὶ
1613 1605 1752 1659 Θεοῦ
1775 1604 1990 1675 σοφίαν,

407 1704 502 1755 καὶ
539 1697 698 1765 αὖθις
739 1701 922 1766 ζῶσαν
957 1701 1052 1754 xei.
1079 1700 1446 1754 ὲνυπόστατον
1493 1699 1779 1770 ὲνέργειάν
1806 1715 1866 1752 τε
1899 1699 1996 1750 καὶ¹

407 1796 638 1864 δύναμιν
672 1796 766 1848 τοῦ
791 1793 1006 1864 Πατρὺς
1040 1793 1137 1846 τὸν
1186 1791 1310 1847 Υίόν
1331 1809 1348 1824 ο
1399 1791 1496 1846 καὶ
1524 1792 1706 1853 πάλιν,
1738 1791 1797 1844 τὸ
1823 1791 1994 1844 Πνεῦ-

2091 598 2151 638 se
2209 585 2516 639 secundum
2587 585 2956 639 substantiam
3012 585 3394 657 intelligimus.
3450 588 3670 656 Quare,

2057 727 2062 732 .
2092 672 2240 743 quod
2280 674 2348 730 ad
2381 683 2432 728 te
2463 676 2683 740 attinet,
2709 675 2928 730 sublata
2961 685 3048 731 est
3079 675 3324 732 Trinitas
3370 677 3424 732 in
3474 680 3672 734 solita-

2095 766 2236 819 rium
2279 767 2450 821 Deum
2487 777 2790 822 coarctata.
2837 769 2932 822 Sin
2973 777 3156 824 autem
3205 777 3266 824 ut
3298 785 3399 826 nos
3433 770 3672 826 dicimus

2095 859 2388 928 personam
2425 859 2657 914 alteram
2693 861 2924 917 alterius
2951 861 3084 927 dici,
3117 873 3480 934 praeterquam
3522 865 3670 935 quod

2097 951 2460 1028 sit-ejusdem
2515 969 2639 1008 cum
2693 955 2814 1024 ipso
2855 955 3199 1021 substantiae,
3254 958 3426 1013 etiam
3459 958 3529 1012 ab
3579 958 3674 1013 illo

2097 1058 2218 1098 esse
2267 1043 2562 1114 signiﬁcet,
2602 1047 2757 1118 cujus
2810 1057 2867 1103 et
2915 1062 3040 1103 esse
3090 1049 3296 1104 dicitur
3339 1070 3353 1106 :
3409 1052 3672 1121 quoniam

2101 1135 2246 1203 quod
2279 1136 2348 1189 ab
2387 1135 2574 1205 aliquo
2601 1147 2708 1202 est,
2736 1139 2974 1194 alterum
3005 1148 3090 1194 est
3120 1140 3300 1209 plane,
3333 1143 3528 1198 saltem
3577 1145 3676 1216 hy-

2101 1228 2304 1298 postasi
2335 1239 2391 1285 et
2414 1229 2682 1300 persona,
2719 1233 2790 1288 ab
2830 1249 2896 1288 eo
2945 1233 3108 1304 cujus
3139 1251 3262 1290 esse
3293 1235 3532 1302 dicitur;
3581 1239 3676 1308 qui

2100 1321 2220 1377 ﬁeri
2249 1330 2432 1392 potest
2461 1332 2520 1378 ut
2551 1339 2659 1378 non
2689 1326 2761 1380 sit
2795 1326 2901 1380 alia
2949 1341 3186 1395 persona
3224 1327 3404 1394 Pater,
3442 1329 3548 1383 alia
3591 1330 3680 1384 Fi-

2101 1417 2227 1481 lius,
2278 1417 2384 1472 alia
2420 1416 2660 1486 Spiritus
2696 1421 2963 1475 sanctus?
3013 1421 3127 1475 Nos
3177 1421 3365 1487 itaque
3399 1437 3527 1476 cum
3563 1423 3681 1477 haec

2101 1509 2358 1576 dicimus,
2414 1507 2654 1564 Maxime
2705 1511 3004 1566 admodum
3053 1511 3380 1567 Trinitatem
3433 1521 3677 1568 tuemur.

2099 1598 2245 1655 Cave
2277 1609 2358 1664 tu,
2393 1615 2462 1656 ne
2491 1602 2810 1671 oppositum
2845 1601 3073 1671 faciens,
3107 1604 3394 1661 immerito
3429 1608 3564 1662 alios
3593 1625 3684 1664 ac-

2102 1708 2284 1759 cuses,
2324 1693 2488 1748 nobis
2517 1695 2807 1751 ascribens
2840 1704 2931 1751 tua
2971 1696 3150 1766 ipsius
3184 1699 3480 1756 dedecora.
3519 1700 3680 1768 Quod

2103 1793 2288 1840 autem
2343 1786 2451 1840 dici
2489 1785 2594 1841 hec
2623 1789 2831 1857 aliquid
2867 1805 3187 1859 personam,
3222 1807 3318 1848 seu
3351 1797 3678 1862 potentiam.

411 1908 486 1960 μα
515 1858 575 1942 τί)
599 1889 754 1957 ἅγιον
799 1858 924 1941 οὐκ·
957 1887 1239 1956 ἀλλότριον
1269 1883 1366 1939 τοῦ
1403 1883 1557 1952 Υίοῦ,
1608 1884 1726 1937 ἀλλ’
1761 1886 1818 1939 ὲν
1847 1883 1997 1954 αὐτῷ

2107 1893 2200 1933 seu
2239 1881 2616 1948 operationem
2653 1882 2890 1954 alicujus
2933 1894 3302 1956 praeterquam
3331 1887 3477 1956 quod
3511 1890 3682 1958 signi-

406 1997 472 2032 τε
518 1983 614 2033 καὶ
654 1980 713 2044 ἐξ
761 1979 950 2046 αὑτοῦ,
1003 1980 1099 2032 καὶ
1140 1977 1332 2048 ὥσπερ
1379 1979 1667 2050 ἐνέργειαν
1710 1979 1992 2049 φυσικήνο

411 2073 572 2140 δῆλον
595 2073 712 2144 γὰρ
759 2073 822 2142 δὴ
851 2073 942 2126 τὸν
982 2073 1136 2138 Υίδν,
1189 2073 1556 2126 ἔνυπόστατον
1612 2071 1846 2141 δύναμιν
1901 2069 1994 2123 τοῦ

417 2165 628 2234 [ἰατρὸς
658 2164 810 2232 ὄντα,
842 2165 1128 2236 διαφέρειν
1173 2164 1344 2219 αὑτοῦ
1386 2164 1522 2219 καθὸ
1559 2165 1712 2217 ἐστιν
1767 2163 1999 2217 ὑπόστα-

415 2272 522 2320 σις,
555 2255 650 2308 καὶ
706 2257 852 2311 κατὰ
885 2256 1047 2310 τοῦτο
1105 2259 1202 2312 καὶ
1255 2257 1314 2324 ἐξ
1371 2255 1538 2310 αὐτοῦ
1575 2255 1704 2308 ὄντα
1733 2269 1748 2284 ο
1786 2255 1880 2308 καὶ
1935 2255 1998 2307 ab

417 2346 642 2416 Πνεῦμα
676 2349 962 2418 ἐνέργειαν
993 2351 1233 2420 φυσικὴν
1261 2347 1356 2402 τοῦ
1390 2347 1546 2413 Υίοῦ,
1605 2347 1728 2401 οὐδὲ
1789 2345 1996 2417 ταύτην

413 2440 810 2504 ἀνυπόστατον,
845 2441 909 2507 ἐξ
933 2443 1100 2494 αὑτοῦ
1125 2459 1185 2494 τε
1251 2435 1416 2506 εἶναι,
1450 2441 1546 2493 καὶ
1605 2439 1783 2509 τούτῳ
1830 2438 1996 2491 αὑτοῦ

413 2533 814 2603 διακρίνεσθαι.
877 2535 1126 2589 Ὠστόὐ
1187 2535 1500 2605 ταυτότητα
1562 2535 1724 2602 μόνον
1781 2533 1996 2602 φύσεως

416 2629 593 2680 ταῦτα
623 2626 778 2697 δηλοῖ
794 2628 859 2681 τὰ
879 2627 1146 2698 ὀνόματα,
1178 2629 1273 2681 καὶ
1307 2627 1367 2680 τὸ
1402 2625 1558 2679 τοῦδέ
1581 2641 1726 2688 τινος
1744 2625 1997 2692 λέγεσθαι

414 2721 554 2786 τόδε,
583 2721 669 2790 ἐφ’
692 2713 738 2788 ᾧ
765 2721 928 2785 αὐτὸς
980 2721 1260 2792 ἰσχυρίζῃ,
1287 2719 1424 2775 ἀλλὰ
1451 2717 1548 2773 καὶ
1573 2717 1844 2788 διάκρισιν
1868 2718 2001 2772 ὑπο·

424 2815 698 2868 στάσεων.
737 2813 946 2868 Τούτου
970 2814 1027 2867 δὲ
1061 2813 1160 2867 τοῦ
1183 2813 1348 2882 λόγου
1399 2812 1878 2882 διασεσεισμένου,
1907 2813 2004 2866 καὶ

421 2907 488 2958 τὰ
522 2905 778 2974 ἑπόμενα
813 2905 994 2960 πάντα
1034 2903 1576 2975 συγκαταόέΰληται.

2105 1973 2229 2028 licet
2251 1974 2482 2028 alteram
2523 1975 2886 2048 hypostasim,
2919 1986 3185 2046 praeterea
3215 1979 3448 2036 denotet
3469 1981 3538 2037 ab
3562 1982 3683 2051 ipso

2103 2077 2246 2126 esse,
2283 2065 2438 2133 cujus
2471 2077 2528 2122 et
2565 2081 2688 2122 esse
2717 2067 2960 2134 dicitur;
3012 2071 3142 2125 andi
3180 2087 3276 2127 eos
3311 2073 3466 2142 (sunt
3492 2085 3680 2130 autem

2104 2171 2298 2211 omnes
2345 2157 2626 2230 doctores)
2659 2161 2752 2229 qui
2783 2173 2982 2216 vocant
3029 2162 3318 2218 ChriStum
3370 2167 3462 2223 Dei
3500 2168 3685 2222 virtu-

2108 2253 2240 2310 tem,
2279 2247 2486 2318 Deique
2537 2253 2885 2320 sapientiam,
2933 2263 2991 2309 et
3037 2271 3231 2312 rursus
3261 2259 3540 2328 appellant
3589 2261 3684 2314 Fi.

2105 2337 2241 2394 lium
2289 2341 2472 2396 vivam
2515 2351 2572 2398 et
2606 2343 3006 2400 subsistentem
3059 2349 3442 2416 operationem
3477 2351 3680 2413 Patris.

2106 2443 2161 2488 et
2223 2435 2422 2490 iterum
2481 2435 2749 2507 Spiritum
2799 2450 3053 2494 sanctum
3093 2456 3207 2495 non
3245 2443 3486 2497 alienum
3527 2447 3688 2500 aiunt

2107 2545 2226 2584 esse
2255 2544 2285 2583 a
2313 2529 2479 2595 Filio,
2513 2531 2607 2585 sed
2641 2531 2696 2585 in
2733 2531 2876 2602 ipso,
2913 2541 2970 2588 et
2997 2547 3062 2588 ex
3100 2534 3242 2600 ipso,
3294 2551 3360 2591 ac
3389 2538 3562 2592 veluti
3594 2555 3660 2592 na

2109 2623 2342 2676 turalem
2393 2623 2800 2693 Operationem.
2849 2623 2995 2680 Sane
3045 2626 3272 2694 quidem
3329 2631 3684 2700 perspicuum

2107 2725 2195 2771 est
2229 2715 2451 2783 Filium,
2476 2732 2600 2772 cum
2628 2716 2700 2798 sit
2727 2719 2972 2788 potentia
3003 2720 3180 2776 Patris
3213 2722 3544 2789 subsistens,
3581 2727 3686 2780 dii-

2111 2808 2252 2864 ferre
2283 2809 2354 2863 ab
2377 2809 2496 2878 ipso
2518 2809 2706 2876 Patre,
2737 2819 3015 2880 quatenus
3043 2821 3128 2866 est
3155 2829 3414 2884 persona,
3445 2827 3500 2874 et
3529 2819 3688 2888 juxta

2113 2905 2218 2958 hoc
2249 2901 2320 2957 ab
2370 2901 2490 2972 ipso
2525 2918 2747 2973 quoque
2787 2919 2932 2960 esse.
2981 2905 3050 2959 Et
3087 2905 3357 2976 Spiritum
3407 2921 3684 2974 sanctum,

415 3015 542 3054 cum
590 3002 664 3056 sit
713 3001 966 3070 operatio
1011 2999 1136 3055 Filii
1189 2998 1478 3066 naturalis,
1511 3011 1690 3068 neque
1745 2993 1892 3066 taiis,
1930 3008 1990 3054 ut
2022 3015 2146 3072 qua:
2201 3005 2438 3070 neqUeat
2501 2997 2806 3054 subsistere
2837 3014 2906 3054 ex
2939 3000 3060 3069 ipso
3113 3017 3336 3072 quoque
3358 3019 3482 3059 es-c
3521 3005 3685 3067 Filio,

419 3104 474 3151 ct
523 3096 628 3152 hoc
665 3098 826 3153 modo
859 3097 928 3153 ab
979 3111 1047 3152 eo
1096 3096 1389 3168 distingui.
1427 3096 1612 3167 Itaque
1667 3111 1777 3151 non
1812 3097 1992 3152 solum
2034 3099 2178 3153 idem
2219 3111 2345 3152 esse
2415 3095 2558 3149 inter
2610 3110 2692 3160 se,
2723 3099 3011 3152 secundum
3077 3109 3334 3154 naturam
3363 3103 3438 3172 tl)
3472 3104 3692 3174 signiti-

419 3201 548 3249 cant
609 3194 726 3249 haec
754 3194 1002 3260 nomina,
1049 3201 1106 3248 et
1144 3193 1292 3263 quod
1343 3192 1450 3248 hoc
1532 3193 1741 3263 aliquid
1795 3193 2032 3250 alterius
2065 3209 2186 3250 esse
2237 3193 2456 3248 dicatur
2531 3191 2779 3263 (propter
2827 3195 3078 3251 eamdem
3135 3201 3414 3271 naturam)
3460 3201 3514 3256 in
3571 3219 3684 3272 qua

419 3289 538 3352 ipse
589 3287 834 3344 niteris:
911 3302 1104 3343 verum
1186 3287 1355 3343 etiam
1403 3286 2233 3361 distinctionempersonarum
2289 3283 2756 3356 declarant,‘hae
2829 3301 3014 3344 autem
3083 3293 3300 3348 ratione
3393 3309 3688 3365 CORCUSSJ,

418 3393 620 3440 caetera
665 3398 890 3455 quoque
939 3383 1148 3451 omnia,
1181 3399 1305 3454 quae
1334 3393 1647 3453 sequuntur
1679 3385 1842 3442 facile
1891 3399 1999 3443 una
2039 3393 2332 3443 corruunt.

852 3495 962 3556 Τοῦ
1011 3497 1245 3556 Βέκκου
1282 3502 1372 3567 εἰς
1399 3499 1513 3568 τὴν
1549 3495 1618 3556 δ’.

493 3623 714 3694 Ἐπειδὴ
743 3603 998 3694 τινεςμὴ
1056 3622 1486 3698 καταδεχόμενοι
1543 3621 1643 3693 τὴν
1703 3622 1760 3673 ἐν
1814 3621 2007 3692 Τριάδι

425 3719 706 3790 μεσιτείαν
734 3717 826 3772 τοῦ
863 3716 995 3770 Υίοῦ
1029 3716 1310 3787 προδήλως
1350 3716 1503 3786 παρὰ
1533 3714 1644 3767 τῶν
1685 3713 1858 3780 ἁγίων
1891 3712 2010 3766 θεο-

421 3811 766 3880 λογουμένην
800 3807 1176 3879 ἀπαρνοῦνται
1201 3808 1295 3860 καὶ
1324 3807 1386 3860 τὸ
1414 3807 1552 3871 ὅλως
1598 3805 1785 3874 λέγειν
1835 3805 2009 3874 ὄνομα

422 3902 629 3967 τάξεως
655 3903 715 3954 ὲν
753 3903 818 3972 τῇ
850 3899 1065 3970 Τριάδι,
1093 3899 1461 3970 συνελέγησαν
1496 3898 1554 3951 αἱ
1579 3895 1856 3968 παροῦσαι
1873 3914 2010 3967 γρα-

427 3996 594 4062 φικαὶ
651 3995 842 4064 ῥήσεις
907 3992 986 4054 είς
1057 3990 1292 4062 δήλωσιν
1316 4007 1378 4043 τε
1413 3989 1508 4043 τοῦ
1545 3989 1604 4042 τὸ
1652 3989 1879 4058 Πνεῦμα
1919 3987 2008 4042 διὰ

425 4085 524 4139 τοῦ
557 4085 690 4138 Υίοῦ
755 4083 1126 4137 συνάπτεσθαι
1164 4083 1242 4154 τῷ
1305 4081 1501 4152 Πατρὶ,
1553 4079 1649 4134 καὶ
1691 4081 1772 4142 είς
1831 4081 2010 4150 παρά-

426 4191 621 4228 στασιν
703 4173 798 4228 τοῦ
881 4172 1141 4243 ὶέγεσθαι
1223 4171 1499 4244 aptamur;
1598 4165 1752 4234 τάξιν
1824 4170 1882 4220 ὲν
1940 4173 2006 4240 τῇ

423 4266 636 4338 Τριεδι.

1003 4379 1117 4435 Τοῦ
1168 4379 1442 4450 Παλαμᾶ.

500 4497 834 4568 Καταψεύδῃ
859 4495 970 4550 τῶν
1005 4494 1273 4559 εὐσεϐῶν,
1303 4494 1646 4566 ταλαίπωρε.
1681 4493 1873 4563 "lapsu
1903 4491 2010 4562 γὰρ

427 4593 580 4654 τάξιν
617 4591 710 4642 ἐπὶ
742 4589 844 4657 τῆς
874 4588 1037 4656 ἁγίας
1066 4587 1320 4655 Τριὰδος,
1351 4585 1490 4640 ἀλλὰ
1519 4585 1618 4655 τὴν
1653 4581 1874 4652 εὐσεϐῆ.
1897 4581 2012 4652 Τὴν

427 4683 486 4736 δὲ
508 4681 798 4748 δεικνῦσαν
827 4682 1014 4753 τρίτον
1041 4680 1098 4746 ἐξ
1134 4679 1381 4749 ἀνάγκης
1409 4678 1518 4730 ἀπὸ
1574 4677 1666 4729 τοῦ
1705 4676 1921 4745 Πατρδς
1951 4674 2011 4728 τὸ

430 4773 654 4842 Πνεῦμα
677 4773 736 4824 τὸ
771 4771 953 4840 ἆγιον,
981 4769 1056 4834 ὡς
1089 4767 1370 4831 δυσσεϐῶς
1405 4767 1658 4840 ἔχουσαν,
1690 4765 1759 4836 ἣν
1797 4767 1859 4818 σὺ
1893 4763 2011 4835 μετ’

2625 3494 2780 3560 Βρεεί
2811 3507 2866 3561 in
2897 3510 3194 3576 quartam.‘

2180 3616 2454 3684 Quoniam
2501 3627 2635 3674 sunt
2674 3619 2920 3688 quidam,
2955 3623 3050 3692 qui
3095 3637 3220 3677 cum
3261 3637 3371 3679 non
3421 3627 3696 3697 recipiant

2107 3707 2306 3763 Filium
2340 3725 2460 3763 esse
2487 3710 2730 3765 medium
2763 3711 2815 3764 in
2845 3709 3140 3778 Triuitate,
3172 3715 3320 3784 quod
3365 3717 3524 3786 plane
3548 3735 3576 3773 a
3603 3735 3696 3774 sa-

2109 3802 2218 3856 cris
2269 3803 2542 3872 theologis
2590 3803 2878 3869 asseritur,
2929 3816 3188 3862 recusant
3243 3811 3412 3864 etiam
3468 3813 3696 3866 omnino

2109 3895 2296 3950 dicere
2340 3911 2538 3950 nomen
2577 3897 2791 3952 ordinis
2837 3899 2892 3952 in
2939 3897 3232 3962 Trinitate,
3284 3902 3527 3958 collectae
3567 3915 3696 3958 sunt

2109 3995 2408 4055 praesentes
2437 3988 2722 4042 memoriae
2753 3987 2966 4044 tradita:
2998 3991 3314 4054 sententiae,
3357 3993 3410 4048 in
3447 3993 3695 4048 declara-

2115 4079 2319 4132 tionem
2347 4079 2533 4148 hujus,
2555 4079 2700 4148 quod
2722 4078 2963 4150 Spiritus
2993 4083 3364 4152 conjungatur
3380 4100 3502 4138 cum
3535 4087 3694 4140 Patre

2112 4185 2206 4239 per
2237 4169 2456 4234 Filium,
2501 4179 2664 4240 atque
2711 4173 2765 4226 in
2807 4173 3529 4246 demonstrationem,quod
3575 4194 3699 4247 pet-

2113 4263 2305 4332 spicue
2342 4263 2559 4317 dicatur
2583 4263 2720 4320 ordo
2747 4265 2800 4320 in
2837 4265 3130 4322 Trinitate.

2755 4376 3028 4433 Palamw.

2183 4491 2370 4560 Miser,
2401 4491 2654 4546 mentiris
2687 4492 2754 4548 tle
2797 4494 2903 4563 piis
2933 4493 3291 4562 hominibus;
3323 4499 3527 4556 scimus
3551 4502 3697 4556 enim

2114 4585 2366 4638 ordinem
2401 4585 2456 4639 in
2484 4585 2838 4639 sanctissima
2868 4583 3162 4652 Triuitate,
3197 4589 3293 4644 sed
3328 4592 3513 4659 pium;
3544 4593 3698 4646 illum

2114 4682 2321 4737 autem,
2352 4674 2446 4743 qui
2479 4687 2544 4727 ex
2576 4674 2910 4730 necessitate
2938 4677 3164 4730 tertium
3191 4680 3450 4734 ostendat
3486 4698 3515 4736 a
3539 4681 3702 4737 Patre

2117 4761 2386 4836 S'piritunt
2419 4775 2694 4832 sanctum,
2729 4783 2892 4837 quem
2939 4778 2994 4822 tu
3023 4782 3147 4823 cum
3174 4771 3446 4828 Eunomio
3493 4775 3704 4845 ample-

427 4865 700 4934 Εὑνομίου
743 4865 1017 4934 στέργεις,
1043 4863 1104 4915 οὐ
1135 4859 1574 4931 καταδεχόμεθα.
1601 4860 1711 4912 Καὶ
1747 4859 1856 4912 τῶν
1877 4875 2000 4927 γρα-

2117 4860 2305 4926 cteris,
2357 4869 2414 4914 ut
2452 4859 2621 4932 impie
2663 4877 2720 4916 se
2767 4863 3061 4917 habentem
3115 4864 3340 4919 minime
3383 4868 3704 4937 recipimus.

427 4956 604 5023 φικῶν
629 4956 949 5026 καταψεύδῃ
979 4955 1215 5025 ῥήσεων.
1241 4954 1318 5006 Οὐ
1349 4953 1458 5022 γὰρ
1520 4951 1612 5003 τὸν
1662 4949 1792 5002 Υίὸν
1827 4951 2010 5019 μόνον,

429 5048 546 5101 ἀλλ’
579 5047 694 5100 ἔσθ’
724 5049 812 5101 ὅτε
834 5047 929 5100 καὶ
959 5049 1052 5098 τὸν
1085 5047 1301 5114 Πατέρα
1321 5043 1415 5097 τοῦ
1445 5042 1576 5096 Υίοῦ
1607 5041 1813 5094 καὶτοῦ
1841 5041 2014 5098 Πνεῦ-

433 5156 602 5208 ματος
633 5139 829 5194 ἕνωσίν
867 5155 1058 5207 φασιν,
1116 5137 1303 5190 ἄλλοτε
1357 5137 1414 5189 δὲ
1453 5135 1549 5187 τοῦ
1597 5133 1728 5186 Υὶοῦ
1767 5135 1860 5185 καὶ
1921 5132 2013 5185 τοῦ

431 5232 645 5298 Harpe;
670 5233 733 5284 τὸ
759 5232 987 5300 Πνεῦμα
1026 5230 1192 5300 μέσον
1227 5230 1326 5282 καὶ
1359 5228 1534 5281 κοινὸν
1569 5228 1772 5288 αὐτοῖς.
1805 5227 1910 5278 Καὶ
1950 5227 2015 5296 ἣν

409 5323 698 5394 ·ἁριδὴλως
721 5323 977 5391 λέγεσθαι
1029 5322 1134 5393 φῂς
1165 5321 1338 5386 τάξιν,
1375 5322 1544 5387 σαφὲς
1573 5317 1647 5381 ὡς
1673 5318 1735 5369 οὐ
1770 5317 2012 5386 περὶτοῦ

430 5417 562 5470 Υίοῦ
588 5418 684 5470 καὶ
722 5417 819 5470 τοῦ
870 5417 1029 5483 ἁγίου
1069 5413 1388 5484 ιινεύματός
1439 5414 1598 5465 ἐστι’·
1625 5413 1916 5481 στέργεται
1959 5408 2014 5461 δὲ

430 5509 526 5562 καὶ
560 5511 592 5578 ἡ
629 5509 880 5578 μεσιτεία
909 5508 1004 5562 τοῦ
1029 5507 1182 5572 Υἱοῦ,
1219 5507 1332 5560 ἀλλ’
1378 5507 1440 5559 οὐ
1482 5506 1622 5558 κατὰ
1653 5507 1750 5574 τὴν
1782 5504 2018 5573 ὕπαρξιν

430 5603 526 5655 τοῦ
579 5603 896 5672 Πνεύματος
937 5605 1053 5664 τοῖς
1103 5603 1174 5654 τὰ
1211 5601 1329 5653 θεῖα
1399 5601 1667 5666 συνετοῖς,
1712 5598 1848 5652 ἀλλὰ
1877 5599 2018 5651 κατὰ

427 5697 528 5765 τὴν
561 5698 878 5766 ὁμολογίαν,
947 5696 1021 5768 μὴ
1058 5695 1339 5767 προσεχῶς
1398 5695 1456 5747 τὸ
1489 5695 1712 5762 Πνεῦμα
1749 5691 1808 5744 τὸ
1864 5691 2018 5760 ἅγιον

2115 4951 2366 5007 Mentiris
2403 4952 2570 5006 etiam
2599 4951 2668 5008 de
2702 4962 3026 5008 sanctorum
3071 4958 3312 5010 exaratis
3364 4960 3699 5025 sententiis;

2117 5061 2228 5098 non
2256 5045 2404 5099 enim
2446 5047 2621 5100 solum
2666 5045 2892 5110 Filium,
2945 5045 3043 5102 sed
3093 5063 3490 5120 nonnunquam
3535 5052 3704 5106 etiam

2117 5137 2334 5192 Patrem
2372 5136 2496 5192 Filii
2533 5148 2587 5192 et
2614 5137 2856 5208 Spiritus
2885 5139 3359 5208 conjunctioncm.
3406 5143 3702 5214 aliquando

2121 5245 2251 5284 vero
2288 5230 2408 5283 Fili
2433 5239 2489 5283 et
2531 5231 2706 5284 Patris
2744 5231 2986 5286 medium
3020 5247 3374 5289 communem
3409 5236 3546 5304 ipsis
3581 5235 3704 5306 Spi-

2125 5321 2288 5376 ritum
2335 5321 2634 5392 appellant,
2669 5323 2736 5378 Et
2777 5339 2942 5393 quem
2993 5327 3200 5381 asseris
3249 5327 3539 5381 manifeste
3596 5329 3700 5382 dici

2125 5413 2402 5476 ordinem,
2441 5414 2652 5467 clarum
2683 5425 2792 5480 est,
2827 5432 2934 5471 non
2966 5431 3091 5472 eum
3121 5417 3190 5472 de
3227 5419 3363 5472 Filio
3404 5429 3460 5471 et
3495 5418 3702 5488 Spiritu

2125 5520 2269 5560 esse.
2312 5505 2446 5558 illud
2490 5522 2712 5577 quoque
2747 5509 2986 5576 probant
3023 5525 3208 5563 rerum
3251 5511 3562 5564 divinarum
3605 5527 3706 5582 pe-

2127 5599 2241 5660 riti,
2287 5597 2528 5652 medium
2578 5615 2699 5654 esse
2745 5601 2969 5666 Filium,
3019 5617 3210 5654 verum
3257 5617 3364 5676 non
3398 5603 3705 5658 secundum

2126 5689 2501 5745 c'xsistentiatn
2537 5688 2798 5760 Spiritus,
2825 5691 2920 5747 sed
2953 5693 3258 5747 secundum
3298 5694 3706 5751 confessionem

502 5815 758 5886 (l)Addo
791 5817 894 5870 ista
925 5817 1260 5888 verba,qute
1293 5813 1494 5867 desunt
1528 5811 1582 5866 in
1613 5809 1804 5868 Grzeco
1827 5809 2154 5882 exemplari,
2187 5807 2602 5880 perspicuitatis
2636 5825 2824 5866 causa.

715 5909 985 5972 ΡΑτιιοι..
1041 5911 1160 5969 tiu.
1205 5906 1388 5966 CLXI
1405 5949 1418 5966 .

3147 5903 3188 5968 9
