4124 6416
456 401 560 469 261

1428 385 1806 446 ammon
1843 384 2466 446 INSCRIPTIONUM
2510 386 2752 450 vsccr.
3615 393 3728 460 ass
3793 373 3796 376 ’

464 508 778 584 προσώπων
825 503 978 570 τάξιν
1031 501 1245 572 φύσεως
1301 497 1402 568 μὲν
1449 499 1526 567 μὴ
1574 490 1750 549 εἶναι·
1793 497 1954 564 φύσει
1985 494 2039 592 δέ

2156 491 2271 563 ipse
2318 509 2703 566 quemcunque
2749 497 2998 554 ordinem
3031 515 3141 556 non
3184 500 3468 592 admittas,
3520 507 3612 576 qui
3645 508 3734 572 ip.

463 607 614 674 ὅμως
673 595 835 664 εἶναι,
887 598 997 662 πᾶς
1050 612 1139 658 τις
1184 593 1252 648 ἂν
1307 591 1714 663 συγχωρήσειε,
1765 593 1862 644 καὶ
1902 589 2044 642 uti

464 695 626 750 τοῦτο
663 690 810 746 εἶναι
852 691 950 744 καὶ
981 687 1248 758 φυσικὴν,
1277 685 1338 739 οὐ
1371 684 1508 739 καθὸ
1553 683 1718 752 φύσιν
1748 683 2044 752 διακρίνει,

463 791 600 846 ἀλλὰ
627 788 764 842 καθὸ
794 787 979 856 φύσει,
1008 785 1070 837 ού
1105 783 1254 838 θέσει
1305 783 1372 852 τῇ
1411 778 1823 882 ζήμετ-έρᾳξστιί.
1875 776 2046 882 ἸΪΔῨΊΞΟ

465 881 512 936 δ’
533 881 600 935 ἂν
644 883 804 951 φαῖεν
837 879 933 930 καὶ
965 878 1014 930 οἱ
1051 874 1340 945 κορυφαῖοι
1376 871 1478 942 τῆς
1531 870 1859 938 Ἐκκλησίας
1899 867 2048 922 διδα-

467 972 658 1027 σκαλοι
694 969 1040 1034 Ἀθανάσιος,
1063 967 1160 1020 καὶ
1189 965 1492 1030 Βασίλειος,
1521 963 1548 1016 ὁ
1574 962 1673 1032 μὲν
1695 961 1793 1031 τὴν
1825 961 2050 1032 μείζονα

465 1063 742 1137 παραδοὺς
760 1063 873 1115 τῶν
892 1059 1236 1133 προτάσεων,
1254 1056 1576 1119 Ἀθανάσιος
1605 1054 1650 1108 δ’
1677 1055 1902 1122 ἐπάγων
1948 1052 2050 1124 τὴν

463 1161 766 1214 ἐὶάσσονα·
829 1157 922 1210 καὶ
973 1151 1340 1223 συλλογισμὸν
1393 1149 1566 1220 ἄμφω
1613 1148 1912 1215 πλέξαντες
1952 1147 2050 1202 ἕνα

465 1252 628 1320 φύσει
659 1250 800 1319 πρὸς
823 1249 914 1302 τδν
938 1245 1070 1302 Υἱδν
1093 1245 1354 1316 τετάχθαι
1381 1244 1440 1296 τὸ
1465 1243 1694 1312 Πνεῦμα
1720 1241 2010 1296 δεικνύντα
2032 1256 2047 1273 ·

464 1343 598 1412 πρὸς
635 1341 736 1412 μὲν
759 1341 866 1412 γὰρ
893 1339 986 1394 τὸν
1017 1338 1244 1409 Πατέρα
1274 1337 1367 1390 τὸν
1399 1335 1524 1388 Υῑὸν
1566 1333 1730 1404 φύσει
1764 1334 2047 1405 τετάχθαι,

463 1435 560 1489 καὶ
579 1432 722 1488 οὕτω
749 1433 937 1502 φύσει,
961 1435 1038 1495 ὡς
1061 1431 1171 1485 πᾶν
1188 1429 1436 1484 αἰτιατὸν
1455 1427 1590 1498 πρὸς
1615 1427 1676 1480 τὺ
1695 1426 1830 1480 ἴδιον
1847 1426 2048 1492 αἴτιον,

462 1528 558 1580 καὶ
575 1525 650 1588 ὡς
680 1525 742 1579 τὸ
763 1527 827 1578 ὲκ
857 1523 952 1578 τοῦ
987 1523 1166 1592 πυρὸς
1197 1520 1335 1592 πρὸς
1364 1519 1423 1573 τὸ
1446 1518 1580 1589 πῦρ,
1599 1517 1842 1572 διδάσκει
1880 1518 2051 1571 Βασί·

462 1619 608 1681 item;
627 1633 642 1649 '
673 1605 815 1671 τὸδὲ
847 1614 1080 1686 Πνεῦμα
1109 1613 1374 1678 τοιαύτην
1403 1612 1570 1681 φύσιν
1594 1611 1692 1664 καὶ
1725 1608 1880 1675 τάξιν
1913 1610 2050 1681 πρὸς

461 1703 554 1762 τὶν
575 1709 706 1762 Υίὺν
735 1707 904 1778 ἔχειν,
947 1707 1014 1778 ἢν
1042 1707 1070 1760 ὁ
1103 1706 1232 1768 Υἱὸς
1267 1704 1407 1775 πρὸς
1431 1703 1524 1757 τὸν
1545 1703 1787 1774 Πατέρα,
1817 1705 1844 1756 ὁ
1871 1701 2048 1772 λέγων

461 1800 612 1852 ἐστὶν
654 1796 1003 1860 Ἀθανάσιος,
1027 1795 1096 1866 ἢν
1129 1793 1370 1864 φυσικὴν
1409 1787 1576 1846 οὖσαν
1607 1793 1668 1846 οὐ
1709 1791 1846 1847 καθὸ
1883 1793 2048 1861 φύσιν

459 1869 737 1960 διακρίνει
773 1889 1040 1962 (λεγέσθω
1087 1888 1196 1959 γὰρ
1251 1885 1410 1940 τοῦτο
1462 1884 1726 1947 πολλάκις
1767 1885 1835 1938 τὰ
1888 1899 2048 1936 συκο-

463 1983 815 2052 φαντούντων
845 1981 1227 2053 ἐμφράττουσι
1256 1977 1550 2049 στόματα),
1581 1977 1698 2033 ἀλλ’
1733 1978 1817 2032 ὅτι
1856 1975 2044 2046 φύσει,

461 2077 526 2129 οὐ
554 2075 704 2128 θέσει
729 2077 796 2144 τῇ
831 2075 1085 2146 ἡμετέρᾳ
1118 2075 1260 2138 ἐστὶ,
1303 2071 1602 2143 πράγμασι
1635 2087 1696 2125 τε
1756 2065 1918 2138 εἶναι,
1955 2069 2050 2123 καὶ

461 2169 525 2222 οῦ
559 2171 628 2239 τῇ
652 2169 870 2239 ἐπινοίᾳ
903 2170 970 2238 τῇ
1009 2167 1282 2238 ἡμετέρᾳ,
1337 2165 1449 2220 οὐδ’
1481 2161 1623 2218 εἶναι
1671 2161 2046 2228 ἐναλλάττειν,

457 2261 540 2324 ὼς
579 2261 740 2325 αὐτὸς
775 2261 900 2326 οἴει,
948 2260 1082 2312 ποτὲ
1120 2257 1218 2328 μὲν
1253 2255 1402 2310 οὕτω
1457 2255 1776 2320 τάττοντας,
1827 2255 1958 2307 ποτὲ
2000 2252 2048 2307 δ’

463 2351 695 2424 ἑτέρως,
721 2352 906 2416 οὐδεὶς
934 2352 993 2416 ὃς
1041 2352 1141 2420 οὐχ
1175 2349 1592 2420 ὁμολογήσειεν.
1627 2345 1840 2451 Οὲῦκοῦν
1864 2349 1912 2400 εί
1949 2346 2048 2451 μὲν

463 2449 726 2518 τοιαύτην
761 2445 1054 2518 ὁμολογεῖς
1085 2445 1182 2498 καὶ
1215 2443 1381 2518 anno;
1413 2443 1590 2510 τάξιν,
1621 2441 1727 2494 τῶν
1757 2441 2048 2512 γραφικῶν

467 2537 526 2591 οὐ
553 2536 1012 2608 καταψευδόμεθα
1051 2537 1292 2608 ῥήσεων,
1323 2533 1524 2588 οὔκουν
1559 2549 1624 2602 γε
1655 2533 1942 2600 δόξει’τοῖς
1983 2550 2048 2600 γε

470 2633 736 2684 συνιεῖσιν
767 2631 970 2685 αὐτῶν.
1008 2630 1174 2684 Ἀλλὰ
1201 2628 1382 2690 καλῶς
1415 2625 1796 2698 ὁσυνειληχὼς
1825 2627 1922 2689 τὰς
1947 2627 2048 2697 ῥήο

466 2741 580 2786 σεις
614 2723 868 2788 συνέλεξε
885 2738 900 2752 ·
933 2724 1028 2777 καὶ
1052 2722 1190 2792 πρὸς
1210 2723 1242 2791 ἡ
1253 2721 1372 2791 μῶν
1395 2721 1444 2773 οι
1467 2720 1640 2788 λόγοι.
1671 2720 1734 2773 El
1763 2719 1821 2771 δὲ
1844 2718 2050 2788 ταύτην

464 2818 627 2888 ἀρνῇ,
667 2817 928 2886 ἀληθεύει
981 2815 1158 2883 λέγων
1211 2815 1359 2885 ἡμᾶς
1417 2813 1592 2886 αὐτὴν
1649 2809 2046 2881 ἀρνουμένους.

457 2903 620 2974 οὗτος
649 2910 708 2964 δὲ
737 2911 797 2963 ού
829 2907 1110 2979 ψεύδεται,
1155 2906 1292 2960 ἀλλὰ
1325 2907 1420 2960 καὶ
1453 2905 1639 2976 βάλλει
1671 2903 1896 2973 καιρίαν
1931 2904 2050 2966 uti;

467 3005 916 3074 συνειλεγμένοις
950 3001 1134 3070 λόγοις
1161 2999 1272 3054 τῶν
1302 2997 1664 3053 διδασκάλων.
1701 2997 1851 3050 Πάνυ
1871 2995 1930 3049 δὲ
1954 2996 2052 3050 καὶ

465 3101 626 3154 τοῦτο
675 3098 851 3160 ποιεῖς
905 3093 1100 3164 ἀγενὲς
1142 3091 1231 3146 ἐπ’
1270 3092 1454 3156 ἄλλοις
1505 3090 1812 3161 εἰρημένας
1859 3089 2050 3162 ῥήσεις

2153 601 2275 640 sum
2312 587 2535 642 tertium
2584 604 2706 644 esse
2741 593 3058 647 necessario
3091 587 3373 650 ostendat.
3407 596 3602 669 Neque
3626 597 3734 655 Pa-

2153 688 2291 735 trem
2319 680 2578 736 Basilium
2603 682 2784 750 audis,
2816 685 2912 755 qui
2941 685 3047 741 hoc
3068 687 3228 744 docet
3257 689 3358 761 (ι).
3402 690 3546 762 Ergo
3580 694 3735 749 ordi-

2153 784 2278 824 nem
2311 771 2404 841 qui
2460 771 2678 828 divinas
2717 788 2980 844 personas
3031 789 3306 848 secernat,
3337 783 3512 839 sancti
3567 800 3738 856 agno-
3783 825 3790 830 -

2152 871 2311 917 scunt
2339 879 2353 918 :
2387 873 2441 919 at
2463 879 2589 921 eum
2621 869 2716 936 qui
2749 875 3006 925 naturam
3033 882 3254 942 separet
3299 874 3354 930 in
3383 879 3734 936 sanctissima

2155 953 2448 1024 Trinitate,
2499 959 2783 1030 rejieiunt;
2811 963 3062 1020 ordinem
3087 976 3299 1036 autem,
3341 971 3435 1041 qui
3467 987 3736 1043 personas

2153 1045 2452 1119 disiungat,
2485 1058 2696 1108 naturae
2723 1055 2948 1124 quidem
2985 1074 3096 1114 non
3122 1075 3268 1117 esse.
3311 1063 3382 1118 At
3417 1071 3598 1122 tamen
3637 1083 3738 1123 na-

2157 1127 2279 1191 tura
2309 1153 2452 1206 esse,
2487 1145 2871 1216 unusquisque
2918 1152 3272 1219 concederet,
3313 1164 3370 1211 et
3424 1160 3734 1215 secundum
3775 1209 3788 1224 ,

2154 1228 2260 1285 hoc
2288 1246 2410 1288 esse
2435 1249 2656 1306 quoque
2685 1240 3026 1311 naturalem;
3057 1259 3166 1300 non
3183 1256 3457 1316 quatenus
3476 1261 3734 1308 naturam

2151 1322 2442 1392 discernit,
2477 1329 2572 1384 sed
2599 1341 2876 1402 quatenus
2918 1343 3140 1404 natura,
3175 1353 3286 1395 non
3323 1339 3464 1398 thesi
3492 1353 3550 1400 et
3585 1347 3738 1416 posi-

2154 1412 2300 1469 tione
2333 1425 2519 1473 nostra
2549 1429 2658 1476 est.
2689 1419 2806 1478 Hoc
2837 1433 3022 1481 autem
3068 1430 3344 1500 coryphaei
3375 1412 3604 1505 quoque
3627 1437 3738 1492 Ec-

2154 1505 2335 1562 clesiae
2364 1509 2621 1568 doctores
2653 1515 2988 1573 Athanasius
3039 1527 3206 1591 atque
3229 1522 3468 1582 Basilius
3493 1542 3605 1584 non
3642 1545 3740 1584 ne-

2152 1610 2366 1668 garent,
2392 1617 2518 1658 cum
2551 1604 2597 1662 is
2617 1608 2838 1677 quidem
2867 1614 3132 1686 majorem
3161 1619 3605 1689 propositionem
3637 1641 3737 1680 no-

2153 1690 2236 1746 bis
2267 1693 2467 1762 tradat,
2503 1697 2838 1759 Athanasius
2873 1719 3059 1763 autem
3091 1709 3365 1789 minorem
3411 1714 3633 1787 inferat,
3681 1729 3738 1778 ct

2153 1783 2528 1856 syllogismum
2567 1807 2739 1848 unum
2776 1796 2939 1854 ambo
2987 1783 3347 1873 componant,
3395 1809 3490 1880 qui
3537 1783 3738 1872 natura

2151 1879 2420 1950 Spiritum
2449 1894 2701 1942 sanctum
2725 1887 2928 1948 habere
2949 1893 3198 1950 ordinem
3228 1883 3296 1952 ad
3324 1879 3521 1957 Filium
3550 1915 3738 1962 osten-

2150 1973 2286 2030 dat:
2315 1975 2586 2048 siquidem
2615 1981 2816 2038 Filium
2851 1985 3058 2044 habere
3107 1992 3360 2050 ordinem
3410 1997 3478 2053 ad
3517 1998 3735 2060 Patrem

2150 2079 2371 2140 natura,
2396 2083 2560 2145 atque
2583 2077 2660 2133 ita
2689 2089 2910 2150 natura,
2942 2093 3204 2155 tanquam
3249 2103 3418 2148 omne
3445 2105 3734 2153 causatum

2149 2161 2292 2218 solet
2325 2164 2530 2221 habere
2563 2169 2631 2224 ad
2653 2172 2937 2242 prapriam
2965 2190 3212 2246 causam,
3241 2187 3300 2236 et
3325 2183 3478 2240 velut
3504 2187 3557 2242 id
3587 2191 3735 2259 quod

2149 2269 2214 2310 ex
2251 2255 2378 2328 igne
2409 2263 2667 2328 provenit
2697 2265 2764 2319 ad
2793 2265 2998 2337 ignem,
3045 2270 3284 2330 Basilius
3317 2275 3501 2334 docet.
3557 2255 3738 2351 spiri-

2151 2354 2266 2402 tum
2306 2359 2490 2406 autem
2539 2355 2704 2410 talem
2745 2367 3002 2416 naturam
3030 2373 3093 2418 et
3135 2366 3382 2423 ordinem
3417 2371 3624 2430 habere
3667 2378 3734 2432 αι

2151 2438 2372 2506 Filium,
2409 2449 2628 2514 qualem
2657 2447 2828 2507 Filius
2859 2451 2926 2507 ad
2961 2453 3204 2525 Patrem,
3253 2460 3592 2522 Athanasius
3621 2482 3728 2535 est,

2151 2533 2246 2600 qui
2276 2534 2378 2590 hoc
2409 2539 2595 2605 tradit,
2628 2555 2792 2610 quem
2819 2545 3076 2603 ordinem
3105 2553 3414 2610 naturalem
3445 2572 3590 2625 esse,
3623 2533 3734 2618 non

2151 2635 2425 2695 quatenus
2448 2641 2700 2688 naturam
2723 2639 2969 2696 secernit
2991 2641 3270 2712 (dicamus
3289 2649 3439 2706 enim
3465 2651 3570 2708 hoc
3591 2667 3738 2726 sape

2151 2717 2609 2778 calumniantium
2643 2739 2740 2780 ora
2755 2721 3155 2804 obstruentes),
3185 2737 3283 2792 sed
3309 2749 3587 2810 quatenus
3635 2717 3738 2802 na-

2155 2817 2300 2876 tura,
2329 2825 2439 2866 non
2469 2813 2610 2870 thesi
2638 2828 2826 2874 nostra
2851 2833 3098 2890 constat,
3135 2837 3197 2882 et
3223 2844 3284 2886 re
3307 2831 3424 2902 ipsa
3459 2850 3606 2904 esse,
3636 2840 3740 2893 mi-

2153 2902 2415 2976 nimcque
2462 2896 2640 2964 animi
2691 2927 2884 2984 sensu,
2939 2925 2995 2972 et
3032 2920 3370 2992 cogitatione
3410 2931 3748 2988 consistere.‘

2152 2995 2345 3066 Neque
2367 2998 2536 3057 licere
2584 3003 2776 3073 alicui,
2810 3019 2875 3062 ut
2909 3009 3028 3079 ipse
3069 3014 3382 3086 arbitraris,
3439 3021 3606 3078 modo
3659 3026 3742 3081 sic

2155 3093 2478 3161 statuendo,
2521 3097 2688 3154 modo
2718 3114 2855 3156 vero
2871 3102 3037 3160 aliter
3063 3121 3191 3162 eum
3221 3110 3541 3182 immutare,
3577 3133 3743 3173 nemo

463 3188 767 3256 συλλέγων,
803 3185 897 3239 καὶ
923 3182 1014 3237 διὰ
1033 3181 1241 3236 τούτων
1270 3180 1448 3234 δοκῶν
1477 3177 1808 3250 ἀνατρέπειν
1829 3178 1929 3247 τὴν
1951 3179 2049 3248 τῆς

2156 3195 2266 3236 non
2291 3181 2578 3241 fateretur.
2605 3190 2665 3244 Si
2689 3191 2861 3259 igitur
2889 3193 3054 3251 talem
3085 3199 3336 3257 ordinent
3361 3212 3418 3259 et
3457 3177 3746 3265 lurconce-

465 3283 674 3350 τάξεως
725 3278 934 3350 χρυσῆν
968 3276 1064 3330 καὶ
1116 3273 1312 3330 ἄλυτον
1367 3273 1536 3334 ὅντως
1581 3270 1795 3341 σειράν.
1831 3269 1906 3323 Τὸ
1950 3270 2051 3339 μὲν

464 3382 574 3447 γὰρ
636 3372 862 3442 Πνεῦμα
921 3370 1086 3440 μέσον
1119 3367 1250 3420 Υίοῦ
1304 3367 1398 3420 καὶ
1447 3363 1661 3435 Πατρος
1689 3364 1930 3436 εῐρηται,
1972 3363 2050 3427 ὡς

466 3466 767 3539 ἁγεννήτου
785 3465 878 3518 καὶ
891 3461 1173 3532 γεννητοῦ,
1193 3458 1330 3512 αὐτὸ
1349 3459 1486 3530 μήτε
1507 3460 1764 3526 γεννητὸν
1783 3457 2054 3542 ὑπάρχον,

471 3549 611 3632 μήτε
671 3561 1003 3627 ἀγέννητον·
1035 3555 1064 3606 ὁ
1089 3555 1147 3607 δὲ
1204 3552 1396 3622 Πατὴρ
1439 3549 1568 3604 Υῐοῦ
1606 3551 1702 3604 καὶ
1735 3550 2054 3621 Ιινεύματος

465 3656 662 3717 ἓνωσις
696 3652 771 3711 ὡς
792 3649 954 3712 αὐτὸς
1002 3647 1080 3700 ὣν
1127 3647 1162 3718 ἠ
1220 3645 1374 3716 πηγὴ
1423 3645 1612 3708 αὐτοῖς
1644 3643 1741 3697 καὶ
1785 3643 1880 3697 τοῦ
1911 3639 2054 3697 εἶναι

466 3751 564 3803 καὶ
609 3747 702 3802 τοῦ
737 3744 1006 3812 ἡνῶσθαι.
1043 3741 1108 3795 Ἀ
1149 3740 1320 3810 μηδὲν
1369 3741 1501 3793 ὄντα
1554 3740 1692 3808 πρὸς
1744 3739 1807 3792 τὸ
1839 3738 2058 3809 προκεί-

469 3857 632 3912 μενον
665 3839 760 3908 οὑχ
808 3837 1010 3906 ἥκιστα
1039 3831 1132 3885 τοῦ
1169 3835 1528 3902 προάγοντος,
1560 3831 1592 3900 ἢ
1635 3829 1758 3884 καθ’
1785 3823 1862 3885 ὧν
1881 3831 2056 3901 προά-

464 3951 656 4005 γονται
683 3933 907 4000 ἔλεγχον
930 3928 1063 3997 ἔχει,
1089 3927 1184 3980 καὶ
1219 3925 1461 3994 ἀμαθίας
1493 3923 1793 3988 ἀπόδειξιν.

2161 3273 2268 3341 dis,
2309 3293 2420 3334 non
2459 3283 2761 3340 mentimur
2795 3286 2864 3342 de
2893 3293 3208 3362 sententiis,
3251 3311 3394 3366 quas
3424 3299 3476 3354 in
3515 3303 3743 3373 scriptis

2161 3370 2506 3440 reliquerunt
2534 3377 2732 3444 sancti,
2757 3380 2984 3436 minime
3029 3375 3160 3440 vero
3201 3389 3304 3445 hoc
3335 3392 3403 3445 iis
3435 3370 3740 3464 videbitur,

2162 3463 2257 3530 qui
2285 3477 2385 3518 eas
2435 3464 2774 3554 intelligunt.
2807 3471 2915 3528 Sed
2962 3476 3057 3544 qui
3108 3480 3353 3552 collegit,
3407 3500 3506 3542 cas
3537 3463 3748 3558 optimo

2161 3556 2444 3628 intelligit.
2494 3567 2552 3616 et
2591 3577 2692 3632 pro
2719 3551 2904 3623 nobis
2933 3579 3064 3626 sunt
3097 3551 3347 3632 rationes
3385 3595 3400 3632 :
3431 3579 3516 3634 sin
3557 3551 3744 3636 autem

2165 3648 2331 3705 istum
2364 3654 2614 3710 ordinem
2641 3672 2830 3730 negas,
2859 3677 2992 3718 vera
3026 3665 3164 3722 dicis
3199 3683 3304 3725 nos
3331 3686 3462 3727 eum
3487 3674 3744 3731 ordinem

2165 3757 2448 3814 respuere,
2483 3749 2530 3803 is
2557 3759 2745 3808 autem
2768 3769 2879 3810 non
2919 3758 3212 3827 mentitur,
3251 3763 3387 3833 quin
3421 3765 3591 3822 etiam
3631 3771 3748 3824 col-

2165 3837 2323 3893 lectis
2361 3839 2652 3898 doctorum
2691 3847 3024 3916 rationibus,
3057 3851 3263 3909 letbale
3287 3857 3490 3914 vulnus
3519 3859 3741 3932 inﬂigit.

2167 3927 2338 3984 Valde
2359 3931 2526 3986 etiam
2561 3935 2614 3988 in
2659 3935 2765 3992 hoc
2802 3937 3058 4007 ignavum
3094 3951 3148 3998 te
3183 3946 3416 4013 praebes,
3449 3963 3574 4004 cum
3619 3927 3748 4008 scn-

465 4029 668 4086 tentias
707 4027 936 4098 colligas
970 4027 1022 4080 in
1069 4025 1236 4078 alium
1276 4035 1501 4076 sensum
1534 4019 1733 4074 dictas.
1776 4017 1956 4088 Atque
1997 4020 2151 4076 hisce
2193 4031 2355 4092 putas
2405 4035 2456 4079 te
2511 4041 2734 4082 auream
2783 4030 2955 4099 illam,
2999 4050 3241 4108 vereque
3301 4040 3742 4101 indissolubilem

463 4136 714 4180 catenam
759 4131 1026 4176 evertere.
1051 4133 1231 4194 posse.
1281 4116 1498 4170 Etenim
1544 4111 1783 4182 Spiritus
1832 4113 2051 4168 medius
2090 4114 2236 4170 inter
2274 4117 2495 4172 Patrem
2568 4133 2623 4175 et
2661 4121 2860 4180 Filium
2901 4127 3088 4185 dictus
3155 4143 3243 4188 est
3281 4149 3426 4212 esse,
3465 4137 3618 4192 velut
3662 4141 3746 4194 in-

469 4231 551 4275 ter
601 4221 906 4288 ingenitum
963 4231 1019 4270 et
1061 4215 1332 4286 genitum,
1389 4211 1508 4282 ipse
1575 4223 1756 4279 neque
1802 4211 2048 4280 genitus,
2121 4229 2304 4284 neque
2361 4218 2640 4288 ingenitus
2691 4223 2988 4290 exsistens,
3022 4227 3184 4284 Pater
3216 4245 3434 4302 quoque
3482 4232 3624 4288 inter
3661 4237 3746 4292 Fi-

463 4315 602 4370 lium
643 4324 698 4368 et
753 4313 1021 4382 Spiritum
1069 4305 1394 4379 coniunctio
1441 4304 1627 4358 dictus
1685 4312 1792 4359 est.
1876 4304 2086 4375 Nempe
2123 4309 2253 4377 quia
2305 4310 2424 4380 ipse
2477 4323 2562 4368 cst
2597 4315 2722 4370 fons
2759 4317 2850 4386 iis,
2889 4327 2946 4375 et
3016 4331 3078 4376 ut
3116 4323 3252 4389 sint,
3298 4333 3355 4380 et
3399 4337 3460 4381 ut
3507 4329 3653 4384 inter
3684 4347 3743 4385 sc

463 4411 900 4481 conjungantur.
938 4405 1068 4472 Qua:
1095 4419 1219 4459 cum
1251 4401 1387 4456 nihil
1424 4401 1488 4456 ad
1524 4415 1639 4455 rem
1676 4399 1904 4468 faciant,
1953 4403 2308 4473 potissimum
2385 4425 2540 4474 cum,
2605 4414 2698 4483 qui
2759 4431 2822 4471 ea
2865 4417 3144 4487 producit,
3175 4437 3338 4492 quam
3376 4425 3580 4493 quibus
3646 4427 3741 4482 ob-

465 4507 766 4578 jiciuntur,
797 4501 1094 4573 imperitia:
1118 4510 1451 4570 coarguunt.

900 4641 1008 4696 Τοῦ
1045 4640 1274 4696 Βέκκου
1305 4642 1392 4707 εἰς
1425 4640 1626 4708 τὴνδ’.

551 4759 768 4828 Ἐπειδή
818 4759 922 4810 εἰεί
957 4775 1101 4820 τινες
1137 4757 1211 4828 μὴ
1269 4757 1694 4828 καταδεχόμενοι
1740 4757 1920 4810 έκεῖνο
1953 4759 2052 4827 τὴν

466 4853 829 4922 εὐαγγελικὴν
864 4851 1124 4904 δύνασθαι
1160 4851 1338 4920 ῥῆσιν,
1381 4849 1482 4920 τὴν
1527 4850 1752 4920 Πνεῦμα
1785 4849 2049 4920 ἀληθείας

464 4951 526 5001 τι»
580 4948 738 5016 ἅγιον
789 4947 1058 5013 λέγουσαν
1117 4943 1383 5012 Πνεῦμα·
1445 4943 1583 5012 ὅπερ
1613 4943 2050 5012 δύναται-καὶὴ

433 5057 436 5062 ·
465 5043 628 5111 ῥῆσις
664 5041 696 5109 ή
725 5039 961 5107 λέγουσα
985 5039 1048 5089 ἐκ
1077 5035 1170 5089 τοῦ
1198 5035 1412 5107 Πατρὸς
1446 5035 1579 5089 αὐτὸ
1604 5035 2008 5106 ἐκπορεύεσθαι
2038 5053 2050 5066 ·

467 5138 548 5188 ἔτι
595 5135 653 5186 δὲ
700 5133 1096 5201 διενιστὰμενοι
1146 5131 1280 5201 μηδὲ
1331 5131 1412 5193 είς
1457 5130 1781 5200 ίσοδύναμον
1841 5129 2054 5184 ἔννοιαν

465 5225 726 5293 λέγεσθαι
775 5225 835 5277 τὸ
885 5226 948 5278 ὲκ
977 5225 1072 5278 τοῦ
1120 5225 1333 5295 Πατρδς
1381 5223 1809 5296 ἐκπορεύεσθαι,
1845 5228 1940 5277 καὶ
1987 5224 2053 5276 ἐκ

465 5318 560 5371 τοῦ
625 5317 758 5371 Υίοῦ
799 5317 1100 5387 λαμϐάνειν
1157 5317 1217 5370 τὸ
1261 5317 1484 5387 Πνεῦμα
1545 5317 1607 5370 τὸ
1659 5318 1851 5385 ᾶγιονο
1887 5333 2052 5370 κατε-

467 5410 794 5481 στρώθησαν
845 5411 901 5462 αἱ
959 5409 1233 5482 παροῦσαι
1265 5410 1536 5479 γραφικαὶ
1569 5411 1759 5480 ῥήσεις
1795 5409 1876 5472 εἰς
1909 5409 2052 5462 ἀπό-

465 5503 632 5567 δειξιν
665 5501 760 5555 τοῦ
808 5502 1132 5572 ἱσοδυνάμου
1189 5503 1301 5556 τῶν
1353 5502 1614 5557 τοιούτων
1669 5503 2052 5571 εὐαγγελικῶν

465 5597 703 5667 ῥήσεων.

533 5844 610 5914 (Ι)
643 5842 697 5898 In
729 5843 897 5915 epist.
927 5845 994 5901 ad
1032 5845 1354 5900 canonicos.

2688 4651 2838 4706 Βατί
2873 4655 2928 4708 in
2951 4657 3210 4725 quintam.

2228 4762 2493 4828 Quoniam
2537 4771 2792 4823 nonnulli
2860 4769 3070 4826 dictum
3137 4773 3268 4832 illud
3315 4779 3734 4846 evangelicum,

2157 4869 2268 4922 quo
2321 4855 2527 4911 dicitur
2576 4857 2818 4928 Spiritus
2872 4872 3097 4918 sanctus
3155 4865 3400 4936 Spiritus
3445 4870 3736 4934 veritatis,

2159 4956 2360 5016 negant
2411 4948 2464 5004 id
2494 4949 2602 5006 sibi
2633 4953 2796 5020 velle,
2821 4955 2968 5024 quod
2997 4957 3166 5012 etiam
3195 4959 3333 5026 vult,
3365 4969 3421 5016 et
3460 4961 3736 5033 significat

2158 5041 2392 5096 alterum
2446 5043 2675 5112 dictum,
2716 5063 2828 5117 quo
2862 5049 3072 5104 dicitur
3121 5067 3188 5106 ex
3224 5053 3383 5109 Patre
3415 5055 3758 5126 procedere“

2158 5131 2432 5186 Pratterea
2479 5135 2670 5202 etiam,
2722 5139 3007 5206 quoniam,
3069 5141 3417 5212 refragantur
3449 5145 3518 5201 iis
3559 5146 3654 5216 qui
3682 5147 3738 5201 in

2157 5237 2340 5293 parem
2399 5235 2566 5296 atque
2615 5230 2884 5298 aequalem
2912 5247 3138 5289 sensum
3168 5235 3278 5291 dici
3318 5253 3384 5291 ex
3413 5237 3577 5294 Patre
3609 5255 3741 5308 pro-

2156 5318 2356 5373 cedere
2379 5319 2646 5402 Spiritum
2673 5335 2948 5392 sanctum,
2979 5337 3036 5382 et
3061 5345 3130 5384 ex
3165 5329 3308 5388 Filio
3338 5332 3592 5402 accipere
3622 5333 3744 5402 opi-

2157 5420 2398 5476 nantur;
2433 5413 2769 5484 subiecimus
2797 5425 3100 5488 przesentcs
3157 5419 3486 5475 auctoritate
3515 5423 3739 5478 Patrum

2157 5509 2386 5558 testatas
2443 5508 2766 5575 sententias,
2856 5510 2910 5566 in
2982 5509 3515 5568 demonstrationem
3575 5515 3740 5587 hujus

2161 5595 2308 5662 quod
2375 5595 2521 5650 idem
2575 5600 2812 5663 valeant,
2861 5609 2916 5655 et
2971 5615 3127 5671 teque
3171 5603 3739 5674 pos:inthnjusmodi

2121 5747 2138 5764 .
2159 5689 2300 5742 dicta
2323 5691 2654 5761 evangelica.
