4124 6444
399 383 507 490 ραι
1391 397 1892 483 Βεδδιιιιιοῖιιδ
1924 419 1982 481 s.
2010 422 2083 482 ιι.
2110 422 2171 482 Ε.
2206 422 2670 483 mammis
3551 426 3661 489 est

1053 528 1323 592 Pulamw.
2014 541 2056 598 Α
2667 540 2681 590 3

2014 541 2056 598 Α
2667 537 2778 592 Τοῦ
2806 536 3079 608 ﬂamma.

468 651 514 707 Ο
543 653 922 723 stupiditateni
953 653 1229 709 hominis!
1263 653 1403 710 Cum
1428 655 1574 710 enim
1608 654 1754 710 idem
1790 655 1973 709 valent

2153 647 2265 719 Τῆς
2307 643 2703 719 ἀναισθησίαςί
2756 647 3174 718 ίσοδυναμοῦσαι
3220 648 3330 720 γάρ
3367 649 3421 704 at
3464 651 3659 721 ῥήσεις

400 744 485 797 hac
553 744 844 817 sententiae
891 745 1384 814 coniunctionem,
1451 746 1556 801 hoc
1605 755 1693 801 est
1745 747 1968 813 dicere,

2078 742 2407 812 οἶκειότητα,
2439 744 2642 796 ταυτὶν
2662 742 2707 796 δ’
2746 745 2923 796 εἰπεῖν
2949 743 3350 814 ὀμοουσιότητα
3370 744 3466 797 τοῦ
3503 745 3652 799 θείου

399 826 1034 891 consubstantialitatem
1101 837 1342 907 Spiritus
1408 840 1584 893 sancti
1636 838 1973 907 signiﬁcant.

2082 835 2402 905 Πνεῦματος
2450 836 2780 907 παριστῶσι.
2811 835 3144 905 Διαφέρουσι
3186 835 3241 888 δὲ
3269 835 3345 898 ὡς
3388 836 3464 908 μὴ
3519 837 3653 908 παρ’

396 926 473 980 Ita
516 936 698 982 tamen
734 927 1023 992 diﬂ‘erunt,
1071 939 1130 984 ut
1164 929 1433 986 exsistere
1462 932 1728 1002 Spiritum
1761 946 1830 986 ex
1855 947 1975 985 am-

2081 929 2407 1000 άμφοτέρων
2467 932 2679 1001 Πατρός
2707 946 2765 983 τε
2819 930 2927 993 καὶ,
2972 930 3100 982 Υἱοῦ
3131 928 3232 999 τὴν
3288 927 3525 999 ὓπαρξιν
3553 928 3648 982 τοῦ

396 1019 573 1074 bobus
621 1018 780 1074 Patre
835 1017 1084 1091 Filioque
1150 1022 1378 1078 minime
1429 1023 1773 1088 ostendatur,
1806 1022 1975 1092 idque

2085 1020 2405 1090 Πνεύματος
2430 1021 2763 1075 δείκνυσθαι.
2787 1023 2898 1078 Καὶ
2926 1021 3084 1076 τοίτο
3111 1008 3411 1091 κατάδηλον
3439 1020 3532 1074 ἀπ’
3557 1022 3657 1074 αὖ·

396 1120 545 1180 patet
581 1128 648 1167 ex
683 1112 770 1167 his
803 1113 942 1183 ipsis
972 1115 1253 1170 memoria:
1299 1116 1612 1185 propagatis
1657 1114 1972 1172 sententiis.

2077 1111 2190 1165 τῶν
2216 1112 2327 1165 τῶν
2359 1114 2648 1183 γραφικῶν
2677 1113 2892 1185 ῥήσεων
2922 1117 3096 1167 ἐστιν.
3134 1112 3197 1165 ’0
3230 1111 3285 1163 δὲ
3316 1110 3656 1181 συνειληχὼς

391 1204 493 1270 Qui
551 1213 737 1259 autem
770 1220 866 1260 eas
896 1206 1140 1277 collegit.
1204 1207 1260 1261 in
1317 1222 1510 1263 earum
1538 1206 1861 1263 discrimine
1888 1208 1977 1264 di-

2075 1205 2280 1269 ταύτας
2307 1205 2479 1270 οὕτως
2508 1206 2643 1275 πρὸς
2671 1207 2770 1277 τὴν
2809 1206 3062 1260 marco-’22
3111 1204 3221 1258 τῶν
3272 1202 3488 1273 ῥήσεων
3524 1209 3649 1259 τού-

392 1295 712 1366 gnoscendo
734 1295 910 1353 factus
940 1307 1025 1353 est
1047 1298 1216 1353 veluti
1244 1299 1472 1356 surdus.

1206 1299 1216 1353 i
1244 1299 1472 1356 surdus.
2074 1312 2183 1350 των
2212 1296 2403 1369 ὥσπερ
2431 1297 2834 1371 ἐκκεκώφηται.

915 1431 1189 1504 Sapientis
1227 1434 1448 1491 Νἱεωηῖ.
2529 1437 2543 1487 1

2529 1432 2641 1488 Τοῦ
2684 1432 2882 1504 σοφοῦ
2913 1432 3183 1500 Νικαίας.

463 1545 525 1600 ld
579 1546 805 1616 quidem
862 1560 1042 1616 neque
1108 1557 1465 1619 apparentem
1538 1548 1971 1606 confutationeui

2146 1545 2320 1601 Τοῦτο
2369 1546 2592 1617 ἔλεγχον
2625 1547 2725 1618 μὲν
2779 1546 2898 1600 οὐδὲ
2926 1543 3192 1599 δοκοῦντα
3227 1544 3366 1612 ἔχει,
3416 1538 3460 1610 ᾧ
3492 1553 3643 1613 μονῳ

393 1638 586 1704 habet,
617 1654 723 1707 qua
749 1639 867 1694 sola
902 1638 1080 1695 utitur
1131 1640 1187 1694 in
1227 1640 1371 1707 aliis,
1403 1655 1590 1695 veram
1622 1639 1972 1697 demonstra-

2072 1639 2273 1710 χρῆται
2306 1639 2399 1692 ἐπὶ
2439 1640 2547 1692 τῶν
2580 1639 2755 1693 ἄλλων
2793 1636 2885 1691 τοῦ
2918 1637 3072 1700 ὄντος
3103 1634 3135 1704 ἢ
3169 1631 3406 1702 ἀμελῶν,
3433 1634 3465 1705 ἢ
3499 1634 3640 1705 ἔχων

394 1729 599 1784 tionem
650 1729 737 1807 vel
777 1731 1085 1802 negligens,
1138 1731 1226 1787 vel
1263 1732 1383 1802 ejus
1410 1734 1635 1802 ignarus
1668 1734 1966 1797 exsisteus,

2071 1730 2336 1801 ἀπείρως,
2367 1729 2456 1800 ἐφ’
2484 1724 2560 1785 ὧν
2584 1748 2648 1800 γε
2675 1731 2769 1785 καὶ
2809 1728 2993 1798 εὑρεῖν
3028 1725 3326 1797 ἐνδέχεται.
3365 1726 3489 1780 Ἐπὶ
3518 1726 3640 1779 τού-

390 1820 449 1874 ἰη
503 1821 707 1891 quibus
768 1838 901 1880 sane
954 1823 1077 1879 Ποινί
1135 1832 1341 1895 potest,
1368 1833 1429 1880 ut
1461 1827 1836 1891 inveniat;in
1878 1827 1970 1883 his

2071 1840 2182 1876 των
2211 1826 2319 1893 γὰρ
2367 1824 2490 1878 οὐδὲ
2536 1824 2741 1893 σφόδρα
2777 1820 3103 1891 βουλόμενος
3131 1813 3295 1893 εὗρεν
3346 1818 3413 1874 ἂν
3459 1822 3552 1875 τόν
3579 1837 3642 1888 γε

388 1914 541 1969 enim
609 1916 825 1971 etiamsi
886 1916 971 1971 vel
1025 1921 1263 1973 maxime
1313 1917 1500 1985 vellet,
1554 1902 2016 1987 probationem.l

2013 1901 2043 1960 Β
2075 1914 2151 1986 μὴ
2192 1914 2343 1971 ὄντα.
2384 1917 2450 1970 Ἢ
2490 1917 2603 1987 γάρ
2631 1914 2859 1984 ἀλήθεια
2895 1914 2996 1967 οὐκ
3024 1913 3329 1983 ἐλέγχεται.
3355 1911 3641 1982 Λοιδορίαν

388 2022 512 2077 qua:
561 2023 671 2062 non
734 2018 842 2074 est,
902 2010 1128 2066 minime
1169 2011 1442 2066 inveniret
1475 2029 1489 2066 :
1525 2012 1797 2083 siquidem
1824 2013 1965 2069 veri-

2066 2006 2123 2058 δὲ
2151 2006 2308 2077 φέρει
2369 2009 2461 2061 καὶ
2499 2008 2659 2078 μόνον
2686 2006 2881 2077 ὥσπερ
2928 2006 3024 2059 καὶ
3052 2005 3124 2059 τά
3169 2005 3328 2071 ἄλλα,
3358 2007 3459 2059 καὶ
3490 2004 3646 2059 θέσιν

390 2110 474 2154 tas
527 2115 636 2154 non
692 2100 1063 2156 convincitur.
1163 2101 1567 2159 Contumeliam
1612 2098 1962 2161 solummodo

2065 2095 2122 2148 δέ
2150 2114 2273 2150 τινα
2294 2096 2526 2164 τίθεται,
2555 2096 2832 2168 μηδεμίαν
2852 2095 3103 2166 ἀνάγκην
3126 2096 3370 2165 ἐπάγων.
3396 2097 3509 2166 Τὴν
3530 2096 3642 2167 γὰρ

388 2190 568 2256 aﬂert,
604 2192 1068 2262 quemadmodum
1098 2202 1157 2250 et
1186 2195 1419 2266 reliqua,
1444 2207 1501 2253 et
1525 2197 1727 2255 thesim
1762 2214 1961 2270 quam-

2066 2185 2291 2271 Πνεῦμα
2331 2185 2590 2256 ἀληθείας
2644 2185 2910 2255 λέγουσαν
2964 2185 3024 2236 τὸ
3078 2184 3303 2258 Πνεῦμα
3352 2186 3415 2241 τὸ
3459 2187 3637 2255 ἅγιον,

388 2282 513 2336 dam
554 2283 733 2352 ponit,
781 2285 989 2339 nullam
1036 2284 1280 2341 inferens
1306 2289 1714 2346 necessitatem.
1745 2291 1961 2347 Etenim

2067 2275 2492 2347 ίσοδυναμοῦσαν
2526 2280 2593 2349 τῇ
2630 2278 2693 2331 ἐκ
2732 2277 2945 2348 Πατρὸς
2978 2279 3111 2332 αὐτὸ
3137 2279 3533 2350 ἐκπορεύεσθαι
3556 2297 3639 2332 τι-

384 2377 719 2431 sententiam
767 2376 939 2442 illam,
988 2376 1428 2450 quae’Spiritum
1481 2390 1735 2438 sanctum
1786 2383 1962 2454 Spiri-

2063 2368 2288 2442 θεμὲνῃ,
2316 2370 2350 2441 ἢ
2382 2368 2688 2440 λαμϐάνειν
2730 2370 2795 2424 ἐκ
2843 2371 2939 2425 τοῦ
2981 2371 3135 2436 Υίοῦ,
3162 2372 3266 2442 τὴν
3316 2372 3633 2442 οἰκειότητά

386 2477 501 2522 tum
560 2469 814 2525 veritatis
860 2470 1122 2540 appellat,
1186 2483 1354 2543 atque
1394 2473 1541 2528 idem
1602 2476 1768 2540 valet,
1804 2477 1958 2547 quod

2062 2474 2199 2529 φησι
2224 2458 2318 2512 καὶ
2357 2459 2754 2529 ὁμςουσιότητα
2804 2458 3003 2530 δηλοῦν
3048 2459 3147 2514 τοῦ
3195 2461 3542 2531 Πνεύματος,
3573 2463 3635 2515 οὐ

382 2558 557 2613 altera
623 2574 746 2629 quae
807 2561 965 2630 ponit
990 2559 1169 2630 ipsum
1208 2577 1271 2616 ex
1311 2563 1470 2617 Patre
1513 2545 1842 2632 procedere,
1869 2566 1957 2620 vel

2063 2547 2248 2617 μέντοι
2277 2547 2379 2616 τὴν
2427 2545 2595 2601 αὐτοῦ
2638 2548 2973 2618 ἑκπόρευσιν
3021 2548 3087 2602 ἐκ
3118 2549 3327 2618 Πατρὸς
3350 2550 3450 2603 καὶ
3481 2547 3633 2604 Υίοῦ.

381 2664 450 2703 ex
511 2648 651 2704 Filio
710 2650 984 2722 accipere,
1039 2652 1486 2727 coniunctionem
1512 2653 1714 2724 inquit.
1751 2666 1959 2711 etcon-

2059 2637 2216 2692 Κατὰ
2245 2636 2402 2691 τοῦτο
2447 2638 2556 2710 γάρ
2603 2639 2906 2710 διαφέρειν.
2939 2641 3013 2693 Τὸ
3063 2642 3109 2696 δ’
3139 2642 3380 2705 ὅπωςοὺ
3423 2642 3635 2696 δείκνυ-

380 2741 904 2798 suhstantialitatem
962 2742 1206 2813 Spiritus
1236 2745 1413 2800 sancti
1439 2761 1454 2814 ;
1483 2760 1595 2800 non
1630 2754 1811 2801 tamen
1834 2747 1958 2817 ejus

2061 2746 2168 2794 σιν,
2194 2728 2333 2783 ἀλλὰ
2367 2729 2707 2809 μαρτύρεται
2743 2731 2840 2799 μὲν
2868 2730 2968 2795 τὰς
2995 2733 3208 2802 ῥήσεις,
3232 2735 3287 2787 ai
3310 2732 3355 2787 δ’
3377 2735 3455 2797 είς
3483 2735 3636 2789 τούν-

379 2849 448 2887 ex
503 2833 663 2889 Patre
710 2834 963 2905 Filioque
1016 2850 1339 2905 processum
1376 2836 1715 2907 signiﬁcare.
1746 2837 1958 2892 Secun-

2059 2820 2243 2874 αντίον
2277 2814 2353 2874 ὦν
2392 2820 2556 2887 αὐτὸς
2587 2820 2842 2889 βούλεται
2872 2824 3192 2894 περιφανῶς
3222 2823 3482 2893 φέρουσιν
3504 2841 3517 2857 ·
3547 2827 3632 2880 ὅτι

380 2926 512 2978 dum
566 2924 673 2979 hoc
741 2925 913 2990 enim,
957 2925 1158 2995 inquit,
1214 2925 1460 2981 diﬂ‘erre.
1493 2925 1740 2992 Quonam
1770 2937 1954 2982 autem

2060 2912 2160 2982 μὲν
2192 2911 2299 2982 γάρ
2353 2914 2662 2982 οἰκειότητά
2694 2932 2817 2969 τινα
2877 2919 2971 2969 καὶ
3017 2917 3414 2987 ὀμοουσιότητα
3466 2936 3634 2985 παρι-

379 3023 546 3085 pacto
608 3014 895 3089 differant,
947 3030 1057 3070 non
1077 3016 1437 3086 probat;sed
1475 3025 1710 3073 testatur
1730 3018 1955 3089 quidem

2059 3004 2370 3071 στάνουσαι,
2399 3007 3119 3079 ίσοδυναμοῦσινὰλλήλαις,
3148 3009 3296 3064 τοῦτ’
3322 3013 3474 3066 ἐστὶν
3499 3012 3633 3083 άλη-

379 3107 704 3172 sententias,
777 3108 862 3163 liae
924 3123 1058 3163 vero
1115 3109 1173 3163 in
1208 3110 1538 3164 contrariam
1570 3120 1806 3180 partem,
1870 3121 1958 3167 at-

2060 3096 2157 3163 θές
2177 3114 2192 3129 ·
2222 3099 2305 3152 ὅτι
2338 3098 2394 3152 δὲ
2426 3097 2525 3170 τὴν
2550 3100 2614 3153 ὲκ
2650 3101 2867 3171 Πατρδς
2897 3102 2996 3158 καὶ
3021 3101 3152 3156 Υἱοῦ
3183 3104 3514 3172 ὲκπὸρευσιν
3540 3106 3632 3159 τοῦ

377 3213 488 3267 que
546 3198 663 3268 ipse
719 3199 837 3254 vult
897 3199 1056 3267 plane
1115 3199 1416 3269 pertinent.
1450 3199 1605 3268 Quod
1635 3203 1784 3257 enim
1818 3218 2005 3302 σου-ί

2003 3245 2023 3265 η
2059 3189 2216 3259 ἁγίου
2237 3191 2558 3262 Πνεύματος
2585 3192 2645 3246 ού
2670 3192 2946 3262 δηλοῦσιν,
2993 3196 3156 3249 τοῦτο
3186 3196 3232 3248 δ’
3269 3196 3378 3249 ἀπὸ
3430 3199 3631 3252 σαυτοῦ

2003 3278 2025 3302 Α
2064 3281 2494 3302 __-__lﬂs_,_-!A
2527 3281 2737 3302 1,\_,h1_,
2909 3285 2923 3302 I
3173 3286 3231 3302 ι.
3277 3287 3290 3302 ι
3392 3288 3403 3302 ι
3540 3287 3563 3300 ο

371 3289 721 3358 iunctionem
778 3291 1095 3358 quamdam,
1125 3299 1182 3344 ct
1219 3293 1843 3350 consubstantialitatem
1876 3295 1954 3350 si-
1982 3281 1999 3302 “

2004 3281 2024 3302 ⁴
2059 3281 2358 3353 προστίθης
2381 3284 2496 3345 τοίς
2520 3281 2744 3353 ἀληθέσι
2781 3285 3117 3355 μαχόμενος.
3158 3286 3302 3341 Λύτὺ
3342 3288 3452 3359 γὰρ
3473 3287 3632 3342 τοῦτο

376 3378 725 3449 gnificantes,
782 3380 929 3434 idem
966 3378 1112 3433 inter
1137 3394 1196 3434 se
1224 3379 1471 3447 valeant,
1514 3380 1570 3436 id
1626 3397 1819 3437 verum
1848 3392 1951 3439 est.

2056 3373 2116 3426 τὸ
2145 3372 2432 3443 ὀμοούσιον
2478 3373 2650 3428 αἴτιον
2709 3374 2806 3429 τοῦ
2834 3377 2895 3429 τὸ
2943 3377 3165 3447 Πνεῦμα
3192 3380 3252 3445 ἐξ
3308 3380 3464 3445 Υίυῦ,
3497 3383 3528 3454 ἢ
3561 3383 3631 3435 δι’

377 3470 537 3537 Quod
595 3478 781 3525 autem
830 3486 898 3526 ex
965 3469 1128 3525 Patre
1184 3469 1437 3541 Filioque
1485 3471 1726 3542 Spiritus
1779 3475 1953 3531 sancti

2057 3462 2188 3516 Υίοῦ
2216 3465 2485 3536 προϊέναι.
2513 3466 2618 3519 Καὶ
2645 3466 2797 3536 δηλοῖ
2827 3467 3095 3538 Κύριλλος
3127 3472 3155 3523 ὁ
3182 3471 3476 3543 μακάριος,
3500 3472 3631 3527 ἴδιον

375 3561 786 3632 processionem
850 3575 961 3616 non
1004 3560 1252 3616 indicent
1279 3600 1295 3627 ,
1356 3561 1463 3616 hoc
1499 3578 1634 3618 sane
1684 3580 1714 3618 a
1748 3573 1800 3618 te
1834 3566 1955 3634 ipso

2055 3555 2232 3622 λέγων
2289 3555 2505 3626 Πατρδς
2537 3558 2628 3610 καὶ
2659 3557 2791 3610 Υἰοῦ
2821 3559 2882 3612 τὸ
2914 3559 3137 3630 Πνεῦμα
3167 3561 3228 3616 τὸ
3254 3562 3432 3631 ἅγιον,
3463 3564 3536 3627 di;
3570 3564 3630 3620 ὃν

375 3652 773 3718 addis,-verum
804 3667 1149 3722 Oppugnans.
1196 3652 1323 3707 Haec
1379 3652 1529 3708 enim
1569 3654 1685 3724 ipsa
1714 3657 1953 3712 consub-

2054 3645 2117 3697 ὲκ
2144 3645 2361 3714 Πατρδς
2392 3647 2463 3698 δι’
2497 3645 2629 3701 Υίοῦ
2664 3647 2750 3701 διὰ
2804 3649 2904 3720 τὴν
2934 3651 3242 3720 ταυτότητα
3287 3657 3386 3726 τῆς
3415 3655 3627 3725 οὐσίας,

374 3743 708 3799 Stantialitas
766 3758 929 3798 causa
990 3752 1076 3798 est
1132 3759 1234 3799 cur
1287 3744 1529 3814 Spiritus
1604 3757 1832 3803 sanctus
1883 3764 1948 3803 ex

2053 3734 2163 3789 εἴτε
2192 3736 2404 3806 [la-cpe;
2432 3738 2632 3810 δηλαδὴ
2665 3743 2760 3793 καὶ
2791 3741 2943 3804 Υὶοῦ,
2973 3744 3089 3796 εἴτε
3113 3743 3206 3798 καὶ
3236 3747 3455 3801 τούτων
3491 3750 3626 3819 πρὸς

372 3834 537 3897 Filio,
590 3834 676 3889 vel
740 3849 837 3903 per
870 3834 1070 3889 Filium
1109 3834 1395 3902 procedat.
1431 3837 1606 3907 Atque
1632 3838 1737 3893 hoc
1766 3840 1952 3897 decla-

2051 3827 2113 3879 τὸ
2136 3826 2381 3896 Πνεῦμα.
2420 3827 2531 3880 Καὶ
2565 3827 2738 3892 οὕτως
2782 3828 2877 3883 οῦν
2909 3830 3182 3894 κάκείνως
3210 3833 3348 3903 πρὸς
3387 3834 3544 3905 ἡμῶν
3577 3837 3625 3889 οι

373 3934 459 3980 rat
500 3926 564 3980 Β.
598 3926 859 3997 Cyrinus,
891 3927 1181 3996 praprium
1241 3926 1529 3998 appellans
1556 3929 1735 3985 Patris
1770 3940 1826 3986 et
1860 3931 1949 3987 Fi-

2051 3919 2234 3986 λόγον
2272 3921 2306 3990 η
2339 3919 2446 3991 γὰρ
2498 3919 2637 3990 πρὸς
2670 3921 2891 3991 Πατέρα
2947 3925 3043 3978 καὶ
3083 3922 3212 3981 Υίὸν
3267 3927 3627 3997 ὁμοουσιότης

372 4022 431 4075 lii
491 4020 759 4090 Spiritum
817 4033 1105 4087 sanctum;
1164 4030 1355 4090 utpote
1408 4022 1503 4095 qui
1553 4038 1621 4078 es
1656 4023 1819 4079 Patre
1847 4040 1948 4096 per

2049 4011 2144 4065 τοῦ
2195 4012 2538 4083 Πνεύματος,
2597 4015 2692 4068 καὶ
2725 4015 2785 4069 τὸ
2812 4016 2945 4070 ἴδιον
2985 4017 3165 4071 αὐτῶν
3211 4017 3489 4087 λέγεσθαι,
3526 4025 3625 4075 οὐκ

371 4114 568 4169 Filium
606 4115 700 4176 sit,
737 4113 807 4168 ob
859 4112 1202 4169 identitatem
1270 4114 1620 4181 substantiae,
1658 4116 1746 4170 vel
1772 4116 1948 4172 Patris

2051 4104 2333 4160 ἀποκλείει
2381 4108 2441 4159 τὺ
2475 4107 2534 4173 ἐξ
2571 4108 2728 4175 Pici),
2776 4110 2809 4181 ἢ
2844 4111 2916 4164 δι’
2962 4111 3093 4166 Υἰοῦ
3125 4116 3188 4168 ὲκ
3232 4115 3450 4186 Πατρὸ;
3493 4119 3627 4173 αὐτὸ

371 4203 629 4258 \idelicct
684 4216 740 4258 et
792 4202 938 4270 Filii,
994 4204 1080 4259 vel
1112 4205 1281 4259 etiam
1310 4204 1510 4260 horum
1546 4206 1621 4261 ad
1656 4204 1945 4275 Spiritum.

2051 4191 2212 4263 εἶναι,
2244 4197 2327 4251 ὅτι
2359 4198 2437 4269 μὴ
2471 4200 2673 4268 μᾶλλον
2703 4206 2793 4254 καί
2819 4206 3063 4274 συνάγει.
3099 4207 3205 4260 Καὶ
3237 4209 3366 4276 γοῦν
3389 4208 3625 4280 ἀλλαχοῦ

370 4294 559 4364 Itaque
594 4295 712 4350 sive
745 4295 848 4350 hoc
883 4296 1066 4361 modo,
1127 4298 1244 4351 sive
1284 4295 1380 4352 illo
1409 4298 1633 4362 dixeris,
1658 4299 1947 4352 nobiscum

2050 4305 2217 4357 φησιν
2245 4290 2273 4344 ὁ
2296 4290 2459 4353 αὐτὸς
2494 4287 2631 4345 εἶναι
2685 4293 2780 4363 τοῦ
2810 4295 2947 4348 Θεοῦ
2988 4298 3082 4352 καὶ
3116 4298 3354 4369 Harpe-.3
3390 4303 3485 4354 καὶ
3514 4306 3624 4375 μὴν

366 4387 577 4442 faciunt
632 4391 892 4442 rationes.
943 4387 1161 4443 Etenim
1198 4389 1742 4446 consubstantialitas
1771 4390 1949 4460 Spiri-

2047 4380 2259 4435 καὶτοῦ
2288 4381 2442 4448 Υἱοῦ,
2479 4383 2538 4436 τὸ
2573 4384 2848 4449 οὐσιωδῶς
2895 4386 2953 4452 ἐξ
3000 4390 3204 4458 ἀμφοῖν
3238 4393 3269 4462 ἢ
3299 4392 3373 4458 ὡς
3405 4395 3468 4448 ἐκ
3509 4398 3623 4449 Πα-

368 4492 455 4534 tus
485 4481 657 4534 sancti
697 4480 764 4534 ad
806 4480 1020 4535 Patrem
1058 4495 1112 4536 et
1154 4480 1393 4550 Filium,
1422 4494 1481 4538 et
1512 4485 1659 4553 quod
1694 4484 1942 4554 ipsorum

2048 4471 2174 4540 τρὸς
2212 4470 2282 4524 δι’
2318 4471 2445 4524 Υίοῦ
2484 4474 2855 4544 προχεόμενον
2891 4476 3135 4548 Πνεῦμα.
3185 4480 3250 4533 Ei
3292 4482 3398 4551 γάρ
3432 4480 3621 4548 ἁπλῶς

369 4573 626 4641 proprius
688 4573 907 4626 dicatur
956 4572 1220 4643 Spiritus.
1280 4591 1391 4630 non
1459 4574 1706 4630 excludit
1751 4591 1879 4631 cum
1912 4580 1997 4635 al

1990 4581 2021 4635 ο
2053 4561 2213 4632 μόνον
2245 4564 2277 4633 ἡ
2308 4565 2664 4635 ὀμοουσιότης
2710 4567 2860 4621 αίτία
2903 4564 2972 4641 ἦν
3009 4572 3104 4625 τοῦ
3145 4572 3278 4627 ἴδιον
3333 4576 3428 4629 τοῦ
3489 4579 3618 4633 Υίοῦ

369 4664 529 4727 Filio,
599 4664 683 4737 \fel
735 4680 802 4718 ex
867 4664 1026 4719 Patre
1058 4680 1154 4737 per
1183 4665 1380 4720 Filium
1408 4681 1561 4733 esse;
1593 4668 1725 4737 quin
1756 4668 1942 4737 potius

2049 4655 2305 4724 λέγεσθαι
2345 4655 2405 4709 τὸ
2449 4656 2698 4728 Πνεῦμα,
2734 4661 2954 4729 ἐλέγετο
3010 4663 3078 4717 ἂν
3129 4666 3224 4719 καὶ
3272 4670 3299 4721 ὀ
3330 4668 3457 4733 Υἰὸς
3488 4673 3619 4734 ἴδιος

370 4753 539 4807 cilicii
587 4736 690 4808 hoc
744 4744 909 4822 atque
960 4736 1260 4809 concludit.
1291 4756 1358 4810 Et
1386 4736 1769 4825 quidemalihi
1792 4759 1941 4815 idem

2044 4746 2141 4801 τοῦ
2184 4746 2526 4817 Πνεύματος,
2575 4750 2863 4820 ὀμοούσιος
2906 4753 3172 4827 ὑπάρχων
3228 4760 3398 4829 αύτῷ.
3441 4763 3620 4831 Ὅπερ

368 4846 563 4900 ἀοι-ωι-
590 4846 811 4908 asserit,
846 4860 968 4901 esse
1020 4845 1289 4916 Spiritum
1325 4848 1420 4903 Dei
1460 4859 1517 4904 et
1551 4850 1748 4918 Putris,
1777 4861 1941 4922 atque

2046 4838 2221 4901 οὐδεὶς
2251 4838 2466 4893 οὐδέπω
2499 4839 2665 4909 φάναι
2725 4844 3082 4915 τετόλμηκεν.
3127 4849 3191 4901 Εἰ
3232 4849 3287 4902 δὲ
3321 4850 3408 4905 διὰ
3438 4854 3498 4906 τὸ
3524 4855 3613 4907 τὸν

366 4941 532 4995 etiam
575 4935 721 5000 Filii,
774 4936 870 5005 qui
911 4937 1287 4993 cascntiaiiter
1318 4954 1386 4995 ex
1417 4941 1710 5002 ambobus.
1748 4947 1835 4999 vel
1866 4947 1942 5001 ita

2046 4931 2173 4987 Υἱδν
2203 4933 2613 5006 ἀναφερόμενον
2645 4937 2780 5004 πρὸς
2811 4938 3031 5011 Πατέρα
3064 4940 3141 5012 μὴ
3171 4942 3434 4999 δύνασθαι
3458 4949 3616 5015 φαῖεν

366 5045 466 5101 per
491 5027 713 5093 Filium,
748 5039 1006 5098 tanquam
1031 5045 1097 5085 ex
1131 5029 1294 5086 Patre
1322 5033 1574 5100 proﬂuat.
1614 5034 1855 5101 Etenim,
1892 5038 1938 5093 si

2043 5026 2140 5079 τοῦ
2176 5025 2496 5095 Πνεῦματος
2544 5026 2826 5097 λέγεσθαι,
2870 5030 2947 5103 μὴ
2984 5033 3178 5105 Πατὴρ
3206 5034 3372 5090 αὐτοῦ
3402 5037 3526 5110 δόξῃ
3560 5039 3620 5092 τὸ

365 5122 693 5192 simpliciter
745 5121 1288 5177 consubstantialitas
1359 5135 1508 5179 esset
1569 5141 1771 5193 causa,
1839 5146 1941 5184 cur

2049 5120 2272 5191 Πνεῦμα
2325 5120 2386 5174 τὸ
2450 5121 2608 5189 ἅγιον
2654 5116 2818 5187 εἶναι,
2875 5127 3321 5195 μαρτυρήσουσιν
3381 5130 3514 5200 ἡμῖν
3557 5130 3619 5196 ἐξ

365 5214 608 5284 Spiritus
667 5225 888 5269 sanctus
942 5211 1225 5269 diceretur
1274 5218 1532 5285 proprius
1582 5217 1726 5283 ΕΜ,
1768 5219 1941 5277 Filius

2048 5214 2294 5283 ἀνάγκης
2322 5213 2415 5267 τὸν
2442 5214 2573 5268 Υῐὸν
2605 5215 2835 5267 πνέοντα
2873 5215 2906 5284 ἢ
2932 5217 3309 5286 προϐάλλοντα
3339 5215 3501 5290 εῖναι,
3527 5223 3619 5278 διὰ

365 5324 589 5379 quoque
636 5308 917 5363 diceretur
957 5305 1216 5377 proprius
1265 5308 1511 5376 Spiritus
1566 5311 1764 5374 sancti.
1811 5328 1938 5368 cum

2040 5303 2103 5356 τὸ
2131 5306 2227 5358 καὶ
2255 5303 2317 5358 τὸ
2350 5303 2576 5375 Πνεῦμα
2601 5305 2938 5378 ἁναφορικὸν
2963 5307 3134 5379 ὄνομα
3152 5308 3212 5363 ὃν
3242 5312 3451 5382 Harpe;
3479 5316 3615 5384 πρὸς

365 5401 469 5469 ipsi
512 5401 585 5455 sit
631 5398 1143 5465 consubstantialis,
1180 5400 1326 5469 quod
1352 5416 1515 5454 nemo
1548 5386 1815 5458 hactenus
1850 5405 1939 5459 di-

2040 5397 2132 5451 τὸν
2168 5400 2403 5452 πνέοντα
2434 5399 2824 5470 ἀναφέρεσθαι,
2859 5402 2954 5453 καὶ
2982 5402 3040 5467 ἐξ
3074 5403 3285 5456 ἐκείνου
3338 5408 3611 5475 πνεῖσθαι,

362 5508 488 5546 cere
546 5509 714 5548 ausus
762 5504 864 5549 est.
903 5490 998 5547 Sin
1027 5502 1211 5546 autem
1241 5492 1482 5547 dixerint
1512 5510 1621 5548 non
1645 5510 1805 5563 posse
1829 5496 1939 5553 dici

2041 5484 2252 5556 οὗτινος
2280 5489 2375 5543 καὶ
2397 5489 2616 5558 λέγεται
2646 5487 2813 5549 εἶναι.
2841 5493 2950 5546 Καὶ
2970 5493 3254 5563 βάλλοντες
3275 5497 3504 5564 ἑαυτοὺς
3527 5502 3617 5554 εύ-

361 5583 556 5636 Filium
609 5587 897 5653 pmprium
957 5582 1201 5649 Spiritus
1228 5584 1429 5649 sancti,
1457 5595 1752 5655 preptcrca
1784 5587 1935 5657 quod

2045 5579 2386 5651 ρεθήσονται,
2435 5580 2722 5645 δοκοῦντες
2784 5586 2909 5647 τοὺς
2952 5585 3402 5650 ὲναντίους.⁶⁹οτι
3454 5590 3509 5643 δὲ
3548 5592 3609 5646 οὐ

360 5676 427 5727 ad
459 5674 674 5728 Patrem
704 5678 997 5741 rel'eratur,
1028 5690 1097 5729 ne
1124 5675 1383 5731 simiiiter
1416 5677 1657 5746 Spiritus
1707 5688 1937 5735 sanctus

2044 5675 2205 5744 μὸνον
2232 5674 2293 5729 τὸ
2321 5674 2577 5743 λέγεσθαι
2608 5676 2667 5730 τὸ
2702 5676 2928 5746 Πνεῦμα
2958 5678 3088 5732 ῐδιον
3118 5679 3214 5733 τοῦ
3243 5680 3377 5734 Tia-3
3413 5685 3494 5747 εἰς
3517 5686 3617 5754 τὴν

358 5778 481 5819 esse
532 5765 693 5820 Pater
758 5767 1031 5831 videatur,
1101 5767 1417 5822 necessario
1477 5768 1932 5823 testilicabuntur
1966 5756 1979 5767 ’

2043 5764 2210 5835 αὐτὴν
2245 5766 2454 5819 ἔννοιαν
2499 5766 2656 5834 φέρει
2695 5768 2774 5837 τῷ
2810 5771 2872 5821 ὲκ
2912 5768 3132 5840 Harpe;
3181 5773 3610 5844 ἐκπορεύεσθαι,

356 5856 561 5910 Filium
585 5873 805 5926 quoque
831 5859 1131 5928 Spirantczu
1197 5873 1338 5928 csstc,
1373 5876 1470 5916 δρα
1505 5861 1932 5931 producturum;

2044 5859 2157 5913 ἀλλ’
2193 5859 2342 5912 οᾷὸὲ)
2374 5854 2531 5928 ἧττον
2574 5861 2668 5913 καὶ
2697 5860 2757 5912 τὸ
2782 5859 3085 5931 λαμϐάνειν
3114 5865 3179 5919 ἐκ
3209 5865 3305 5920 τοῦ
3339 5867 3492 5938 Tini,
3516 5869 3614 5925 καὶ
