4124 6438
1585 290 1625 300 σε

449 415 582 479 ιξϐῧ
1434 417 1810 480 APOLOGIA
1852 414 2469 480 INSCRlPTlONUM
2511 413 2752 474 VECCI.
3605 409 3712 490 βτί)

480 532 745 595 στάσεως,
777 530 807 600 ἢ
835 530 922 583 καῖ
958 529 1219 602 διαφερὰν
1253 528 1499 600 ἀφρόνως
1535 533 1773 600 εἰσάγων
1827 531 2044 599 φύσεως
2074 531 2108 590 Α

2175 539 2362 584 latura).
2420 528 2691 584 inducens
2753 527 2807 579 in
2867 525 3215 580 sanctissima
3280 523 3571 589 Trinitate,
3604 523 3733 596 quia
3797 513 3803 518 ’

481 625 574 676 ἐπὶ
598 627 692 692 τῆς
714 625 873 692 ἁγίας
907 625 1157 697 Τριάδος,
1199 625 1318 677 ἐπεὶ
1349 624 1582 696 διαφορά
1640 627 1787 678 ἐστιν
1823 623 2056 677 ὑποστά-

1363 625 1582 696 Βιαφορᾶ
1640 627 1787 678 ἐστιν
1823 623 2056 677 ὑποστά-
2157 621 2231 678 sit
2263 621 2573 676 diderentia
2605 633 2991 689 personarum.

484 731 642 772 σεων.

1045 833 1157 887 Τοῦ
1217 832 1496 899 Νικαςάς.
2820 825 3048 881 Νἰείειιὶ.

559 950 622 1001 Εἰ
659 943 752 1002 οὗν
811 947 887 1018 μὴ
940 948 1352 1018 διεσπασμένην
1402 949 1500 1016 τὴν
1545 945 1696 998 θείαν
1747 944 1907 1015 χάριν
1963 943 2057 996 τοῦ

2232 945 2288 999 Si
2347 945 2530 1014 itaque
2577 943 2821 998 divinam
2872 943 3104 1013 gratiam
3162 943 3403 1014 Spiritus
3456 960 3566 1000 non
3616 945 3735 1013 epi-

426 1080 438 1089 .
495 1038 810 1109 Πνεύματος
846 1039 946 1108 τῆς
971 1038 1136 1093 αὐτοῦ
1173 1040 1390 1108 φύσεως
1418 1037 1663 1107 νομίζεις
1689 1037 1785 1088 καὶ
1815 1035 2054 1088 ὑποστά-

2161 1038 2314 1092 naris
2347 1037 2416 1091 ab
2439 1039 2560 1106 ejus
2591 1046 2785 1092 natura
2812 1045 2975 1106 atque
3012 1051 3246 1106 persona
3283 1034 3406 1094 esse
3440 1039 3733 1099 divulsam.

490 1150 650 1195 σεως,
682 1131 737 1185 τί
795 1149 927 1185 ποτε
979 1130 1088 1201 ἄρα
1144 1132 1284 1193 νοεῖς
1330 1129 1547 1189 ἀκούων
1583 1132 1646 1182 ἐκ
1694 1127 1792 1180 τοῦ
1837 1125 1969 1179 Υἰοῦ
2001 1126 2061 1177 τδ

2161 1127 2424 1195 quidnam
2453 1127 2674 1182 tandem
2701 1127 2985 1197 intelligis,
3026 1142 3151 1182 cum
3194 1130 3352 1184 audis
3386 1147 3414 1184 a
3445 1131 3582 1184 Filio
3618 1131 3739 1200 Spi‘

488 1218 714 1288 Πνεῦμα
740 1219 800 1272 τὸ
834 1220 990 1287 ἆγιον
1041 1219 1390 1288 πέμπεσθαις
1457 1219 1614 1288 δῆλον
1669 1218 1800 1287 γὰρ,
1834 1218 1914 1270 ὅτι
1962 1217 2063 1286 τὴν

2163 1221 2328 1272 r'tum
2385 1219 2567 1274 mitti?
2622 1220 2838 1275 Etenim
2910 1228 2962 1274 te
3013 1221 3099 1274 vel
3129 1221 3364 1275 invitum
3397 1223 3570 1292 liquet
3621 1223 3740 1291 ejus

489 1309 697 1363 ἐκείνου
734 1313 830 1363 καὶ
863 1312 939 1379 μὴ
971 1309 1143 1362 θέλων
1184 1311 1506 1363 ὑπόστασιν.
1567 1310 1742 1379 Χάρις
1775 1308 1886 1376 γάρ
1936 1309 2062 1360 ἀνυο

2163 1325 2454 1379 personam
2517 1312 2872 1382 intelligere;
2930 1312 3204 1380 siquidem
3250 1315 3448 1384 gratia,
3482 1330 3603 1384 qua:
3632 1331 3738 1368 non

489 1404 755 1466 πόστατσς
795 1404 856 1457 οὔ
891 1404 1191 1473 πέμπεται.
1213 1404 1337 1456 Ὅτι
1371 1403 1492 1472 μηδ’
1526 1402 1898 1455 άνυποστάτου
1921 1400 2063 1452 κατὰ

2163 1402 2453 1469 ειιίιείειοι,
2507 1419 2618 1456 non
2670 1405 2930 1458 mittitur.
2993 1407 3182 1476 Neque
3240 1407 3386 1460 enim
3433 1406 3738 1461 secundum

490 1495 582 1548 τὸν
615 1495 882 1565 Κύριλλον
915 1495 1212 1565 μετέχομεν
1239 1499 1464 1564 χάριτος
1503 1509 1518 1527 ο
1558 1494 1697 1554 ἀλλὰ
1753 1492 1900 1545 τοῦτ’
1930 1491 2064 1545 αὑτό

2162 1492 2426 1563 Cyrillum
2491 1497 2722 1565 gratiam
2789 1495 3244 1553 insubsisteu'tem
3306 1499 3739 1568 partieipamus,

489 1586 603 1638 ἐστι
633 1585 691 1637 τὸ
722 1585 1090 1654 πεμπόμενον,
1119 1585 1150 1651 ἡ
1177 1584 1294 1636 θεία
1328 1583 1491 1651 φύσις
1545 1584 1638 1634 καί
1671 1581 2058 1640 ἐνυπὸστατος,

2165 1587 2260 1641 sed
2331 1602 2394 1642 ea
2449 1587 2564 1657 ipsa
2625 1601 2860 1658 persona
2915 1591 3180 1661 Spiritus.
3245 1608 3365 1662 quae
3414 1593 3739 1647 Trinitatem

490 1677 550 1728 τὸ
602 1677 1058 1747 συμπληρωτικὸν
1107 1677 1206 1745 τῆς
1264 1676 1494 1746 Τριάδος
1566 1674 1658 1727 τοῦ
1725 1673 2060 1741 Πνεύματος

2166 1679 2424 1748 Complet,
2460 1680 2643 1733 divina
2679 1691 2870 1735 natura
2926 1683 3339 1738 subsistentiam
3378 1683 3588 1738 habens
3615 1684 3743 1737 mit-

499 1770 810 1840 πρόσωπον.
849 1767 975 1831 Πῶς
998 1768 1052 1820 δὲ
1085 1767 1196 1836 ἄρα
1222 1769 1313 1820 καὶ
1347 1767 1436 1818 τὸν
1469 1767 1598 1818 Υἰὸν
1625 1765 1868 1834 πέμπειν
1906 1762 2066 1816 τοῦτο

2169 1769 2321 1821 titur.
2351 1769 2597 1832 Quonam
2632 1785 2762 1823 vero
2784 1780 2945 1840 pacto
2979 1780 3034 1826 et
3076 1773 3276 1827 Filium
3323 1774 3494 1841 ipsam
3527 1775 3744 1828 mittrre

492 1860 740 1930 νοήσειςς
772 1859 832 1911 ού
879 1860 986 1928 γάρ
1023 1857 1199 1920 ἄλλως
1226 1857 1258 1927 ἢ
1288 1860 1315 1910 ό
1343 1857 1558 1926 Πατὴρ,
1621 1858 1742 1908 ἐπεὶ
1789 1857 1880 1909 καὶ
1903 1855 2067 1924 ἄλλης
2097 1864 2120 1925 ι

2118 1864 2142 1924 3
2174 1858 2493 1926 intelliges?
2541 1874 2648 1912 non
2688 1861 2836 1914 enim
2870 1862 3032 1916 aliter
3063 1872 3228 1932 atque
3263 1864 3458 1928 Pater;
3493 1864 3746 1935 quando-

493 1952 642 2004 ἔσται
664 1951 961 2018 δυνάμεως·
999 1951 1158 2020 δῆλον
1219 1945 1313 2003 οὖν
1358 1950 1440 2002 ὅτι
1485 1948 1743 2017 καθάπερ
1771 1948 1865 2000 καὶ
1902 1947 1929 1998 ὁ
1962 1947 2069 1998 Πα-

2173 1948 2396 2014 quidem
2455 1959 2512 2004 et
2572 1945 2820 2004 alterius
2866 1953 2972 2006 erit
3014 1955 3298 2021 potentiae.
3327 1954 3557 2009 Constat
3583 1956 3744 2024 igitur

490 2045 618 2114 τήρ.
669 2043 808 2095 Ἀλλ’
833 2044 862 2095 ὁ
898 2041 1086 2113 Πατὴρ
1120 2044 1330 2111 πέμπει
1381 2041 1706 2111 προὸάλλων
1762 2043 1857 2093 καὶ
1897 2038 2068 2106 αὐτὴν

2169 2054 2327 2108 irque
2392 2055 2518 2093 eum
2579 2041 2817 2096 mittere.
2851 2041 2957 2097 Sed
2990 2044 3157 2099 Pater
3182 2043 3353 2099 mittit
3376 2047 3542 2100 etiam
3574 2049 3746 2115 ipsam

497 2135 595 2204 τὴν
627 2133 949 2186 ὑπόστασιν.
986 2132 1096 2185 Καὶ
1121 2133 1148 2184 ὁ
1176 2132 1303 2195 Υἰὸς
1357 2131 1467 2200 ἄρα
1498 2133 1707 2200 πέμπει
1752 2128 2070 2196 προὸάλλων

2172 2146 2462 2196 personam
2513 2133 2826 2200 producens
2863 2135 3074 2204 :igitur
3111 2145 3164 2190 et
3222 2136 3395 2191 Filius
3437 2137 3749 2206 producetts

497 2226 648 2278 αὑτό·
710 2228 759 2278 εἰ
794 2226 868 2295 μὴ
908 2224 1246 2294 ὑπουργικήν
1307 2239 1430 2276 τινα
1486 2221 1644 2285 τάξιν
1697 2221 1858 2273 αὑτὸν
1904 2219 2072 2289 φαίης

2175 2222 2344 2292 ipsam
2398 2223 2586 2278 mittit.
2637 2223 2752 2279 Nisi
2809 2225 2950 2280 forte
3019 2225 3225 2280 dixeris
3285 2226 3465 2296 ipsum
3493 2228 3749 2281 servilem

496 2318 940 2388 ἀποπληροῦντα,
1011 2307 1184 2370 ἰδ’ἰκ
1234 2315 1326 2368 τοῦ
1384 2315 1595 2384 Πατρδς
1641 2312 2074 2382 ἐκπορευόμενον

2173 2317 2466 2386 quemdam
2494 2317 2660 2372 alium
2691 2317 2944 2374 ordinem
2980 2320 3262 2389 supplere,
3291 2328 3459 2389 atque
3489 2335 3553 2374 ex
3584 2321 3746 2374 Patre

499 2412 733 2483 ὕστερον
793 2411 1040 2480 πέμπειν
1092 2409 1278 2463 αὐτόν.
1330 2409 1510 2461 Ἔστω
1568 2407 1677 2476 γάρ
1739 2406 1815 2476 μὴ
1875 2405 2075 2458 ταυτὸν

2175 2409 2348 2479 ipsam
2381 2408 2793 2479 procedentem,
2825 2420 3016 2480 postea
3045 2426 3174 2466 eum
3203 2412 3455 2477 mittere;
3486 2411 3570 2467 lac
3592 2413 3739 2466 enim

498 2504 641 2560 εἰναι
671 2509 739 2577 τῇ
787 2504 907 2576 θείᾳ
931 2503 1094 2574 οὐσίᾳ
1117 2502 1217 2573 τὴν
1251 2501 1403 2555 Θείαν
1465 2499 1768 2567 ἐνέργειαν.
1819 2498 1884 2551 Τί
1919 2497 2078 2567 μετέ-

2177 2514 2292 2553 ιιοη
2345 2515 2468 2555 esse
2522 2499 2667 2555 idem
2710 2501 2954 2557 divinam
2994 2504 3392 2573 operationem,
3422 2513 3586 2574 atque
3611 2505 3753 2558 divi-

501 2612 662 2649 πειτα
691 2595 1085 2666 συμπεραίνεις
1112 2593 1176 2645 ἐκ
1209 2590 1401 2644 τούτου
1430 2608 1445 2655 ;
1481 2591 1639 2659 εἰπερ
1688 2589 1784 2642 τοῦ
1833 2586 2080 2657 Πνεύμα-

2177 2602 2304 2641 nam
2343 2590 2668 2656 essentiam,
2721 2591 2855 2662 quid
2913 2603 3105 2666 postea
3168 2595 3294 2649 inde
3322 2595 3647 2651 concludis?
3681 2594 3757 2649 si-

510 2704 605 2751 τος
665 2687 1050 2758 πεμπομένου,
1112 2684 1216 2739 οὐκ
1259 2684 1640 2739 ἀνυπόστατον
1696 2681 1880 2753 χάριν,
1964 2677 2079 2733 ἀλλ’

2179 2679 2402 2750 quidem
2459 2697 2586 2738 cum
2639 2683 2882 2755 Spiritus
2932 2687 3196 2748 mittitur.
3251 2705 3356 2744 non
3406 2691 3601 2760 gratia,
3634 2704 3755 2757 qua:

503 2779 673 2850 αὐτὴν
704 2779 804 2848 τὴν
833 2779 984 2831 θείαν
1033 2775 1196 2846 φύσιν
1224 2774 1323 2846 τὴν
1354 2774 1714 2828 ὲνυπόστατον
1768 2773 2079 2841 πέμπεσθαι

2178 2786 2290 2826 non
2321 2773 2610 2836 subsistat,
2659 2776 2757 2830 sed
2811 2777 2985 2847 ipsam
3019 2780 3161 2834 mitti
3202 2780 3444 2836 divinam
3477 2790 3753 2843 naturam,

507 2868 603 2922 καὶ
632 2867 789 2930 αὐτὸς
814 2867 1134 2936 συγχωρεῖς.
1191 2865 1360 2932 Δῆλον
1382 2865 1466 2917 ὅτι
1499 2863 1605 2917 κᾶν
1653 2862 1817 2926 αὐτὸς
1867 2862 2082 2927 ἀγνοεῖν

2182 2878 2303 2930 quae
2341 2866 2760 2922 subsistentiam
2807 2869 3030 2936 habeat,
3076 2873 3192 2942 ipse
3215 2889 3437 2943 quoque
3470 2872 3754 2928 concedis.

490 2961 800 3030 προσποιῇ,
835 2960 896 3012 τὸ
927 2958 1024 3028 τὴν
1051 2954 1145 3009 τοῦ
1171 2956 1488 3026 Πνεύματος
1519 2957 1822 3009 ὑπόστασιν
1862 2953 1922 3019 ἐξ
1951 2953 2080 3006 Υἰοῦ

2181 2956 2540 3029 Perspicuum
2585 2959 2736 3014 enim
2763 2971 2868 3025 est,
2912 2962 3038 3025 licet
3090 2965 3207 3032 ipse
3246 2964 3462 3020 nescire
3495 2965 3758 3020 dissimu-

508 3054 778 3124 ὑπάρχειν
800 3053 893 3106 καὶ
921 3050 1249 3116 ἀναϐλύζειν
1279 3049 1374 3103 καὶ
1396 3048 1736 3124 πέμπεσθαι,
1772 3047 1962 3117 ὥσπερ
1987 3047 2081 3098 καὶ

2183 3047 2286 3110 les,
2337 3049 2392 3103 id
2449 3059 2503 3104 te
2559 3052 2935 3116 concludere,
3004 3057 3155 3124 quod
3201 3057 3462 3112 nimirum
3523 3075 3757 3127 persona

509 3148 572 3199 ἔκ
603 3144 836 3214 Πατρος,
877 3143 905 3196 δ
955 3144 1123 3209 δεῖξαι
1181 3141 1474 3208 προέκειτο
1542 3139 1619 3207 τῷ
1645 3139 1743 3198 τὰς
1774 3138 1884 3189 τῶν
1939 3137 2082 3188 διδα-

2187 3139 2429 3208 Spiritus
2477 3156 2544 3196 ex
2579 3143 2717 3199 Filio
2763 3145 2854 3210 sit,
2893 3155 2950 3201 et
2978 3150 3267 3212 scaturiat,
3297 3159 3462 3210 atque.
3485 3152 3757 3214 mittatur,

509 3239 720 3294 σκάλων
750 3239 942 3307 ῥήσεις
976 3236 1338 3311 συνειληχότι.
1372 3233 1434 3286 Εἰ
1471 3233 1527 3286 δὲ
1570 3231 1875 3298 θαυμάζεις
1931 3230 2076 3294 ὅπως
2104 3218 2137 3278 C

2131 3219 2445 3300 itanquam
2497 3243 2554 3288 et
2598 3248 2627 3288 a
2687 3236 2872 3302 Patre,
2925 3240 3073 3308 quod
3129 3241 3358 3310 quidem,
3409 3245 3759 3312 propositum

509 3332 574 3386 ὲκ
612 3328 710 3397 τῆς
751 3316 968 3396 φύσεως
997 3325 1089 3378 τοῦ
1130 3324 1260 3393 Υἱοῦ
1291 3323 1540 3389 λέγοντες
1589 3323 1649 3373 τὸ
1694 3319 1919 3387 Πνεῦμα
1974 3334 2078 3387 πη-

2186 3322 2366 3379 fuerat
2415 3325 2494 3379 illi
2551 3325 2822 3395 probare,
2861 3331 2954 3399 qui
2988 3331 3276 3388 doctorum
3317 3333 3618 3388 sententias
3652 3335 3761 3388 col-

511 3409 721 3488 γάςειν,
752 3419 843 3473 καὶ
873 3417 1218 3482 ἁναϐλύζειν,
1254 3415 1350 3468 καὶ
1373 3415 1438 3467 ὲκ
1466 3415 1563 3483 τῆς
1590 3413 1945 3474 ὑποστάσεως
1977 3411 2073 3464 αύ-

2188 3415 2341 3485 Iegit.
2397 3417 2553 3482 Quod
2590 3419 2634 3472 si
2675 3420 2914 3486 miraris,
2943 3437 3069 3476 cum
3099 3439 3166 3478 ex
3206 3433 3399 3480 natura
3428 3425 3552 3479 Filii
3587 3425 3763 3496 Spiri-

511 3513 605 3583 τοῦ
639 3509 780 3582 εῖναι
815 3509 1060 3579 οἰόμεθα,
1095 3508 1170 3570 ὡς
1197 3508 1263 3560 ἂν
1289 3509 1337 3559 εἰ
1361 3506 1448 3560 διὰ
1481 3506 1580 3575 τὴν
1613 3505 1926 3574 ταυτότητά
1981 3502 2084 3573 τῆς

2187 3515 2303 3559 tum
2347 3522 2607 3563 emanare
2657 3518 2714 3565 et
2785 3516 3056 3570 scaturire
3089 3516 3360 3581 dicamus,
3401 3518 3766 3587 quemadmo-

516 3603 733 3672 φύσεως
761 3601 855 3657 καὶ
905 3601 1224 3672 προσώπων
1257 3599 1562 3667 ταυτότητά
1601 3595 1876 3666 ἐτίθεμεν,
1928 3594 1961 3665 ἢ
1994 3594 2085 3647 διὰ

2187 3599 2319 3654 dum
2381 3615 2450 3656 ex
2504 3602 2627 3672 ejus
2682 3618 2906 3675 quoque
2957 3621 3194 3675 persona
3219 3623 3342 3663 esse
3373 3609 3761 3663 arbitramur:

511 3696 611 3765 τὴν
637 3697 842 3749 τούτων
868 3693 1137 3762 διαφορὰν
1166 3692 1262 3746 καὶ
1301 3689 1516 3760 φύσεως
1577 3689 1874 3757 εἰσήγομεν
1900 3685 2084 3754 ἑτερό-

2187 3705 2296 3745 non
2362 3706 2546 3758 secus,
2596 3708 2662 3748 ac
2693 3694 2736 3748 si
2772 3703 2998 3764 propter
3026 3695 3373 3751 identitatem
3401 3707 3610 3751 natura:
3642 3713 3767 3766 per-

513 3803 674 3857 τητα,
709 3785 890 3856 πολλῷ
923 3785 1086 3838 πλέον
1119 3784 1279 3854 ἡμεῖς
1311 3799 1405 3835 σου
1443 3779 1865 3850 Θαυμασόμεθα,
1898 3778 1948 3830 εἰ
1981 3774 2087 3846 φύ-

2198 3797 2450 3838 sonarum
2486 3800 2704 3856 quoque
2734 3788 3083 3843 identitatem
3123 3803 3481 3858 poneremus,
3520 3789 3604 3842 vel
3638 3779 3769 3856 [ιι-ο·
3816 3797 3826 3803 “

517 3894 603 3930 σιν
629 3877 841 3933 ἀκούων
873 3875 1029 3942 Υἰοῦ,
1065 3875 1234 3928 ἔπειτ’
1263 3871 1664 3951 ἀπολελυμένον
1688 3869 1894 3939 ταύτην
1924 3869 2086 3934 νοεῖς,

2188 3881 2313 3943 pter
2346 3875 2541 3932 harum
2581 3878 2978 3944 differentiam,
3013 3891 3225 3935 naturae
3257 3882 3426 3936 etiam
3468 3881 3764 3935 discrimen

514 3971 610 4024 καὶ
640 3971 702 4024 οὐ
746 3969 884 4038 μετὰ
908 3969 1003 4022 τοῦ
1033 3966 1164 4021 Υἰοῦ
1214 3966 1527 4038 ἰδιώματος,
1577 3963 1698 4016 οὐδὲ
1740 3961 1901 4015 τοῦτο
1930 3959 2086 4014 δυνά-

2189 3963 2617 4035 induceremus;
2656 3970 2838 4026 multo
2892 3971 3066 4040 magis
3101 3987 3203 4026 nos
3233 3971 3300 4026 de
3333 3981 3385 4025 te
3421 3971 3767 4034 mirabimur.

521 4079 679 4132 μενος
707 4061 962 4128 συνιδεῖν,
989 4061 1074 4116 ὅτι
1125 4058 1288 4129 φύσις
1331 4055 1456 4112 καθ’
1491 4057 1694 4123 ἑαυτὴν
1743 4051 2089 4122 ἀπολελυμέ-

2190 4059 2236 4114 si
2264 4073 2387 4113 cum
2421 4057 2546 4114 Filii
2577 4069 2839 4115 naturam.
2860 4061 3038 4126 audis,
3072 4063 3275 4118 deinde
3303 4062 3616 4116 absolutum
3637 4063 3769 4129 quid

515 4173 623 4218 νως
649 4157 745 4210 καὶ
776 4153 974 4218 κοινῶς
1023 4151 1356 4222 εἰλημμένη,
1398 4147 1521 4202 οὕτε
1550 4146 1776 4200 δύναται
1822 4148 2086 4213 πέμπειν,

2193 4148 2535 4218 minimeque
2602 4164 2729 4206 cum
2787 4151 3129 4221 proprietate
3175 4152 3296 4207 Filii
3329 4167 3448 4206 eam
3478 4151 3770 4221 intelligas.

515 4247 640 4300 οὔτε
667 4239 1230 4317 προϐάλλεσθαι,ούτε
1261 4242 1356 4294 τοῦ
1416 4242 1476 4293 τὸ
1529 4237 1752 4292 σύνολον
1815 4237 2088 4306 ὑπάρχειν

2192 4239 2380 4310 Neque
2411 4240 2520 4296 hoc
2549 4240 2841 4298 advertere
2887 4253 3048 4314 potes
3072 4253 3329 4299 naturam
3360 4243 3663 4300 secundum
3689 4258 3769 4304 se.

518 4337 689 4398 αἰτία,
749 4335 825 4404 μὴ
860 4333 999 4403 μετά
1031 4350 1176 4397 τινος
1204 4331 1500 4400 ἰδιώματος
1529 4327 1840 4397 εἰλημμένη
1875 4325 2090 4396 πρόσω-

2188 4331 2450 4387 absolute
2513 4336 2994 4406 communiterque
3065 4345 3365 4406 sumptam,
3421 4351 3599 4404 neque
3649 4337 3774 4390 mit-

517 4445 620 4481 πον
676 4426 1032 4495 ὑφιστῶν,τος.
1059 4426 1180 4479 Τῶν
1199 4426 1308 4494 γάρ
1363 4423 1584 4491 ἀτόμων
1608 4415 1750 4472 εἶναι
1793 4422 1890 4480 τάς
1931 4420 2089 4487 ἐνερ-

2197 4430 2336 4485 tere.
2368 4439 2544 4493 neque
2569 4424 2899 4494 producere,
2925 4442 3106 4497 neque
3138 4428 3366 4482 omnino
3395 4443 3614 4482 causam
3648 4442 3773 4482 esse

516 4521 673 4590 τείας
701 4520 895 4581 κοινῶς
953 4519 1132 4587 πάσης
1185 4515 1510 4586 φιλοσοφίας
1538 4513 1834 4580 ἀκούομεν.

2194 4528 2378 4584 posse,
2440 4515 2547 4572 nisi
2596 4531 2724 4572 cum
2763 4518 2945 4589 aliqua
2977 4521 3317 4589 proprietate
3352 4527 3622 4582 sumatur,
3653 4535 3775 4588 qua:

517 4625 810 4683 personam
850 4610 1174 4664 constituat.
1234 4606 1445 4662 Etenim
1497 4602 1912 4684 individuorum
1965 4614 2087 4658 esse
2125 4607 2498 4674 operationcs,
2571 4609 2945 4666 communiter
3005 4619 3115 4666 tota
3163 4610 3510 4683 philosophia
3578 4613 3779 4670 t‘lutttal

523 4718 686 4778 atque
723 4712 980 4759 testatur.
3492 4717 3494 4719 ›

915 4820 1028 4876 Τοῦ
1062 4819 1294 4896 Βέκκου
1349 4820 1436 4885 εἰς
1491 4817 1607 4887 τὴν
1655 4814 1730 4884 ἡκ
2126 4821 2172 4877 D

1655 4814 1730 4884 ’ίίῖ
2126 4821 2172 4877 D
2728 4815 2869 4870 Vacci
2915 4818 2967 4876 in
3001 4827 3258 4883 octavam.

597 4934 692 4997 Εἰς
724 4931 998 4997 ἀπόδειξιν
1019 4933 1112 4985 τοῦ
1143 4927 1281 4984 εἶναι
1318 4930 1376 4983 τὸ
1408 4927 1635 4998 Πνεῦμα
1694 4929 1757 4983 τὸ
1810 4930 1969 4998 ἅγιον
2024 4927 2086 4980 ὲκ

2267 4921 2325 4976 lu
2347 4916 2870 4980 demonstrationem
2895 4925 3076 4998 hujus,
3103 4930 3249 5000 quod
3279 4928 3517 5000 Spiritus
3556 4939 3781 4986 sanctus

523 5025 738 5094 Πατρος
765 5024 859 5077 καὶ
892 5023 1025 5076 Υἰοῦ
1059 5021 1427 5091 συνελέγησαν
1451 5021 1545 5074 καὶ
1578 5021 1636 5073 αἰ
1663 5021 1939 5091 παροῦσαι
1963 5035 2095 5090 γρα-

2203 5014 2274 5069 sit
2297 5031 2362 5070 ex
2381 5016 2538 5072 Patre
2569 5016 2838 5088 Filioque,
2866 5021 3110 5077 collectae
3129 5032 3265 5077 sunt
3284 5033 3454 5079 etiam
3485 5032 3781 5094 praesentes

535 5120 693 5187 φικαί
728 5101 1034 5188 ρήσεις,λαί
1059 5113 1321 5184 δηλοῦσαι
1349 5111 1490 5168 εἶναι
1515 5113 1648 5166 αὐτὸ
1689 5114 1955 5181 ποιότητα
1998 5111 2098 5178 τῆς

2204 5115 2525 5164 sanctorum
2599 5111 3012 5168 commentariis
3092 5113 3382 5170 illustraue
3467 5116 3775 5175 sententiae.

531 5211 741 5280 Πατρδς
768 5207 868 5262 καὶ
901 5207 1032 5261 Υἰοῦ
1055 5205 1260 5268 οὐσίας’
1296 5205 1377 5258 ἔτι
1403 5204 1459 5257 δὲ
1482 5194 1731 5269 εὐωδίαν,
1765 5201 1958 5271 πνοὴν,
2005 5200 2098 5253 καὶ

2204 5216 2327 5272 qua:
2354 5201 2656 5256 ostendunt
2682 5201 2860 5272 ipsum
2891 5218 3012 5259 esse
3045 5205 3368 5274 qualitatem
3392 5208 3645 5262 essentia:
3676 5206 3777 5260 Pa-

523 5305 728 5374 ὀσμήν.
787 5300 990 5370 Ἐγγὺς
1010 5299 1066 5352 δὲ
1091 5298 1198 5352 τῶν
1217 5299 1476 5351 τοιούτων
1509 5295 1724 5367 ῥήσεων
1757 5291 1948 5362 ἕτεραι
1998 5307 2099 5345 κα-

2205 5294 2330 5359 tris,
2391 5302 2446 5348 et
2505 5293 2664 5350 Filii:
2700 5294 2883 5350 adhuc
2938 5297 3105 5352 etiam
3161 5299 3613 5362 suaveolentiam,
3671 5298 3781 5352 ira-

524 5394 965 5465 ταστρωνύονται
1009 5390 1220 5461 ῥήσεις,
1261 5390 1342 5452 εἰς
1370 5387 1470 5458 τὴν
1521 5383 1691 5456 αὐτὴν
1752 5381 2102 5453 συμϐάλλου-

2207 5383 2497 5455 grautiam.
2530 5394 2698 5456 atque
2727 5385 2938 5441 ﬂatum.
2963 5385 3060 5443 His
3091 5401 3274 5442 autem
3305 5390 3555 5459 proxime
3587 5389 3780 5460 adjun-

529 5503 622 5541 σαι
678 5485 907 5540 ἔννοιαν.
946 5483 1165 5544 Δῖτινες
1219 5481 1312 5536 καὶ
1367 5481 1460 5534 τὸν
1525 5477 1745 5547 Πατέρα
1801 5475 1953 5546 πηγὴ
2004 5475 2099 5528 τοῦ

2210 5477 2390 5533 ximus
2414 5476 2548 5533 alias
2573 5477 2894 5544 sententias,
2926 5495 3046 5549 qua:
3079 5480 3136 5534 in
3155 5481 3404 5536 eamdem
3440 5491 3780 5536 concurrunt

525 5575 869 5646 Πνεύματος,
929 5575 1028 5627 καὶ
1084 5573 1176 5627 τὸν
1214 5570 1345 5646 re»;
1401 5569 1586 5642 πηγὴν
1638 5565 1954 5636 Οεολογοῦσι
2005 5564 2100 5619 τοῦ

2210 5567 2647 5638 intelligentiam,
2673 5580 2840 5640 atque
2870 5581 2976 5626 tam
3007 5572 3400 5642 Patremquam
3426 5570 3627 5628 Filium
3664 5573 3787 5635 fon.

530 5667 675 5721 Πνεύ
683 5684 870 5737 ματος.

2213 5670 2319 5715 tem
2349 5674 2469 5716 esse
2489 5659 2748 5732 Spiritus,
2785 5663 3090 5733 theologice
3121 5663 3418 5735 declarant.
