4124 6450
270 495 274 499 ἱ
368 403 476 469 275

804 333 833 354 ο

1035 476 1065 502 δι

1358 406 1857 469 BIESSARIONlS
1890 410 1949 470 s.
1996 411 2072 469 Β.
2115 411 2177 468 E.
2214 391 2673 473 CARDlNALlS

3523 405 3634 473 276

371 516 766 585 proprietatem
813 517 1126 571 naturalem
1165 515 1397 586 alicujus
1430 519 1627 573 habere
1677 520 1938 588 aliquem,

2071 521 2229 586 λέγειν
2262 537 2407 592 εχειν
2430 523 2520 576 τὸν
2543 525 2712 585 δεῖνα,
2765 524 2797 588 ἦ
2827 521 2894 574 τὰ
2927 519 3096 573 αὐτοῦ
3155 516 3421 588 ἰδιώματα
3475 535 3635 585 φυσι-

370 618 429 663 ct
462 609 583 677 ejus
623 607 984 676 proprietates
1013 608 1332 661 naturaliter
1361 627 1372 672 ;
1398 608 1526 662 illud
1558 609 1702 662 enim
1734 611 1943 663 solum-

377 697 540 751 modo
570 697 635 750 ad
670 698 1017 752 identitatem
1039 698 1360 753 sulistantim
1393 699 1650 768 pertinet,
1682 701 1784 756 hoc
1816 717 1946 756 vero

376 785 642 851 quasdam
673 788 923 842 notio:.es
945 790 1260 856 personalcs
1283 807 1603 848 communes
1625 807 1745 848 esse
1773 793 1946 862 signi-

380 878 538 939 licat;
575 880 898 935 naturaliter
925 866 1104 937 tai‘ncn
1133 900 1255 953 qua:
1307 886 1442 952 sint,
1465 897 1522 942 et
1555 883 1945 953 essentialiter,

378 982 443 1021 ne
469 969 762 1036 accidenti,
789 981 845 1026 ct
871 975 1124 1041 quudacst
1149 991 1244 1044 per
1267 977 1760 1047 participationem,
1789 979 1950 1034 detur

382 1060 562 1116 locus.
599 1063 733 1118 illud
795 1053 976 1127 autem
1031 1069 1212 1122 omnia
1273 1085 1394 1136 qua:
1438 1079 1566 1125 sunt
1597 1071 1795 1133 Patris.
1826 1087 1949 1126 esse

378 1152 543 1206 etiam
603 1155 861 1225 Spiritus,
894 1171 1093 1227 prmter
1120 1162 1390 1216 rationem
1436 1161 1687 1232 ingeniti,
1732 1175 1787 1219 et
1819 1165 1950 1219 illud

379 1245 564 1298 omnia
598 1243 721 1301 Filii
740 1264 863 1304 esse
886 1267 1106 1321 quoque
1129 1251 1388 1322 Spiritus,
1411 1267 1639 1325 excepta
1663 1255 1951 1324 liliatione,

379 1341 571 1394 nescio
637 1357 736 1396 cur
792 1356 994 1400 temere
1027 1347 1386 1416 disputationi
1413 1365 1443 1403 a
1485 1357 1536 1404 te
1588 1350 1786 1419 injecta
1819 1351 1952 1408 sint.

383 1430 602 1488 Etenim
649 1451 750 1490 nos
783 1439 869 1505 pie
905 1437 1129 1506 quidem
1178 1439 1278 1494 ista
1314 1440 1710 1512 intelligimus:
1739 1445 1783 1498 si
1817 1461 1952 1499 vero

383 1523 581 1593 aliquis
622 1541 729 1580 non
760 1537 904 1582 recte
931 1530 1132 1585 sentiat
1156 1531 1223 1586 de
1255 1541 1439 1587 mente
1474 1543 1816 1600 sanctorum,
1867 1536 1952 1591 vel

383 1615 521 1668 alios
552 1616 942 1685 calumnietur,
973 1620 1090 1690 ipse
1125 1624 1198 1677 sit
1220 1623 1273 1677 in
1307 1624 1487 1693 culpa.
1538 1624 1596 1680 Si
1643 1627 1769 1696 quis
1808 1631 1954 1684 enim

385 1706 593 1760 adimat
617 1709 849 1778 Spiritui
883 1715 1270 1782 proprietatem
1303 1717 1599 1786 ingenitam
1628 1720 1826 1786 Patris,
1851 1722 1957 1777 hoc

385 1807 570 1850 autem
605 1809 691 1854 est
718 1817 843 1855 eum
868 1803 961 1872 qui
991 1805 1110 1859 sine
1158 1821 1320 1861 causa
1347 1809 1440 1872 sit,
1470 1826 1695 1864 causam
1723 1813 1953 1866 aliarum

385 1905 747 1956 personarum
767 1894 1045 1952 exsistere
1072 1914 1087 1963 ;
1113 1898 1332 1967 qualem
1395 1904 1631 1972 amplius
1654 1903 1951 1974 hypostati-

385 1996 505 2034 cam
558 1985 946 2052 proprietatem
1002 1989 1182 2044 Patris
1239 1991 1340 2059 ipsi
1368 1993 1682 2062 relinquet?
1717 1998 1958 2067 itemque

380 2073 430 2132 si
459 2075 582 2143 quis
613 2075 810 2130 Filium
851 2092 974 2132 cum
1031 2079 1237 2149 Spiritu
1272 2083 1584 2150 conferens,
1615 2094 1782 2156 atque
1819 2089 1958 2144 alte-

380 2181 507 2219 rum
533 2182 661 2222 cum
690 2169 891 2234 altero,
948 2175 1126 2228 solum
1160 2190 1286 2230 cunt
1317 2177 1434 2230 solo
1461 2193 1807 2248 comparans,
1839 2182 1960 2248 Spi-

380 2257 557 2312 ritum
626 2275 748 2316 esse
807 2263 1004 2318 Filium
1056 2277 1238 2336 neget,
1320 2268 1374 2322 in
1441 2273 1652 2326 caeteris
1701 2274 1961 2329 omnibus

373 2366 565 2420 seque,
595 2360 760 2421 atque
793 2354 988 2410 Filium
1027 2373 1154 2412 eum
1205 2374 1328 2415 esse
1359 2364 1628 2428 credens;
1667 2379 1960 2433 quamnam

384 2447 620 2516 amplius
642 2447 742 2517 ipsi
773 2450 1164 2518 proprietatem
1227 2450 1621 2522 hypostaticam
1654 2454 1963 2525 impcrtiet?

379 2539 657 2608 siquidem
688 2551 972 2611 paternam
1003 2561 1110 2600 non
1135 2545 1418 2615 impertiet
1439 2546 1462 2599 ?
1487 2547 1678 2617 Neque
1717 2549 1862 2601 enim
1895 2547 1962 2603 de

387 2628 550 2686 Patre
580 2634 868 2702 agebatur,
919 2652 1100 2705 neque
1133 2652 1256 2691 cum
1301 2637 1422 2707 ipso
1448 2639 1786 2708 comparatio
1822 2640 1963 2695 facta

386 2732 474 2776 est
508 2741 521 2777 :
549 2724 636 2780 lac
669 2737 850 2780 tamen
879 2741 1005 2782 cum
1031 2743 1096 2781 eo
1130 2728 1327 2783 factam
1360 2745 1519 2795 esse;
1551 2746 1730 2800 neque
1761 2733 1963 2802 sicipsi

389 2816 499 2870 ulla
530 2817 837 2885 proprietas
871 2817 1048 2874 Patris
1080 2821 1446 2891 relinquetur,
1474 2839 1597 2879 cum
1629 2825 1681 2878 in
1709 2826 1966 2880 omnibus

389 2907 630 2978 siljuxta
653 2909 874 2972 Filium,
901 2925 967 2964 eo
1015 2921 1265 2981 excepto,
1289 2915 1436 2983 quod
1465 2918 1535 2970 sit
1565 2916 1758 2974 Filius.
1789 2917 1962 2986 Atque

387 3000 623 3068 proinde
673 3013 986 3058 causatusa
1037 3004 1199 3060 Patre
1231 3022 1462 3074 prorsus
1510 3010 1760 3074 exsistat,
1823 3009 1966 3064 sicut

390 3098 449 3144 ct
482 3089 677 3146 Filius.
713 3092 783 3146 At
851 3110 1033 3165 neque
1062 3096 1226 3151 ullam
1260 3101 1654 3168 proprietatem
1705 3100 1830 3156 Filii
1860 3102 1963 3173 ipsi

2051 615 2181 675 κῶς.
2207 615 2279 666 Τὸ
2316 614 2414 682 μὲν
2440 615 2550 683 γὰρ
2580 615 2713 684 πρὶς
2746 614 2841 683 τὴν
2876 614 2974 682 τῆς
3014 612 3202 674 οὐσίας
3265 611 3426 678 μόνον
3471 611 3631 678 φέρει

2048 706 2354 774 ταύτότητα
2377 724 2389 738 ·
2421 707 2481 759 τὸ
2516 706 2570 759 δὲ
2612 707 2708 774 τὴν
2747 706 2908 758 τινῶν
2945 704 3044 774 μὲν
3081 701 3456 774 προσωπικῶν
3487 718 3633 767 γνωο

2055 798 2336 866 ρισμάτων
2366 799 2656 853 κοινωνίαν
2692 799 3003 874 σημαίνει]
3043 794 3292 866 φυσικῶς
3335 793 3516 863 μέντοι
3570 809 3632 860 γε

2050 891 2256 957 ταύτην
2277 892 2369 943 καὶ
2394 891 2666 953 οὐσιωὸὦς
2693 889 2878 950 οὖσαν,
2903 889 2989 942 ἵνα
3025 889 3098 958 μὴ
3129 886 3204 955 τῷ
3230 883 3623 954 συμὸεὸηκότι,

2054 985 2147 1036 καὶ
2160 983 2236 1051 τῷ
2258 984 2397 1036 κατὰ
2415 983 2651 1052 μετοχὴν
2671 984 2824 1052 χώρα
2849 981 3051 1048 δοθείη.
3079 979 3152 1032 Τὸ
3172 979 3228 1032 δὲ
3244 978 3424 1031 πάντα
3447 976 3517 1029 τὰ
3532 975 3629 1062 ’τοῦ

2053 1076 2269 1144 Harpe;
2314 1075 2409 1129 καὶ
2439 1075 2534 1129 τοῦ
2573 1075 2909 1144 Πνεῦματος,
2945 1072 3087 1143 πλὴν
3149 1071 3247 1140 τῆς
3280 1068 3633 1138 ἁγεννησίας,

2053 1170 2086 1236 ἢ
2117 1169 2292 1222 πάντα
2321 1170 2386 1222 τὰ
2409 1167 2503 1221 τοῦ
2532 1166 2662 1221 Υίοῦ
2700 1168 2794 1220 καὶ
2827 1165 2922 1219 τοῦ
2971 1165 3291 1234 Πνεύματος
3326 1157 3470 1215 εἶναι
3497 1161 3640 1229 πλὴν

2053 1259 2149 1326 τῆς
2185 1258 2451 1327 υἱότητος,
2481 1257 2582 1310 οὐκ
2615 1255 2710 1310 οἶδ’
2735 1258 2858 1310 ὅτου
2893 1257 3054 1326 χάριν
3084 1254 3162 1325 τῷ
3219 1255 3369 1322 λόγῳ
3423 1252 3636 1322 παρέρ-

2059 1351 2251 1419 ριςτται
2282 1365 2295 1378 ·
2328 1349 2490 1417 ἡμεῖς
2533 1350 2631 1418 μὲν
2663 1349 2773 1418 γὰρ
2823 1347 3068 1410 εὐσεϐῶς
3119 1344 3292 1399 ταῦτα
3357 1343 3588 1412 νοοῦμεν
3621 1358 3637 1372 ⁶

2056 1437 2121 1492 ἂν
2143 1439 2197 1491 δέ
2225 1455 2310 1500 τις
2337 1438 2368 1506 ἢ
2396 1438 2470 1509 μὴ
2501 1439 2660 1502 αὐτὸς
2687 1439 2910 1510 ὑγιαίνῃ
2966 1440 3094 1507 περὶ
3147 1436 3246 1508 τὴν
3305 1436 3416 1491 τῶν
3469 1435 3641 1503 ἁγίων

2057 1531 2318 1592 διάνοιαν,
2355 1531 2386 1597 ἦ
2421 1529 2648 1601 ἑτέρους
2683 1521 3019 1600 συκοῲαντῇ,
3055 1529 3268 1583 ἐκείνου
3325 1528 3387 1582 τὸ
3444 1526 3641 1596 ἐγκλη-

2063 1641 2158 1688 μα.
2205 1620 2444 1689 Ἀφελὼν
2470 1623 2580 1690 γάρ
2613 1640 2698 1685 τις
2727 1621 2822 1675 τοῦ
2871 1615 3190 1690 Πνεύματος
3233 1621 3296 1673 τὸ
3344 1620 3643 1690 ἀγέννητον

2065 1714 2259 1782 ἰδίωμα
2294 1714 2388 1768 τοῦ
2423 1715 2655 1784 Πατρὶς,
2683 1715 2842 1768 τοῦτο
2869 1715 2927 1767 δέ
2959 1717 3074 1767 ἑστι
3099 1715 3162 1767 τὸ
3203 1713 3443 1767 ἀναίτιον
3473 1706 3642 1774 εἶναι,

2062 1805 2224 1858 αὑτὸν
2253 1806 2309 1860 δὲ
2339 1805 2513 1860 αἴτιον
2551 1801 2827 1860 εἶναιτῶν
2887 1807 3063 1861 ἄλλων
3120 1805 3451 1876 προσώπων,
3489 1806 3646 1857 ποῖον

2067 1899 2148 1950 ἔτι
2179 1900 2540 1952 ὐποστατικὸν
2575 1900 2770 1969 ἰδίωμα
2805 1899 2899 1952 τοῦ
2951 1898 3162 1969 Πατρὸς
3203 1897 3352 1967 αὐτῷ
3397 1897 3646 1950 καταλεί-

2065 1989 2203 2058 ψεη
2254 1989 2486 2059 Ὁμοίως
2539 1991 2604 2044 ἄν
2643 2007 2728 2054 τις
2787 1990 2878 2043 τὸν
2928 1990 3059 2042 Υἰὺν
3113 1980 3249 2059 πρίλς
3308 1989 3370 2042 τὸ
3418 1987 3647 2056 Πνεῦμα

2070 2081 2400 2150 συγκρίνων,
2426 2083 2522 2135 καὶ
2563 2081 2738 2134 ταῦτα
2778 2081 2917 2148 μόνα
2946 2081 3083 2150 πρὸς
3120 2079 3325 2146 ἄλληλα
3357 2077 3648 2147 παραϐάλ-

2034 2182 2036 2184 ’
2069 2174 2295 2238 λων,τὺν
2322 2176 2450 2229 Υίζν
2481 2173 2700 2228 εἶναιτὸ
2730 2174 2960 2243 Πνεῦμα
2989 2175 3229 2244 ἀρνοῖτο,
3267 2173 3437 2226 τᾶλλα
3466 2171 3648 2226 πάντα

2069 2266 2211 2319 κατὰ
2232 2267 2324 2319 τὸν
2354 2267 2482 2320 Υἰὺν
2515 2265 2655 2321 εἶναι
2682 2265 2955 2320 πιστεύων
3001 2265 3137 2318 αὐτό
3163 2283 3177 2296 '
3211 2265 3356 2327 τίνος
3390 2263 3472 2316 ἔτι
3498 2262 3650 2332 αὐτῷ

2074 2359 2375 2428 μεταδώσει
2412 2358 2778 2412 ὐποστατικοῦ
2844 2357 3134 2426 ἰδιώματος
3171 2374 3184 2420 ;
3219 2355 3492 2426 πατρικοῦ
3547 2355 3650 2423 μὲν

2070 2454 2180 2519 γὰρ
2203 2450 2388 2504 οὐκᾶν
2423 2450 2866 2520 μεταδοίη.Οῦτε
2915 2452 3022 2518 γὰρ
3065 2448 3194 2518 περὶ
3237 2447 3450 2517 Πατρδς
3513 2441 3582 2517 ἦν
3623 2448 3654 2500 ὁ

2071 2543 2250 2613 λόγος,
2275 2544 2394 2598 οὐδέ
2428 2544 2566 2614 πρὸς
2596 2542 2788 2596 τοῦτον
2817 2544 2850 2613 ή
2877 2541 3165 2611 παραϐολή
3192 2555 3206 2570 ’
3259 2537 3387 2592 οὔτε
3444 2539 3542 2592 καὶ
3600 2539 3651 2590 εί

2073 2639 2209 2708 πρὸς
2238 2640 2428 2693 τοῦτον
2464 2634 2555 2710 ἦν,
2587 2638 2700 2692 οὐδ’
2728 2637 2903 2700 οὕτως
2943 2634 3094 2706 αὐτῷ
3123 2635 3275 2689 οὐδὲν
3304 2632 3505 2703 ἰδίωμα
3537 2632 3654 2684 λει-

2073 2735 2342 2804 φθήσεται
2370 2731 2466 2786 τοῦ
2499 2732 2738 2800 Πατρδς,
2771 2729 2911 2798 πλὴν
2945 2727 3039 2782 τοῦ
3100 2727 3228 2790 Υἱὸς
3279 2721 3440 2790 εἶναι,
3485 2724 3654 2779 τᾶλλα

2073 2827 2254 2878 πάντα
2292 2824 2434 2876 κατὰ
2473 2823 2564 2875 τὸν
2599 2822 2729 2876 Υἰὺν
2759 2821 2895 2886 ὄντι,
2924 2821 3019 2874 καὶ
3050 2817 3280 2888 αίτιατῷ
3310 2817 3406 2870 τοῦ
3443 2815 3654 2883 Πατρδς

2073 2919 2292 2978 πάντως
2314 2917 2389 2979 ὡς
2427 2916 2543 2976 Υἱὸς
2579 2914 2692 2968 ὄντι
2715 2929 2731 2946 ο
2761 2912 2900 2967 ἀλλὰ
2951 2911 3059 2982 μὴν
3098 2910 3220 2964 οὐδὲ
3270 2907 3469 2971 υἰικοῦ,
3506 2906 3656 2968 τίνος

2061 2979 2224 3081 .γὰ.ρ;
2268 3012 2428 3077 εἰπερ
2479 3006 2624 3060 τοῦτ’
2677 2991 2798 3060 ιστί
2861 2979 3104 3075 ’τῷ-Υίῷ
3147 2999 3527 3061 ὐποστατικδν,
3595 2999 3658 3052 τὸ

2075 3101 2217 3158 εἶναι
2248 3102 2372 3167 Υἱός
2397 3120 2411 3134 ο
2441 3103 2470 3156 ὃ
2501 3101 2810 3170 φοάσαντες
2865 3095 3214 3166 ἀφαιροῦμεν
3245 3091 3338 3147 τοῦ
3400 3091 3654 3158 Πνεῦμα-

390 3183 604 3238 tribuet
633 3201 646 3236 :
681 3185 855 3250 Quam
884 3189 1030 3243 enim
1053 3191 1076 3243 ?
1100 3191 1374 3260 siquidem
1408 3193 1524 3248 haec
1551 3203 1633 3248 est
1660 3195 1965 3264 proprietas

2078 3217 2180 3262 τος.
2214 3197 2356 3268 Πρὸς
2375 3197 2429 3248 δὲ
2463 3195 2523 3247 τὸ
2556 3196 2620 3247 ἐκ
2669 3192 2770 3261 τῆς
2811 3191 2998 3251 οὐσίας
3045 3187 3137 3241 τοῦ
3183 3186 3314 3240 Υίοῦ
3354 3185 3657 3247 ἀκούοντας

394 3276 742 3348 liypostatica
776 3278 925 3344 Filii,
989 3291 1047 3336 ut
1080 3283 1150 3337 sit
1180 3282 1372 3339 Filius.
1429 3287 1600 3350 Quam
1655 3287 1878 3356 quidem
1938 3305 1968 3342 a

380 3366 601 3436 'Spiritn
651 3371 1058 3438 przevenientes
1112 3374 1444 3443 excipimus.
1506 3375 1585 3429 Ad
1618 3377 1752 3430 illud
1785 3387 1968 3430 autem

393 3475 521 3513 cum
555 3462 835 3527 audimus,
893 3479 957 3518 ex
987 3465 1299 3521 substantia
1331 3483 1452 3522 esse
1522 3466 1668 3533 Filii,
1728 3485 1790 3523 ex
1825 3470 1975 3524 illius

379 3566 628 3621 .quoque-
648 3569 885 3624 persona
916 3557 1252 3626 intelligere,
1284 3575 1392 3612 non
1422 3575 1544 3615 esse
1579 3561 1802 3626 mirum,
1839 3562 1973 3617 satis

394 3655 561 3698 antea
591 3645 805 3700 dictum
841 3655 947 3702 est.
983 3647 1142 3714 Quod
1169 3664 1300 3704 vero
1329 3651 1409 3705 ait
1453 3668 1662 3722 magnae
1692 3668 1817 3708 esse
1878 3655 1974 3708 de-

394 3737 618 3793 mentia:
674 3754 788 3794 non
839 3737 1308 3808 animadvertere,
1377 3745 1525 3814 quod
1576 3761 1700 3800 cum
1734 3747 1975 3816 Spiritus

401 3828 587 3884 Patris
611 3845 755 3897 esse,
789 3840 844 3887 et
872 3847 940 3887 ex
976 3832 1138 3890 Patre
1184 3833 1424 3902 dicatur,
1451 3835 1548 3906 qui
1611 3834 1828 3891 Patrem
1855 3853 1976 3894 esse

345 3936 353 3945 '
397 3921 600 3979 Filium
629 3935 853 3996 negant,
885 3929 1048 3984 simul
1071 3930 1234 3985 etiam
1291 3941 1492 4002 negant
1525 3916 1644 4002 ipsi
1685 3947 1976 3989 commune

397 4031 522 4073 esse
557 4034 682 4073 cum
706 4019 866 4075 Patre
885 4021 1194 4088 producere
1222 4023 1527 4088 ;-l'ortassis
1554 4025 1640 4080 vel
1669 4025 1836 4085 etiam
1868 4025 1976 4082 sibi

306 4171 311 4178 ,
395 4113 660 4181 aequalem
675 4115 971 4170 amentiam
990 4116 1202 4188 objicit,
1223 4115 1410 4174 forsan
1427 4118 1594 4173 etiam
1610 4126 1675 4173 et
1688 4119 1976 4190 majorem,

397 4219 512 4272 quo
545 4204 860 4276 intelligens
884 4207 1305 4274 absurditatem,
1331 4218 1514 4274 tamen
1546 4224 1665 4262 eam
1695 4209 1977 4266 admittit:

397 4307 715 4370 propterea,
754 4298 902 4377 quod
935 4300 1180 4369 Spiritus
1212 4297 1336 4365 Filii
1370 4301 1612 4371 Spiritus
1659 4316 1780 4358 esse
1822 4301 1977 4357 dica-

397 4399 512 4455 tur.
547 4390 604 4444 Si
640 4390 788 4449 enim
820 4390 1062 4461 Spiritus
1096 4392 1252 4463 juxta
1287 4408 1442 4448 suam
1474 4393 1807 4448 sententiam
1871 4393 1976 4448 Pa-

395 4479 523 4547 tris,
557 4490 614 4536 et
675 4497 742 4536 ex
769 4482 932 4538 Patre
984 4485 1109 4540 esse
1149 4483 1376 4548 dicitur,
1441 4485 1535 4554 qui
1586 4485 1800 4540 Patrem
1855 4499 1978 4540 esse

397 4569 600 4634 Filium
631 4583 854 4643 negant,
891 4589 994 4629 non
1037 4581 1251 4628 tantum
1288 4573 1453 4629 simul
1487 4586 1689 4645 negant
1720 4589 1972 4630 commu-

398 4675 528 4721 nem
578 4677 700 4716 esse
757 4661 897 4718 Filio
963 4681 1090 4719 cum
1146 4663 1307 4721 Patre
1338 4667 1445 4721 vim
1484 4667 1845 4736 producendi,
1879 4667 1974 4724 sed

395 4753 566 4807 etiam
591 4764 788 4825 negant
817 4756 1082 4826 Spiritum
1113 4760 1222 4814 diri
1241 4759 1279 4814 F
1286 4760 1385 4814 illi.
1427 4759 1520 4816 Vel
1547 4761 1591 4814 si
1623 4761 1765 4815 lianc
1795 4776 1983 4815 amen-

403 4846 539 4900 tiam
572 4847 746 4903 vitare
785 4851 1046 4919 voluerit,
1086 4853 1142 4908 in
1170 4854 1330 4908 aliam
1393 4855 1553 4923 longe
1594 4855 1858 4923 majorem
1891 4855 1979 4910 in-

2072 3293 2137 3343 ἐκ
2165 3290 2264 3357 τῆς
2296 3281 2648 3346 ὑποστάσεως
2675 3281 2838 3337 αὐτοῦ
2865 3284 3004 3334 νοεῖν
3035 3280 3110 3349 μὴ
3138 3277 3449 3345 Θαυμαστὸν
3494 3271 3654 3339 εἰναι,

2074 3382 2276 3444 ἱκανῶς
2304 3381 2522 3451 εἴρηται
2563 3379 2852 3450 πρότερον.
2898 3376 2956 3426 '0
2989 3373 3045 3426 δὲ
3095 3373 3190 3425 καὶ
3231 3369 3432 3438 πολλῆς
3464 3367 3659 3430 ἀνοίας

2072 3473 2212 3528 εἶναι
2245 3491 2380 3544 φησι
2402 3473 2462 3526 τὸ
2490 3471 2564 3542 μὴ
2602 3469 2860 3539 συνορᾷν,
2895 3466 2972 3530 ὡς
3018 3464 3143 3518 ἐπεὶ
3188 3461 3400 3532 Πατρδς
3467 3462 3558 3513 καὶ
3594 3459 3661 3514 ὲκ

2075 3565 2289 3635 Πατρδς
2320 3564 2540 3632 λέγεται
2579 3561 2640 3615 τὸ
2692 3558 2942 3629 Πνεῦμα,
2995 3559 3045 3614 οἱ
3102 3555 3325 3626 Πατέρα
3376 3549 3522 3606 εἶναι
3565 3551 3660 3624 τὸνΙ

2075 3661 2204 3713 Υίδν
2231 3655 2668 3726 ἀπαγορεύοντες
2703 3650 3219 3722 συναπαγορεύουσι
3248 3650 3341 3704 καὶ
3393 3649 3492 3720 τὴν
3519 3648 3663 3703 κατὰ

2074 3756 2135 3806 τὸ
2171 3752 2504 3822 προϐάλλειν
2529 3748 2610 3817 τῷ
2641 3747 2752 3816 Υίῷ
2786 3745 3076 3799 κοινωνίαν
3109 3743 3248 3812 πρὸς
3271 3744 3365 3796 τὸν
3412 3741 3660 3810 Πατέρα,
3741 3812 3750 3823 .

2079 3843 2267 3911 ἰσωςῆ
2305 3842 2400 3894 καὶ
2426 3837 2606 3908 ἑαυτῷ
2643 3837 2743 3908 τὴν
2771 3837 2896 3906 ἴσην
2956 3834 3209 3903 ἐγκαλῶν
3257 3834 3465 3897 ἄνοιαν,
3516 3831 3663 3902 τάχα

2077 3936 2135 3988 δὲ
2177 3934 2274 3986 καὶ
2324 3930 2576 4002 μείζονα,
2623 3930 2749 3984 ὅσον
2807 3926 3013 3992 συνιεὶς
3065 3927 3127 3980 τὸ
3186 3925 3390 3980 ἄτοπον
3443 3925 3663 3998 δέχεται

2078 4031 2253 4098 ὅμως,
2283 4028 2370 4082 διὰ
2416 4027 2478 4080 τὸ
2510 4023 2740 4095 Πνεῦμα
2790 4021 3020 4092 Πνεῦμα
3079 4020 3338 4091 λέγεσθαι
3409 4020 3564 4077 Υἰοῦ.
3601 4019 3663 4084 Εἰ

2077 4120 2186 4190 γὰρ
2215 4117 2425 4186 Πατρὸς
2459 4116 2551 4170 καὶ
2585 4117 2650 4168 ὲκ
2710 4110 2928 4183 Πατρδς
2974 4110 3096 4164 κατ’
3145 4108 3308 4164 αὐτὸν
3357 4107 3576 4176 λέγεται
3600 4107 3667 4163 τὸ

2080 4209 2327 4280 Πνεῦμα.
2362 4208 2411 4275 oi
2435 4206 2656 4276 Πατέρα
2701 4199 2844 4262 εἶναι
2895 4203 2989 4254 τὸν
3034 4200 3162 4256 Υίδν
3217 4200 3664 4270 ἀπαγορεύοντες

2079 4307 2141 4360 οὐ
2168 4305 2268 4375 τὴν
2289 4303 2434 4356 κατά
2466 4301 2526 4352 τὸ
2564 4297 2892 4369 προϐάλλειν
2911 4295 2989 4365 τῷ
3017 4295 3132 4365 Υίῷ
3161 4293 3297 4365 πρὸς
3318 4293 3409 4346 τὸν
3441 4290 3663 4384 Πατέρα

2081 4396 2370 4454 κοινωνίαν
2422 4389 2936 4458 συναπαγορεύουσι
3000 4387 3198 4456 μόνον,
3255 4385 3392 4438 ἀλλὰ
3450 4385 3545 4436 καὶ
3604 4387 3667 4436 τὸ

2084 4487 2313 4557 Πνεῦμα
2368 4483 2501 4552 Υἰοῦ
2553 4481 2833 4550 λέγεσθαι.
2901 4479 2968 4534 Ἢ
3026 4477 3232 4547 ταύτην
3287 4476 3507 4544 φεύγων
3564 4473 3668 4544 τὴν

2084 4583 2290 4642 ἄνοιαν,
2321 4577 2403 4638 εἰς
2437 4576 2633 4646 ἑτέραν
2673 4572 2848 4643 πολλῷ
2903 4571 3130 4642 μείζονα
3177 4571 3523 4639 ἐμπεσεῖται,
3589 4568 3668 4636 μὴ

2085 4672 2290 4739 λέγειν.
2315 4668 2448 4739 μηδὲ
2498 4667 2714 4734 φρονεῖν
2741 4668 2804 4719 τὸ
2852 4664 3076 4733 Πνεῦμα
3123 4662 3347 4734 Πνεῦμα
3381 4660 3535 4715 Υἰοῦ.
3558 4661 3670 4714 Καὶ

2087 4762 2258 4825 οὕτως
2291 4761 2479 4831 ἁπάσῃ
2497 4757 2688 4830 Γραφῇ
2723 4759 2983 4812 τάναντία
3006 4760 3142 4827 ἐρεῖ.
3184 4756 3340 4810 Οῦτω
3364 4757 3454 4809 καὶ
3473 4755 3670 4817 οῦτοςὸ

2089 4854 2245 4921 λῆγος
2281 4851 2603 4922 ὶλήλεγκται
2642 4851 2776 4904 πολύ
2824 4850 2886 4902 τὸ
2920 4850 3281 4903 ἀνεπίστατον
3327 4849 3666 4916 περιφέρων.

305 4999 320 5014 ,
403 4940 583 5006 cidet;
637 4949 849 4996 utnon
883 4943 1027 4999 dicat
1065 4961 1245 5016 neque
1272 4948 1474 5002 sentiat
1520 4947 1785 5018 Spiritum
1819 4961 1939 5003 esse
1981 4945 2099 5001 Filii
2141 4947 2435 5015 Spiritum.
2469 4945 2643 5014 Atque
2701 4944 2775 4997 ita
2807 4942 3095 4996 allirmahit
3127 4959 3189 4996 ea
3217 4958 3337 5011 qum
3363 4941 3459 4994 toti
3500 4940 3656 4994 Scri-

399 5044 578 5114 ptura:
608 5050 776 5091 sacrae
803 5042 1080 5096 contraria
1121 5041 1249 5097 sint.
1283 5043 1439 5098 llunc
1473 5045 1526 5102 in
1567 5041 1790 5104 modum
1833 5042 1989 5098 istam
2021 5056 2240 5114 quoque
2274 5039 2539 5095 rationem
2566 5037 2988 5099 confutavimus,
3028 5052 3152 5090 Cllill
3191 5036 3423 5088 nmltum
3461 5034 3658 5088 incon-

407 5133 722 5189 siderantiae
763 5135 818 5190 in
854 5151 912 5193 se
942 5139 1236 5195 contineat.

927 5282 1071 5338 Vacci
1120 5286 1172 5338 in
1215 5285 1498 5341 decimam.

481 5403 809 5468 Praesentes,
868 5414 1007 5471 quas
1067 5401 1259 5457 Patres
1313 5401 1522 5470 scripto
1597 5400 1984 5472 prodiderunt,

405 5495 737 5561 sententias,
771 5494 828 5549 in
874 5491 1077 5563 quibus
1105 5491 1411 5564 theologica
1482 5505 1846 5550 asseruerunt
1899 5495 1987 5549 Fi-

407 5586 547 5648 lium
583 5601 705 5642 esse
728 5584 1015 5656 proprium
1068 5585 1273 5652 Patris,
1331 5594 1546 5655 utpote,
1569 5587 1663 5656 qui
1705 5602 1771 5641 ex
1813 5586 1990 5655 ipsius

407 5679 656 5733 essentia
683 5678 775 5744 sit,
801 5687 858 5732 et
877 5694 942 5735 ex
974 5679 1097 5750 ipso
1121 5694 1271 5746 esse,
1299 5679 1502 5749 quippe
1532 5679 1790 5748 proprius
1818 5679 1990 5748 ipsius

409 5769 674 5824 essentia:
697 5771 950 5838 exsistat,
1007 5771 1097 5826 hic
1145 5772 1514 5844 subiecimus;
1551 5782 1611 5826 ut
1637 5771 1782 5826 hinc.
1829 5771 1989 5825 liceat

313 5915 324 5921 -
415 5859 626 5920 a'olenti
701 5875 995 5932 agnoscere
1057 5864 1346 5939 Spiritum,
1376 5863 1446 5920 ob
1478 5879 1602 5920 cam
1635 5879 1854 5922 causam
1880 5863 1989 5921 dici

2487 5279 2601 5334 Του
2633 5277 2863 5333 Βέκκου
2909 5281 2995 5342 εὶς
3025 5278 3139 5345 τὴν
3193 5277 3246 5332 ι’.

2166 5399 2233 5452 Αἱ
2258 5377 2531 5467 παροῦσαι
2560 5394 2836 5466 γραφικαὶ
2864 5393 3074 5464 ῥήσεις,
3105 5395 3163 5445 ὲν
3203 5387 3292 5457 αἷς
3319 5394 3369 5447 οἱ
3435 5395 3680 5466 Πατέρες

2096 5491 2460 5560 ὲοεολόγησαν
2487 5489 2621 5543 ίδιον
2645 5486 2738 5554 τοῦ
2766 5486 2979 5554 Πατρδς
3002 5486 3091 5539 τὸν
3115 5487 3245 5539 Υἰὸν
3291 5483 3455 5554 εῖναι,
3488 5487 3563 5551 ὼς
3614 5490 3681 5542 ἐκ

2097 5585 2196 5654 τῆς
2221 5582 2414 5646 οὐσίας
2451 5580 2620 5636 αὐτοῦ
2649 5580 2801 5645 ὄντα,
2837 5581 2930 5632 καὶ
2967 5580 3028 5645 ἐξ
3057 5580 3240 5633 αὐτοῦ
3265 5575 3407 5635 εἶναι
3445 5581 3519 5644 ὼς
3550 5581 3682 5634 ίδιον

2099 5677 2229 5730 ὄντα
2280 5676 2379 5746 τῆς
2428 5675 2617 5738 οὐσίας
2682 5672 2872 5739 αὐτοῦ,
2935 5674 3394 5745 κατεστρώθησαν
3443 5674 3681 5728 ἐνταῦοα

2103 5770 2168 5823 ἵν’
2227 5769 2314 5838 εἴη
2357 5769 2433 5838 τῷ
2485 5767 2796 5839 βουλομένῳ
2857 5767 3108 5821 ἐντεῦθεν
3151 5769 3557 5836 διαγινώσκειν,
3603 5767 3678 5834 ὡς

2103 5867 2196 5922 καὶ
2225 5865 2285 5922 τὸ
2333 5862 2558 5936 Πνεῦμα
2604 5861 2692 5920 διὰ
2736 5861 2894 5916 τοῦτο
2945 5863 3075 5918 ίδιον
3122 5861 3214 5918 τοῦ
3273 5862 3401 5917 Υίοῦ
3463 5863 3682 5934 λέγεται
