  <div class='ocr_page' id='page_1' title='image "/cluster/home/n/w/nwhite01/storage/ocr_20150623/161/coo.31924054870666/228.png"; bbox 0 0 4124 6420; ppageno 0'>
   <div class='ocr_carea' id='block_1_1' title="bbox 391 417 496 487">
    <p class='ocr_par' dir='ltr' id='par_1_1' title="bbox 391 417 496 487">
     <span class='ocr_line' id='line_1_1' title="bbox 391 417 496 487; baseline -0.029 0"><span class='ocrx_word' id='word_1_1' title='bbox 391 417 496 487; x_wconf 69' lang='grc' dir='ltr'><strong>2η</strong></span> 
     </span>
    </p>
   </div>
   <div class='ocr_carea' id='block_1_2' title="bbox 1363 406 2700 472">
    <p class='ocr_par' dir='ltr' id='par_1_2' title="bbox 1363 406 2700 472">
     <span class='ocr_line' id='line_1_2' title="bbox 1363 406 2700 472; baseline -0.004 0"><span class='ocrx_word' id='word_1_2' title='bbox 1363 411 1747 472; x_wconf 75' lang='lat' dir='ltr'><strong>APOLOGIA</strong></span> <span class='ocrx_word' id='word_1_3' title='bbox 1789 406 2414 468; x_wconf 71' lang='lat' dir='ltr'><strong>INSCRIPTIONUM</strong></span> <span class='ocrx_word' id='word_1_4' title='bbox 2464 407 2700 471; x_wconf 73' lang='lat' dir='ltr'><strong>VECCI.</strong></span> 
     </span>
    </p>
   </div>
   <div class='ocr_carea' id='block_1_3' title="bbox 3565 396 3684 462">
    <p class='ocr_par' dir='ltr' id='par_1_3' title="bbox 3565 396 3684 462">
     <span class='ocr_line' id='line_1_3' title="bbox 3565 396 3684 462; baseline 0 -2"><span class='ocrx_word' id='word_1_5' title='bbox 3565 399 3632 462; x_wconf 69' lang='lat'><strong>2-7</strong></span> <span class='ocrx_word' id='word_1_6' title='bbox 3641 396 3684 460; x_wconf 80' lang='grc'>8.</span> 
     </span>
    </p>
   </div>
   <div class='ocr_carea' id='block_1_4' title="bbox 399 515 2020 598">
    <p class='ocr_par' dir='ltr' id='par_1_4' title="bbox 399 520 2020 598">
     <span class='ocr_line' id='line_1_4' title="bbox 399 520 2020 598; baseline -0.006 -9"><span class='ocrx_word' id='word_1_7' title='bbox 399 533 560 598; x_wconf 70' lang='grc' dir='ltr'>εἶναι,</span> <span class='ocrx_word' id='word_1_8' title='bbox 585 531 673 585; x_wconf 71' lang='grc' dir='ltr'><strong>διὰ</strong></span> <span class='ocrx_word' id='word_1_9' title='bbox 702 529 760 584; x_wconf 70' lang='grc' dir='ltr'>τὸ</span> <span class='ocrx_word' id='word_1_10' title='bbox 796 531 857 582; x_wconf 78' lang='grc' dir='ltr'>ἐκ</span> <span class='ocrx_word' id='word_1_11' title='bbox 880 531 976 597; x_wconf 78' lang='grc' dir='ltr'>τῆς</span> <span class='ocrx_word' id='word_1_12' title='bbox 1005 527 1190 590; x_wconf 73' lang='grc' dir='ltr'>οὐσίας</span> <span class='ocrx_word' id='word_1_13' title='bbox 1223 527 1387 580; x_wconf 78' lang='grc' dir='ltr'>αὐτοῦ</span> <span class='ocrx_word' id='word_1_14' title='bbox 1420 523 1580 579; x_wconf 72' lang='grc' dir='ltr'>εἶναι.</span> <span class='ocrx_word' id='word_1_15' title='bbox 1633 527 1742 579; x_wconf 69' lang='grc' dir='ltr'>Καὶ</span> <span class='ocrx_word' id='word_1_16' title='bbox 1770 520 1836 578; x_wconf 76' lang='grc' dir='ltr'><strong>αὖ</strong></span> <span class='ocrx_word' id='word_1_17' title='bbox 1897 523 1984 576; x_wconf 69' lang='grc' dir='ltr'>διὰ</span> <span class='ocrx_word' id='word_1_18' title='bbox 2015 566 2020 579; x_wconf 81' lang='grc'><em>.</em></span> 
     </span>
    </p>
   </div>
   <div class='ocr_carea' id='block_1_5' title="bbox 2124 515 3676 598">
    <p class='ocr_par' dir='ltr' id='par_1_5' title="bbox 2131 515 3676 592">
     <span class='ocr_line' id='line_1_5' title="bbox 2131 515 3676 592; baseline -0.007 -15"><span class='ocrx_word' id='word_1_19' title='bbox 2131 525 2373 592; x_wconf 82' lang='lat' dir='ltr'><strong>roprium</strong></span> <span class='ocrx_word' id='word_1_20' title='bbox 2400 539 2520 578; x_wconf 89' lang='lat' dir='ltr'><strong>esse</strong></span> <span class='ocrx_word' id='word_1_21' title='bbox 2546 521 2693 582; x_wconf 88' lang='lat' dir='ltr'><strong>Filii,</strong></span> <span class='ocrx_word' id='word_1_22' title='bbox 2721 529 3008 590; x_wconf 84' lang='lat' dir='ltr'><strong>propterea</strong></span> <span class='ocrx_word' id='word_1_23' title='bbox 3035 517 3182 588; x_wconf 91' lang='lat' dir='ltr'><strong>quod</strong></span> <span class='ocrx_word' id='word_1_24' title='bbox 3206 517 3274 572; x_wconf 89' lang='lat' dir='ltr'><strong>ab</strong></span> <span class='ocrx_word' id='word_1_25' title='bbox 3293 515 3464 586; x_wconf 88' lang='lat' dir='ltr'><strong>ipsius</strong></span> <span class='ocrx_word' id='word_1_26' title='bbox 3487 528 3676 568; x_wconf 87' lang='lat' dir='ltr'><strong>essen-</strong></span> 
     </span>
    </p>
   </div>
   <div class='ocr_carea' id='block_1_6' title="bbox 397 616 1990 693">
    <p class='ocr_par' dir='ltr' id='par_1_6' title="bbox 397 616 1990 693">
     <span class='ocr_line' id='line_1_6' title="bbox 397 616 1990 693; baseline -0.006 -13"><span class='ocrx_word' id='word_1_27' title='bbox 397 627 560 682; x_wconf 85' lang='grc' dir='ltr'>τοῦτο</span> <span class='ocrx_word' id='word_1_28' title='bbox 591 629 656 679; x_wconf 86' lang='grc' dir='ltr'>ὲκ</span> <span class='ocrx_word' id='word_1_29' title='bbox 705 623 802 693; x_wconf 74' lang='grc' dir='ltr'>τῆς</span> <span class='ocrx_word' id='word_1_30' title='bbox 832 624 1044 686; x_wconf 78' lang='grc' dir='ltr'>οὐσίας’</span> <span class='ocrx_word' id='word_1_31' title='bbox 1089 621 1182 674; x_wconf 83' lang='grc' dir='ltr'><strong>τοῦ</strong></span> <span class='ocrx_word' id='word_1_32' title='bbox 1237 621 1366 673; x_wconf 81' lang='grc' dir='ltr'>Υἱοί</span> <span class='ocrx_word' id='word_1_33' title='bbox 1414 621 1634 686; x_wconf 77' lang='grc' dir='ltr'>λέγεται</span> <span class='ocrx_word' id='word_1_34' title='bbox 1683 616 1847 686; x_wconf 75' lang='grc' dir='ltr'>εἶναι,</span> <span class='ocrx_word' id='word_1_35' title='bbox 1901 617 1990 670; x_wconf 73' lang='grc' dir='ltr'><strong>διὰ</strong></span> 
     </span>
    </p>
   </div>
   <div class='ocr_carea' id='block_1_7' title="bbox 401 705 1988 782">
    <p class='ocr_par' dir='ltr' id='par_1_7' title="bbox 401 705 1988 782">
     <span class='ocr_line' id='line_1_7' title="bbox 401 705 1988 782; baseline -0.006 -10"><span class='ocrx_word' id='word_1_36' title='bbox 401 718 463 772; x_wconf 66' lang='grc' dir='ltr'>τὸ</span> <span class='ocrx_word' id='word_1_37' title='bbox 501 719 601 780; x_wconf 75' lang='grc' dir='ltr'>τῆς</span> <span class='ocrx_word' id='word_1_38' title='bbox 649 714 908 782; x_wconf 75' lang='grc' dir='ltr'><strong>τοιαύτης</strong></span> <span class='ocrx_word' id='word_1_39' title='bbox 955 714 1144 776; x_wconf 81' lang='grc' dir='ltr'>οὐσίας</span> <span class='ocrx_word' id='word_1_40' title='bbox 1197 711 1327 764; x_wconf 78' lang='grc' dir='ltr'>ἴδιον</span> <span class='ocrx_word' id='word_1_41' title='bbox 1377 713 1582 779; x_wconf 69' lang='grc' dir='ltr'>ἀγαθὸν</span> <span class='ocrx_word' id='word_1_42' title='bbox 1641 705 1780 763; x_wconf 76' lang='grc' dir='ltr'>εἶναι</span> <span class='ocrx_word' id='word_1_43' title='bbox 1834 709 1988 762; x_wconf 82' lang='grc' dir='ltr'>αὐτό.</span> 
     </span>
    </p>
   </div>
   <div class='ocr_carea' id='block_1_8' title="bbox 405 801 1995 878">
    <p class='ocr_par' dir='ltr' id='par_1_8' title="bbox 405 801 1995 878">
     <span class='ocr_line' id='line_1_8' title="bbox 405 801 1995 878; baseline -0.008 -13"><span class='ocrx_word' id='word_1_44' title='bbox 405 812 588 872; x_wconf 86' lang='grc' dir='ltr'><strong>Ὅπερ</strong></span> <span class='ocrx_word' id='word_1_45' title='bbox 627 809 882 878; x_wconf 77' lang='grc' dir='ltr'><strong>ἐμφαίνει</strong></span> <span class='ocrx_word' id='word_1_46' title='bbox 913 808 1008 860; x_wconf 70' lang='grc' dir='ltr'>καὶ</span> <span class='ocrx_word' id='word_1_47' title='bbox 1042 807 1143 876; x_wconf 83' lang='grc' dir='ltr'><strong>τὴν</strong></span> <span class='ocrx_word' id='word_1_48' title='bbox 1184 805 1320 874; x_wconf 69' lang='grc' dir='ltr'>πρὸς</span> <span class='ocrx_word' id='word_1_49' title='bbox 1367 805 1457 858; x_wconf 67' lang='grc' dir='ltr'><strong>τὸν</strong></span> <span class='ocrx_word' id='word_1_50' title='bbox 1509 803 1656 856; x_wconf 77' lang='grc' dir='ltr'>Υἰὸν’</span> <span class='ocrx_word' id='word_1_51' title='bbox 1688 801 1780 855; x_wconf 76' lang='grc' dir='ltr'><strong>τοῦ</strong></span> <span class='ocrx_word' id='word_1_52' title='bbox 1829 801 1995 855; x_wconf 84' lang='grc' dir='ltr'>Πνεύ-</span> 
     </span>
    </p>
   </div>
   <div class='ocr_carea' id='block_1_9' title="bbox 406 885 1992 972">
    <p class='ocr_par' dir='ltr' id='par_1_9' title="bbox 406 885 1992 972">
     <span class='ocr_line' id='line_1_9' title="bbox 406 885 1992 972; baseline -0.008 -16"><span class='ocrx_word' id='word_1_53' title='bbox 406 919 574 972; x_wconf 72' lang='grc' dir='ltr'>ματος</span> <span class='ocrx_word' id='word_1_54' title='bbox 607 899 1027 969; x_wconf 80' lang='grc' dir='ltr'>ὁμοουσιὸτητα.</span> <span class='ocrx_word' id='word_1_55' title='bbox 1053 885 1124 951; x_wconf 72' lang='grc' dir='ltr'><strong>ΔΕί</strong></span> <span class='ocrx_word' id='word_1_56' title='bbox 1158 898 1267 968; x_wconf 71' lang='grc' dir='ltr'><strong>γὰρ</strong></span> <span class='ocrx_word' id='word_1_57' title='bbox 1295 897 1417 950; x_wconf 87' lang='grc' dir='ltr'>κατ’</span> <span class='ocrx_word' id='word_1_58' title='bbox 1443 895 1602 948; x_wconf 73' lang='grc' dir='ltr'>ἄλλον</span> <span class='ocrx_word' id='word_1_59' title='bbox 1647 895 1768 946; x_wconf 75' lang='grc' dir='ltr'>τινὰ</span> <span class='ocrx_word' id='word_1_60' title='bbox 1834 893 1992 958; x_wconf 80' lang='grc' dir='ltr'>λόγον</span> 
     </span>
    </p>
   </div>
   <div class='ocr_carea' id='block_1_10' title="bbox 403 986 1994 1065">
    <p class='ocr_par' dir='ltr' id='par_1_10' title="bbox 403 986 1994 1065">
     <span class='ocr_line' id='line_1_10' title="bbox 403 986 1994 1065; baseline -0.007 -19"><span class='ocrx_word' id='word_1_61' title='bbox 403 992 844 1062; x_wconf 68' lang='grc' dir='ltr'>ὁμοτυσιότητος,</span> <span class='ocrx_word' id='word_1_62' title='bbox 899 989 1085 1048; x_wconf 72' lang='grc' dir='ltr'>ὁποῖός</span> <span class='ocrx_word' id='word_1_63' title='bbox 1120 991 1266 1042; x_wconf 79' lang='grc' dir='ltr'>ἐστιν</span> <span class='ocrx_word' id='word_1_64' title='bbox 1297 992 1324 1040; x_wconf 79' lang='grc' dir='ltr'>ὁ</span> <span class='ocrx_word' id='word_1_65' title='bbox 1373 987 1499 1055; x_wconf 67' lang='grc' dir='ltr'>περὶ</span> <span class='ocrx_word' id='word_1_66' title='bbox 1534 986 1628 1038; x_wconf 82' lang='grc' dir='ltr'><strong>δύο</strong></span> <span class='ocrx_word' id='word_1_67' title='bbox 1655 986 1832 1065; x_wconf 48' lang='grc' dir='ltr'>,τινῶν</span> <span class='ocrx_word' id='word_1_68' title='bbox 1862 986 1994 1052; x_wconf 82' lang='grc' dir='ltr'>ὁμο-</span> 
     </span>
    </p>
   </div>
   <div class='ocr_carea' id='block_1_11' title="bbox 405 1075 1991 1152">
    <p class='ocr_par' dir='ltr' id='par_1_11' title="bbox 405 1075 1991 1152">
     <span class='ocr_line' id='line_1_11' title="bbox 405 1075 1991 1152; baseline -0.006 -15"><span class='ocrx_word' id='word_1_69' title='bbox 405 1085 602 1137; x_wconf 82' lang='grc' dir='ltr'>ουσίων</span> <span class='ocrx_word' id='word_1_70' title='bbox 631 1083 945 1152; x_wconf 73' lang='grc' dir='ltr'>λεγόμενος,</span> <span class='ocrx_word' id='word_1_71' title='bbox 976 1083 1032 1134; x_wconf 81' lang='grc' dir='ltr'>ὲν</span> <span class='ocrx_word' id='word_1_72' title='bbox 1055 1076 1137 1144; x_wconf 74' lang='grc' dir='ltr'>οἷς</span> <span class='ocrx_word' id='word_1_73' title='bbox 1169 1083 1268 1133; x_wconf 71' lang='grc' dir='ltr'><strong>οὐκ</strong></span> <span class='ocrx_word' id='word_1_74' title='bbox 1307 1080 1424 1133; x_wconf 75' lang='grc' dir='ltr'>ἔστι</span> <span class='ocrx_word' id='word_1_75' title='bbox 1451 1078 1540 1132; x_wconf 70' lang='grc' dir='ltr'><strong>διὰ</strong></span> <span class='ocrx_word' id='word_1_76' title='bbox 1563 1077 1658 1131; x_wconf 90' lang='grc' dir='ltr'><strong>τοῦ</strong></span> <span class='ocrx_word' id='word_1_77' title='bbox 1705 1076 1894 1146; x_wconf 78' lang='grc' dir='ltr'>ἐτέρου</span> <span class='ocrx_word' id='word_1_78' title='bbox 1932 1075 1991 1128; x_wconf 81' lang='grc' dir='ltr'><strong>τὸ</strong></span> 
     </span>
    </p>
   </div>
   <div class='ocr_carea' id='block_1_12' title="bbox 405 1169 1992 1246">
    <p class='ocr_par' dir='ltr' id='par_1_12' title="bbox 405 1169 1992 1246">
     <span class='ocr_line' id='line_1_12' title="bbox 405 1169 1992 1246; baseline -0.005 -17"><span class='ocrx_word' id='word_1_79' title='bbox 405 1177 613 1246; x_wconf 79' lang='grc' dir='ltr'>ἕτερον,</span> <span class='ocrx_word' id='word_1_80' title='bbox 654 1173 721 1244; x_wconf 78' lang='grc' dir='ltr'><strong>ἦν</strong></span> <span class='ocrx_word' id='word_1_81' title='bbox 752 1177 816 1229; x_wconf 72' lang='grc' dir='ltr'><strong>ἂν</strong></span> <span class='ocrx_word' id='word_1_82' title='bbox 842 1174 900 1228; x_wconf 80' lang='grc' dir='ltr'>τὸ</span> <span class='ocrx_word' id='word_1_83' title='bbox 923 1173 1148 1244; x_wconf 79' lang='grc' dir='ltr'><strong>Πνεῦμα</strong></span> <span class='ocrx_word' id='word_1_84' title='bbox 1186 1175 1318 1227; x_wconf 71' lang='grc' dir='ltr'>ἴδιον</span> <span class='ocrx_word' id='word_1_85' title='bbox 1348 1174 1443 1226; x_wconf 87' lang='grc' dir='ltr'><strong>τοῦ</strong></span> <span class='ocrx_word' id='word_1_86' title='bbox 1483 1171 1614 1224; x_wconf 84' lang='grc' dir='ltr'>Υἱοῦ</span> <span class='ocrx_word' id='word_1_87' title='bbox 1648 1172 1740 1224; x_wconf 73' lang='grc' dir='ltr'>καὶ</span> <span class='ocrx_word' id='word_1_88' title='bbox 1776 1172 1840 1223; x_wconf 80' lang='grc' dir='ltr'>ὲκ</span> <span class='ocrx_word' id='word_1_89' title='bbox 1893 1169 1992 1236; x_wconf 86' lang='grc' dir='ltr'>τῆς</span> 
     </span>
    </p>
   </div>
   <div class='ocr_carea' id='block_1_13' title="bbox 407 1262 1995 1338">
    <p class='ocr_par' dir='ltr' id='par_1_13' title="bbox 407 1262 1995 1338">
     <span class='ocr_line' id='line_1_13' title="bbox 407 1262 1995 1338; baseline -0.006 -15"><span class='ocrx_word' id='word_1_90' title='bbox 407 1271 597 1332; x_wconf 84' lang='grc' dir='ltr'>οὐσίας</span> <span class='ocrx_word' id='word_1_91' title='bbox 619 1269 714 1322; x_wconf 89' lang='grc' dir='ltr'><strong>τοῦ</strong></span> <span class='ocrx_word' id='word_1_92' title='bbox 751 1269 904 1335; x_wconf 83' lang='grc' dir='ltr'>Υίοῦ,</span> <span class='ocrx_word' id='word_1_93' title='bbox 934 1264 1002 1338; x_wconf 82' lang='grc' dir='ltr'>ἦν</span> <span class='ocrx_word' id='word_1_94' title='bbox 1045 1267 1111 1322; x_wconf 83' lang='grc' dir='ltr'>ἂν</span> <span class='ocrx_word' id='word_1_95' title='bbox 1142 1268 1235 1320; x_wconf 73' lang='grc' dir='ltr'>καὶ</span> <span class='ocrx_word' id='word_1_96' title='bbox 1268 1268 1295 1318; x_wconf 78' lang='grc' dir='ltr'>ὁ</span> <span class='ocrx_word' id='word_1_97' title='bbox 1323 1266 1451 1328; x_wconf 77' lang='grc' dir='ltr'>Υἱὸς</span> <span class='ocrx_word' id='word_1_98' title='bbox 1493 1263 1622 1326; x_wconf 70' lang='grc' dir='ltr'>ἴδιος</span> <span class='ocrx_word' id='word_1_99' title='bbox 1673 1264 1764 1316; x_wconf 84' lang='grc' dir='ltr'><strong>τοῦ</strong></span> <span class='ocrx_word' id='word_1_100' title='bbox 1823 1262 1995 1316; x_wconf 83' lang='grc' dir='ltr'>Πνεύ-</span> 
     </span>
    </p>
   </div>
   <div class='ocr_carea' id='block_1_14' title="bbox 412 1355 2065 1432">
    <p class='ocr_par' dir='ltr' id='par_1_14' title="bbox 412 1355 2065 1432">
     <span class='ocr_line' id='line_1_14' title="bbox 412 1355 2065 1432; baseline -0.005 -17"><span class='ocrx_word' id='word_1_101' title='bbox 412 1379 603 1432; x_wconf 83' lang='grc' dir='ltr'>ματος,</span> <span class='ocrx_word' id='word_1_102' title='bbox 627 1363 725 1415; x_wconf 75' lang='grc' dir='ltr'><strong>καὶ</strong></span> <span class='ocrx_word' id='word_1_103' title='bbox 755 1362 819 1414; x_wconf 80' lang='grc' dir='ltr'>ὲκ</span> <span class='ocrx_word' id='word_1_104' title='bbox 855 1363 953 1430; x_wconf 70' lang='grc' dir='ltr'>τῆς</span> <span class='ocrx_word' id='word_1_105' title='bbox 981 1361 1172 1424; x_wconf 77' lang='grc' dir='ltr'>οὐσίας</span> <span class='ocrx_word' id='word_1_106' title='bbox 1193 1359 1288 1414; x_wconf 85' lang='grc' dir='ltr'><strong>τοῦ</strong></span> <span class='ocrx_word' id='word_1_107' title='bbox 1317 1359 1662 1426; x_wconf 82' lang='grc' dir='ltr'>Πνεύματος,</span> <span class='ocrx_word' id='word_1_108' title='bbox 1691 1355 1778 1409; x_wconf 65' lang='grc' dir='ltr'><strong>διὰ</strong></span> <span class='ocrx_word' id='word_1_109' title='bbox 1812 1355 1872 1408; x_wconf 71' lang='grc' dir='ltr'>τὸ</span> <span class='ocrx_word' id='word_1_110' title='bbox 1902 1357 1996 1408; x_wconf 81' lang='grc' dir='ltr'><strong>ἁν-</strong></span> <span class='ocrx_word' id='word_1_111' title='bbox 2041 1401 2065 1406; x_wconf 50' lang='grc' dir='ltr'>η</span> 
     </span>
    </p>
   </div>
   <div class='ocr_carea' id='block_1_15' title="bbox 408 1447 1993 1524">
    <p class='ocr_par' dir='ltr' id='par_1_15' title="bbox 408 1447 1993 1524">
     <span class='ocr_line' id='line_1_15' title="bbox 408 1447 1993 1524; baseline -0.004 -18"><span class='ocrx_word' id='word_1_112' title='bbox 408 1451 704 1524; x_wconf 58' lang='grc' dir='ltr'>τίστροφον</span> <span class='ocrx_word' id='word_1_113' title='bbox 736 1455 838 1523; x_wconf 79' lang='grc' dir='ltr'>τῆς</span> <span class='ocrx_word' id='word_1_114' title='bbox 878 1453 1137 1522; x_wconf 77' lang='grc' dir='ltr'>τοιαύτης</span> <span class='ocrx_word' id='word_1_115' title='bbox 1173 1454 1612 1522; x_wconf 72' lang='grc' dir='ltr'>ὁμοουσιὸτητος.</span> <span class='ocrx_word' id='word_1_116' title='bbox 1651 1451 1826 1519; x_wconf 82' lang='grc' dir='ltr'>Ὅπερ</span> <span class='ocrx_word' id='word_1_117' title='bbox 1867 1447 1993 1502; x_wconf 74' lang='grc' dir='ltr'>οὗτε</span> 
     </span>
    </p>
   </div>
   <div class='ocr_carea' id='block_1_16' title="bbox 410 1540 1994 1616">
    <p class='ocr_par' dir='ltr' id='par_1_16' title="bbox 410 1540 1994 1616">
     <span class='ocr_line' id='line_1_16' title="bbox 410 1540 1994 1616; baseline -0.004 -18"><span class='ocrx_word' id='word_1_118' title='bbox 410 1545 610 1616; x_wconf 72' lang='grc' dir='ltr'>ἐρρέθη</span> <span class='ocrx_word' id='word_1_119' title='bbox 644 1547 795 1614; x_wconf 88' lang='grc' dir='ltr'>παρά</span> <span class='ocrx_word' id='word_1_120' title='bbox 823 1563 967 1608; x_wconf 81' lang='grc' dir='ltr'>τινος</span> <span class='ocrx_word' id='word_1_121' title='bbox 991 1545 1098 1608; x_wconf 82' lang='grc' dir='ltr'>τῷν</span> <span class='ocrx_word' id='word_1_122' title='bbox 1123 1545 1317 1613; x_wconf 79' lang='grc' dir='ltr'>ἁγίων,</span> <span class='ocrx_word' id='word_1_123' title='bbox 1357 1543 1478 1598; x_wconf 78' lang='grc' dir='ltr'>οὔτε</span> <span class='ocrx_word' id='word_1_124' title='bbox 1524 1540 1822 1612; x_wconf 71' lang='grc' dir='ltr'>ῥηθήσεται</span> <span class='ocrx_word' id='word_1_125' title='bbox 1863 1555 1994 1592; x_wconf 83' lang='grc' dir='ltr'>ποτε</span> 
     </span>
    </p>
   </div>
   <div class='ocr_carea' id='block_1_17' title="bbox 413 1625 1992 1710">
    <p class='ocr_par' dir='ltr' id='par_1_17' title="bbox 413 1625 1992 1710">
     <span class='ocr_line' id='line_1_17' title="bbox 413 1625 1992 1710; baseline -0.006 -18"><span class='ocrx_word' id='word_1_126' title='bbox 413 1641 567 1710; x_wconf 84' lang='grc' dir='ltr'><strong>παρά</strong></span> <span class='ocrx_word' id='word_1_127' title='bbox 603 1657 694 1692; x_wconf 89' lang='grc' dir='ltr'><strong>του</strong></span> <span class='ocrx_word' id='word_1_128' title='bbox 727 1639 834 1691; x_wconf 81' lang='grc' dir='ltr'><strong>τῶν</strong></span> <span class='ocrx_word' id='word_1_129' title='bbox 859 1625 1107 1691; x_wconf 73' lang='grc' dir='ltr'>εὐσεϐεῖν</span> <span class='ocrx_word' id='word_1_130' title='bbox 1141 1640 1234 1692; x_wconf 72' lang='grc' dir='ltr'>καὶ</span> <span class='ocrx_word' id='word_1_131' title='bbox 1273 1637 1576 1708; x_wconf 62' lang='grc' dir='ltr'>ὀρθοδειξεῑν</span> <span class='ocrx_word' id='word_1_132' title='bbox 1626 1631 1992 1702; x_wconf 83' lang='grc' dir='ltr'><strong>αἱρουμένων.</strong></span> 
     </span>
    </p>
   </div>
   <div class='ocr_carea' id='block_1_18' title="bbox 431 1725 1994 1801">
    <p class='ocr_par' dir='ltr' id='par_1_18' title="bbox 431 1725 1994 1801">
     <span class='ocr_line' id='line_1_18' title="bbox 431 1725 1994 1801; baseline -0.005 -14"><span class='ocrx_word' id='word_1_133' title='bbox 431 1734 495 1788; x_wconf 85' lang='grc' dir='ltr'><strong>Ἦ</strong></span> <span class='ocrx_word' id='word_1_134' title='bbox 521 1734 578 1786; x_wconf 85' lang='grc' dir='ltr'>δὲ</span> <span class='ocrx_word' id='word_1_135' title='bbox 619 1733 845 1800; x_wconf 78' lang='grc' dir='ltr'>τοιαύτη</span> <span class='ocrx_word' id='word_1_136' title='bbox 876 1731 1236 1801; x_wconf 74' lang='grc' dir='ltr'>ὁμοουσιάτης</span> <span class='ocrx_word' id='word_1_137' title='bbox 1264 1731 1386 1784; x_wconf 79' lang='grc' dir='ltr'>οὐδὲ</span> <span class='ocrx_word' id='word_1_138' title='bbox 1440 1730 1644 1797; x_wconf 82' lang='grc' dir='ltr'>κυρίως</span> <span class='ocrx_word' id='word_1_139' title='bbox 1703 1725 1994 1798; x_wconf 80' lang='grc' dir='ltr'>ὀμοουσιό-</span> 
     </span>
    </p>
   </div>
   <div class='ocr_carea' id='block_1_19' title="bbox 2096 607 3680 677">
    <p class='ocr_par' dir='ltr' id='par_1_19' title="bbox 2096 607 3680 677">
     <span class='ocr_line' id='line_1_19' title="bbox 2096 607 3680 677; baseline -0.006 -9"><span class='ocrx_word' id='word_1_140' title='bbox 2096 618 2166 670; x_wconf 90' lang='lat' dir='ltr'><strong>tia</strong></span> <span class='ocrx_word' id='word_1_141' title='bbox 2188 618 2276 671; x_wconf 91' lang='lat' dir='ltr'><strong>sit.</strong></span> <span class='ocrx_word' id='word_1_142' title='bbox 2305 617 2370 670; x_wconf 89' lang='lat' dir='ltr'><strong>Et</strong></span> <span class='ocrx_word' id='word_1_143' title='bbox 2389 631 2600 677; x_wconf 91' lang='lat' dir='ltr'><strong>rursus,</strong></span> <span class='ocrx_word' id='word_1_144' title='bbox 2625 614 2835 669; x_wconf 82' lang='lat' dir='ltr'><strong>idcirco</strong></span> <span class='ocrx_word' id='word_1_145' title='bbox 2853 611 2962 666; x_wconf 89' lang='lat' dir='ltr'><strong>dici</strong></span> <span class='ocrx_word' id='word_1_146' title='bbox 2979 627 3046 665; x_wconf 80' lang='lat' dir='ltr'><strong>ex</strong></span> <span class='ocrx_word' id='word_1_147' title='bbox 3066 609 3373 664; x_wconf 87' lang='lat' dir='ltr'><strong>substantia</strong></span> <span class='ocrx_word' id='word_1_148' title='bbox 3395 607 3516 662; x_wconf 81' lang='lat' dir='ltr'><strong>Filii</strong></span> <span class='ocrx_word' id='word_1_149' title='bbox 3536 620 3680 668; x_wconf 89' lang='lat' dir='ltr'><strong>esse,</strong></span> 
     </span>
    </p>
   </div>
   <div class='ocr_carea' id='block_1_20' title="bbox 2094 700 3680 776">
    <p class='ocr_par' dir='ltr' id='par_1_20' title="bbox 2094 700 3680 776">
     <span class='ocr_line' id='line_1_20' title="bbox 2094 700 3680 776; baseline -0.011 -15"><span class='ocrx_word' id='word_1_150' title='bbox 2094 709 2221 776; x_wconf 87' lang='lat' dir='ltr'><strong>quia</strong></span> <span class='ocrx_word' id='word_1_151' title='bbox 2245 707 2364 762; x_wconf 88' lang='lat' dir='ltr'><strong>talis</strong></span> <span class='ocrx_word' id='word_1_152' title='bbox 2405 707 2724 761; x_wconf 73' lang='lat' dir='ltr'><strong>substantia:</strong></span> <span class='ocrx_word' id='word_1_153' title='bbox 2751 703 3032 772; x_wconf 89' lang='lat' dir='ltr'><strong>proprium</strong></span> <span class='ocrx_word' id='word_1_154' title='bbox 3060 702 3263 756; x_wconf 88' lang='lat' dir='ltr'><strong>bonum</strong></span> <span class='ocrx_word' id='word_1_155' title='bbox 3303 700 3424 767; x_wconf 88' lang='lat' dir='ltr'><strong>ipse</strong></span> <span class='ocrx_word' id='word_1_156' title='bbox 3444 703 3680 750; x_wconf 82' lang='lat' dir='ltr'><strong>constat.</strong></span> 
     </span>
    </p>
   </div>
   <div class='ocr_carea' id='block_1_21' title="bbox 2094 788 3682 864">
    <p class='ocr_par' dir='ltr' id='par_1_21' title="bbox 2094 788 3682 864">
     <span class='ocr_line' id='line_1_21' title="bbox 2094 788 3682 864; baseline -0.01 -10"><span class='ocrx_word' id='word_1_157' title='bbox 2094 801 2222 864; x_wconf 71' lang='lat' dir='ltr'><strong>Qure</strong></span> <span class='ocrx_word' id='word_1_158' title='bbox 2243 815 2334 854; x_wconf 85' lang='lat' dir='ltr'><strong>res</strong></span> <span class='ocrx_word' id='word_1_159' title='bbox 2365 799 2571 854; x_wconf 79' lang='lat' dir='ltr'><strong>indicat</strong></span> <span class='ocrx_word' id='word_1_160' title='bbox 2596 798 2757 851; x_wconf 84' lang='lat' dir='ltr'><strong>etiam</strong></span> <span class='ocrx_word' id='word_1_161' title='bbox 2784 791 3415 849; x_wconf 84' lang='lat' dir='ltr'><strong>censubstantialitatem</strong></span> <span class='ocrx_word' id='word_1_162' title='bbox 3443 788 3682 857; x_wconf 75' lang='lat' dir='ltr'><strong>Spiritus</strong></span> 
     </span>
    </p>
   </div>
   <div class='ocr_carea' id='block_1_22' title="bbox 2096 867 3684 954">
    <p class='ocr_par' dir='ltr' id='par_1_22' title="bbox 2096 867 3684 954">
     <span class='ocr_line' id='line_1_22' title="bbox 2096 867 3684 954; baseline -0.011 -10"><span class='ocrx_word' id='word_1_163' title='bbox 2096 891 2161 944; x_wconf 88' lang='lat' dir='ltr'><strong>ad</strong></span> <span class='ocrx_word' id='word_1_164' title='bbox 2179 889 2462 947; x_wconf 91' lang='lat' dir='ltr'><strong>Filium.Si</strong></span> <span class='ocrx_word' id='word_1_165' title='bbox 2475 890 2620 944; x_wconf 89' lang='lat' dir='ltr'><strong>enim</strong></span> <span class='ocrx_word' id='word_1_166' title='bbox 2642 886 2942 943; x_wconf 88' lang='lat' dir='ltr'><strong>secundum</strong></span> <span class='ocrx_word' id='word_1_167' title='bbox 2958 867 3250 954; x_wconf 79' lang='lat' dir='ltr'><strong>quamdam</strong></span> <span class='ocrx_word' id='word_1_168' title='bbox 3271 881 3432 936; x_wconf 89' lang='lat' dir='ltr'><strong>aliam</strong></span> <span class='ocrx_word' id='word_1_169' title='bbox 3449 877 3684 934; x_wconf 73' lang='lat' dir='ltr'><strong>consul;-</strong></span> 
     </span>
    </p>
   </div>
   <div class='ocr_carea' id='block_1_23' title="bbox 2095 969 3684 1046">
    <p class='ocr_par' dir='ltr' id='par_1_23' title="bbox 2095 969 3684 1046">
     <span class='ocr_line' id='line_1_23' title="bbox 2095 969 3684 1046; baseline -0.009 -11"><span class='ocrx_word' id='word_1_170' title='bbox 2095 981 2467 1036; x_wconf 86' lang='lat' dir='ltr'><strong>stantialitatis</strong></span> <span class='ocrx_word' id='word_1_171' title='bbox 2491 983 2782 1042; x_wconf 89' lang='lat' dir='ltr'><strong>rationem,</strong></span> <span class='ocrx_word' id='word_1_172' title='bbox 2821 977 3000 1046; x_wconf 81' lang='lat' dir='ltr'><strong>qualis</strong></span> <span class='ocrx_word' id='word_1_173' title='bbox 3021 985 3105 1030; x_wconf 76' lang='lat' dir='ltr'><strong>est</strong></span> <span class='ocrx_word' id='word_1_174' title='bbox 3137 975 3280 1029; x_wconf 89' lang='lat' dir='ltr'><strong>inter</strong></span> <span class='ocrx_word' id='word_1_175' title='bbox 3307 973 3417 1027; x_wconf 86' lang='lat' dir='ltr'><strong>duo</strong></span> <span class='ocrx_word' id='word_1_176' title='bbox 3443 969 3684 1026; x_wconf 71' lang='lat' dir='ltr'><strong>censui:-</strong></span> 
     </span>
    </p>
   </div>
   <div class='ocr_carea' id='block_1_24' title="bbox 2095 1064 3681 1144">
    <p class='ocr_par' dir='ltr' id='par_1_24' title="bbox 2095 1064 3681 1144">
     <span class='ocr_line' id='line_1_24' title="bbox 2095 1064 3681 1144; baseline -0.011 -15"><span class='ocrx_word' id='word_1_177' title='bbox 2095 1073 2393 1129; x_wconf 83' lang='lat' dir='ltr'><strong>stantialia.</strong></span> <span class='ocrx_word' id='word_1_178' title='bbox 2435 1074 2488 1127; x_wconf 84' lang='lat' dir='ltr'><strong>in</strong></span> <span class='ocrx_word' id='word_1_179' title='bbox 2525 1074 2722 1144; x_wconf 81' lang='lat' dir='ltr'><strong>quibus</strong></span> <span class='ocrx_word' id='word_1_180' title='bbox 2747 1088 2857 1126; x_wconf 89' lang='lat' dir='ltr'><strong>non</strong></span> <span class='ocrx_word' id='word_1_181' title='bbox 2904 1079 2989 1126; x_wconf 88' lang='lat' dir='ltr'><strong>est</strong></span> <span class='ocrx_word' id='word_1_182' title='bbox 3033 1069 3262 1124; x_wconf 85' lang='lat' dir='ltr'><strong>alterum</strong></span> <span class='ocrx_word' id='word_1_183' title='bbox 3298 1081 3393 1134; x_wconf 89' lang='lat' dir='ltr'><strong>per</strong></span> <span class='ocrx_word' id='word_1_184' title='bbox 3419 1064 3681 1126; x_wconf 81' lang='lat' dir='ltr'><strong>alterum,</strong></span> 
     </span>
    </p>
   </div>
   <div class='ocr_carea' id='block_1_25' title="bbox 2097 1152 3690 1241">
    <p class='ocr_par' dir='ltr' id='par_1_25' title="bbox 2097 1152 3690 1241">
     <span class='ocr_line' id='line_1_25' title="bbox 2097 1152 3690 1241; baseline -0.016 -12"><span class='ocrx_word' id='word_1_185' title='bbox 2097 1171 2334 1241; x_wconf 87' lang='lat' dir='ltr'><strong>Spiritus</strong></span> <span class='ocrx_word' id='word_1_186' title='bbox 2363 1179 2508 1224; x_wconf 84' lang='lat' dir='ltr'><strong>esset</strong></span> <span class='ocrx_word' id='word_1_187' title='bbox 2529 1165 2780 1237; x_wconf 85' lang='lat' dir='ltr'><strong>preprius</strong></span> <span class='ocrx_word' id='word_1_188' title='bbox 2807 1162 2946 1223; x_wconf 81' lang='lat' dir='ltr'><strong>Filii.</strong></span> <span class='ocrx_word' id='word_1_189' title='bbox 3004 1171 3059 1216; x_wconf 91' lang='lat' dir='ltr'><strong>et</strong></span> <span class='ocrx_word' id='word_1_190' title='bbox 3082 1175 3150 1214; x_wconf 77' lang='lat' dir='ltr'><strong>ex</strong></span> <span class='ocrx_word' id='word_1_191' title='bbox 3197 1156 3504 1212; x_wconf 81' lang='lat' dir='ltr'><strong>substantia</strong></span> <span class='ocrx_word' id='word_1_192' title='bbox 3562 1152 3690 1207; x_wconf 84' lang='lat' dir='ltr'><strong>Filii-</strong></span> 
     </span>
    </p>
   </div>
   <div class='ocr_carea' id='block_1_26' title="bbox 2096 1245 3690 1330">
    <p class='ocr_par' dir='ltr' id='par_1_26' title="bbox 2096 1245 3690 1330">
     <span class='ocr_line' id='line_1_26' title="bbox 2096 1245 3690 1330; baseline -0.014 -10"><span class='ocrx_word' id='word_1_193' title='bbox 2096 1266 2262 1322; x_wconf 88' lang='lat' dir='ltr'><strong>etiam</strong></span> <span class='ocrx_word' id='word_1_194' title='bbox 2293 1263 2438 1318; x_wconf 86' lang='lat' dir='ltr'><strong>tilius</strong></span> <span class='ocrx_word' id='word_1_195' title='bbox 2460 1271 2604 1316; x_wconf 86' lang='lat' dir='ltr'><strong>esset</strong></span> <span class='ocrx_word' id='word_1_196' title='bbox 2626 1258 2886 1330; x_wconf 86' lang='lat' dir='ltr'><strong>proprius</strong></span> <span class='ocrx_word' id='word_1_197' title='bbox 2907 1255 3146 1325; x_wconf 86' lang='lat' dir='ltr'><strong>Spiritus</strong></span> <span class='ocrx_word' id='word_1_198' title='bbox 3169 1249 3370 1312; x_wconf 80' lang='lat' dir='ltr'><strong>sancti,</strong></span> <span class='ocrx_word' id='word_1_199' title='bbox 3400 1257 3454 1302; x_wconf 89' lang='lat' dir='ltr'><strong>et</strong></span> <span class='ocrx_word' id='word_1_200' title='bbox 3475 1263 3538 1300; x_wconf 82' lang='lat' dir='ltr'><strong>ex</strong></span> <span class='ocrx_word' id='word_1_201' title='bbox 3561 1245 3690 1298; x_wconf 79' lang='lat' dir='ltr'><strong>sub-</strong></span> 
     </span>
    </p>
   </div>
   <div class='ocr_carea' id='block_1_27' title="bbox 2097 1337 3693 1424">
    <p class='ocr_par' dir='ltr' id='par_1_27' title="bbox 2097 1337 3693 1424">
     <span class='ocr_line' id='line_1_27' title="bbox 2097 1337 3693 1424; baseline -0.014 -13"><span class='ocrx_word' id='word_1_202' title='bbox 2097 1357 2296 1412; x_wconf 86' lang='lat' dir='ltr'><strong>stantia</strong></span> <span class='ocrx_word' id='word_1_203' title='bbox 2322 1355 2596 1424; x_wconf 88' lang='lat' dir='ltr'><strong>Spiritus:</strong></span> <span class='ocrx_word' id='word_1_204' title='bbox 2628 1349 2896 1420; x_wconf 83' lang='lat' dir='ltr'><strong>siquidem</strong></span> <span class='ocrx_word' id='word_1_205' title='bbox 2929 1343 3195 1418; x_wconf 77' lang='lat' dir='ltr'><strong>ejusmodi</strong></span> <span class='ocrx_word' id='word_1_206' title='bbox 3216 1337 3693 1397; x_wconf 85' lang='lat' dir='ltr'><strong>consubstantiali-</strong></span> 
     </span>
    </p>
   </div>
   <div class='ocr_carea' id='block_1_28' title="bbox 2102 1432 3696 1520">
    <p class='ocr_par' dir='ltr' id='par_1_28' title="bbox 2102 1432 3696 1520">
     <span class='ocr_line' id='line_1_28' title="bbox 2102 1432 3696 1520; baseline -0.013 -16"><span class='ocrx_word' id='word_1_207' title='bbox 2102 1460 2186 1507; x_wconf 85' lang='lat' dir='ltr'><strong>tas</strong></span> <span class='ocrx_word' id='word_1_208' title='bbox 2211 1451 2609 1520; x_wconf 88' lang='lat' dir='ltr'><strong>reciprocatur,</strong></span> <span class='ocrx_word' id='word_1_209' title='bbox 2635 1443 2783 1514; x_wconf 87' lang='lat' dir='ltr'><strong>quod</strong></span> <span class='ocrx_word' id='word_1_210' title='bbox 2805 1456 2966 1497; x_wconf 86' lang='lat' dir='ltr'><strong>nemo</strong></span> <span class='ocrx_word' id='word_1_211' title='bbox 2993 1447 3312 1496; x_wconf 86' lang='lat' dir='ltr'><strong>sanctorum</strong></span> <span class='ocrx_word' id='word_1_212' title='bbox 3335 1432 3492 1496; x_wconf 79' lang='lat' dir='ltr'><strong>dixit,</strong></span> <span class='ocrx_word' id='word_1_213' title='bbox 3513 1445 3696 1498; x_wconf 86' lang='lat' dir='ltr'><strong>neque</strong></span> 
     </span>
    </p>
   </div>
   <div class='ocr_carea' id='block_1_29' title="bbox 2099 1523 3700 1612">
    <p class='ocr_par' dir='ltr' id='par_1_29' title="bbox 2099 1523 3700 1612">
     <span class='ocr_line' id='line_1_29' title="bbox 2099 1523 3700 1612; baseline -0.016 -13"><span class='ocrx_word' id='word_1_214' title='bbox 2099 1545 2300 1612; x_wconf 86' lang='lat' dir='ltr'><strong>aliquis</strong></span> <span class='ocrx_word' id='word_1_215' title='bbox 2331 1555 2575 1610; x_wconf 78' lang='lat' dir='ltr'><strong>unquam</strong></span> <span class='ocrx_word' id='word_1_216' title='bbox 2614 1538 2782 1602; x_wconf 88' lang='lat' dir='ltr'><strong>dicet,</strong></span> <span class='ocrx_word' id='word_1_217' title='bbox 2825 1535 2919 1604; x_wconf 93' lang='lat' dir='ltr'><strong>qui</strong></span> <span class='ocrx_word' id='word_1_218' title='bbox 2955 1534 3098 1588; x_wconf 89' lang='lat' dir='ltr'><strong>inter</strong></span> <span class='ocrx_word' id='word_1_219' title='bbox 3117 1530 3238 1601; x_wconf 89' lang='lat' dir='ltr'><strong>pios</strong></span> <span class='ocrx_word' id='word_1_220' title='bbox 3281 1535 3337 1584; x_wconf 89' lang='lat' dir='ltr'><strong>et</strong></span> <span class='ocrx_word' id='word_1_221' title='bbox 3361 1523 3700 1581; x_wconf 79' lang='lat' dir='ltr'><strong>ortbodoxos</strong></span> 
     </span>
    </p>
   </div>
   <div class='ocr_carea' id='block_1_30' title="bbox 2100 1615 3700 1700">
    <p class='ocr_par' dir='ltr' id='par_1_30' title="bbox 2100 1615 3700 1700">
     <span class='ocr_line' id='line_1_30' title="bbox 2100 1615 3700 1700; baseline -0.016 -8"><span class='ocrx_word' id='word_1_222' title='bbox 2100 1637 2302 1692; x_wconf 85' lang='lat' dir='ltr'><strong>ascribi</strong></span> <span class='ocrx_word' id='word_1_223' title='bbox 2333 1631 2596 1688; x_wconf 76' lang='lat' dir='ltr'><strong>voluerit.</strong></span> <span class='ocrx_word' id='word_1_224' title='bbox 2639 1627 2924 1700; x_wconf 87' lang='lat' dir='ltr'><strong>Ejusmodi</strong></span> <span class='ocrx_word' id='word_1_225' title='bbox 2968 1633 3151 1681; x_wconf 89' lang='lat' dir='ltr'><strong>autem</strong></span> <span class='ocrx_word' id='word_1_226' title='bbox 3211 1615 3700 1678; x_wconf 85' lang='lat' dir='ltr'><strong>consubstantiali-</strong></span> 
     </span>
    </p>
   </div>
   <div class='ocr_carea' id='block_1_31' title="bbox 2100 1713 3703 1798">
    <p class='ocr_par' dir='ltr' id='par_1_31' title="bbox 2100 1713 3703 1798">
     <span class='ocr_line' id='line_1_31' title="bbox 2100 1713 3703 1798; baseline -0.016 -9"><span class='ocrx_word' id='word_1_227' title='bbox 2100 1745 2184 1790; x_wconf 89' lang='lat' dir='ltr'><strong>tas</strong></span> <span class='ocrx_word' id='word_1_228' title='bbox 2219 1743 2400 1798; x_wconf 88' lang='lat' dir='ltr'><strong>neque</strong></span> <span class='ocrx_word' id='word_1_229' title='bbox 2423 1725 2644 1798; x_wconf 86' lang='lat' dir='ltr'><strong>proprie</strong></span> <span class='ocrx_word' id='word_1_230' title='bbox 2679 1731 2762 1780; x_wconf 88' lang='lat' dir='ltr'><strong>est</strong></span> <span class='ocrx_word' id='word_1_231' title='bbox 2787 1717 3350 1780; x_wconf 86' lang='lat' dir='ltr'><strong>consubstantialitas,</strong></span> <span class='ocrx_word' id='word_1_232' title='bbox 3377 1713 3472 1768; x_wconf 89' lang='lat' dir='ltr'><strong>sed</strong></span> <span class='ocrx_word' id='word_1_233' title='bbox 3496 1727 3559 1768; x_wconf 88' lang='lat' dir='ltr'><strong>ea</strong></span> <span class='ocrx_word' id='word_1_234' title='bbox 3581 1723 3703 1780; x_wconf 76' lang='lat' dir='ltr'><strong>qua:</strong></span> 
     </span>
    </p>
   </div>
   <div class='ocr_carea' id='block_1_32' title="bbox 413 1805 2020 1917">
    <p class='ocr_par' dir='ltr' id='par_1_32' title="bbox 413 1819 1994 1896">
     <span class='ocr_line' id='line_1_32' title="bbox 413 1819 1994 1896; baseline -0.004 -16"><span class='ocrx_word' id='word_1_235' title='bbox 413 1843 513 1896; x_wconf 80' lang='grc' dir='ltr'>της</span> <span class='ocrx_word' id='word_1_236' title='bbox 536 1826 704 1892; x_wconf 78' lang='grc' dir='ltr'>ἐστὶν,</span> <span class='ocrx_word' id='word_1_237' title='bbox 735 1825 900 1894; x_wconf 73' lang='grc' dir='ltr'><strong>ἀλλ’-ἠ</strong></span> <span class='ocrx_word' id='word_1_238' title='bbox 936 1824 1288 1878; x_wconf 81' lang='grc' dir='ltr'>συνάπτουσα</span> <span class='ocrx_word' id='word_1_239' title='bbox 1316 1823 1378 1877; x_wconf 83' lang='grc' dir='ltr'>τδ</span> <span class='ocrx_word' id='word_1_240' title='bbox 1435 1823 1624 1894; x_wconf 76' lang='grc' dir='ltr'>ἕτερον</span> <span class='ocrx_word' id='word_1_241' title='bbox 1675 1820 1755 1890; x_wconf 85' lang='grc' dir='ltr'>τῷ</span> <span class='ocrx_word' id='word_1_242' title='bbox 1797 1819 1994 1890; x_wconf 81' lang='grc' dir='ltr'><strong>ἑτέρῳ,</strong></span> 
     </span>
    </p>
   </div>
   <div class='ocr_carea' id='block_1_33' title="bbox 2124 1805 3702 1917">
    <p class='ocr_par' dir='ltr' id='par_1_33' title="bbox 2124 1805 3702 1886">
     <span class='ocr_line' id='line_1_33' title="bbox 2124 1805 3702 1886; baseline -0.016 -6"><span class='ocrx_word' id='word_1_243' title='bbox 2124 1826 2342 1880; x_wconf 81' lang='lat' dir='ltr'><strong>tlterum</strong></span> <span class='ocrx_word' id='word_1_244' title='bbox 2379 1836 2502 1877; x_wconf 91' lang='lat' dir='ltr'><strong>cum</strong></span> <span class='ocrx_word' id='word_1_245' title='bbox 2535 1820 2712 1874; x_wconf 88' lang='lat' dir='ltr'><strong>altero</strong></span> <span class='ocrx_word' id='word_1_246' title='bbox 2763 1816 3082 1886; x_wconf 88' lang='lat' dir='ltr'><strong>conjungat,</strong></span> <span class='ocrx_word' id='word_1_247' title='bbox 3137 1819 3328 1880; x_wconf 86' lang='lat' dir='ltr'><strong>utpote</strong></span> <span class='ocrx_word' id='word_1_248' title='bbox 3378 1805 3526 1877; x_wconf 89' lang='lat' dir='ltr'><strong>quod</strong></span> <span class='ocrx_word' id='word_1_249' title='bbox 3601 1818 3702 1873; x_wconf 86' lang='lat' dir='ltr'><strong>per</strong></span> 
     </span>
    </p>
   </div>
   <div class='ocr_carea' id='block_1_34' title="bbox 415 1913 2008 1988">
    <p class='ocr_par' dir='ltr' id='par_1_34' title="bbox 415 1913 2008 1988">
     <span class='ocr_line' id='line_1_34' title="bbox 415 1913 2008 1988; baseline -0.003 -17"><span class='ocrx_word' id='word_1_250' title='bbox 415 1918 490 1981; x_wconf 80' lang='grc' dir='ltr'>ὡς</span> <span class='ocrx_word' id='word_1_251' title='bbox 523 1917 590 1970; x_wconf 83' lang='grc' dir='ltr'><strong>δι’</strong></span> <span class='ocrx_word' id='word_1_252' title='bbox 621 1917 788 1972; x_wconf 82' lang='grc' dir='ltr'>αὐτοῦ</span> <span class='ocrx_word' id='word_1_253' title='bbox 819 1917 852 1987; x_wconf 83' lang='grc' dir='ltr'>ἢ</span> <span class='ocrx_word' id='word_1_254' title='bbox 887 1917 944 1984; x_wconf 81' lang='grc' dir='ltr'><strong>ἐξ</strong></span> <span class='ocrx_word' id='word_1_255' title='bbox 975 1915 1140 1970; x_wconf 87' lang='grc' dir='ltr'>αὑτοῦ</span> <span class='ocrx_word' id='word_1_256' title='bbox 1167 1917 1414 1988; x_wconf 84' lang='grc' dir='ltr'>ὑπάρχον</span> <span class='ocrx_word' id='word_1_257' title='bbox 1440 1915 1685 1984; x_wconf 82' lang='grc' dir='ltr'><strong>φυσικῶς</strong></span> <span class='ocrx_word' id='word_1_258' title='bbox 1715 1933 1773 1969; x_wconf 87' lang='grc' dir='ltr'><strong>τε</strong></span> <span class='ocrx_word' id='word_1_259' title='bbox 1801 1914 1894 1967; x_wconf 71' lang='grc' dir='ltr'>καὶ</span> <span class='ocrx_word' id='word_1_260' title='bbox 1920 1913 2008 1966; x_wconf 84' lang='grc' dir='ltr'>οὐ·</span> 
     </span>
    </p>
   </div>
   <div class='ocr_carea' id='block_1_35' title="bbox 419 2006 2010 2080">
    <p class='ocr_par' dir='ltr' id='par_1_35' title="bbox 419 2006 2010 2080">
     <span class='ocr_line' id='line_1_35' title="bbox 419 2006 2010 2080; baseline -0.004 -17"><span class='ocrx_word' id='word_1_261' title='bbox 419 2009 647 2073; x_wconf 71' lang='grc' dir='ltr'>σιωδῶς.</span> <span class='ocrx_word' id='word_1_262' title='bbox 681 2009 792 2064; x_wconf 82' lang='grc' dir='ltr'><strong>Καὶ</strong></span> <span class='ocrx_word' id='word_1_263' title='bbox 823 2010 1166 2080; x_wconf 83' lang='grc' dir='ltr'>μαρτυρήσει</span> <span class='ocrx_word' id='word_1_264' title='bbox 1191 2007 1351 2062; x_wconf 86' lang='grc' dir='ltr'>τοῦτο</span> <span class='ocrx_word' id='word_1_265' title='bbox 1380 2010 1412 2078; x_wconf 84' lang='grc' dir='ltr'><strong>ἡ</strong></span> <span class='ocrx_word' id='word_1_266' title='bbox 1441 2006 1675 2061; x_wconf 72' lang='grc' dir='ltr'>ἐνταῦθα</span> <span class='ocrx_word' id='word_1_267' title='bbox 1700 2021 2010 2074; x_wconf 67' lang='grc' dir='ltr'>κατεστρωέ</span> 
     </span>
    </p>
   </div>
   <div class='ocr_carea' id='block_1_36' title="bbox 423 2097 2010 2173">
    <p class='ocr_par' dir='ltr' id='par_1_36' title="bbox 423 2097 2010 2173">
     <span class='ocr_line' id='line_1_36' title="bbox 423 2097 2010 2173; baseline -0.003 -18"><span class='ocrx_word' id='word_1_268' title='bbox 423 2104 562 2173; x_wconf 82' lang='grc' dir='ltr'><strong>μὲνη</strong></span> <span class='ocrx_word' id='word_1_269' title='bbox 597 2102 693 2156; x_wconf 86' lang='grc' dir='ltr'><strong>τοῦ</strong></span> <span class='ocrx_word' id='word_1_270' title='bbox 729 2103 973 2172; x_wconf 76' lang='grc' dir='ltr'>μεγάλου</span> <span class='ocrx_word' id='word_1_271' title='bbox 1037 2101 1326 2156; x_wconf 86' lang='grc' dir='ltr'>Βασιλείου</span> <span class='ocrx_word' id='word_1_272' title='bbox 1393 2102 1574 2172; x_wconf 75' lang='grc' dir='ltr'>ῥῆσις,</span> <span class='ocrx_word' id='word_1_273' title='bbox 1639 2099 1674 2166; x_wconf 85' lang='grc' dir='ltr'>ὴ</span> <span class='ocrx_word' id='word_1_274' title='bbox 1726 2097 2010 2168; x_wconf 80' lang='grc' dir='ltr'><strong>προδήλως</strong></span> 
     </span>
    </p>
   </div>
   <div class='ocr_carea' id='block_1_37' title="bbox 418 2192 2008 2266">
    <p class='ocr_par' dir='ltr' id='par_1_37' title="bbox 418 2192 2008 2266">
     <span class='ocr_line' id='line_1_37' title="bbox 418 2192 2008 2266; baseline -0.003 -16"><span class='ocrx_word' id='word_1_275' title='bbox 418 2197 656 2266; x_wconf 80' lang='grc' dir='ltr'><strong>λέγουσα</strong></span> <span class='ocrx_word' id='word_1_276' title='bbox 699 2197 774 2266; x_wconf 83' lang='grc' dir='ltr'>μὴ</span> <span class='ocrx_word' id='word_1_277' title='bbox 807 2197 877 2250; x_wconf 81' lang='grc' dir='ltr'>τὰ</span> <span class='ocrx_word' id='word_1_278' title='bbox 917 2196 1125 2266; x_wconf 80' lang='grc' dir='ltr'>ἀδελφὰ</span> <span class='ocrx_word' id='word_1_279' title='bbox 1151 2195 1406 2266; x_wconf 82' lang='grc' dir='ltr'>ἀλλήλοις</span> <span class='ocrx_word' id='word_1_280' title='bbox 1431 2195 1696 2264; x_wconf 78' lang='grc' dir='ltr'>ὀμοούσια</span> <span class='ocrx_word' id='word_1_281' title='bbox 1726 2192 2008 2260; x_wconf 79' lang='grc' dir='ltr'>λέγεσθαι.</span> 
     </span>
    </p>
   </div>
   <div class='ocr_carea' id='block_1_38' title="bbox 420 2285 2010 2361">
    <p class='ocr_par' dir='ltr' id='par_1_38' title="bbox 420 2285 2010 2361">
     <span class='ocr_line' id='line_1_38' title="bbox 420 2285 2010 2361; baseline -0.003 -18"><span class='ocrx_word' id='word_1_282' title='bbox 420 2291 816 2361; x_wconf 85' lang='grc' dir='ltr'>Προστίοενται</span> <span class='ocrx_word' id='word_1_283' title='bbox 847 2290 903 2343; x_wconf 80' lang='grc' dir='ltr'><strong>δὲ</strong></span> <span class='ocrx_word' id='word_1_284' title='bbox 941 2293 1064 2352; x_wconf 80' lang='grc' dir='ltr'>ταῖς</span> <span class='ocrx_word' id='word_1_285' title='bbox 1107 2290 1392 2350; x_wconf 72' lang='grc' dir='ltr'>τοιαύταις</span> <span class='ocrx_word' id='word_1_286' title='bbox 1449 2289 1640 2361; x_wconf 80' lang='grc' dir='ltr'>ρήσεσι</span> <span class='ocrx_word' id='word_1_287' title='bbox 1681 2289 1780 2340; x_wconf 70' lang='grc' dir='ltr'>καὶ</span> <span class='ocrx_word' id='word_1_288' title='bbox 1819 2285 2010 2355; x_wconf 76' lang='grc' dir='ltr'>ἕτεραι</span> 
     </span>
    </p>
   </div>
   <div class='ocr_carea' id='block_1_39' title="bbox 425 2378 2012 2454">
    <p class='ocr_par' dir='ltr' id='par_1_39' title="bbox 425 2378 2012 2454">
     <span class='ocr_line' id='line_1_39' title="bbox 425 2378 2012 2454; baseline -0.001 -20"><span class='ocrx_word' id='word_1_289' title='bbox 425 2383 636 2454; x_wconf 79' lang='grc' dir='ltr'><strong>ῥήσεις,</strong></span> <span class='ocrx_word' id='word_1_290' title='bbox 665 2383 722 2434; x_wconf 77' lang='grc' dir='ltr'><strong>αἱ</strong></span> <span class='ocrx_word' id='word_1_291' title='bbox 755 2380 1020 2450; x_wconf 82' lang='grc' dir='ltr'>δηλοῦσαι</span> <span class='ocrx_word' id='word_1_292' title='bbox 1053 2381 1140 2436; x_wconf 84' lang='grc' dir='ltr'><strong>διὰ</strong></span> <span class='ocrx_word' id='word_1_293' title='bbox 1173 2381 1332 2436; x_wconf 89' lang='grc' dir='ltr'>τοῦτο</span> <span class='ocrx_word' id='word_1_294' title='bbox 1363 2378 1500 2434; x_wconf 81' lang='grc' dir='ltr'>εῖναι</span> <span class='ocrx_word' id='word_1_295' title='bbox 1533 2381 1626 2435; x_wconf 82' lang='grc' dir='ltr'>τὸν</span> <span class='ocrx_word' id='word_1_296' title='bbox 1655 2380 1785 2434; x_wconf 72' lang='grc' dir='ltr'>Υίδν</span> <span class='ocrx_word' id='word_1_297' title='bbox 1812 2378 2012 2448; x_wconf 78' lang='grc' dir='ltr'>ὀμοού-</span> 
     </span>
    </p>
   </div>
   <div class='ocr_carea' id='block_1_40' title="bbox 424 2466 2009 2545">
    <p class='ocr_par' dir='ltr' id='par_1_40' title="bbox 424 2466 2009 2545">
     <span class='ocr_line' id='line_1_40' title="bbox 424 2466 2009 2545; baseline -0.003 -18"><span class='ocrx_word' id='word_1_298' title='bbox 424 2493 542 2528; x_wconf 89' lang='grc' dir='ltr'>σιον</span> <span class='ocrx_word' id='word_1_299' title='bbox 573 2475 650 2544; x_wconf 84' lang='grc' dir='ltr'><strong>τῷ</strong></span> <span class='ocrx_word' id='word_1_300' title='bbox 672 2475 874 2545; x_wconf 65' lang='lat' dir='ltr'><strong>Ila-cpi,</strong></span> <span class='ocrx_word' id='word_1_301' title='bbox 898 2474 988 2528; x_wconf 80' lang='grc' dir='ltr'>διὰ</span> <span class='ocrx_word' id='word_1_302' title='bbox 1017 2474 1078 2526; x_wconf 75' lang='grc' dir='ltr'>τὸ</span> <span class='ocrx_word' id='word_1_303' title='bbox 1118 2475 1181 2528; x_wconf 82' lang='grc' dir='ltr'>ὲκ</span> <span class='ocrx_word' id='word_1_304' title='bbox 1229 2475 1330 2542; x_wconf 82' lang='grc' dir='ltr'>τῆς</span> <span class='ocrx_word' id='word_1_305' title='bbox 1393 2473 1581 2536; x_wconf 84' lang='grc' dir='ltr'>οὐσίας</span> <span class='ocrx_word' id='word_1_306' title='bbox 1629 2471 1798 2526; x_wconf 83' lang='grc' dir='ltr'>αὑτοῦ</span> <span class='ocrx_word' id='word_1_307' title='bbox 1845 2466 2009 2532; x_wconf 76' lang='grc' dir='ltr'>εἶναι,</span> 
     </span>
    </p>
   </div>
   <div class='ocr_carea' id='block_1_41' title="bbox 425 2561 2012 2638">
    <p class='ocr_par' dir='ltr' id='par_1_41' title="bbox 425 2561 2012 2638">
     <span class='ocr_line' id='line_1_41' title="bbox 425 2561 2012 2638; baseline -0.006 -16"><span class='ocrx_word' id='word_1_308' title='bbox 425 2568 494 2622; x_wconf 78' lang='grc' dir='ltr'><strong>ἶν’</strong></span> <span class='ocrx_word' id='word_1_309' title='bbox 528 2568 612 2637; x_wconf 73' lang='grc' dir='ltr'><strong>εἴη</strong></span> <span class='ocrx_word' id='word_1_310' title='bbox 673 2567 751 2636; x_wconf 84' lang='grc' dir='ltr'>τῷ</span> <span class='ocrx_word' id='word_1_311' title='bbox 809 2567 1142 2638; x_wconf 71' lang='grc' dir='ltr'>βουλομένῳο</span> <span class='ocrx_word' id='word_1_312' title='bbox 1177 2565 1430 2620; x_wconf 76' lang='grc' dir='ltr'>ἐντεῦθεν</span> <span class='ocrx_word' id='word_1_313' title='bbox 1476 2564 1880 2632; x_wconf 82' lang='grc' dir='ltr'>διαγινώσκειν,</span> <span class='ocrx_word' id='word_1_314' title='bbox 1936 2561 2012 2624; x_wconf 86' lang='grc' dir='ltr'><strong>ὡς</strong></span> 
     </span>
    </p>
   </div>
   <div class='ocr_carea' id='block_1_42' title="bbox 425 2656 2006 2740">
    <p class='ocr_par' dir='ltr' id='par_1_42' title="bbox 425 2656 2006 2740">
     <span class='ocr_line' id='line_1_42' title="bbox 425 2656 2006 2740; baseline -0.006 -24"><span class='ocrx_word' id='word_1_315' title='bbox 425 2663 518 2716; x_wconf 75' lang='grc' dir='ltr'><strong>καὶ</strong></span> <span class='ocrx_word' id='word_1_316' title='bbox 551 2661 872 2740; x_wconf 65' lang='grc' dir='ltr'>τοῐῐνεῦμα</span> <span class='ocrx_word' id='word_1_317' title='bbox 901 2661 992 2713; x_wconf 77' lang='grc' dir='ltr'>διὰ</span> <span class='ocrx_word' id='word_1_318' title='bbox 1025 2659 1186 2713; x_wconf 85' lang='grc' dir='ltr'>τοῦτό</span> <span class='ocrx_word' id='word_1_319' title='bbox 1240 2661 1361 2712; x_wconf 74' lang='grc' dir='ltr'>ἐστι</span> <span class='ocrx_word' id='word_1_320' title='bbox 1403 2657 1482 2727; x_wconf 84' lang='grc' dir='ltr'>τῷ</span> <span class='ocrx_word' id='word_1_321' title='bbox 1542 2656 1657 2726; x_wconf 85' lang='grc' dir='ltr'>Υίῷ</span> <span class='ocrx_word' id='word_1_322' title='bbox 1700 2656 2006 2726; x_wconf 85' lang='grc' dir='ltr'>ὀμοούσιον,</span> 
     </span>
    </p>
   </div>
   <div class='ocr_carea' id='block_1_43' title="bbox 422 2748 2009 2823">
    <p class='ocr_par' dir='ltr' id='par_1_43' title="bbox 422 2748 2009 2823">
     <span class='ocr_line' id='line_1_43' title="bbox 422 2748 2009 2823; baseline -0.005 -14"><span class='ocrx_word' id='word_1_323' title='bbox 422 2758 504 2810; x_wconf 83' lang='grc' dir='ltr'>ὅτι</span> <span class='ocrx_word' id='word_1_324' title='bbox 545 2757 608 2809; x_wconf 83' lang='grc' dir='ltr'>ὲκ</span> <span class='ocrx_word' id='word_1_325' title='bbox 641 2756 742 2823; x_wconf 83' lang='grc' dir='ltr'><strong>τῆς</strong></span> <span class='ocrx_word' id='word_1_326' title='bbox 778 2752 944 2807; x_wconf 81' lang='grc' dir='ltr'>αὐτοῦ</span> <span class='ocrx_word' id='word_1_327' title='bbox 979 2753 1171 2816; x_wconf 83' lang='grc' dir='ltr'>οὐσίας</span> <span class='ocrx_word' id='word_1_328' title='bbox 1210 2751 1377 2806; x_wconf 72' lang='grc' dir='ltr'>ἐστίν.</span> <span class='ocrx_word' id='word_1_329' title='bbox 1413 2751 1534 2804; x_wconf 83' lang='grc' dir='ltr'>Ἔτι</span> <span class='ocrx_word' id='word_1_330' title='bbox 1561 2751 1615 2802; x_wconf 80' lang='grc' dir='ltr'><strong>δὲ</strong></span> <span class='ocrx_word' id='word_1_331' title='bbox 1647 2748 2009 2818; x_wconf 84' lang='grc' dir='ltr'>προσεπενεί-</span> 
     </span>
    </p>
   </div>
   <div class='ocr_carea' id='block_1_44' title="bbox 428 2841 2014 2920">
    <p class='ocr_par' dir='ltr' id='par_1_44' title="bbox 428 2841 2014 2920">
     <span class='ocr_line' id='line_1_44' title="bbox 428 2841 2014 2920; baseline -0.004 -19"><span class='ocrx_word' id='word_1_332' title='bbox 428 2865 614 2920; x_wconf 82' lang='grc' dir='ltr'>ρονται</span> <span class='ocrx_word' id='word_1_333' title='bbox 641 2848 870 2912; x_wconf 81' lang='grc' dir='ltr'>ταύταις</span> <span class='ocrx_word' id='word_1_334' title='bbox 909 2849 1002 2901; x_wconf 75' lang='grc' dir='ltr'><strong>καὶ</strong></span> <span class='ocrx_word' id='word_1_335' title='bbox 1046 2845 1232 2917; x_wconf 74' lang='grc' dir='ltr'>ἕτεραι</span> <span class='ocrx_word' id='word_1_336' title='bbox 1285 2845 1574 2916; x_wconf 75' lang='grc' dir='ltr'>ρήσεις,αί</span> <span class='ocrx_word' id='word_1_337' title='bbox 1634 2842 1897 2913; x_wconf 80' lang='grc' dir='ltr'>δηλοῦσαι</span> <span class='ocrx_word' id='word_1_338' title='bbox 1951 2841 2014 2894; x_wconf 73' lang='grc' dir='ltr'>τὸ</span> 
     </span>
    </p>
   </div>
   <div class='ocr_carea' id='block_1_45' title="bbox 405 2933 2014 3012">
    <p class='ocr_par' dir='ltr' id='par_1_45' title="bbox 405 2933 2014 3012">
     <span class='ocr_line' id='line_1_45' title="bbox 405 2933 2014 3012; baseline -0.006 -16"><span class='ocrx_word' id='word_1_339' title='bbox 405 2942 524 2996; x_wconf 84' lang='grc' dir='ltr'>,τοῦ</span> <span class='ocrx_word' id='word_1_340' title='bbox 577 2943 902 3012; x_wconf 79' lang='grc' dir='ltr'>Πνεῦματος</span> <span class='ocrx_word' id='word_1_341' title='bbox 963 2942 1102 3011; x_wconf 76' lang='grc' dir='ltr'>πρὸς</span> <span class='ocrx_word' id='word_1_342' title='bbox 1168 2939 1261 2992; x_wconf 70' lang='grc' dir='ltr'>τὸν</span> <span class='ocrx_word' id='word_1_343' title='bbox 1321 2937 1541 3007; x_wconf 83' lang='grc' dir='ltr'>Πατέρα</span> <span class='ocrx_word' id='word_1_344' title='bbox 1590 2937 1694 2990; x_wconf 60' lang='lat' dir='ltr'><strong>ora).</strong></span> <span class='ocrx_word' id='word_1_345' title='bbox 1736 2936 1828 2989; x_wconf 63' lang='grc' dir='ltr'>τὶν</span> <span class='ocrx_word' id='word_1_346' title='bbox 1884 2933 2014 2987; x_wconf 70' lang='grc' dir='ltr'>Υἱὸν</span> 
     </span>
    </p>
   </div>
   <div class='ocr_carea' id='block_1_46' title="bbox 427 3023 2010 3105">
    <p class='ocr_par' dir='ltr' id='par_1_46' title="bbox 427 3023 2010 3105">
     <span class='ocr_line' id='line_1_46' title="bbox 427 3023 2010 3105; baseline -0.005 -17"><span class='ocrx_word' id='word_1_347' title='bbox 427 3033 738 3105; x_wconf 81' lang='grc' dir='ltr'>ὁμοούσιον,</span> <span class='ocrx_word' id='word_1_348' title='bbox 773 3033 860 3086; x_wconf 72' lang='grc' dir='ltr'>διὰ</span> <span class='ocrx_word' id='word_1_349' title='bbox 891 3032 951 3086; x_wconf 73' lang='grc' dir='ltr'>τὸ</span> <span class='ocrx_word' id='word_1_350' title='bbox 980 3033 1045 3085; x_wconf 80' lang='grc' dir='ltr'>ὲκ</span> <span class='ocrx_word' id='word_1_351' title='bbox 1071 3029 1166 3084; x_wconf 86' lang='grc' dir='ltr'><strong>τοῦ</strong></span> <span class='ocrx_word' id='word_1_352' title='bbox 1194 3031 1405 3102; x_wconf 70' lang='grc' dir='ltr'>Πατρ³ις</span> <span class='ocrx_word' id='word_1_353' title='bbox 1435 3028 1500 3082; x_wconf 87' lang='grc' dir='ltr'><strong>δι’</strong></span> <span class='ocrx_word' id='word_1_354' title='bbox 1535 3025 1660 3082; x_wconf 80' lang='grc' dir='ltr'>Υίοῦ</span> <span class='ocrx_word' id='word_1_355' title='bbox 1691 3023 1834 3081; x_wconf 78' lang='grc' dir='ltr'>εἶναι</span> <span class='ocrx_word' id='word_1_356' title='bbox 1859 3025 2010 3080; x_wconf 77' lang='grc' dir='ltr'>αὑτό.</span> 
     </span>
    </p>
   </div>
   <div class='ocr_carea' id='block_1_47' title="bbox 1004 3145 1434 3215">
    <p class='ocr_par' dir='ltr' id='par_1_47' title="bbox 1004 3145 1434 3215">
     <span class='ocr_line' id='line_1_47' title="bbox 1004 3145 1434 3215; baseline -0.005 -14"><span class='ocrx_word' id='word_1_357' title='bbox 1004 3147 1116 3202; x_wconf 85' lang='grc' dir='ltr'><strong>Τοῦ</strong></span> <span class='ocrx_word' id='word_1_358' title='bbox 1163 3145 1434 3215; x_wconf 77' lang='grc' dir='ltr'>Παλαμίῑ.</span> 
     </span>
    </p>
   </div>
   <div class='ocr_carea' id='block_1_48' title="bbox 508 3255 2021 3329">
    <p class='ocr_par' dir='ltr' id='par_1_48' title="bbox 508 3255 2021 3329">
     <span class='ocr_line' id='line_1_48' title="bbox 508 3255 2021 3329; baseline -0.005 -12"><span class='ocrx_word' id='word_1_359' title='bbox 508 3263 666 3327; x_wconf 74' lang='grc' dir='ltr'><strong>Ἰδιὸς</strong></span> <span class='ocrx_word' id='word_1_360' title='bbox 688 3263 836 3317; x_wconf 76' lang='grc' dir='ltr'>ἐστιν</span> <span class='ocrx_word' id='word_1_361' title='bbox 866 3263 894 3316; x_wconf 81' lang='grc' dir='ltr'>ὁ</span> <span class='ocrx_word' id='word_1_362' title='bbox 917 3261 1048 3322; x_wconf 56' lang='lat' dir='ltr'><strong>Tib;</strong></span> <span class='ocrx_word' id='word_1_363' title='bbox 1075 3259 1170 3314; x_wconf 75' lang='grc' dir='ltr'><strong>τοῦ</strong></span> <span class='ocrx_word' id='word_1_364' title='bbox 1217 3259 1428 3329; x_wconf 73' lang='grc' dir='ltr'>Πατρδς</span> <span class='ocrx_word' id='word_1_365' title='bbox 1463 3258 1538 3321; x_wconf 83' lang='grc' dir='ltr'>ὡς</span> <span class='ocrx_word' id='word_1_366' title='bbox 1577 3258 1637 3324; x_wconf 72' lang='grc' dir='ltr'><strong>ἐξ</strong></span> <span class='ocrx_word' id='word_1_367' title='bbox 1672 3255 1840 3313; x_wconf 86' lang='grc' dir='ltr'>αὐτοῦ</span> <span class='ocrx_word' id='word_1_368' title='bbox 1897 3275 2021 3327; x_wconf 87' lang='grc' dir='ltr'>γεν-</span> 
     </span>
    </p>
   </div>
   <div class='ocr_carea' id='block_1_49' title="bbox 434 3353 2026 3430">
    <p class='ocr_par' dir='ltr' id='par_1_49' title="bbox 434 3353 2026 3430">
     <span class='ocr_line' id='line_1_49' title="bbox 434 3353 2026 3430; baseline -0.006 -16"><span class='ocrx_word' id='word_1_369' title='bbox 434 3359 618 3430; x_wconf 79' lang='grc' dir='ltr'>νηθείς</span> <span class='ocrx_word' id='word_1_370' title='bbox 649 3376 664 3390; x_wconf 88' lang='grc'>·</span> <span class='ocrx_word' id='word_1_371' title='bbox 699 3359 775 3422; x_wconf 82' lang='grc' dir='ltr'>ὡς</span> <span class='ocrx_word' id='word_1_372' title='bbox 804 3358 849 3411; x_wconf 77' lang='grc' dir='ltr'><strong>δ’</strong></span> <span class='ocrx_word' id='word_1_373' title='bbox 885 3355 1066 3419; x_wconf 76' lang='grc' dir='ltr'>αὔτως</span> <span class='ocrx_word' id='word_1_374' title='bbox 1107 3356 1204 3409; x_wconf 71' lang='grc' dir='ltr'>καὶ</span> <span class='ocrx_word' id='word_1_375' title='bbox 1233 3355 1292 3408; x_wconf 67' lang='grc' dir='ltr'>τὸ</span> <span class='ocrx_word' id='word_1_376' title='bbox 1323 3353 1553 3422; x_wconf 77' lang='grc' dir='ltr'>Πνεῦμα</span> <span class='ocrx_word' id='word_1_377' title='bbox 1611 3353 1672 3406; x_wconf 77' lang='grc' dir='ltr'>τὸ</span> <span class='ocrx_word' id='word_1_378' title='bbox 1711 3354 1890 3420; x_wconf 75' lang='grc' dir='ltr'>ἅγιον,</span> <span class='ocrx_word' id='word_1_379' title='bbox 1951 3353 2026 3416; x_wconf 85' lang='grc' dir='ltr'>ὡς</span> 
     </span>
    </p>
   </div>
   <div class='ocr_carea' id='block_1_50' title="bbox 437 3445 2030 3518">
    <p class='ocr_par' dir='ltr' id='par_1_50' title="bbox 437 3445 2030 3518">
     <span class='ocr_line' id='line_1_50' title="bbox 437 3445 2030 3518; baseline -0.006 -13"><span class='ocrx_word' id='word_1_380' title='bbox 437 3453 500 3518; x_wconf 74' lang='grc' dir='ltr'>ἐξ</span> <span class='ocrx_word' id='word_1_381' title='bbox 527 3451 694 3506; x_wconf 86' lang='grc' dir='ltr'>αὑτοῦ</span> <span class='ocrx_word' id='word_1_382' title='bbox 723 3450 818 3505; x_wconf 89' lang='grc' dir='ltr'><strong>τοῦ</strong></span> <span class='ocrx_word' id='word_1_383' title='bbox 873 3447 1085 3516; x_wconf 81' lang='grc' dir='ltr'>Πατρδς</span> <span class='ocrx_word' id='word_1_384' title='bbox 1139 3447 1602 3518; x_wconf 75' lang='grc' dir='ltr'>ἐκπορευόμενον,</span> <span class='ocrx_word' id='word_1_385' title='bbox 1660 3445 1804 3499; x_wconf 79' lang='grc' dir='ltr'>καθὰ</span> <span class='ocrx_word' id='word_1_386' title='bbox 1847 3446 1943 3500; x_wconf 72' lang='grc' dir='ltr'>καὶ</span> <span class='ocrx_word' id='word_1_387' title='bbox 2001 3445 2030 3496; x_wconf 87' lang='grc' dir='ltr'><strong>ὁ</strong></span> 
     </span>
    </p>
   </div>
   <div class='ocr_carea' id='block_1_51' title="bbox 443 3541 2030 3618">
    <p class='ocr_par' dir='ltr' id='par_1_51' title="bbox 443 3541 2030 3618">
     <span class='ocr_line' id='line_1_51' title="bbox 443 3541 2030 3618; baseline -0.006 -18"><span class='ocrx_word' id='word_1_388' title='bbox 443 3547 618 3618; x_wconf 81' lang='grc' dir='ltr'>μέγας</span> <span class='ocrx_word' id='word_1_389' title='bbox 669 3544 955 3607; x_wconf 85' lang='grc' dir='ltr'>Βασίλειος</span> <span class='ocrx_word' id='word_1_390' title='bbox 995 3545 1052 3596; x_wconf 81' lang='grc' dir='ltr'>ὲν</span> <span class='ocrx_word' id='word_1_391' title='bbox 1100 3543 1216 3605; x_wconf 80' lang='grc' dir='ltr'>τοῖς</span> <span class='ocrx_word' id='word_1_392' title='bbox 1270 3541 1408 3611; x_wconf 79' lang='grc' dir='ltr'>πρὸς</span> <span class='ocrx_word' id='word_1_393' title='bbox 1472 3541 1842 3609; x_wconf 85' lang='grc' dir='ltr'>Εὑνομιανούς</span> <span class='ocrx_word' id='word_1_394' title='bbox 1894 3557 2030 3610; x_wconf 84' lang='grc' dir='ltr'>φησι</span> 
     </span>
    </p>
   </div>
   <div class='ocr_carea' id='block_1_52' title="bbox 440 3633 2032 3708">
    <p class='ocr_par' dir='ltr' id='par_1_52' title="bbox 440 3633 2032 3708">
     <span class='ocr_line' id='line_1_52' title="bbox 440 3633 2032 3708; baseline -0.004 -15"><span class='ocrx_word' id='word_1_395' title='bbox 440 3639 783 3707; x_wconf 58' lang='grc' dir='ltr'>κεφαλαίοις,</span> <span class='ocrx_word' id='word_1_396' title='bbox 821 3637 1070 3708; x_wconf 62' lang='grc' dir='ltr'>γράφων,</span> <span class='ocrx_word' id='word_1_397' title='bbox 1110 3637 1224 3704; x_wconf 79' lang='grc' dir='ltr'><strong>Τὴν</strong></span> <span class='ocrx_word' id='word_1_398' title='bbox 1262 3635 1400 3704; x_wconf 79' lang='grc' dir='ltr'>πρὸς</span> <span class='ocrx_word' id='word_1_399' title='bbox 1447 3633 1538 3688; x_wconf 64' lang='grc' dir='ltr'>τὸν</span> <span class='ocrx_word' id='word_1_400' title='bbox 1573 3634 1794 3703; x_wconf 75' lang='grc' dir='ltr'>Πατέρα</span> <span class='ocrx_word' id='word_1_401' title='bbox 1834 3635 2032 3687; x_wconf 71' lang='grc' dir='ltr'>οἰκεινῖ-</span> 
     </span>
    </p>
   </div>
   <div class='ocr_carea' id='block_1_53' title="bbox 441 3725 2029 3800">
    <p class='ocr_par' dir='ltr' id='par_1_53' title="bbox 441 3725 2029 3800">
     <span class='ocr_line' id='line_1_53' title="bbox 441 3725 2029 3800; baseline -0.006 -14"><span class='ocrx_word' id='word_1_402' title='bbox 441 3749 582 3800; x_wconf 68' lang='grc' dir='ltr'>τητα</span> <span class='ocrx_word' id='word_1_403' title='bbox 611 3731 718 3785; x_wconf 85' lang='grc' dir='ltr'>νοῶ</span> <span class='ocrx_word' id='word_1_404' title='bbox 753 3729 848 3783; x_wconf 78' lang='grc' dir='ltr'><strong>τοῦ</strong></span> <span class='ocrx_word' id='word_1_405' title='bbox 880 3728 1221 3797; x_wconf 81' lang='grc' dir='ltr'>Πνεύματος,</span> <span class='ocrx_word' id='word_1_406' title='bbox 1247 3727 1442 3796; x_wconf 78' lang='grc' dir='ltr'>ἐπειδὴ</span> <span class='ocrx_word' id='word_1_407' title='bbox 1495 3729 1644 3795; x_wconf 72' lang='grc' dir='ltr'>παρὰ</span> <span class='ocrx_word' id='word_1_408' title='bbox 1694 3725 1787 3780; x_wconf 77' lang='grc' dir='ltr'><strong>τοῦ</strong></span> <span class='ocrx_word' id='word_1_409' title='bbox 1822 3727 2029 3796; x_wconf 56' lang='grc' dir='ltr'>Πατρὺς</span> 
     </span>
    </p>
   </div>
   <div class='ocr_carea' id='block_1_54' title="bbox 443 3815 2030 3892">
    <p class='ocr_par' dir='ltr' id='par_1_54' title="bbox 443 3815 2030 3892">
     <span class='ocr_line' id='line_1_54' title="bbox 443 3815 2030 3892; baseline -0.006 -16"><span class='ocrx_word' id='word_1_410' title='bbox 443 3823 828 3892; x_wconf 76' lang='grc' dir='ltr'>ἐκπορεύεται.</span> <span class='ocrx_word' id='word_1_411' title='bbox 865 3821 1099 3887; x_wconf 82' lang='grc' dir='ltr'>Λέγεται</span> <span class='ocrx_word' id='word_1_412' title='bbox 1128 3817 1184 3873; x_wconf 80' lang='grc' dir='ltr'><strong>δὲ</strong></span> <span class='ocrx_word' id='word_1_413' title='bbox 1229 3817 1322 3872; x_wconf 79' lang='grc' dir='ltr'><strong>τοῦ</strong></span> <span class='ocrx_word' id='word_1_414' title='bbox 1380 3815 1514 3870; x_wconf 82' lang='grc' dir='ltr'>Υίοῦ</span> <span class='ocrx_word' id='word_1_415' title='bbox 1563 3817 1808 3887; x_wconf 86' lang='grc' dir='ltr'>Πνεῦμα.</span> <span class='ocrx_word' id='word_1_416' title='bbox 1857 3817 2030 3870; x_wconf 77' lang='grc' dir='ltr'>καθά-</span> 
     </span>
    </p>
   </div>
   <div class='ocr_carea' id='block_1_55' title="bbox 445 3897 2036 3986">
    <p class='ocr_par' dir='ltr' id='par_1_55' title="bbox 445 3897 2036 3986">
     <span class='ocr_line' id='line_1_55' title="bbox 445 3897 2036 3986; baseline -0.005 -16"><span class='ocrx_word' id='word_1_417' title='bbox 445 3933 553 3986; x_wconf 81' lang='grc' dir='ltr'>περ</span> <span class='ocrx_word' id='word_1_418' title='bbox 584 3917 614 3968; x_wconf 82' lang='grc' dir='ltr'>ὁ</span> <span class='ocrx_word' id='word_1_419' title='bbox 643 3914 806 3977; x_wconf 75' lang='grc' dir='ltr'>αὐτὸς</span> <span class='ocrx_word' id='word_1_420' title='bbox 835 3915 894 3967; x_wconf 80' lang='grc' dir='ltr'><strong>ἐν</strong></span> <span class='ocrx_word' id='word_1_421' title='bbox 931 3911 982 3982; x_wconf 85' lang='grc' dir='ltr'><strong>η’</strong></span> <span class='ocrx_word' id='word_1_422' title='bbox 1029 3913 1313 3983; x_wconf 62' lang='grc' dir='ltr'>κεφτλαίῳ</span> <span class='ocrx_word' id='word_1_423' title='bbox 1347 3897 1456 3965; x_wconf 75' lang='grc' dir='ltr'>τῶν</span> <span class='ocrx_word' id='word_1_424' title='bbox 1510 3910 1643 3982; x_wconf 80' lang='grc' dir='ltr'>πρὸς</span> <span class='ocrx_word' id='word_1_425' title='bbox 1685 3909 2036 3980; x_wconf 78' lang='grc' dir='ltr'><strong>’Δμφιλὸχιόν</strong></span> 
     </span>
    </p>
   </div>
   <div class='ocr_carea' id='block_1_56' title="bbox 365 3996 2036 4077">
    <p class='ocr_par' dir='ltr' id='par_1_56' title="bbox 365 3996 2036 4077">
     <span class='ocr_line' id='line_1_56' title="bbox 365 3996 2036 4077; baseline -0.007 -18"><span class='ocrx_word' id='word_1_426' title='bbox 365 4045 368 4048; x_wconf 55' lang='grc'>.</span> <span class='ocrx_word' id='word_1_427' title='bbox 446 4023 638 4077; x_wconf 81' lang='grc' dir='ltr'>φησιν,</span> <span class='ocrx_word' id='word_1_428' title='bbox 667 4005 745 4069; x_wconf 84' lang='grc' dir='ltr'>ὡς</span> <span class='ocrx_word' id='word_1_429' title='bbox 774 4003 916 4058; x_wconf 77' lang='grc' dir='ltr'>κατὰ</span> <span class='ocrx_word' id='word_1_430' title='bbox 937 4001 1101 4072; x_wconf 86' lang='grc' dir='ltr'>φύσιν</span> <span class='ocrx_word' id='word_1_431' title='bbox 1150 3999 1500 4070; x_wconf 85' lang='grc' dir='ltr'>ᾠκειωμένον</span> <span class='ocrx_word' id='word_1_432' title='bbox 1562 3997 1732 4067; x_wconf 85' lang='grc' dir='ltr'>αὐτῷ.</span> <span class='ocrx_word' id='word_1_433' title='bbox 1771 3998 1927 4050; x_wconf 85' lang='grc' dir='ltr'>Ἔστι</span> <span class='ocrx_word' id='word_1_434' title='bbox 1979 3996 2036 4049; x_wconf 81' lang='grc' dir='ltr'><strong>δὲ</strong></span> 
     </span>
    </p>
   </div>
   <div class='ocr_carea' id='block_1_57' title="bbox 445 4089 2037 4166">
    <p class='ocr_par' dir='ltr' id='par_1_57' title="bbox 445 4089 2037 4166">
     <span class='ocr_line' id='line_1_57' title="bbox 445 4089 2037 4166; baseline -0.009 -10"><span class='ocrx_word' id='word_1_435' title='bbox 445 4103 555 4156; x_wconf 80' lang='grc' dir='ltr'><strong>τῶν</strong></span> <span class='ocrx_word' id='word_1_436' title='bbox 599 4097 880 4152; x_wconf 81' lang='grc' dir='ltr'>ἀδυνάτων</span> <span class='ocrx_word' id='word_1_437' title='bbox 917 4097 984 4150; x_wconf 77' lang='grc' dir='ltr'>τὰ</span> <span class='ocrx_word' id='word_1_438' title='bbox 1013 4099 1077 4166; x_wconf 77' lang='grc' dir='ltr'>τῇ</span> <span class='ocrx_word' id='word_1_439' title='bbox 1111 4095 1276 4163; x_wconf 77' lang='grc' dir='ltr'>φύσει</span> <span class='ocrx_word' id='word_1_440' title='bbox 1300 4094 1476 4146; x_wconf 81' lang='grc' dir='ltr'>ταυτὰ</span> <span class='ocrx_word' id='word_1_441' title='bbox 1517 4092 1590 4163; x_wconf 80' lang='grc' dir='ltr'><strong>μὴ</strong></span> <span class='ocrx_word' id='word_1_442' title='bbox 1639 4091 1736 4144; x_wconf 69' lang='grc' dir='ltr'><strong>καὶ</strong></span> <span class='ocrx_word' id='word_1_443' title='bbox 1782 4089 2037 4160; x_wconf 77' lang='grc' dir='ltr'>ἀλλήλοις</span> 
     </span>
    </p>
   </div>
   <div class='ocr_carea' id='block_1_58' title="bbox 447 4183 2037 4257">
    <p class='ocr_par' dir='ltr' id='par_1_58' title="bbox 447 4183 2037 4257">
     <span class='ocr_line' id='line_1_58' title="bbox 447 4183 2037 4257; baseline -0.008 -9"><span class='ocrx_word' id='word_1_444' title='bbox 447 4195 626 4248; x_wconf 75' lang='grc' dir='ltr'>οἰκεῖα</span> <span class='ocrx_word' id='word_1_445' title='bbox 655 4187 817 4248; x_wconf 80' lang='grc' dir='ltr'>εἶναι.</span> <span class='ocrx_word' id='word_1_446' title='bbox 851 4191 925 4244; x_wconf 79' lang='grc' dir='ltr'>Οὐ</span> <span class='ocrx_word' id='word_1_447' title='bbox 963 4190 1190 4257; x_wconf 85' lang='grc' dir='ltr'>λέγεται</span> <span class='ocrx_word' id='word_1_448' title='bbox 1237 4187 1293 4242; x_wconf 77' lang='grc' dir='ltr'><strong>δὲ</strong></span> <span class='ocrx_word' id='word_1_449' title='bbox 1325 4191 1354 4240; x_wconf 83' lang='grc' dir='ltr'>ὁ</span> <span class='ocrx_word' id='word_1_450' title='bbox 1393 4187 1525 4247; x_wconf 66' lang='lat' dir='ltr'><strong>Tib;</strong></span> <span class='ocrx_word' id='word_1_451' title='bbox 1558 4183 1654 4238; x_wconf 86' lang='grc' dir='ltr'><strong>τοῦ</strong></span> <span class='ocrx_word' id='word_1_452' title='bbox 1693 4184 2037 4253; x_wconf 79' lang='grc' dir='ltr'>Πνεύματος,</span> 
     </span>
    </p>
   </div>
   <div class='ocr_carea' id='block_1_59' title="bbox 450 4269 2038 4356">
    <p class='ocr_par' dir='ltr' id='par_1_59' title="bbox 450 4269 2038 4356">
     <span class='ocr_line' id='line_1_59' title="bbox 450 4269 2038 4356; baseline -0.008 -16"><span class='ocrx_word' id='word_1_453' title='bbox 450 4287 543 4340; x_wconf 74' lang='grc' dir='ltr'><strong>ἵνα</strong></span> <span class='ocrx_word' id='word_1_454' title='bbox 577 4286 651 4356; x_wconf 74' lang='grc' dir='ltr'>μὴ</span> <span class='ocrx_word' id='word_1_455' title='bbox 682 4285 806 4355; x_wconf 77' lang='grc' dir='ltr'><strong>δόξῃ</strong></span> <span class='ocrx_word' id='word_1_456' title='bbox 837 4282 1026 4352; x_wconf 81' lang='grc' dir='ltr'>Πατὴρ</span> <span class='ocrx_word' id='word_1_457' title='bbox 1063 4280 1123 4334; x_wconf 76' lang='grc' dir='ltr'>τὸ</span> <span class='ocrx_word' id='word_1_458' title='bbox 1155 4269 1379 4348; x_wconf 80' lang='grc' dir='ltr'>Πνεῦμα</span> <span class='ocrx_word' id='word_1_459' title='bbox 1445 4279 1504 4332; x_wconf 83' lang='grc' dir='ltr'><strong>τὸ</strong></span> <span class='ocrx_word' id='word_1_460' title='bbox 1550 4279 1731 4345; x_wconf 76' lang='grc' dir='ltr'>ἅγιον,</span> <span class='ocrx_word' id='word_1_461' title='bbox 1782 4277 1879 4330; x_wconf 70' lang='grc' dir='ltr'><strong>ἅτε</strong></span> <span class='ocrx_word' id='word_1_462' title='bbox 1943 4273 2038 4328; x_wconf 86' lang='grc' dir='ltr'><strong>τοῦ</strong></span> 
     </span>
    </p>
   </div>
   <div class='ocr_carea' id='block_1_60' title="bbox 451 4363 2038 4446">
    <p class='ocr_par' dir='ltr' id='par_1_60' title="bbox 451 4363 2038 4446">
     <span class='ocr_line' id='line_1_60' title="bbox 451 4363 2038 4446; baseline -0.004 -14"><span class='ocrx_word' id='word_1_463' title='bbox 451 4379 583 4432; x_wconf 63' lang='lat' dir='ltr'><strong>Tia?)</strong></span> <span class='ocrx_word' id='word_1_464' title='bbox 617 4377 840 4446; x_wconf 78' lang='grc' dir='ltr'>Πατέρα</span> <span class='ocrx_word' id='word_1_465' title='bbox 863 4373 1170 4433; x_wconf 83' lang='grc' dir='ltr'>δεικνύντος</span> <span class='ocrx_word' id='word_1_466' title='bbox 1202 4373 1293 4425; x_wconf 75' lang='grc' dir='ltr'>τὸν</span> <span class='ocrx_word' id='word_1_467' title='bbox 1313 4363 1487 4441; x_wconf 70' lang='grc' dir='ltr'>οὗπερ</span> <span class='ocrx_word' id='word_1_468' title='bbox 1513 4371 1578 4425; x_wconf 85' lang='grc' dir='ltr'>ἂν</span> <span class='ocrx_word' id='word_1_469' title='bbox 1600 4371 1814 4440; x_wconf 87' lang='grc' dir='ltr'>λέγοιτο</span> <span class='ocrx_word' id='word_1_470' title='bbox 1843 4374 1870 4424; x_wconf 79' lang='grc' dir='ltr'>ὁ</span> <span class='ocrx_word' id='word_1_471' title='bbox 1889 4371 2038 4434; x_wconf 73' lang='grc' dir='ltr'>Υἱός.</span> 
     </span>
    </p>
   </div>
   <div class='ocr_carea' id='block_1_61' title="bbox 465 4460 2042 4533">
    <p class='ocr_par' dir='ltr' id='par_1_61' title="bbox 465 4460 2042 4533">
     <span class='ocr_line' id='line_1_61' title="bbox 465 4460 2042 4533; baseline -0.006 -8"><span class='ocrx_word' id='word_1_472' title='bbox 465 4472 523 4525; x_wconf 87' lang='lat'><strong>&#39;0</strong></span> <span class='ocrx_word' id='word_1_473' title='bbox 545 4473 604 4524; x_wconf 78' lang='grc' dir='ltr'>δὲ</span> <span class='ocrx_word' id='word_1_474' title='bbox 635 4470 844 4531; x_wconf 85' lang='grc' dir='ltr'>Βέκκος</span> <span class='ocrx_word' id='word_1_475' title='bbox 900 4460 1056 4530; x_wconf 73' lang='grc' dir='ltr'>οὗτος</span> <span class='ocrx_word' id='word_1_476' title='bbox 1097 4468 1160 4519; x_wconf 81' lang='grc' dir='ltr'>ὲκ</span> <span class='ocrx_word' id='word_1_477' title='bbox 1195 4467 1307 4519; x_wconf 81' lang='grc' dir='ltr'>τῶν</span> <span class='ocrx_word' id='word_1_478' title='bbox 1357 4465 1529 4533; x_wconf 84' lang='grc' dir='ltr'>ὑγιῶς</span> <span class='ocrx_word' id='word_1_479' title='bbox 1584 4465 1820 4519; x_wconf 73' lang='grc' dir='ltr'>ἐνταῦθα</span> <span class='ocrx_word' id='word_1_480' title='bbox 1879 4481 2042 4518; x_wconf 86' lang='grc' dir='ltr'>κατε-</span> 
     </span>
    </p>
   </div>
   <div class='ocr_carea' id='block_1_62' title="bbox 2111 1897 3704 1990">
    <p class='ocr_par' dir='ltr' id='par_1_62' title="bbox 2111 1897 3704 1990">
     <span class='ocr_line' id='line_1_62' title="bbox 2111 1897 3704 1990; baseline -0.016 -16"><span class='ocrx_word' id='word_1_481' title='bbox 2111 1920 2314 1990; x_wconf 87' lang='lat' dir='ltr'><strong>ipsum,</strong></span> <span class='ocrx_word' id='word_1_482' title='bbox 2337 1915 2426 1971; x_wconf 87' lang='lat' dir='ltr'><strong>vel</strong></span> <span class='ocrx_word' id='word_1_483' title='bbox 2454 1929 2518 1968; x_wconf 82' lang='lat' dir='ltr'><strong>ex</strong></span> <span class='ocrx_word' id='word_1_484' title='bbox 2548 1912 2665 1981; x_wconf 91' lang='lat' dir='ltr'><strong>ipso</strong></span> <span class='ocrx_word' id='word_1_485' title='bbox 2727 1907 3054 1964; x_wconf 85' lang='lat' dir='ltr'><strong>naturaliter</strong></span> <span class='ocrx_word' id='word_1_486' title='bbox 3081 1913 3247 1975; x_wconf 87' lang='lat' dir='ltr'><strong>atque</strong></span> <span class='ocrx_word' id='word_1_487' title='bbox 3267 1897 3704 1958; x_wconf 88' lang='lat' dir='ltr'><strong>substantialiter</strong></span> 
     </span>
    </p>
   </div>
   <div class='ocr_carea' id='block_1_63' title="bbox 2112 1985 3704 2074">
    <p class='ocr_par' dir='ltr' id='par_1_63' title="bbox 2112 1985 3704 2074">
     <span class='ocr_line' id='line_1_63' title="bbox 2112 1985 3704 2074; baseline -0.017 -9"><span class='ocrx_word' id='word_1_488' title='bbox 2112 1985 2360 2066; x_wconf 79' lang='lat' dir='ltr'><strong>exsistat.</strong></span> <span class='ocrx_word' id='word_1_489' title='bbox 2387 2006 2560 2074; x_wconf 85' lang='lat' dir='ltr'><strong>quue</strong></span> <span class='ocrx_word' id='word_1_490' title='bbox 2591 1999 2906 2063; x_wconf 85' lang='lat' dir='ltr'><strong>testabitur,</strong></span> <span class='ocrx_word' id='word_1_491' title='bbox 2935 2011 3059 2066; x_wconf 77' lang='lat' dir='ltr'><strong>qua:</strong></span> <span class='ocrx_word' id='word_1_492' title='bbox 3086 1994 3180 2049; x_wconf 89' lang='lat' dir='ltr'><strong>hic</strong></span> <span class='ocrx_word' id='word_1_493' title='bbox 3218 1991 3514 2060; x_wconf 85' lang='lat' dir='ltr'><strong>subjicitur</strong></span> <span class='ocrx_word' id='word_1_494' title='bbox 3545 1985 3704 2042; x_wconf 84' lang='lat' dir='ltr'><strong>Basi-</strong></span> 
     </span>
    </p>
   </div>
   <div class='ocr_carea' id='block_1_64' title="bbox 2112 2087 3706 2172">
    <p class='ocr_par' dir='ltr' id='par_1_64' title="bbox 2112 2087 3706 2172">
     <span class='ocr_line' id='line_1_64' title="bbox 2112 2087 3706 2172; baseline -0.016 -12"><span class='ocrx_word' id='word_1_495' title='bbox 2112 2105 2173 2160; x_wconf 91' lang='lat' dir='ltr'><strong>lii</strong></span> <span class='ocrx_word' id='word_1_496' title='bbox 2233 2102 2410 2172; x_wconf 73' lang='grc' dir='ltr'><strong>Μοκηί</strong></span> <span class='ocrx_word' id='word_1_497' title='bbox 2462 2097 2756 2159; x_wconf 86' lang='lat' dir='ltr'><strong>sententia,</strong></span> <span class='ocrx_word' id='word_1_498' title='bbox 2815 2108 2938 2166; x_wconf 70' lang='lat' dir='ltr'><strong>quas</strong></span> <span class='ocrx_word' id='word_1_499' title='bbox 2981 2097 3170 2162; x_wconf 86' lang='lat' dir='ltr'><strong>aperte</strong></span> <span class='ocrx_word' id='word_1_500' title='bbox 3219 2087 3452 2150; x_wconf 88' lang='lat' dir='ltr'><strong>indicat,</strong></span> <span class='ocrx_word' id='word_1_501' title='bbox 3487 2099 3550 2138; x_wconf 89' lang='lat' dir='ltr'><strong>ea</strong></span> <span class='ocrx_word' id='word_1_502' title='bbox 3582 2095 3706 2151; x_wconf 67' lang='lat' dir='ltr'><strong>qua:</strong></span> 
     </span>
    </p>
   </div>
   <div class='ocr_carea' id='block_1_65' title="bbox 2113 2177 3706 2270">
    <p class='ocr_par' dir='ltr' id='par_1_65' title="bbox 2113 2177 3706 2270">
     <span class='ocr_line' id='line_1_65' title="bbox 2113 2177 3706 2270; baseline -0.018 -15"><span class='ocrx_word' id='word_1_503' title='bbox 2113 2211 2395 2270; x_wconf 88' lang='lat' dir='ltr'><strong>germana,</strong></span> <span class='ocrx_word' id='word_1_504' title='bbox 2427 2194 2784 2262; x_wconf 78' lang='lat' dir='ltr'><strong>fraternaque</strong></span> <span class='ocrx_word' id='word_1_505' title='bbox 2833 2195 2989 2252; x_wconf 89' lang='lat' dir='ltr'><strong>sunt,</strong></span> <span class='ocrx_word' id='word_1_506' title='bbox 3050 2183 3278 2238; x_wconf 85' lang='lat' dir='ltr'><strong>minime</strong></span> <span class='ocrx_word' id='word_1_507' title='bbox 3337 2177 3706 2234; x_wconf 87' lang='lat' dir='ltr'><strong>consubstan-</strong></span> 
     </span>
    </p>
   </div>
   <div class='ocr_carea' id='block_1_66' title="bbox 2117 2273 3704 2348">
    <p class='ocr_par' dir='ltr' id='par_1_66' title="bbox 2117 2273 3704 2348">
     <span class='ocr_line' id='line_1_66' title="bbox 2117 2273 3704 2348; baseline -0.018 0"><span class='ocrx_word' id='word_1_508' title='bbox 2117 2293 2228 2348; x_wconf 89' lang='lat' dir='ltr'><strong>tiali</strong></span> <span class='ocrx_word' id='word_1_509' title='bbox 2268 2287 2436 2345; x_wconf 89' lang='lat' dir='ltr'><strong>adici.</strong></span> <span class='ocrx_word' id='word_1_510' title='bbox 2477 2286 2558 2340; x_wconf 83' lang='lat' dir='ltr'><strong>Ad</strong></span> <span class='ocrx_word' id='word_1_511' title='bbox 2590 2287 2708 2340; x_wconf 68' lang='lat' dir='ltr'><strong>base</strong></span> <span class='ocrx_word' id='word_1_512' title='bbox 2751 2281 2896 2338; x_wconf 88' lang='lat' dir='ltr'><strong>dicta</strong></span> <span class='ocrx_word' id='word_1_513' title='bbox 2945 2287 3262 2334; x_wconf 79' lang='lat' dir='ltr'><strong>sanctorum</strong></span> <span class='ocrx_word' id='word_1_514' title='bbox 3298 2273 3434 2327; x_wconf 90' lang='lat' dir='ltr'><strong>alias</strong></span> <span class='ocrx_word' id='word_1_515' title='bbox 3481 2278 3704 2340; x_wconf 58' lang='lat' dir='ltr'><strong>praiter-</strong></span> 
     </span>
    </p>
   </div>
   <div class='ocr_carea' id='block_1_67' title="bbox 2113 2363 3702 2440">
    <p class='ocr_par' dir='ltr' id='par_1_67' title="bbox 2113 2363 3702 2440">
     <span class='ocr_line' id='line_1_67' title="bbox 2113 2363 3702 2440; baseline -0.02 -1"><span class='ocrx_word' id='word_1_516' title='bbox 2113 2398 2178 2439; x_wconf 92' lang='lat' dir='ltr'><strong>ea</strong></span> <span class='ocrx_word' id='word_1_517' title='bbox 2207 2380 2462 2434; x_wconf 84' lang='lat' dir='ltr'><strong>addimus</strong></span> <span class='ocrx_word' id='word_1_518' title='bbox 2501 2372 2825 2438; x_wconf 89' lang='lat' dir='ltr'><strong>sententias,</strong></span> <span class='ocrx_word' id='word_1_519' title='bbox 2883 2383 3006 2440; x_wconf 66' lang='lat' dir='ltr'><strong>qua:</strong></span> <span class='ocrx_word' id='word_1_520' title='bbox 3041 2363 3358 2436; x_wconf 82' lang='lat' dir='ltr'><strong>signiﬁcant</strong></span> <span class='ocrx_word' id='word_1_521' title='bbox 3413 2367 3702 2430; x_wconf 81' lang='lat' dir='ltr'><strong>propterea</strong></span> 
     </span>
    </p>
   </div>
   <div class='ocr_carea' id='block_1_68' title="bbox 2115 2452 3706 2538">
    <p class='ocr_par' dir='ltr' id='par_1_68' title="bbox 2115 2452 3706 2538">
     <span class='ocr_line' id='line_1_68' title="bbox 2115 2452 3706 2538; baseline -0.022 0"><span class='ocrx_word' id='word_1_522' title='bbox 2115 2494 2238 2538; x_wconf 88' lang='lat' dir='ltr'><strong>esse</strong></span> <span class='ocrx_word' id='word_1_523' title='bbox 2266 2475 2463 2531; x_wconf 89' lang='lat' dir='ltr'><strong>Filium</strong></span> <span class='ocrx_word' id='word_1_524' title='bbox 2499 2465 3032 2528; x_wconf 88' lang='lat' dir='ltr'><strong>consubstantialem</strong></span> <span class='ocrx_word' id='word_1_525' title='bbox 3075 2461 3250 2524; x_wconf 88' lang='lat' dir='ltr'><strong>Patri,</strong></span> <span class='ocrx_word' id='word_1_526' title='bbox 3278 2457 3407 2527; x_wconf 84' lang='lat' dir='ltr'><strong>quia</strong></span> <span class='ocrx_word' id='word_1_527' title='bbox 3439 2471 3506 2510; x_wconf 80' lang='lat' dir='ltr'><strong>ex</strong></span> <span class='ocrx_word' id='word_1_528' title='bbox 3533 2452 3706 2523; x_wconf 88' lang='lat' dir='ltr'><strong>ipsius</strong></span> 
     </span>
    </p>
   </div>
   <div class='ocr_carea' id='block_1_69' title="bbox 2116 2547 3704 2624">
    <p class='ocr_par' dir='ltr' id='par_1_69' title="bbox 2116 2547 3704 2624">
     <span class='ocr_line' id='line_1_69' title="bbox 2116 2547 3704 2624; baseline -0.018 0"><span class='ocrx_word' id='word_1_529' title='bbox 2116 2563 2424 2624; x_wconf 88' lang='lat' dir='ltr'><strong>substantia</strong></span> <span class='ocrx_word' id='word_1_530' title='bbox 2466 2561 2566 2618; x_wconf 87' lang='lat' dir='ltr'><strong>sit.</strong></span> <span class='ocrx_word' id='word_1_531' title='bbox 2621 2557 2693 2612; x_wconf 84' lang='lat' dir='ltr'><strong>Ut</strong></span> <span class='ocrx_word' id='word_1_532' title='bbox 2720 2556 2852 2611; x_wconf 88' lang='lat' dir='ltr'><strong>hinc</strong></span> <span class='ocrx_word' id='word_1_533' title='bbox 2897 2553 3065 2608; x_wconf 89' lang='lat' dir='ltr'><strong>liceat</strong></span> <span class='ocrx_word' id='word_1_534' title='bbox 3126 2547 3332 2604; x_wconf 83' lang='lat' dir='ltr'><strong>volenti</strong></span> <span class='ocrx_word' id='word_1_535' title='bbox 3381 2556 3704 2616; x_wconf 82' lang='lat' dir='ltr'><strong>agnoscere,</strong></span> 
     </span>
    </p>
   </div>
   <div class='ocr_carea' id='block_1_70' title="bbox 2119 2633 3710 2730">
    <p class='ocr_par' dir='ltr' id='par_1_70' title="bbox 2119 2633 3710 2730">
     <span class='ocr_line' id='line_1_70' title="bbox 2119 2633 3710 2730; baseline -0.018 -16"><span class='ocrx_word' id='word_1_536' title='bbox 2119 2658 2386 2730; x_wconf 88' lang='lat' dir='ltr'><strong>Spiritum</strong></span> <span class='ocrx_word' id='word_1_537' title='bbox 2423 2666 2644 2724; x_wconf 90' lang='lat' dir='ltr'><strong>quoque</strong></span> <span class='ocrx_word' id='word_1_538' title='bbox 2705 2648 2778 2705; x_wconf 89' lang='lat' dir='ltr'><strong>ob</strong></span> <span class='ocrx_word' id='word_1_539' title='bbox 2819 2661 2944 2703; x_wconf 88' lang='lat' dir='ltr'><strong>eam</strong></span> <span class='ocrx_word' id='word_1_540' title='bbox 3006 2655 3232 2699; x_wconf 87' lang='lat' dir='ltr'><strong>causam</strong></span> <span class='ocrx_word' id='word_1_541' title='bbox 3283 2653 3408 2694; x_wconf 89' lang='lat' dir='ltr'><strong>esse</strong></span> <span class='ocrx_word' id='word_1_542' title='bbox 3469 2633 3710 2690; x_wconf 88' lang='lat' dir='ltr'><strong>consub-</strong></span> 
     </span>
    </p>
   </div>
   <div class='ocr_carea' id='block_1_71' title="bbox 2115 2729 3706 2812">
    <p class='ocr_par' dir='ltr' id='par_1_71' title="bbox 2115 2729 3706 2812">
     <span class='ocr_line' id='line_1_71' title="bbox 2115 2729 3706 2812; baseline -0.019 -4"><span class='ocrx_word' id='word_1_543' title='bbox 2115 2729 2434 2808; x_wconf 83' lang='lat' dir='ltr'><strong>stantialem</strong></span> <span class='ocrx_word' id='word_1_544' title='bbox 2471 2745 2645 2804; x_wconf 79' lang='lat' dir='ltr'><strong>Filio.</strong></span> <span class='ocrx_word' id='word_1_545' title='bbox 2705 2741 2839 2812; x_wconf 87' lang='lat' dir='ltr'><strong>quia</strong></span> <span class='ocrx_word' id='word_1_546' title='bbox 2887 2753 2956 2794; x_wconf 80' lang='lat' dir='ltr'><strong>ex</strong></span> <span class='ocrx_word' id='word_1_547' title='bbox 3000 2735 3178 2807; x_wconf 88' lang='lat' dir='ltr'><strong>ipsius</strong></span> <span class='ocrx_word' id='word_1_548' title='bbox 3243 2729 3549 2787; x_wconf 86' lang='lat' dir='ltr'><strong>substantia</strong></span> <span class='ocrx_word' id='word_1_549' title='bbox 3602 2737 3706 2781; x_wconf 82' lang='lat' dir='ltr'><strong>est.</strong></span> 
     </span>
    </p>
   </div>
   <div class='ocr_carea' id='block_1_72' title="bbox 2115 2827 3712 2902">
    <p class='ocr_par' dir='ltr' id='par_1_72' title="bbox 2115 2827 3712 2902">
     <span class='ocr_line' id='line_1_72' title="bbox 2115 2827 3712 2902; baseline -0.019 -1"><span class='ocrx_word' id='word_1_550' title='bbox 2115 2847 2392 2902; x_wconf 68' lang='lat' dir='ltr'><strong>Praeterea</strong></span> <span class='ocrx_word' id='word_1_551' title='bbox 2449 2855 2574 2895; x_wconf 87' lang='lat' dir='ltr'><strong>cum</strong></span> <span class='ocrx_word' id='word_1_552' title='bbox 2623 2835 2713 2891; x_wconf 87' lang='lat' dir='ltr'><strong>bis</strong></span> <span class='ocrx_word' id='word_1_553' title='bbox 2761 2833 2884 2888; x_wconf 83' lang='lat' dir='ltr'><strong>aliae</strong></span> <span class='ocrx_word' id='word_1_554' title='bbox 2931 2827 3221 2886; x_wconf 64' lang='lat' dir='ltr'><strong>sententiae</strong></span> <span class='ocrx_word' id='word_1_555' title='bbox 3279 2828 3712 2880; x_wconf 80' lang='lat' dir='ltr'><strong>connectuntur.-</strong></span> 
     </span>
    </p>
   </div>
   <div class='ocr_carea' id='block_1_73' title="bbox 2116 2906 3713 3008">
    <p class='ocr_par' dir='ltr' id='par_1_73' title="bbox 2116 2906 3713 3008">
     <span class='ocr_line' id='line_1_73' title="bbox 2116 2906 3713 3008; baseline -0.02 -17"><span class='ocrx_word' id='word_1_556' title='bbox 2116 2951 2241 3008; x_wconf 73' lang='lat' dir='ltr'><strong>quas</strong></span> <span class='ocrx_word' id='word_1_557' title='bbox 2278 2931 2566 2988; x_wconf 87' lang='lat' dir='ltr'><strong>declarant</strong></span> <span class='ocrx_word' id='word_1_558' title='bbox 2595 2918 3226 2982; x_wconf 83' lang='lat' dir='ltr'><strong>consubstantialitatem</strong></span> <span class='ocrx_word' id='word_1_559' title='bbox 3253 2913 3496 2982; x_wconf 86' lang='lat' dir='ltr'><strong>Spiritus</strong></span> <span class='ocrx_word' id='word_1_560' title='bbox 3521 2910 3586 2964; x_wconf 87' lang='lat' dir='ltr'><strong>ad</strong></span> <span class='ocrx_word' id='word_1_561' title='bbox 3607 2906 3713 2961; x_wconf 85' lang='lat' dir='ltr'><strong>Pa-</strong></span> 
     </span>
    </p>
   </div>
   <div class='ocr_carea' id='block_1_74' title="bbox 2117 3001 3708 3092">
    <p class='ocr_par' dir='ltr' id='par_1_74' title="bbox 2117 3001 3708 3092">
     <span class='ocr_line' id='line_1_74' title="bbox 2117 3001 3708 3092; baseline -0.022 -4"><span class='ocrx_word' id='word_1_562' title='bbox 2117 3001 2280 3092; x_wconf 70' lang='lat' dir='ltr'><strong>trem,</strong></span> <span class='ocrx_word' id='word_1_563' title='bbox 2311 3032 2368 3080; x_wconf 88' lang='lat' dir='ltr'><strong>et</strong></span> <span class='ocrx_word' id='word_1_564' title='bbox 2395 3021 2626 3082; x_wconf 90' lang='lat' dir='ltr'><strong>Filium,</strong></span> <span class='ocrx_word' id='word_1_565' title='bbox 2665 3015 2794 3086; x_wconf 89' lang='lat' dir='ltr'><strong>quia</strong></span> <span class='ocrx_word' id='word_1_566' title='bbox 2824 3028 2892 3068; x_wconf 80' lang='lat' dir='ltr'><strong>ex</strong></span> <span class='ocrx_word' id='word_1_567' title='bbox 2925 3012 3086 3066; x_wconf 87' lang='lat' dir='ltr'><strong>Patre</strong></span> <span class='ocrx_word' id='word_1_568' title='bbox 3119 3022 3216 3078; x_wconf 90' lang='lat' dir='ltr'><strong>per</strong></span> <span class='ocrx_word' id='word_1_569' title='bbox 3249 3005 3446 3060; x_wconf 86' lang='lat' dir='ltr'><strong>Filium</strong></span> <span class='ocrx_word' id='word_1_570' title='bbox 3475 3001 3590 3073; x_wconf 89' lang='lat' dir='ltr'><strong>ipse</strong></span> <span class='ocrx_word' id='word_1_571' title='bbox 3615 3001 3708 3055; x_wconf 82' lang='lat' dir='ltr'><strong>sit-</strong></span> 
     </span>
    </p>
   </div>
   <div class='ocr_carea' id='block_1_75' title="bbox 2780 3125 3051 3180">
    <p class='ocr_par' dir='ltr' id='par_1_75' title="bbox 2780 3125 3051 3180">
     <span class='ocr_line' id='line_1_75' title="bbox 2780 3125 3051 3180; baseline -0.007 0"><span class='ocrx_word' id='word_1_572' title='bbox 2780 3125 3051 3180; x_wconf 71' lang='lat' dir='ltr'><strong>Palama’.</strong></span> 
     </span>
    </p>
   </div>
   <div class='ocr_carea' id='block_1_76' title="bbox 2202 3226 3714 3322">
    <p class='ocr_par' dir='ltr' id='par_1_76' title="bbox 2202 3226 3714 3322">
     <span class='ocr_line' id='line_1_76' title="bbox 2202 3226 3714 3322; baseline -0.021 -14"><span class='ocrx_word' id='word_1_573' title='bbox 2202 3252 2475 3322; x_wconf 84' lang='lat' dir='ltr'><strong>Proprius</strong></span> <span class='ocrx_word' id='word_1_574' title='bbox 2527 3256 2611 3312; x_wconf 78' lang='lat' dir='ltr'><strong>est</strong></span> <span class='ocrx_word' id='word_1_575' title='bbox 2665 3242 2840 3300; x_wconf 87' lang='lat' dir='ltr'><strong>Filius</strong></span> <span class='ocrx_word' id='word_1_576' title='bbox 2899 3237 3101 3302; x_wconf 80' lang='lat' dir='ltr'><strong>Patris,</strong></span> <span class='ocrx_word' id='word_1_577' title='bbox 3158 3243 3420 3302; x_wconf 81' lang='lat' dir='ltr'><strong>tauquam</strong></span> <span class='ocrx_word' id='word_1_578' title='bbox 3475 3229 3542 3282; x_wconf 89' lang='lat' dir='ltr'><strong>ab</strong></span> <span class='ocrx_word' id='word_1_579' title='bbox 3595 3226 3714 3296; x_wconf 86' lang='lat' dir='ltr'><strong>ipso</strong></span> 
     </span>
    </p>
   </div>
   <div class='ocr_carea' id='block_1_77' title="bbox 2131 3321 3712 3422">
    <p class='ocr_par' dir='ltr' id='par_1_77' title="bbox 2131 3321 3712 3422">
     <span class='ocr_line' id='line_1_77' title="bbox 2131 3321 3712 3422; baseline -0.022 -16"><span class='ocrx_word' id='word_1_580' title='bbox 2131 3350 2392 3422; x_wconf 89' lang='lat' dir='ltr'><strong>genitus;</strong></span> <span class='ocrx_word' id='word_1_581' title='bbox 2435 3342 2689 3399; x_wconf 89' lang='lat' dir='ltr'><strong>similiter</strong></span> <span class='ocrx_word' id='word_1_582' title='bbox 2715 3348 2771 3393; x_wconf 87' lang='lat' dir='ltr'><strong>et</strong></span> <span class='ocrx_word' id='word_1_583' title='bbox 2800 3335 3042 3406; x_wconf 87' lang='lat' dir='ltr'><strong>Spiritus</strong></span> <span class='ocrx_word' id='word_1_584' title='bbox 3059 3338 3283 3384; x_wconf 86' lang='lat' dir='ltr'><strong>sanctus</strong></span> <span class='ocrx_word' id='word_1_585' title='bbox 3307 3335 3392 3381; x_wconf 91' lang='lat' dir='ltr'><strong>est</strong></span> <span class='ocrx_word' id='word_1_586' title='bbox 3425 3321 3712 3394; x_wconf 86' lang='lat' dir='ltr'><strong>proprius,</strong></span> 
     </span>
    </p>
   </div>
   <div class='ocr_carea' id='block_1_78' title="bbox 2132 3411 3718 3512">
    <p class='ocr_par' dir='ltr' id='par_1_78' title="bbox 2132 3411 3718 3512">
     <span class='ocr_line' id='line_1_78' title="bbox 2132 3411 3718 3512; baseline -0.021 -15"><span class='ocrx_word' id='word_1_587' title='bbox 2132 3411 2338 3512; x_wconf 68' lang='lat' dir='ltr'><strong>quippe</strong></span> <span class='ocrx_word' id='word_1_588' title='bbox 2369 3439 2462 3508; x_wconf 90' lang='lat' dir='ltr'><strong>qui</strong></span> <span class='ocrx_word' id='word_1_589' title='bbox 2504 3435 2572 3490; x_wconf 87' lang='lat' dir='ltr'><strong>ab</strong></span> <span class='ocrx_word' id='word_1_590' title='bbox 2599 3435 2718 3501; x_wconf 89' lang='lat' dir='ltr'><strong>ipso</strong></span> <span class='ocrx_word' id='word_1_591' title='bbox 2772 3425 3059 3498; x_wconf 84' lang='lat' dir='ltr'><strong>procedit;</strong></span> <span class='ocrx_word' id='word_1_592' title='bbox 3093 3422 3238 3477; x_wconf 71' lang='lat' dir='ltr'><strong>sicut</strong></span> <span class='ocrx_word' id='word_1_593' title='bbox 3268 3427 3324 3473; x_wconf 91' lang='lat' dir='ltr'><strong>ct</strong></span> <span class='ocrx_word' id='word_1_594' title='bbox 3358 3429 3588 3486; x_wconf 80' lang='lat' dir='ltr'><strong>magnus</strong></span> <span class='ocrx_word' id='word_1_595' title='bbox 3615 3411 3718 3466; x_wconf 86' lang='lat' dir='ltr'><strong>Ba-</strong></span> 
     </span>
    </p>
   </div>
   <div class='ocr_carea' id='block_1_79' title="bbox 2133 3507 3718 3598">
    <p class='ocr_par' dir='ltr' id='par_1_79' title="bbox 2133 3507 3718 3598">
     <span class='ocr_line' id='line_1_79' title="bbox 2133 3507 3718 3598; baseline -0.023 -7"><span class='ocrx_word' id='word_1_596' title='bbox 2133 3537 2292 3591; x_wconf 87' lang='lat' dir='ltr'><strong>silius</strong></span> <span class='ocrx_word' id='word_1_597' title='bbox 2346 3531 2402 3586; x_wconf 92' lang='lat' dir='ltr'><strong>in</strong></span> <span class='ocrx_word' id='word_1_598' title='bbox 2450 3526 2725 3598; x_wconf 86' lang='lat' dir='ltr'><strong>capitibus</strong></span> <span class='ocrx_word' id='word_1_599' title='bbox 2761 3521 3042 3575; x_wconf 81' lang='lat' dir='ltr'><strong>adversus</strong></span> <span class='ocrx_word' id='word_1_600' title='bbox 3091 3507 3718 3580; x_wconf 46' lang='lat' dir='ltr'><strong>Eunomiunnscribeus</strong></span> 
     </span>
    </p>
   </div>
   <div class='ocr_carea' id='block_1_80' title="bbox 2135 3599 3718 3692">
    <p class='ocr_par' dir='ltr' id='par_1_80' title="bbox 2135 3599 3718 3692">
     <span class='ocr_line' id='line_1_80' title="bbox 2135 3599 3718 3692; baseline -0.021 -9"><span class='ocrx_word' id='word_1_601' title='bbox 2135 3629 2212 3683; x_wconf 89' lang='lat' dir='ltr'><strong>ait</strong></span> <span class='ocrx_word' id='word_1_602' title='bbox 2245 3645 2259 3681; x_wconf 92' lang='lat'>:</span> <span class='ocrx_word' id='word_1_603' title='bbox 2301 3643 2322 3678; x_wconf 71' lang='grc' dir='ltr'>ε</span> <span class='ocrx_word' id='word_1_604' title='bbox 2355 3620 2755 3692; x_wconf 88' lang='lat' dir='ltr'><strong>Proprietatem</strong></span> <span class='ocrx_word' id='word_1_605' title='bbox 2810 3612 3050 3682; x_wconf 87' lang='lat' dir='ltr'><strong>Spiritus</strong></span> <span class='ocrx_word' id='word_1_606' title='bbox 3090 3609 3155 3662; x_wconf 85' lang='lat' dir='ltr'><strong>ad</strong></span> <span class='ocrx_word' id='word_1_607' title='bbox 3191 3607 3408 3660; x_wconf 86' lang='lat' dir='ltr'><strong>Patrem</strong></span> <span class='ocrx_word' id='word_1_608' title='bbox 3447 3599 3718 3668; x_wconf 80' lang='lat' dir='ltr'><strong>intelligo,</strong></span> 
     </span>
    </p>
   </div>
   <div class='ocr_carea' id='block_1_81' title="bbox 2135 3687 3724 3791">
    <p class='ocr_par' dir='ltr' id='par_1_81' title="bbox 2135 3687 3724 3791">
     <span class='ocr_line' id='line_1_81' title="bbox 2135 3687 3724 3791; baseline -0.02 -18"><span class='ocrx_word' id='word_1_609' title='bbox 2135 3717 2399 3791; x_wconf 86' lang='lat' dir='ltr'><strong>quoniam</strong></span> <span class='ocrx_word' id='word_1_610' title='bbox 2431 3687 2495 3768; x_wconf 56' lang='lat' dir='ltr'><strong>es</strong></span> <span class='ocrx_word' id='word_1_611' title='bbox 2535 3711 2701 3766; x_wconf 82' lang='lat' dir='ltr'><strong>Patre</strong></span> <span class='ocrx_word' id='word_1_612' title='bbox 2747 3703 3020 3777; x_wconf 86' lang='lat' dir='ltr'><strong>procedit.</strong></span> <span class='ocrx_word' id='word_1_613' title='bbox 3063 3719 3081 3751; x_wconf 75' lang='grc' dir='ltr'><strong>ι</strong></span> <span class='ocrx_word' id='word_1_614' title='bbox 3113 3699 3328 3754; x_wconf 83' lang='lat' dir='ltr'><strong>Dicitur</strong></span> <span class='ocrx_word' id='word_1_615' title='bbox 3364 3699 3549 3748; x_wconf 90' lang='lat' dir='ltr'><strong>autem</strong></span> <span class='ocrx_word' id='word_1_616' title='bbox 3599 3687 3724 3756; x_wconf 76' lang='lat' dir='ltr'><strong>Spi-</strong></span> 
     </span>
    </p>
   </div>
   <div class='ocr_carea' id='block_1_82' title="bbox 2137 3782 3720 3874">
    <p class='ocr_par' dir='ltr' id='par_1_82' title="bbox 2137 3782 3720 3874">
     <span class='ocr_line' id='line_1_82' title="bbox 2137 3782 3720 3874; baseline -0.023 -6"><span class='ocrx_word' id='word_1_617' title='bbox 2137 3813 2280 3868; x_wconf 86' lang='lat' dir='ltr'><strong>ritus</strong></span> <span class='ocrx_word' id='word_1_618' title='bbox 2310 3806 2459 3872; x_wconf 87' lang='lat' dir='ltr'><strong>Filii,</strong></span> <span class='ocrx_word' id='word_1_619' title='bbox 2501 3797 2971 3874; x_wconf 88' lang='lat' dir='ltr'><strong>quemadmodum</strong></span> <span class='ocrx_word' id='word_1_620' title='bbox 3018 3793 3161 3848; x_wconf 91' lang='lat' dir='ltr'><strong>idem</strong></span> <span class='ocrx_word' id='word_1_621' title='bbox 3219 3789 3334 3858; x_wconf 84' lang='lat' dir='ltr'><strong>ipse</strong></span> <span class='ocrx_word' id='word_1_622' title='bbox 3375 3783 3630 3847; x_wconf 89' lang='lat' dir='ltr'><strong>Basilius,</strong></span> <span class='ocrx_word' id='word_1_623' title='bbox 3665 3782 3720 3833; x_wconf 85' lang='lat' dir='ltr'><strong>in</strong></span> 
     </span>
    </p>
   </div>
   <div class='ocr_carea' id='block_1_83' title="bbox 2137 3875 3723 3970">
    <p class='ocr_par' dir='ltr' id='par_1_83' title="bbox 2137 3875 3723 3970">
     <span class='ocr_line' id='line_1_83' title="bbox 2137 3875 3723 3970; baseline -0.022 -9"><span class='ocrx_word' id='word_1_624' title='bbox 2137 3915 2336 3961; x_wconf 67' lang='lat' dir='ltr'><strong>octaxo</strong></span> <span class='ocrx_word' id='word_1_625' title='bbox 2357 3899 2543 3970; x_wconf 84' lang='lat' dir='ltr'><strong>capite</strong></span> <span class='ocrx_word' id='word_1_626' title='bbox 2574 3897 2640 3952; x_wconf 86' lang='lat' dir='ltr'><strong>ad</strong></span> <span class='ocrx_word' id='word_1_627' title='bbox 2672 3888 3147 3961; x_wconf 80' lang='lat' dir='ltr'><strong>Amphilochium,</strong></span> <span class='ocrx_word' id='word_1_628' title='bbox 3199 3882 3476 3945; x_wconf 83' lang='lat' dir='ltr'><strong>aﬂirmat;</strong></span> <span class='ocrx_word' id='word_1_629' title='bbox 3517 3875 3723 3945; x_wconf 82' lang='lat' dir='ltr'><strong>quippe</strong></span> 
     </span>
    </p>
   </div>
   <div class='ocr_carea' id='block_1_84' title="bbox 2139 3967 3720 4070">
    <p class='ocr_par' dir='ltr' id='par_1_84' title="bbox 2139 3967 3720 4070">
     <span class='ocr_line' id='line_1_84' title="bbox 2139 3967 3720 4070; baseline -0.023 -16"><span class='ocrx_word' id='word_1_630' title='bbox 2139 3999 2244 4070; x_wconf 85' lang='lat' dir='ltr'><strong>ipsi</strong></span> <span class='ocrx_word' id='word_1_631' title='bbox 2278 3967 2480 4050; x_wconf 72' lang='lat' dir='ltr'><strong>natura</strong></span> <span class='ocrx_word' id='word_1_632' title='bbox 2508 3990 2839 4061; x_wconf 85' lang='lat' dir='ltr'><strong>conjunctus</strong></span> <span class='ocrx_word' id='word_1_633' title='bbox 2869 3983 2966 4037; x_wconf 90' lang='lat' dir='ltr'><strong>sit.</strong></span> <span class='ocrx_word' id='word_1_634' title='bbox 2999 3978 3164 4036; x_wconf 85' lang='lat' dir='ltr'><strong>Nullo</strong></span> <span class='ocrx_word' id='word_1_635' title='bbox 3190 3985 3376 4030; x_wconf 88' lang='lat' dir='ltr'><strong>autem</strong></span> <span class='ocrx_word' id='word_1_636' title='bbox 3409 3969 3574 4025; x_wconf 90' lang='lat' dir='ltr'><strong>modo</strong></span> <span class='ocrx_word' id='word_1_637' title='bbox 3603 3967 3720 4020; x_wconf 81' lang='lat' dir='ltr'><strong>lteri</strong></span> 
     </span>
    </p>
   </div>
   <div class='ocr_carea' id='block_1_85' title="bbox 2139 4061 3726 4163">
    <p class='ocr_par' dir='ltr' id='par_1_85' title="bbox 2139 4061 3726 4163">
     <span class='ocr_line' id='line_1_85' title="bbox 2139 4061 3726 4163; baseline -0.023 -15"><span class='ocrx_word' id='word_1_638' title='bbox 2139 4061 2347 4163; x_wconf 73' lang='lat' dir='ltr'><strong>potest,</strong></span> <span class='ocrx_word' id='word_1_639' title='bbox 2378 4095 2438 4141; x_wconf 89' lang='lat' dir='ltr'><strong>ut</strong></span> <span class='ocrx_word' id='word_1_640' title='bbox 2463 4098 2585 4155; x_wconf 64' lang='lat' dir='ltr'><strong>quae</strong></span> <span class='ocrx_word' id='word_1_641' title='bbox 2617 4088 2811 4135; x_wconf 86' lang='lat' dir='ltr'><strong>natura</strong></span> <span class='ocrx_word' id='word_1_642' title='bbox 2843 4074 3033 4130; x_wconf 89' lang='lat' dir='ltr'><strong>eadem</strong></span> <span class='ocrx_word' id='word_1_643' title='bbox 3067 4078 3219 4134; x_wconf 91' lang='lat' dir='ltr'><strong>sunt,</strong></span> <span class='ocrx_word' id='word_1_644' title='bbox 3249 4081 3358 4120; x_wconf 92' lang='lat' dir='ltr'><strong>non</strong></span> <span class='ocrx_word' id='word_1_645' title='bbox 3384 4063 3547 4116; x_wconf 86' lang='lat' dir='ltr'><strong>ctiam</strong></span> <span class='ocrx_word' id='word_1_646' title='bbox 3579 4061 3726 4114; x_wconf 89' lang='lat' dir='ltr'><strong>inter</strong></span> 
     </span>
    </p>
   </div>
   <div class='ocr_carea' id='block_1_86' title="bbox 2142 4153 3724 4249">
    <p class='ocr_par' dir='ltr' id='par_1_86' title="bbox 2142 4153 3724 4249">
     <span class='ocr_line' id='line_1_86' title="bbox 2142 4153 3724 4249; baseline -0.021 -10"><span class='ocrx_word' id='word_1_647' title='bbox 2142 4153 2201 4239; x_wconf 74' lang='lat' dir='ltr'><strong>se</strong></span> <span class='ocrx_word' id='word_1_648' title='bbox 2232 4153 2530 4249; x_wconf 76' lang='lat' dir='ltr'><strong>conjuncta</strong></span> <span class='ocrx_word' id='word_1_649' title='bbox 2568 4171 2861 4229; x_wconf 79' lang='lat' dir='ltr'><strong>exsistant.</strong></span> <span class='ocrx_word' id='word_1_650' title='bbox 2917 4167 3222 4226; x_wconf 66' lang='lat' dir='ltr'><strong>Casterum,</strong></span> <span class='ocrx_word' id='word_1_651' title='bbox 3269 4157 3446 4214; x_wconf 92' lang='lat' dir='ltr'><strong>Filius</strong></span> <span class='ocrx_word' id='word_1_652' title='bbox 3482 4153 3724 4225; x_wconf 87' lang='lat' dir='ltr'><strong>Spiritus</strong></span> 
     </span>
    </p>
   </div>
   <div class='ocr_carea' id='block_1_87' title="bbox 2145 4247 3728 4331">
    <p class='ocr_par' dir='ltr' id='par_1_87' title="bbox 2145 4247 3728 4331">
     <span class='ocr_line' id='line_1_87' title="bbox 2145 4247 3728 4331; baseline -0.021 0"><span class='ocrx_word' id='word_1_653' title='bbox 2145 4247 2468 4331; x_wconf 12' lang='lat' dir='ltr'><strong>sanctiﬁesse</strong></span> <span class='ocrx_word' id='word_1_654' title='bbox 2504 4284 2608 4323; x_wconf 85' lang='lat' dir='ltr'><strong>nun</strong></span> <span class='ocrx_word' id='word_1_655' title='bbox 2646 4263 2874 4328; x_wconf 92' lang='lat' dir='ltr'><strong>dicitur,</strong></span> <span class='ocrx_word' id='word_1_656' title='bbox 2913 4275 2982 4314; x_wconf 91' lang='lat' dir='ltr'><strong>ne</strong></span> <span class='ocrx_word' id='word_1_657' title='bbox 3021 4255 3266 4326; x_wconf 88' lang='lat' dir='ltr'><strong>Spiritus</strong></span> <span class='ocrx_word' id='word_1_658' title='bbox 3306 4259 3533 4306; x_wconf 88' lang='lat' dir='ltr'><strong>sanctus</strong></span> <span class='ocrx_word' id='word_1_659' title='bbox 3563 4247 3728 4306; x_wconf 79' lang='lat' dir='ltr'><strong>Patet;</strong></span> 
     </span>
    </p>
   </div>
   <div class='ocr_carea' id='block_1_88' title="bbox 2144 4347 3738 4426">
    <p class='ocr_par' dir='ltr' id='par_1_88' title="bbox 2144 4347 3738 4426">
     <span class='ocr_line' id='line_1_88' title="bbox 2144 4347 3738 4426; baseline -0.021 -5"><span class='ocrx_word' id='word_1_660' title='bbox 2144 4381 2266 4421; x_wconf 78' lang='lat' dir='ltr'><strong>esse</strong></span> <span class='ocrx_word' id='word_1_661' title='bbox 2305 4364 2596 4426; x_wconf 78' lang='lat' dir='ltr'><strong>videatur;</strong></span> <span class='ocrx_word' id='word_1_662' title='bbox 2645 4355 2849 4426; x_wconf 85' lang='lat' dir='ltr'><strong>quippe</strong></span> <span class='ocrx_word' id='word_1_663' title='bbox 2883 4351 3058 4406; x_wconf 89' lang='lat' dir='ltr'><strong>Filius</strong></span> <span class='ocrx_word' id='word_1_664' title='bbox 3106 4347 3330 4403; x_wconf 89' lang='lat' dir='ltr'><strong>Patrem</strong></span> <span class='ocrx_word' id='word_1_665' title='bbox 3375 4359 3502 4397; x_wconf 91' lang='lat' dir='ltr'><strong>eum</strong></span> <span class='ocrx_word' id='word_1_666' title='bbox 3543 4348 3738 4393; x_wconf 83' lang='lat' dir='ltr'><strong>osten-.</strong></span> 
     </span>
    </p>
   </div>
   <div class='ocr_carea' id='block_1_89' title="bbox 2147 4427 3746 4523">
    <p class='ocr_par' dir='ltr' id='par_1_89' title="bbox 2147 4427 3746 4523">
     <span class='ocr_line' id='line_1_89' title="bbox 2147 4427 3746 4523; baseline -0.019 -11"><span class='ocrx_word' id='word_1_667' title='bbox 2147 4459 2326 4516; x_wconf 83' lang='lat' dir='ltr'><strong>deret.</strong></span> <span class='ocrx_word' id='word_1_668' title='bbox 2371 4453 2533 4523; x_wconf 90' lang='lat' dir='ltr'><strong>cujus</strong></span> <span class='ocrx_word' id='word_1_669' title='bbox 2573 4449 2860 4504; x_wconf 89' lang='lat' dir='ltr'><strong>diceretur</strong></span> <span class='ocrx_word' id='word_1_670' title='bbox 2907 4440 3104 4496; x_wconf 88' lang='lat' dir='ltr'><strong>Filius.</strong></span> <span class='ocrx_word' id='word_1_671' title='bbox 3143 4437 3346 4492; x_wconf 80' lang='lat' dir='ltr'><strong>Verum</strong></span> <span class='ocrx_word' id='word_1_672' title='bbox 3377 4433 3480 4488; x_wconf 90' lang='lat' dir='ltr'><strong>iste</strong></span> <span class='ocrx_word' id='word_1_673' title='bbox 3513 4427 3746 4483; x_wconf 81' lang='lat' dir='ltr'><strong>Veccus.</strong></span> 
     </span>
    </p>
   </div>
   <div class='ocr_carea' id='block_1_90' title="bbox 455 4525 2020 4633">
    <p class='ocr_par' dir='ltr' id='par_1_90' title="bbox 455 4525 2020 4633">
     <span class='ocr_line' id='line_1_90' title="bbox 455 4525 2020 4633; baseline -0.006 -16"><span class='ocrx_word' id='word_1_674' title='bbox 455 4562 790 4633; x_wconf 87' lang='grc' dir='ltr'>στρωμένων</span> <span class='ocrx_word' id='word_1_675' title='bbox 823 4560 1036 4631; x_wconf 73' lang='grc' dir='ltr'>ῥήσεων</span> <span class='ocrx_word' id='word_1_676' title='bbox 1063 4559 1216 4612; x_wconf 83' lang='grc' dir='ltr'>οὐδὲν</span> <span class='ocrx_word' id='word_1_677' title='bbox 1273 4525 1525 4624; x_wconf 66' lang='grc' dir='ltr'><strong>συνάγει⁷</strong></span> <span class='ocrx_word' id='word_1_678' title='bbox 1555 4557 1734 4625; x_wconf 79' lang='grc' dir='ltr'>ὑγιές.</span> <span class='ocrx_word' id='word_1_679' title='bbox 1789 4555 2020 4623; x_wconf 80' lang='grc' dir='ltr'>Ἐξελέγ-</span> 
     </span>
    </p>
   </div>
   <div class='ocr_carea' id='block_1_91' title="bbox 2124 4525 3744 4633">
    <p class='ocr_par' dir='ltr' id='par_1_91' title="bbox 2147 4525 3744 4618">
     <span class='ocr_line' id='line_1_91' title="bbox 2147 4525 3744 4618; baseline -0.021 -12"><span class='ocrx_word' id='word_1_680' title='bbox 2147 4565 2214 4606; x_wconf 82' lang='lat' dir='ltr'><strong>ex</strong></span> <span class='ocrx_word' id='word_1_681' title='bbox 2245 4549 2312 4603; x_wconf 91' lang='lat' dir='ltr'><strong>iis</strong></span> <span class='ocrx_word' id='word_1_682' title='bbox 2345 4561 2486 4618; x_wconf 87' lang='lat' dir='ltr'><strong>quas</strong></span> <span class='ocrx_word' id='word_1_683' title='bbox 2509 4543 2602 4598; x_wconf 86' lang='lat' dir='ltr'><strong>hic</strong></span> <span class='ocrx_word' id='word_1_684' title='bbox 2623 4537 2882 4610; x_wconf 83' lang='lat' dir='ltr'><strong>subjecit,</strong></span> <span class='ocrx_word' id='word_1_685' title='bbox 2915 4534 3118 4590; x_wconf 87' lang='lat' dir='ltr'><strong>litteris</strong></span> <span class='ocrx_word' id='word_1_686' title='bbox 3144 4525 3480 4596; x_wconf 90' lang='lat' dir='ltr'><strong>conscriptis</strong></span> <span class='ocrx_word' id='word_1_687' title='bbox 3507 4531 3744 4578; x_wconf 83' lang='lat' dir='ltr'><strong>senten-.</strong></span> 
     </span>
    </p>
   </div>
   <div class='ocr_carea' id='block_1_92' title="bbox 453 4647 2042 4727">
    <p class='ocr_par' dir='ltr' id='par_1_92' title="bbox 453 4647 2042 4727">
     <span class='ocr_line' id='line_1_92' title="bbox 453 4647 2042 4727; baseline -0.007 -17"><span class='ocrx_word' id='word_1_688' title='bbox 453 4673 610 4727; x_wconf 83' lang='grc' dir='ltr'>χεται</span> <span class='ocrx_word' id='word_1_689' title='bbox 648 4655 832 4724; x_wconf 82' lang='grc' dir='ltr'>μέντοι</span> <span class='ocrx_word' id='word_1_690' title='bbox 862 4653 956 4706; x_wconf 75' lang='grc' dir='ltr'><strong>καὶ</strong></span> <span class='ocrx_word' id='word_1_691' title='bbox 989 4651 1123 4721; x_wconf 81' lang='grc' dir='ltr'>παρ’</span> <span class='ocrx_word' id='word_1_692' title='bbox 1153 4650 1320 4704; x_wconf 80' lang='grc' dir='ltr'>αὑτοῦ</span> <span class='ocrx_word' id='word_1_693' title='bbox 1374 4649 1569 4716; x_wconf 81' lang='grc' dir='ltr'>λέγων,</span> <span class='ocrx_word' id='word_1_694' title='bbox 1617 4649 1706 4702; x_wconf 69' lang='grc' dir='ltr'>διὰ</span> <span class='ocrx_word' id='word_1_695' title='bbox 1745 4649 1806 4700; x_wconf 74' lang='grc' dir='ltr'>τὸ</span> <span class='ocrx_word' id='word_1_696' title='bbox 1845 4647 2042 4717; x_wconf 76' lang='grc' dir='ltr'>ὁμοσύ-</span> 
     </span>
    </p>
   </div>
   <div class='ocr_carea' id='block_1_93' title="bbox 458 4739 2040 4816">
    <p class='ocr_par' dir='ltr' id='par_1_93' title="bbox 458 4739 2040 4816">
     <span class='ocr_line' id='line_1_93' title="bbox 458 4739 2040 4816; baseline -0.005 -14"><span class='ocrx_word' id='word_1_697' title='bbox 458 4767 572 4804; x_wconf 90' lang='grc' dir='ltr'>σιον</span> <span class='ocrx_word' id='word_1_698' title='bbox 603 4749 668 4801; x_wconf 82' lang='grc' dir='ltr'>ὲκ</span> <span class='ocrx_word' id='word_1_699' title='bbox 703 4747 805 4816; x_wconf 81' lang='grc' dir='ltr'>τῆς</span> <span class='ocrx_word' id='word_1_700' title='bbox 859 4745 1050 4808; x_wconf 84' lang='grc' dir='ltr'>οὐσίας</span> <span class='ocrx_word' id='word_1_701' title='bbox 1089 4743 1184 4798; x_wconf 89' lang='grc' dir='ltr'><strong>τοῦ</strong></span> <span class='ocrx_word' id='word_1_702' title='bbox 1227 4742 1362 4796; x_wconf 61' lang='lat' dir='ltr'><strong>Tim?</strong></span> <span class='ocrx_word' id='word_1_703' title='bbox 1406 4741 1660 4809; x_wconf 74' lang='grc' dir='ltr'>λέγεσθαι</span> <span class='ocrx_word' id='word_1_704' title='bbox 1695 4743 1755 4794; x_wconf 67' lang='grc' dir='ltr'>τὸ</span> <span class='ocrx_word' id='word_1_705' title='bbox 1797 4739 2040 4810; x_wconf 82' lang='grc' dir='ltr'>Πνεῦμα.</span> 
     </span>
    </p>
   </div>
   <div class='ocr_carea' id='block_1_94' title="bbox 455 4832 2039 4909">
    <p class='ocr_par' dir='ltr' id='par_1_94' title="bbox 455 4832 2039 4909">
     <span class='ocr_line' id='line_1_94' title="bbox 455 4832 2039 4909; baseline -0.004 -16"><span class='ocrx_word' id='word_1_706' title='bbox 455 4841 534 4894; x_wconf 76' lang='grc' dir='ltr'>Οὐ</span> <span class='ocrx_word' id='word_1_707' title='bbox 567 4839 678 4909; x_wconf 82' lang='grc' dir='ltr'>γὰρ</span> <span class='ocrx_word' id='word_1_708' title='bbox 716 4839 868 4892; x_wconf 76' lang='grc' dir='ltr'>ἔσται</span> <span class='ocrx_word' id='word_1_709' title='bbox 902 4835 994 4890; x_wconf 72' lang='grc' dir='ltr'>διὰ</span> <span class='ocrx_word' id='word_1_710' title='bbox 1037 4833 1196 4889; x_wconf 82' lang='grc' dir='ltr'>τοῦτο</span> <span class='ocrx_word' id='word_1_711' title='bbox 1251 4833 1344 4887; x_wconf 71' lang='grc' dir='ltr'>καὶ</span> <span class='ocrx_word' id='word_1_712' title='bbox 1399 4833 1464 4883; x_wconf 79' lang='grc' dir='ltr'>ἐκ</span> <span class='ocrx_word' id='word_1_713' title='bbox 1507 4832 1609 4900; x_wconf 80' lang='grc' dir='ltr'>τῆς</span> <span class='ocrx_word' id='word_1_714' title='bbox 1665 4832 2039 4894; x_wconf 77' lang='grc' dir='ltr'>ὑποστάσεως.</span> 
     </span>
    </p>
   </div>
   <div class='ocr_carea' id='block_1_95' title="bbox 459 4920 2044 5003">
    <p class='ocr_par' dir='ltr' id='par_1_95' title="bbox 459 4920 2044 5003">
     <span class='ocr_line' id='line_1_95' title="bbox 459 4920 2044 5003; baseline -0.006 -18"><span class='ocrx_word' id='word_1_715' title='bbox 459 4931 806 5003; x_wconf 82' lang='grc' dir='ltr'>Συμϐήσεται</span> <span class='ocrx_word' id='word_1_716' title='bbox 835 4929 947 5000; x_wconf 86' lang='grc' dir='ltr'>γὰρ</span> <span class='ocrx_word' id='word_1_717' title='bbox 986 4927 1046 4992; x_wconf 84' lang='grc' dir='ltr'>ἐξ</span> <span class='ocrx_word' id='word_1_718' title='bbox 1075 4925 1323 4997; x_wconf 84' lang='grc' dir='ltr'>ἀλλήλων</span> <span class='ocrx_word' id='word_1_719' title='bbox 1355 4920 1501 4978; x_wconf 83' lang='grc' dir='ltr'>εἶναι</span> <span class='ocrx_word' id='word_1_720' title='bbox 1531 4925 1730 4978; x_wconf 87' lang='grc' dir='ltr'>ταῦτα.</span> <span class='ocrx_word' id='word_1_721' title='bbox 1796 4923 1888 4977; x_wconf 81' lang='grc' dir='ltr'><strong>Διδ</strong></span> <span class='ocrx_word' id='word_1_722' title='bbox 1950 4925 2044 4976; x_wconf 86' lang='grc' dir='ltr'>οὐ-</span> 
     </span>
    </p>
   </div>
   <div class='ocr_carea' id='block_1_96' title="bbox 457 5015 2044 5088">
    <p class='ocr_par' dir='ltr' id='par_1_96' title="bbox 457 5015 2044 5088">
     <span class='ocr_line' id='line_1_96' title="bbox 457 5015 2044 5088; baseline -0.006 -10"><span class='ocrx_word' id='word_1_723' title='bbox 457 5025 570 5088; x_wconf 68' lang='grc' dir='ltr'>δεὶς</span> <span class='ocrx_word' id='word_1_724' title='bbox 603 5023 866 5077; x_wconf 83' lang='grc' dir='ltr'>οὐδέποτε</span> <span class='ocrx_word' id='word_1_725' title='bbox 899 5021 1010 5074; x_wconf 82' lang='grc' dir='ltr'><strong>τῶν</strong></span> <span class='ocrx_word' id='word_1_726' title='bbox 1056 5021 1316 5074; x_wconf 82' lang='grc' dir='ltr'>ἁπάντων</span> <span class='ocrx_word' id='word_1_727' title='bbox 1381 5017 1442 5069; x_wconf 83' lang='grc' dir='ltr'>τδ</span> <span class='ocrx_word' id='word_1_728' title='bbox 1485 5016 1710 5086; x_wconf 82' lang='grc' dir='ltr'>Πνεῦμα</span> <span class='ocrx_word' id='word_1_729' title='bbox 1767 5017 1828 5069; x_wconf 78' lang='grc' dir='ltr'><strong>τὸ</strong></span> <span class='ocrx_word' id='word_1_730' title='bbox 1887 5015 2044 5086; x_wconf 76' lang='grc' dir='ltr'>ἅγιον</span> 
     </span>
    </p>
   </div>
   <div class='ocr_carea' id='block_1_97' title="bbox 458 5107 2044 5188">
    <p class='ocr_par' dir='ltr' id='par_1_97' title="bbox 458 5107 2044 5188">
     <span class='ocr_line' id='line_1_97' title="bbox 458 5107 2044 5188; baseline -0.005 -17"><span class='ocrx_word' id='word_1_731' title='bbox 458 5118 684 5188; x_wconf 79' lang='grc' dir='ltr'>εἴρηκεν</span> <span class='ocrx_word' id='word_1_732' title='bbox 711 5117 775 5169; x_wconf 80' lang='grc' dir='ltr'>ἐκ</span> <span class='ocrx_word' id='word_1_733' title='bbox 807 5115 905 5186; x_wconf 85' lang='grc' dir='ltr'><strong>τῆς</strong></span> <span class='ocrx_word' id='word_1_734' title='bbox 947 5111 1306 5174; x_wconf 83' lang='grc' dir='ltr'>ὑποστάσεως</span> <span class='ocrx_word' id='word_1_735' title='bbox 1365 5107 1508 5164; x_wconf 71' lang='grc' dir='ltr'>εἶναι</span> <span class='ocrx_word' id='word_1_736' title='bbox 1565 5109 1658 5162; x_wconf 80' lang='grc' dir='ltr'><strong>τοῦ</strong></span> <span class='ocrx_word' id='word_1_737' title='bbox 1713 5108 1868 5176; x_wconf 84' lang='grc' dir='ltr'>Υίοῦ,</span> <span class='ocrx_word' id='word_1_738' title='bbox 1929 5109 2044 5163; x_wconf 79' lang='grc' dir='ltr'>ἀλλ’</span> 
     </span>
    </p>
   </div>
   <div class='ocr_carea' id='block_1_98' title="bbox 459 5205 909 5276">
    <p class='ocr_par' dir='ltr' id='par_1_98' title="bbox 459 5205 909 5276">
     <span class='ocr_line' id='line_1_98' title="bbox 459 5205 909 5276; baseline 0.004 -18"><span class='ocrx_word' id='word_1_739' title='bbox 459 5207 523 5258; x_wconf 79' lang='grc' dir='ltr'>ὲκ</span> <span class='ocrx_word' id='word_1_740' title='bbox 552 5205 647 5260; x_wconf 88' lang='grc' dir='ltr'><strong>τοῦ</strong></span> <span class='ocrx_word' id='word_1_741' title='bbox 673 5207 909 5276; x_wconf 83' lang='grc' dir='ltr'>Πατρός.</span> 
     </span>
    </p>
   </div>
   <div class='ocr_carea' id='block_1_99' title="bbox 1031 5317 1473 5382">
    <p class='ocr_par' dir='ltr' id='par_1_99' title="bbox 1031 5317 1473 5382">
     <span class='ocr_line' id='line_1_99' title="bbox 1031 5317 1473 5382; baseline -0.005 -9"><span class='ocrx_word' id='word_1_742' title='bbox 1031 5319 1146 5373; x_wconf 85' lang='grc' dir='ltr'><strong>Τοῦ</strong></span> <span class='ocrx_word' id='word_1_743' title='bbox 1198 5317 1473 5382; x_wconf 84' lang='grc' dir='ltr'>Νικαίας.</span> 
     </span>
    </p>
   </div>
   <div class='ocr_carea' id='block_1_100' title="bbox 531 5429 2046 5507">
    <p class='ocr_par' dir='ltr' id='par_1_100' title="bbox 531 5429 2046 5507">
     <span class='ocr_line' id='line_1_100' title="bbox 531 5429 2046 5507; baseline -0.007 -16"><span class='ocrx_word' id='word_1_744' title='bbox 531 5437 646 5491; x_wconf 86' lang='grc' dir='ltr'>Οὐκ</span> <span class='ocrx_word' id='word_1_745' title='bbox 689 5437 853 5507; x_wconf 81' lang='grc' dir='ltr'>ἀρκεῖ</span> <span class='ocrx_word' id='word_1_746' title='bbox 887 5437 1052 5506; x_wconf 82' lang='grc' dir='ltr'>μόνον</span> <span class='ocrx_word' id='word_1_747' title='bbox 1080 5434 1141 5486; x_wconf 73' lang='grc' dir='ltr'><strong>τι</strong></span> <span class='ocrx_word' id='word_1_748' title='bbox 1173 5433 1376 5503; x_wconf 77' lang='grc' dir='ltr'>φάναι·</span> <span class='ocrx_word' id='word_1_749' title='bbox 1404 5433 1485 5485; x_wconf 83' lang='grc' dir='ltr'>δεῖ</span> <span class='ocrx_word' id='word_1_750' title='bbox 1522 5431 1578 5484; x_wconf 69' lang='grc' dir='ltr'>δὲ</span> <span class='ocrx_word' id='word_1_751' title='bbox 1621 5431 1712 5483; x_wconf 64' lang='grc' dir='ltr'><strong>καὶ</strong></span> <span class='ocrx_word' id='word_1_752' title='bbox 1740 5429 1836 5501; x_wconf 83' lang='grc' dir='ltr'>τὴν</span> <span class='ocrx_word' id='word_1_753' title='bbox 1875 5430 2046 5498; x_wconf 76' lang='grc' dir='ltr'>ανάγ-</span> 
     </span>
    </p>
   </div>
   <div class='ocr_carea' id='block_1_101' title="bbox 461 5516 2045 5599">
    <p class='ocr_par' dir='ltr' id='par_1_101' title="bbox 461 5516 2045 5599">
     <span class='ocr_line' id='line_1_101' title="bbox 461 5516 2045 5599; baseline -0.01 -15"><span class='ocrx_word' id='word_1_754' title='bbox 461 5546 568 5599; x_wconf 82' lang='grc' dir='ltr'>κην</span> <span class='ocrx_word' id='word_1_755' title='bbox 593 5525 937 5598; x_wconf 80' lang='grc' dir='ltr'>προσθεῖναι.</span> <span class='ocrx_word' id='word_1_756' title='bbox 968 5522 1066 5585; x_wconf 85' lang='grc' dir='ltr'>Τίς</span> <span class='ocrx_word' id='word_1_757' title='bbox 1109 5523 1221 5589; x_wconf 87' lang='grc' dir='ltr'><strong>γὰρ</strong></span> <span class='ocrx_word' id='word_1_758' title='bbox 1269 5522 1302 5590; x_wconf 85' lang='grc' dir='ltr'>ὴ</span> <span class='ocrx_word' id='word_1_759' title='bbox 1345 5518 1755 5587; x_wconf 72' lang='grc' dir='ltr'>ἀποκλήρωσις,</span> <span class='ocrx_word' id='word_1_760' title='bbox 1784 5516 1914 5570; x_wconf 78' lang='grc' dir='ltr'>ἴδιον</span> <span class='ocrx_word' id='word_1_761' title='bbox 1946 5516 2045 5585; x_wconf 80' lang='grc' dir='ltr'><strong>μὲν</strong></span> 
     </span>
    </p>
   </div>
   <div class='ocr_carea' id='block_1_102' title="bbox 459 5605 2045 5686">
    <p class='ocr_par' dir='ltr' id='par_1_102' title="bbox 459 5605 2045 5686">
     <span class='ocr_line' id='line_1_102' title="bbox 459 5605 2045 5686; baseline -0.01 -13"><span class='ocrx_word' id='word_1_762' title='bbox 459 5619 556 5672; x_wconf 86' lang='grc' dir='ltr'><strong>τοῦ</strong></span> <span class='ocrx_word' id='word_1_763' title='bbox 583 5615 792 5686; x_wconf 83' lang='grc' dir='ltr'>Πατρὺς</span> <span class='ocrx_word' id='word_1_764' title='bbox 821 5613 1082 5682; x_wconf 85' lang='grc' dir='ltr'>λέγοντας</span> <span class='ocrx_word' id='word_1_765' title='bbox 1113 5611 1172 5664; x_wconf 72' lang='grc' dir='ltr'>τὸ</span> <span class='ocrx_word' id='word_1_766' title='bbox 1201 5609 1445 5678; x_wconf 77' lang='grc' dir='ltr'>Πνεῦμα.</span> <span class='ocrx_word' id='word_1_767' title='bbox 1477 5609 1573 5661; x_wconf 76' lang='grc' dir='ltr'><strong>καὶ</strong></span> <span class='ocrx_word' id='word_1_768' title='bbox 1611 5609 1676 5660; x_wconf 80' lang='grc' dir='ltr'>ὲκ</span> <span class='ocrx_word' id='word_1_769' title='bbox 1701 5607 1794 5659; x_wconf 77' lang='grc' dir='ltr'><strong>τοῦ</strong></span> <span class='ocrx_word' id='word_1_770' title='bbox 1831 5605 2045 5672; x_wconf 79' lang='grc' dir='ltr'>Πατρὸς</span> 
     </span>
    </p>
   </div>
   <div class='ocr_carea' id='block_1_103' title="bbox 463 5699 2046 5770">
    <p class='ocr_par' dir='ltr' id='par_1_103' title="bbox 463 5699 2046 5770">
     <span class='ocr_line' id='line_1_103' title="bbox 463 5699 2046 5770; baseline -0.008 -6"><span class='ocrx_word' id='word_1_771' title='bbox 463 5706 604 5765; x_wconf 81' lang='grc' dir='ltr'>εἶναι</span> <span class='ocrx_word' id='word_1_772' title='bbox 637 5709 770 5764; x_wconf 78' lang='grc' dir='ltr'>αὐτὸ</span> <span class='ocrx_word' id='word_1_773' title='bbox 819 5706 1064 5770; x_wconf 78' lang='grc' dir='ltr'>ἀκούειν,</span> <span class='ocrx_word' id='word_1_774' title='bbox 1112 5705 1243 5757; x_wconf 78' lang='grc' dir='ltr'>ἴδιον</span> <span class='ocrx_word' id='word_1_775' title='bbox 1287 5702 1343 5755; x_wconf 81' lang='grc' dir='ltr'><strong>δὲ</strong></span> <span class='ocrx_word' id='word_1_776' title='bbox 1388 5699 1482 5754; x_wconf 84' lang='grc' dir='ltr'><strong>τοῦ</strong></span> <span class='ocrx_word' id='word_1_777' title='bbox 1529 5700 1661 5753; x_wconf 83' lang='grc' dir='ltr'>Υίοῦ</span> <span class='ocrx_word' id='word_1_778' title='bbox 1705 5702 1770 5752; x_wconf 73' lang='grc' dir='ltr'><strong>τὸ</strong></span> <span class='ocrx_word' id='word_1_779' title='bbox 1818 5699 2046 5768; x_wconf 76' lang='grc' dir='ltr'>Πνεῦμα</span> 
     </span>
    </p>
   </div>
   <div class='ocr_carea' id='block_1_104' title="bbox 462 5791 2044 5870">
    <p class='ocr_par' dir='ltr' id='par_1_104' title="bbox 462 5791 2044 5870">
     <span class='ocr_line' id='line_1_104' title="bbox 462 5791 2044 5870; baseline -0.009 -13"><span class='ocrx_word' id='word_1_780' title='bbox 462 5802 785 5868; x_wconf 80' lang='grc' dir='ltr'>ἀκούοντας,</span> <span class='ocrx_word' id='word_1_781' title='bbox 835 5797 910 5870; x_wconf 80' lang='grc' dir='ltr'>μὴ</span> <span class='ocrx_word' id='word_1_782' title='bbox 957 5797 1050 5852; x_wconf 71' lang='grc' dir='ltr'><strong>τὸν</strong></span> <span class='ocrx_word' id='word_1_783' title='bbox 1089 5795 1250 5850; x_wconf 72' lang='grc' dir='ltr'>αὐτὸν</span> <span class='ocrx_word' id='word_1_784' title='bbox 1291 5797 1432 5848; x_wconf 84' lang='grc' dir='ltr'>νοεῖν</span> <span class='ocrx_word' id='word_1_785' title='bbox 1463 5794 1684 5864; x_wconf 78' lang='grc' dir='ltr'>τρόπον,</span> <span class='ocrx_word' id='word_1_786' title='bbox 1715 5793 1788 5856; x_wconf 83' lang='grc' dir='ltr'>ὡς</span> <span class='ocrx_word' id='word_1_787' title='bbox 1825 5793 1881 5858; x_wconf 79' lang='grc' dir='ltr'><strong>ἐξ</strong></span> <span class='ocrx_word' id='word_1_788' title='bbox 1913 5791 2044 5844; x_wconf 80' lang='grc' dir='ltr'>Υἱοῦ</span> 
     </span>
    </p>
   </div>
   <div class='ocr_carea' id='block_1_105' title="bbox 463 5884 2048 5968">
    <p class='ocr_par' dir='ltr' id='par_1_105' title="bbox 463 5884 2048 5968">
     <span class='ocr_line' id='line_1_105' title="bbox 463 5884 2048 5968; baseline -0.006 -19"><span class='ocrx_word' id='word_1_789' title='bbox 463 5895 664 5968; x_wconf 68' lang='grc' dir='ltr'>δηλαδὴ</span> <span class='ocrx_word' id='word_1_790' title='bbox 689 5895 810 5968; x_wconf 75' lang='grc' dir='ltr'>ἔχον</span> <span class='ocrx_word' id='word_1_791' title='bbox 839 5892 900 5948; x_wconf 81' lang='grc' dir='ltr'>τὸ</span> <span class='ocrx_word' id='word_1_792' title='bbox 932 5885 1094 5956; x_wconf 76' lang='grc' dir='ltr'>εῖναι,</span> <span class='ocrx_word' id='word_1_793' title='bbox 1127 5889 1240 5942; x_wconf 68' lang='grc' dir='ltr'>ἀλλ’</span> <span class='ocrx_word' id='word_1_794' title='bbox 1266 5888 1324 5944; x_wconf 82' lang='grc' dir='ltr'>ὃν</span> <span class='ocrx_word' id='word_1_795' title='bbox 1361 5886 1522 5950; x_wconf 75' lang='grc' dir='ltr'>αὐτὸς</span> <span class='ocrx_word' id='word_1_796' title='bbox 1553 5885 1740 5958; x_wconf 73' lang='grc' dir='ltr'>ἕτερον</span> <span class='ocrx_word' id='word_1_797' title='bbox 1771 5884 2048 5942; x_wconf 77' lang='grc' dir='ltr'>ἀναπλάτ-</span> 
     </span>
    </p>
   </div>
   <div class='ocr_carea' id='block_1_106' title="bbox 2151 4619 3748 4704">
    <p class='ocr_par' dir='ltr' id='par_1_106' title="bbox 2151 4619 3748 4704">
     <span class='ocr_line' id='line_1_106' title="bbox 2151 4619 3748 4704; baseline -0.019 -7"><span class='ocrx_word' id='word_1_798' title='bbox 2151 4643 2264 4704; x_wconf 84' lang='lat' dir='ltr'><strong>tiis.</strong></span> <span class='ocrx_word' id='word_1_799' title='bbox 2292 4641 2432 4696; x_wconf 87' lang='lat' dir='ltr'><strong>nihil</strong></span> <span class='ocrx_word' id='word_1_800' title='bbox 2459 4636 2576 4693; x_wconf 83' lang='lat' dir='ltr'><strong>veri</strong></span> <span class='ocrx_word' id='word_1_801' title='bbox 2612 4633 2842 4704; x_wconf 81' lang='lat' dir='ltr'><strong>colligit.</strong></span> <span class='ocrx_word' id='word_1_802' title='bbox 2875 4629 3132 4685; x_wconf 82' lang='lat' dir='ltr'><strong>Attamen</strong></span> <span class='ocrx_word' id='word_1_803' title='bbox 3176 4619 3498 4690; x_wconf 79' lang='lat' dir='ltr'><strong>coarguitur</strong></span> <span class='ocrx_word' id='word_1_804' title='bbox 3529 4623 3634 4670; x_wconf 90' lang='lat' dir='ltr'><strong>eta</strong></span> <span class='ocrx_word' id='word_1_805' title='bbox 3671 4627 3748 4668; x_wconf 84' lang='lat' dir='ltr'><strong>se-</strong></span> 
     </span>
    </p>
   </div>
   <div class='ocr_carea' id='block_1_107' title="bbox 2149 4705 3736 4809">
    <p class='ocr_par' dir='ltr' id='par_1_107' title="bbox 2149 4705 3736 4809">
     <span class='ocr_line' id='line_1_107' title="bbox 2149 4705 3736 4809; baseline -0.024 -14"><span class='ocrx_word' id='word_1_806' title='bbox 2149 4741 2294 4809; x_wconf 86' lang='lat' dir='ltr'><strong>ipso,</strong></span> <span class='ocrx_word' id='word_1_807' title='bbox 2345 4749 2468 4791; x_wconf 89' lang='lat' dir='ltr'><strong>cum</strong></span> <span class='ocrx_word' id='word_1_808' title='bbox 2514 4731 2663 4786; x_wconf 84' lang='lat' dir='ltr'><strong>dicat</strong></span> <span class='ocrx_word' id='word_1_809' title='bbox 2693 4735 2918 4798; x_wconf 87' lang='lat' dir='ltr'><strong>propter</strong></span> <span class='ocrx_word' id='word_1_810' title='bbox 2944 4712 3578 4778; x_wconf 86' lang='lat' dir='ltr'><strong>consubstantialitatem</strong></span> <span class='ocrx_word' id='word_1_811' title='bbox 3609 4705 3736 4775; x_wconf 88' lang='lat' dir='ltr'><strong>Spi-</strong></span> 
     </span>
    </p>
   </div>
   <div class='ocr_carea' id='block_1_108' title="bbox 2153 4799 3748 4886">
    <p class='ocr_par' dir='ltr' id='par_1_108' title="bbox 2153 4799 3748 4886">
     <span class='ocr_line' id='line_1_108' title="bbox 2153 4799 3748 4886; baseline -0.024 0"><span class='ocrx_word' id='word_1_812' title='bbox 2153 4833 2322 4886; x_wconf 91' lang='lat' dir='ltr'><strong>ritum</strong></span> <span class='ocrx_word' id='word_1_813' title='bbox 2377 4825 2487 4881; x_wconf 91' lang='lat' dir='ltr'><strong>dici</strong></span> <span class='ocrx_word' id='word_1_814' title='bbox 2537 4821 2702 4886; x_wconf 88' lang='lat' dir='ltr'><strong>Filii;</strong></span> <span class='ocrx_word' id='word_1_815' title='bbox 2736 4820 2816 4873; x_wconf 91' lang='lat' dir='ltr'><strong>sic</strong></span> <span class='ocrx_word' id='word_1_816' title='bbox 2855 4816 3003 4869; x_wconf 80' lang='lat' dir='ltr'><strong>enim</strong></span> <span class='ocrx_word' id='word_1_817' title='bbox 3046 4827 3154 4866; x_wconf 88' lang='lat' dir='ltr'><strong>non</strong></span> <span class='ocrx_word' id='word_1_818' title='bbox 3212 4807 3320 4862; x_wconf 79' lang='lat' dir='ltr'><strong>erit</strong></span> <span class='ocrx_word' id='word_1_819' title='bbox 3356 4813 3413 4860; x_wconf 90' lang='lat' dir='ltr'><strong>et</strong></span> <span class='ocrx_word' id='word_1_820' title='bbox 3447 4817 3514 4856; x_wconf 78' lang='lat' dir='ltr'><strong>ex</strong></span> <span class='ocrx_word' id='word_1_821' title='bbox 3561 4799 3748 4869; x_wconf 62' lang='lat' dir='ltr'><strong>lrypo-e.</strong></span> 
     </span>
    </p>
   </div>
   <div class='ocr_carea' id='block_1_109' title="bbox 2153 4893 3730 4982">
    <p class='ocr_par' dir='ltr' id='par_1_109' title="bbox 2153 4893 3730 4982">
     <span class='ocr_line' id='line_1_109' title="bbox 2153 4893 3730 4982; baseline -0.022 -6"><span class='ocrx_word' id='word_1_822' title='bbox 2153 4922 2324 4982; x_wconf 89' lang='lat' dir='ltr'><strong>stasi;</strong></span> <span class='ocrx_word' id='word_1_823' title='bbox 2363 4914 2650 4982; x_wconf 87' lang='lat' dir='ltr'><strong>continget</strong></span> <span class='ocrx_word' id='word_1_824' title='bbox 2682 4909 2831 4964; x_wconf 87' lang='lat' dir='ltr'><strong>enim</strong></span> <span class='ocrx_word' id='word_1_825' title='bbox 2877 4915 2938 4959; x_wconf 88' lang='lat' dir='ltr'><strong>ut</strong></span> <span class='ocrx_word' id='word_1_826' title='bbox 2979 4905 3117 4959; x_wconf 83' lang='lat' dir='ltr'><strong>alter</strong></span> <span class='ocrx_word' id='word_1_827' title='bbox 3152 4901 3219 4956; x_wconf 88' lang='lat' dir='ltr'><strong>ab</strong></span> <span class='ocrx_word' id='word_1_828' title='bbox 3264 4899 3440 4953; x_wconf 90' lang='lat' dir='ltr'><strong>altero</strong></span> <span class='ocrx_word' id='word_1_829' title='bbox 3477 4893 3730 4947; x_wconf 76' lang='lat' dir='ltr'><strong>exsistat.</strong></span> 
     </span>
    </p>
   </div>
   <div class='ocr_carea' id='block_1_110' title="bbox 2151 4983 3833 5070">
    <p class='ocr_par' dir='ltr' id='par_1_110' title="bbox 2151 4983 3833 5070">
     <span class='ocr_line' id='line_1_110' title="bbox 2151 4983 3833 5070; baseline -0.02 -3"><span class='ocrx_word' id='word_1_830' title='bbox 2151 5010 2396 5067; x_wconf 86' lang='lat' dir='ltr'><strong>Proinde</strong></span> <span class='ocrx_word' id='word_1_831' title='bbox 2439 5021 2606 5062; x_wconf 87' lang='lat' dir='ltr'><strong>nemo</strong></span> <span class='ocrx_word' id='word_1_832' title='bbox 2651 5015 2898 5070; x_wconf 89' lang='lat' dir='ltr'><strong>unquam</strong></span> <span class='ocrx_word' id='word_1_833' title='bbox 2960 4997 3206 5051; x_wconf 87' lang='lat' dir='ltr'><strong>omnium</strong></span> <span class='ocrx_word' id='word_1_834' title='bbox 3246 4992 3409 5052; x_wconf 79' lang='lat' dir='ltr'><strong>dixit,</strong></span> <span class='ocrx_word' id='word_1_835' title='bbox 3463 4983 3748 5056; x_wconf 81' lang='lat' dir='ltr'><strong>Spiritum,</strong></span> <span class='ocrx_word' id='word_1_836' title='bbox 3815 4985 3833 5006; x_wconf 79' lang='lat'><strong>‘</strong></span> 
     </span>
    </p>
   </div>
   <div class='ocr_carea' id='block_1_111' title="bbox 2151 5083 3518 5172">
    <p class='ocr_par' dir='ltr' id='par_1_111' title="bbox 2151 5083 3518 5172">
     <span class='ocr_line' id='line_1_111' title="bbox 2151 5083 3518 5172; baseline -0.02 -10"><span class='ocrx_word' id='word_1_837' title='bbox 2151 5117 2408 5162; x_wconf 86' lang='lat' dir='ltr'><strong>sanctum</strong></span> <span class='ocrx_word' id='word_1_838' title='bbox 2444 5116 2514 5156; x_wconf 79' lang='lat' dir='ltr'><strong>ex</strong></span> <span class='ocrx_word' id='word_1_839' title='bbox 2543 5094 2828 5172; x_wconf 83' lang='lat' dir='ltr'><strong>bypostasi</strong></span> <span class='ocrx_word' id='word_1_840' title='bbox 2865 5107 2988 5148; x_wconf 83' lang='lat' dir='ltr'><strong>esse</strong></span> <span class='ocrx_word' id='word_1_841' title='bbox 3021 5089 3170 5156; x_wconf 89' lang='lat' dir='ltr'><strong>Filii,</strong></span> <span class='ocrx_word' id='word_1_842' title='bbox 3204 5085 3298 5142; x_wconf 85' lang='lat' dir='ltr'><strong>sed</strong></span> <span class='ocrx_word' id='word_1_843' title='bbox 3324 5083 3518 5137; x_wconf 87' lang='lat' dir='ltr'><strong>Patris.</strong></span> 
     </span>
    </p>
   </div>
   <div class='ocr_carea' id='block_1_112' title="bbox 2827 5293 3054 5347">
    <p class='ocr_par' dir='ltr' id='par_1_112' title="bbox 2827 5293 3054 5347">
     <span class='ocr_line' id='line_1_112' title="bbox 2827 5293 3054 5347; baseline -0.009 -1"><span class='ocrx_word' id='word_1_844' title='bbox 2827 5293 3054 5347; x_wconf 77' lang='lat' dir='ltr'><strong>Nicwni.</strong></span> 
     </span>
    </p>
   </div>
   <div class='ocr_carea' id='block_1_113' title="bbox 2224 5403 3742 5474">
    <p class='ocr_par' dir='ltr' id='par_1_113' title="bbox 2224 5403 3742 5474">
     <span class='ocr_line' id='line_1_113' title="bbox 2224 5403 3742 5474; baseline -0.015 0"><span class='ocrx_word' id='word_1_845' title='bbox 2224 5419 2344 5474; x_wconf 80' lang='lat' dir='ltr'><strong>Non</strong></span> <span class='ocrx_word' id='word_1_846' title='bbox 2377 5423 2466 5471; x_wconf 86' lang='lat' dir='ltr'><strong>est</strong></span> <span class='ocrx_word' id='word_1_847' title='bbox 2499 5411 2633 5468; x_wconf 88' lang='lat' dir='ltr'><strong>satis</strong></span> <span class='ocrx_word' id='word_1_848' title='bbox 2669 5415 2884 5465; x_wconf 88' lang='lat' dir='ltr'><strong>tantum</strong></span> <span class='ocrx_word' id='word_1_849' title='bbox 2915 5403 3210 5466; x_wconf 76' lang='lat' dir='ltr'><strong>allii-mare,</strong></span> <span class='ocrx_word' id='word_1_850' title='bbox 3248 5411 3442 5453; x_wconf 77' lang='lat' dir='ltr'><strong>verum</strong></span> <span class='ocrx_word' id='word_1_851' title='bbox 3475 5410 3616 5465; x_wconf 89' lang='lat' dir='ltr'><strong>opus</strong></span> <span class='ocrx_word' id='word_1_852' title='bbox 3650 5403 3742 5452; x_wconf 70' lang='lat' dir='ltr'><strong>est</strong></span> 
     </span>
    </p>
   </div>
   <div class='ocr_carea' id='block_1_114' title="bbox 2153 5490 3738 5574">
    <p class='ocr_par' dir='ltr' id='par_1_114' title="bbox 2153 5490 3738 5574">
     <span class='ocr_line' id='line_1_114' title="bbox 2153 5490 3738 5574; baseline -0.016 -8"><span class='ocrx_word' id='word_1_853' title='bbox 2153 5507 2546 5566; x_wconf 87' lang='lat' dir='ltr'><strong>necessitatem</strong></span> <span class='ocrx_word' id='word_1_854' title='bbox 2573 5515 2795 5574; x_wconf 89' lang='lat' dir='ltr'><strong>quoque</strong></span> <span class='ocrx_word' id='word_1_855' title='bbox 2830 5497 3075 5562; x_wconf 88' lang='lat' dir='ltr'><strong>addere;</strong></span> <span class='ocrx_word' id='word_1_856' title='bbox 3103 5491 3238 5563; x_wconf 91' lang='lat' dir='ltr'><strong>quid</strong></span> <span class='ocrx_word' id='word_1_857' title='bbox 3268 5490 3418 5546; x_wconf 90' lang='lat' dir='ltr'><strong>enim</strong></span> <span class='ocrx_word' id='word_1_858' title='bbox 3445 5497 3532 5543; x_wconf 87' lang='lat' dir='ltr'><strong>est</strong></span> <span class='ocrx_word' id='word_1_859' title='bbox 3553 5501 3738 5542; x_wconf 67' lang='lat' dir='ltr'><strong>causa:</strong></span> 
     </span>
    </p>
   </div>
   <div class='ocr_carea' id='block_1_115' title="bbox 2154 5579 3744 5667">
    <p class='ocr_par' dir='ltr' id='par_1_115' title="bbox 2154 5579 3744 5667">
     <span class='ocr_line' id='line_1_115' title="bbox 2154 5579 3744 5667; baseline -0.014 -10"><span class='ocrx_word' id='word_1_860' title='bbox 2154 5619 2274 5667; x_wconf 88' lang='lat' dir='ltr'><strong>cur,</strong></span> <span class='ocrx_word' id='word_1_861' title='bbox 2315 5615 2440 5655; x_wconf 93' lang='lat' dir='ltr'><strong>cum</strong></span> <span class='ocrx_word' id='word_1_862' title='bbox 2467 5597 2708 5652; x_wconf 89' lang='lat' dir='ltr'><strong>dicimus</strong></span> <span class='ocrx_word' id='word_1_863' title='bbox 2740 5591 3012 5661; x_wconf 87' lang='lat' dir='ltr'><strong>Spiritum</strong></span> <span class='ocrx_word' id='word_1_864' title='bbox 3044 5585 3336 5659; x_wconf 87' lang='lat' dir='ltr'><strong>prOprium</strong></span> <span class='ocrx_word' id='word_1_865' title='bbox 3369 5597 3493 5637; x_wconf 88' lang='lat' dir='ltr'><strong>esse</strong></span> <span class='ocrx_word' id='word_1_866' title='bbox 3531 5579 3744 5644; x_wconf 61' lang='lat' dir='ltr'><strong>Patris,</strong></span> 
     </span>
    </p>
   </div>
   <div class='ocr_carea' id='block_1_116' title="bbox 2155 5674 3735 5752">
    <p class='ocr_par' dir='ltr' id='par_1_116' title="bbox 2155 5674 3735 5752">
     <span class='ocr_line' id='line_1_116' title="bbox 2155 5674 3735 5752; baseline -0.015 -3"><span class='ocrx_word' id='word_1_867' title='bbox 2155 5695 2321 5749; x_wconf 86' lang='lat' dir='ltr'><strong>etiam</strong></span> <span class='ocrx_word' id='word_1_868' title='bbox 2355 5708 2422 5747; x_wconf 83' lang='lat' dir='ltr'><strong>ex</strong></span> <span class='ocrx_word' id='word_1_869' title='bbox 2460 5690 2622 5744; x_wconf 88' lang='lat' dir='ltr'><strong>Patre</strong></span> <span class='ocrx_word' id='word_1_870' title='bbox 2665 5701 2786 5740; x_wconf 82' lang='lat' dir='ltr'><strong>esse</strong></span> <span class='ocrx_word' id='word_1_871' title='bbox 2819 5678 3244 5752; x_wconf 85' lang='lat' dir='ltr'><strong>intelligamus?</strong></span> <span class='ocrx_word' id='word_1_872' title='bbox 3285 5674 3423 5730; x_wconf 88' lang='lat' dir='ltr'><strong>Cum</strong></span> <span class='ocrx_word' id='word_1_873' title='bbox 3457 5688 3590 5729; x_wconf 82' lang='lat' dir='ltr'><strong>vero</strong></span> <span class='ocrx_word' id='word_1_874' title='bbox 3637 5687 3735 5728; x_wconf 90' lang='lat' dir='ltr'><strong>au-</strong></span> 
     </span>
    </p>
   </div>
   <div class='ocr_carea' id='block_1_117' title="bbox 2156 5767 3748 5854">
    <p class='ocr_par' dir='ltr' id='par_1_117' title="bbox 2156 5767 3748 5854">
     <span class='ocr_line' id='line_1_117' title="bbox 2156 5767 3748 5854; baseline -0.014 -12"><span class='ocrx_word' id='word_1_875' title='bbox 2156 5789 2342 5842; x_wconf 87' lang='lat' dir='ltr'><strong>dimus</strong></span> <span class='ocrx_word' id='word_1_876' title='bbox 2387 5782 2653 5854; x_wconf 89' lang='lat' dir='ltr'><strong>Spiritum</strong></span> <span class='ocrx_word' id='word_1_877' title='bbox 2697 5775 2992 5847; x_wconf 85' lang='lat' dir='ltr'><strong>proprium</strong></span> <span class='ocrx_word' id='word_1_878' title='bbox 3033 5787 3153 5828; x_wconf 79' lang='lat' dir='ltr'><strong>esse</strong></span> <span class='ocrx_word' id='word_1_879' title='bbox 3184 5769 3330 5833; x_wconf 88' lang='lat' dir='ltr'><strong>Filii,</strong></span> <span class='ocrx_word' id='word_1_880' title='bbox 3382 5783 3492 5822; x_wconf 91' lang='lat' dir='ltr'><strong>non</strong></span> <span class='ocrx_word' id='word_1_881' title='bbox 3539 5767 3748 5826; x_wconf 68' lang='lat' dir='ltr'><strong>eodem5</strong></span> 
     </span>
    </p>
   </div>
   <div class='ocr_carea' id='block_1_118' title="bbox 2157 5859 3744 5948">
    <p class='ocr_par' dir='ltr' id='par_1_118' title="bbox 2157 5859 3744 5948">
     <span class='ocr_line' id='line_1_118' title="bbox 2157 5859 3744 5948; baseline -0.01 -12"><span class='ocrx_word' id='word_1_882' title='bbox 2157 5880 2322 5936; x_wconf 86' lang='lat' dir='ltr'><strong>modo</strong></span> <span class='ocrx_word' id='word_1_883' title='bbox 2364 5876 2815 5948; x_wconf 81' lang='lat' dir='ltr'><strong>interpretemur,</strong></span> <span class='ocrx_word' id='word_1_884' title='bbox 2853 5877 3115 5938; x_wconf 83' lang='lat' dir='ltr'><strong>tanquam</strong></span> <span class='ocrx_word' id='word_1_885' title='bbox 3138 5875 3193 5922; x_wconf 81' lang='lat' dir='ltr'><strong>et</strong></span> <span class='ocrx_word' id='word_1_886' title='bbox 3220 5879 3284 5922; x_wconf 72' lang='lat' dir='ltr'><strong>cx</strong></span> <span class='ocrx_word' id='word_1_887' title='bbox 3312 5861 3449 5922; x_wconf 88' lang='lat' dir='ltr'><strong>Filio</strong></span> <span class='ocrx_word' id='word_1_888' title='bbox 3476 5859 3744 5920; x_wconf 74' lang='lat' dir='ltr'><strong>videlicet.</strong></span> 
     </span>
    </p>
   </div>
  </div>
