4124 6488
407 445 475 509 79
522 450 525 453 ’
1355 445 1856 509 BESSARIONIS
1892 449 1953 514 S.
1992 449 2035 511 Β

2026 452 2067 513 ι.
2105 449 2176 513 E.
2210 449 2681 515 CARDINALlS
3519 406 3654 516 230-

370 554 571 610 habeat
600 569 721 610 esse
749 573 763 620 ;
797 554 894 611 sed
927 557 1234 612 secundum
1274 557 1437 613 aliam
1479 561 1748 614 rationem
1781 575 1946 630 quam
1978 567 1998 622 Α

1996 566 2023 622 ι
2052 580 2164 627 τεις
2195 561 2271 627 ὡς
2300 564 2358 616 ἐν
2385 562 2616 635 ὀνείροις
2649 563 2770 617 κατ’
2810 561 3080 627 ἐξουσίαν.
3122 561 3187 614 Ὃ
3233 560 3342 630 γὰρ
3383 558 3477 614 τοῦ
3527 579 3624 630 με·

369 645 495 714 ipse
524 646 693 700 'velut
732 645 785 700 in
819 647 1031 702 somnis
1065 648 1131 703 ad
1163 648 1462 703 arbitrium
1502 651 1683 719 ﬁngis.
1726 651 1946 706 Dictum

2052 654 2218 723 γὰλου
2265 654 2548 708 Βασιλείου
2608 655 2834 723 ἐπάγεις
2876 653 3016 723 ὑπὲρ
3062 653 3219 724 ήμῶν
3269 651 3492 720 μᾶλλον.
3533 654 3626 705 καὶ

366 741 520 794 cnim
551 744 734 810 magni
771 741 985 803 Basilii,
1022 743 1169 812 quod
1209 743 1463 808 adducis,
1512 731 1807 800 nobiscum
1849 760 1948 815 po-

2052 748 2193 801 κατὰ
2238 746 2438 800 σαυτοῦ
2489 747 2722 818 λέληθας
2766 745 3142 817 προκομίζων.
3191 744 3341 807 Ἐνὸς
3386 744 3496 813 γὰρ
3533 743 3628 797 τοῦ

370 831 482 886 tius
512 831 639 899 facit
665 850 680 898 ;
706 843 762 888 et
793 832 1120 903 imprudens
1146 844 1337 891 contra
1364 845 1413 892 te
1445 837 1579 891 illud
1599 837 1782 893 affers.
1810 837 1948 893 Cum

2001 858 2009 867 ·
2052 841 2216 895 αὐτοῦ
2245 842 2339 895 τοῦ
2403 841 2545 896 κατά
2595 841 2760 913 φύσιν
2814 840 3125 912 ᾠκειῶσθαι
3152 839 3331 909 Πατρὶ
3374 840 3469 892 καὶ
3509 836 3629 906 Υίῷ

370 921 519 974 enim
572 923 738 977 unius
780 935 947 994 atque
998 926 1245 997 ejusdem
1296 929 1398 994 rei,
1438 930 1700 985 nimirum
1753 930 1946 1001 hujus,

2051 933 2113 986 τὸ
2147 934 2369 1004 Πνεῦμα
2393 934 2454 987 τὺ
2483 934 2637 1003 ἅγιον
2666 933 2974 998 ἀποδείξεις
3018 930 3200 1002 ζητῶν
3229 932 3258 984 ὁ
3285 930 3630 992 διδάσκαλος,

372 1015 517 1081 quod
548 1025 633 1069 est
667 1015 935 1086 Spiritum
978 1028 1228 1075 sanctum
1272 1032 1471 1078 natura
1508 1039 1633 1079 cum
1669 1023 1829 1079 Patre
1862 1025 1950 1079 Fi-

2052 1029 2113 1080 τὸ
2147 1043 2208 1080 τε
2249 1029 2311 1080 ἐκ
2357 1025 2451 1080 τοῦ
2493 1026 2707 1097 Πατρὸς
2748 1022 3176 1094 ἐκπορεύεσθαι,
3223 1021 3321 1076 καὶ
3356 1020 3451 1075 τοῦ
3499 1018 3631 1074 Υίοῦ

366 1104 555 1174 lioque
581 1108 868 1178 conjungi,
909 1110 1416 1169 demonstrationes
1448 1115 1693 1185 requirat
1734 1116 1950 1180 doctor,

2052 1117 2310 1185 λέγεσθαί
2353 1135 2415 1171 τε
2470 1120 2567 1173 καὶ
2618 1114 2779 1184 εἶναι,
2806 1117 3064 1190 προάγει,
3099 1116 3183 1180 είς
3226 1115 3390 1168 ταυτδ
3420 1113 3631 1183 φέρειν,

368 1196 504 1249 ἰέιιιά
528 1198 675 1266 quod
720 1209 802 1253 est
831 1216 898 1254 ex
928 1202 1093 1258 Patre
1116 1203 1421 1272 procedere
1453 1216 1508 1261 et
1536 1206 1668 1261 illud
1696 1207 1821 1261 Filii
1845 1209 1950 1264 dici

2056 1210 2150 1263 xui.
2179 1207 2347 1263 ταυ’τδ
2386 1208 2651 1264 δύνασθαι
2686 1209 2785 1263 καὶ
2816 1208 2985 1278 ἄμφω
3012 1208 3283 1278 οίὸμενος.
3307 1204 3383 1259 Οὐ
3415 1207 3527 1274 γὰρ
3549 1204 3634 1256 iti-

369 1294 558 1354 atqne'
593 1302 740 1352 esse,
779 1290 1062 1358 producit,
1118 1293 1186 1347 ad
1241 1296 1393 1348 idem
1435 1297 1739 1366 pertinere,
1786 1310 1954 1369 atque

2055 1319 2215 1371 γεται
2243 1301 2489 1373 Πνεῦμα,
2514 1303 2573 1370 ἐξ
2604 1303 2816 1356 ἐκείνου
2863 1299 3036 1370 δήπου
3063 1299 3160 1354 καὶ
3190 1300 3433 1355 πνεῖται.
3470 1298 3542 1350 Σύ
3577 1296 3634 1349 δέ

372 1378 523 1432 idem
555 1381 764 1448 valere,
803 1393 859 1437 et
892 1382 1056 1440 ambo
1089 1387 1455 1445 existimans:
1494 1391 1651 1462 cujus
1677 1393 1826 1446 enim
1867 1393 1954 1448 di-

2055 1394 2117 1448 τὸ
2143 1395 2413 1463 ἑπόμενον
2441 1396 2646 1448 ἄτοπον
2679 1394 2773 1447 καλ⁸
2796 1392 2896 1462 τὴν
2924 1393 3234 1461 ἀναγκαίαν
3263 1388 3635 1461 ἀντιστροφὴν

373 1473 522 1525 ritur
562 1473 826 1542 Spiritus,
871 1477 940 1533 ab
986 1495 1054 1534 eo
1101 1495 1234 1535 sane
1281 1491 1338 1536 et
1378 1483 1643 1552 spiratur.
1686 1484 1765 1540 Tu
1821 1503 1954 1543 vero

2057 1486 2171 1549 τοῖς
2208 1486 2321 1547 σοῖς
2359 1485 2542 1554 λόγοις
2587 1484 2993 1538 ἀκολουθοῦσαν
3028 1482 3322 1551 ἐκφεύγειν
3356 1479 3635 1550 πειρώμε-

372 1561 701 1628 absurdum,
738 1567 883 1634 quod
909 1570 1182 1638 sequitur,
1211 1580 1269 1626 et
1298 1572 1433 1627 illud
1455 1576 1596 1643 quod
1641 1579 1956 1633 necessario

2057 1596 2167 1643 νος.
2191 1579 2287 1633 καὶ
2324 1579 2397 1647 μὴ
2431 1578 2639 1648 σφόδρα
2669 1576 2994 1648 βουλόμενος
3024 1578 3138 1640 τοῖς
3165 1576 3439 1638 ἐναντίοις
3474 1591 3636 1643 συνη-

376 1662 779 1723 reciprocatur,
803 1667 1000 1729 estque
1021 1662 1131 1716 tuis
1158 1662 1324 1720 dictis
1348 1676 1809 1733 consentaneum,
1828 1686 1953 1725 cum

2058 1675 2264 1743 γορεῖς.
2294 1672 2370 1725 Οὐ
2401 1671 2512 1741 γὰρ
2537 1670 2775 1738 λέγεται,
2795 1671 2923 1742 φῂς,
2960 1668 3053 1723 τοῦ
3088 1670 3408 1738 Πνεύματος
3434 1669 3460 1722 ὁ
3483 1667 3636 1730 Υίδς,
3667 1666 3672 1671 ’

375 1745 759 1817 subterfugere
799 1751 1044 1815 coneris,
1086 1753 1308 1810 etiamsi
1333 1758 1491 1813 valde
1537 1759 1706 1821 nolis,
1755 1762 1958 1816 adrer-

2060 1764 2149 1818 ἵνα
2183 1763 2259 1835 μὴ
2290 1762 2479 1834 Πατὴρ
2506 1762 2673 1816 αὐτοῦ
2703 1762 2832 1836 δόξῃ
2857 1762 2919 1814 τὸ
2948 1761 3198 1832 Πνεῦμα,
3228 1760 3508 1829 ὁμολογῶν
3543 1759 3639 1812 καὶ

373 1837 538 1892 sariis
590 1841 982 1908 patrocinaris.
1022 1844 1143 1900 Non
1187 1847 1362 1918 enim,
1402 1850 1623 1921 inquis,
1648 1851 1822 1909 Filius
1873 1855 2001 1924 di-l

2009 1899 2032 1924 ,
2063 1855 2230 1918 αὐτὸς
2258 1854 2329 1907 τὰ
2360 1853 2670 1924 ἀναφορικὰ
2712 1852 2850 1921 πρὸς
2893 1850 3323 1922 ἀντιστρέφοντα
3355 1849 3637 1918 λέγεσθαι,

590 1898 606 1908 .
972 1898 977 1899 ν
1023 1898 1041 1900 -
1086 1898 1143 1900 με
1193 1898 1362 1918 --π---ν
1403 1898 1822 1921 --υι--ννι--νι--ν
1874 1898 1927 1909 ’⁵-

373 1930 521 1984 citur
554 1930 796 2000 Spiritus
832 1928 1031 2006 sancti,
1061 1955 1129 1994 ne
1154 1940 1397 2010 Spiritus
1427 1943 1591 1998 Pater
1617 1945 1792 2015 ipsius
1832 1963 1955 2003 esse
1990 1898 2001 1958 1

2064 1898 2228 1918 “'"1
2269 1898 2329 1907 *ν’
2361 1898 2670 1924 ""'Y'l'""'
2719 1898 2847 1921 ’τι-*τ
2894 1898 3321 1922 “"“'|"T""‘
3357 1898 3574 1918 "‘I""
3623 1898 3638 1908 ν

2012 1900 2136 2012 3ὡς
2168 1946 2263 2000 καὶ
2296 1946 2356 1999 τὸ
2379 1944 2475 1999 τοῦ
2506 1944 2827 2013 Πνεῦματος
2855 1942 3026 2013 δνομα
3069 1943 3402 2013 ἀναφορικέιν
3442 1941 3522 2008 ὃν,
3562 1941 3640 2004 ὡς

375 2022 871 2082 videaturzetiam
916 2040 974 2085 tu
1012 2032 1130 2102 ipse
1171 2036 1487 2091 concedens
1538 2038 1768 2094 relativa
1813 2041 1956 2095 reci-

2061 2042 2157 2095 καὶ
2187 2040 2414 2110 αὐτὸςῆ
2465 2037 2607 2093 ἐκὼν
2655 2038 2688 2109 ἢ
2733 2036 2884 2091 ἄκων
2938 2036 3319 2107 ὁμολογήσεις,
3360 2034 3499 2104 πρὸς
3546 2031 3642 2085 τὸν

378 2118 596 2182 precari
634 2140 645 2172 ;
678 2121 1150 2187 quemadmodum
1185 2136 1241 2181 et
1266 2127 1486 2183 nomen
1530 2127 1796 2199 Spiritus,
1829 2147 1957 2187 cum

2060 2132 2291 2185 πνέοντα
2344 2129 2738 2200 ἀναφέρεσθαι,
2807 2128 3057 2182 πνεῖσθαί
3097 2145 3158 2181 τε
3198 2126 3258 2191 ἐξ
3306 2126 3535 2189 ἐκείνου,
3578 2117 3642 2178 οὗ

376 2205 451 2260 sit
483 2207 798 2276 relativum,
827 2216 1075 2270 utetiam
1117 2227 1172 2273 tu
1212 2219 1348 2274 velis
1387 2222 1532 2276 nolis
1573 2222 1861 2289 fateberis,
1888 2224 1956 2279 ad

2061 2226 2157 2292 καὶ
2188 2223 2406 2293 λέγεται
2454 2221 2705 2292 Πνεῦμα.
2747 2222 2822 2275 Τὸ
2844 2222 2887 2275 δ’
2922 2225 2986 2275 ἐκ
3024 2220 3125 2290 τῆς
3159 2218 3347 2282 οὐσίας
3377 2219 3472 2273 τοῦ
3506 2216 3640 2272 Υίοῦ

379 2299 687 2367 spirantem
732 2303 989 2374 infertur,
1043 2311 1115 2366 ab
1153 2326 1335 2382 eoque
1390 2315 1660 2384 spiratur,
1706 2316 1865 2386 cujus
1902 2325 1961 2372 et

2059 2317 2242 2385 λέγειν
2271 2312 2411 2370 εἶναι
2456 2315 2516 2369 τὺ
2545 2315 2774 2385 Πνεῦμα
2811 2315 2886 2385 μὴ
2915 2312 3250 2383 ἀναγκάζειν
3276 2312 3518 2381 οἰόμενος
3548 2312 3644 2364 καὶ

378 2392 586 2446 dicitur
619 2394 880 2465 Spiritus.
917 2401 1214 2459 Existimas
1240 2415 1425 2461 autem
1451 2423 1575 2462 cum
1600 2424 1666 2463 ex
1697 2411 1958 2465 substan-

2064 2409 2130 2461 ἐκ
2162 2407 2264 2477 τῆς
2289 2406 2643 2469 ὑποστάσεως
2664 2401 2806 2458 εἶναι
2832 2403 3021 2464 αὐτοῦ,
3045 2404 3140 2456 καὶ
3172 2401 3375 2455 ἄτοπόν
3400 2418 3453 2455 τι
3479 2401 3645 2455 συνά-

378 2483 454 2536 tia
487 2482 611 2540 Filii
643 2501 766 2543 esse
798 2488 1070 2560 Spiritum
1102 2493 1365 2562 dicimus,
1399 2498 1566 2553 etiam
1615 2514 1682 2553 ex
1721 2516 1960 2571 persona

2063 2518 2182 2568 γειν
2211 2500 2410 2565 δοκεῖς,
2439 2500 2541 2552 οὐκ
2558 2494 2654 2552 οἷδ’
2681 2497 2806 2552 ὅθεν
2836 2498 2918 2559 είς
2939 2496 3037 2565 τὴν
3057 2494 3244 2549 τούτου
3270 2493 3639 2563 παράστασιν*

378 2574 532 2631 illius
567 2593 689 2635 esse
721 2583 948 2638 minime
988 2585 1149 2641 fateri
1186 2603 1288 2642 nos
1315 2589 1435 2659 cogi
1472 2607 1486 2644 :
1515 2600 1570 2645 et
1600 2592 1668 2645 ad
1703 2592 1806 2648 hoc
1832 2607 1965 2665 pro:

2063 2594 2204 2648 οὕτω
2247 2593 2359 2665 γὰρ
2407 2593 2647 2650 ἔσονται.
2680 2591 2807 2663 φῂς,
2842 2589 2901 2655 ἐξ
2945 2587 3214 2661 ἀλλήλων,
3252 2587 3328 2650 ὡς
3363 2585 3645 2657 ἐγχωροῦν

382 2667 648 2747 trandum,
702 2675 891 2729 nescio
929 2676 1078 2733 unde
1132 2677 1435 2734 absurdum
1478 2681 1705 2751 aliquod
1753 2663 1962 2741 videris

2062 2684 2264 2754 δηλαδὴ
2299 2663 2393 2737 καὶ
2440 2683 2532 2737 τὸν
2562 2682 2692 2736 Υἱὺν
2721 2683 2784 2734 ἐκ
2812 2680 2915 2750 τῆς
2945 2677 3042 2732 τοῦ
3092 2677 3410 2748 Πνεῦματος
3453 2676 3646 2737 οὐσίας

379 2760 669 2832 colligere.
705 2763 798 2821 Sic
834 2768 981 2821 enim
1013 2768 1215 2840 rinquis
1244 2771 1439 2827 :Alter
1487 2774 1557 2827 ab
1604 2775 1779 2829 altero
1814 2777 1957 2840 erit;

2064 2776 2342 2845 λέγεσθαι,
2375 2776 2471 2829 καὶ
2516 2775 2612 2828 διὰ·
2634 2771 2793 2826 τοῦτο
2824 2771 2923 2825 καλ⁹
2965 2771 3029 2824 ἐκ
3059 2768 3161 2840 τῆς
3192 2766 3358 2822 αὐτοῦ
3402 2764 3644 2820 ὑποστά-

381 2865 644 2925 tanquam
675 2858 936 2916 videlicet
970 2860 1089 2917 fieri
1115 2864 1315 2933 possit,
1350 2874 1411 2919 ut
1438 2873 1494 2920 et
1519 2865 1693 2922 Filius
1728 2883 1795 2923 ex
1831 2871 1962 2925 sub-

2068 2884 2228 2934 σεως,
2260 2869 2387 2922 εἴτι
2413 2868 2512 2937 τῆς
2544 2867 2642 2937 σῆς
2672 2864 2913 2926 διανοίας
2946 2862 3058 2933 ἐγὼ
3089 2860 3445 2932 στοχάζομαι.
3474 2859 3645 2913 Οὐδὲν

380 2946 586 3001 stantia
611 2947 878 3017 Spiritus,
912 2963 993 3005 et.
1016 2963 1315 3023 propterea
1347 2956 1516 3010 etiam
1548 2973 1617 3012 ex
1655 2957 1833 3027 ipsius
1865 2959 1965 3030 hy-

2065 2960 2174 3031 γὰρ
2205 2959 2368 3023 αὐτὸς
2400 2959 2725 3027 ἀποσαφεῖς.
2770 2955 2968 3010 Καίτοι
2995 2952 3141 3008 τοῦτ’
3166 2953 3301 3008 αὐτὸ
3324 2952 3418 3006 τοῦ
3442 2952 3645 3023 ἡμετέ-

381 3039 586 3105 postasi
619 3038 870 3107 dicatur;
898 3050 1165 3110 quantum
1190 3058 1294 3114 ego
1324 3047 1639 3117 conjectura
1664 3047 1963 3118 perSpieio,

2068 3069 2164 3125 ρου
2197 3051 2360 3120 λόγου
2400 3050 2541 3121 μέγα
2576 3047 2899 3120 μαρτύριον.
2938 3046 3209 3100 Οὐδέποτε
3244 3043 3377 3113 γοῦν
3402 3042 3643 3111 οὐδαμοῦ

382 3139 440 3185 et
468 3145 533 3184 ex
566 3139 658 3185 tua
694 3141 879 3187 mente
904 3133 1185 3206 intelligo;
1215 3136 1354 3191 nihil
1380 3138 1531 3192 enim
1553 3138 1671 3209 ipse
1695 3138 1960 3194 declaras.

2066 3144 2158 3196 τὸν
2187 3143 2315 3197 Υίὸν
2336 3142 2369 3214 ἢ
2393 3143 2484 3194 τὸν
2518 3141 2737 3207 Πατέρα
2768 3139 3046 3210 εὑρήσεις,
3069 3137 3128 3189 οὐ
3156 3136 3307 3207 παρά
3333 3137 3398 3205 τῇ
3426 3133 3642 3204 Γραφῇ,

381 3223 550 3294 Atqui
585 3225 689 3279 hoc
721 3225 864 3280 idem
906 3235 1111 3283 nostra:
1141 3230 1435 3285 sententiae
1472 3245 1728 3303 magnum
1760 3241 1847 3288 est
1875 3249 1962 3288 ar-
1990 3245 2009 3305 (

2015 3245 2035 3304 ι
2065 3236 2124 3289 οὐ
2158 3234 2312 3305 παρὰ
2339 3236 2452 3297 τοῖς
2473 3232 2815 3296 διδασκάλοις
2839 3234 2903 3284 ἐκ
2933 3231 3031 3302 τῆς
3067 3230 3163 3284 τοῦ
3196 3229 3521 3296 Πνεῦματος
3549 3227 3643 3279 οὐ-

380 3322 709 3384 gnmentum
756 3334 769 3371 :
801 3317 1078 3388 siquidem
1123 3336 1409 3390 nunquam
1447 3323 1661 3393 uSpiam
1694 3326 1961 3394 reperies,

2074 3326 2191 3390 σίας
2210 3304 2352 3379 εἷναι
2372 3325 2691 3394 λεγόμενον,
2718 3323 2806 3376 διὰ
2825 3324 2884 3375 τὸ
2916 3321 3042 3393 μηδ’
3069 3322 3133 3374 ἐκ
3153 3320 3255 3387 τῆς
3287 3318 3646 3380 ὑποστάσεως
3690 3304 3702 3315 ”

388 3424 498 3461 non
537 3407 590 3462 in
615 3408 808 3464 sacris-
829 3409 1086 3474 Litteris,
1125 3427 1233 3466 non
1266 3413 1412 3483 apud
1441 3414 1717 3478 doctores.
1739 3415 1963 3480 Filium,

2068 3419 2234 3474 αὐτοῦ
2271 3417 2540 3482 δήπουθεν
2568 3412 2728 3471 εἶναι.
2755 3415 2951 3470 Καίτοι
2977 3413 3027 3466 εί
3056 3411 3119 3466 τὸ
3142 3413 3430 3481 ὀμοούσιον
3461 3409 3643 3479 μόνον,

387 3498 473 3553 γε]
498 3499 745 3566 Patrem,
784 3501 879 3571 qui
915 3517 983 3557 ex
1033 3499 1345 3560 substantia
1387 3505 1628 3577 Spiritus
1659 3507 1917 3563 dicantur
1947 3526 1963 3566 :

2068 3511 2144 3575 ὡς
2177 3511 2337 3581 ὑμεῖς
2377 3508 2653 3580 βούλεσθε,
2691 3505 2831 3577 αὐτη
2865 3508 2896 3577 ή
2929 3504 3094 3571 λέξις,
3122 3504 3185 3557 τὸ
3237 3504 3300 3557 ἐκ
3334 3503 3429 3572 τῆς
3460 3500 3646 3561 οὐσίας

389 3592 520 3658 quia
555 3593 815 3649 nimirum
842 3612 1021 3667 neque
1047 3613 1112 3653 ex
1154 3598 1436 3671 hypostasi
1475 3602 1625 3656 illius
1649 3602 1780 3657 sint.
1813 3603 1883 3656 At
1916 3603 1961 3655 si

2072 3598 2210 3657 εἶναι
2238 3601 2334 3656 τοῦ
2366 3601 2496 3654 Υίοῦ
2531 3600 2563 3671 ἦ
2599 3599 2694 3653 τοῦ
2737 3599 2951 3667 Πατρδς
2982 3597 3149 3665 λέγω,
3193 3597 3513 3666 ἐσήμαινεν,
3559 3592 3649 3644 οὐ·

393 3685 564 3741 solam
594 3687 1252 3753 consuhstantialitatem,
1277 3700 1453 3746 utros
1483 3692 1673 3757 vultis,
1697 3692 1813 3747 haec
1835 3707 1962 3759 vox,

2069 3695 2181 3755 δὲν.
2207 3694 2272 3748 ἂν
2300 3693 2508 3748 ἐκώλυε
2537 3693 2632 3759 καὶ
2661 3691 2822 3745 τοῦτο
2849 3689 3106 3761 ῥηθῆναι.
3134 3688 3195 3740 Ei
3223 3687 3279 3741 δέ
3313 3686 3504 3757 μηδεὶς
3539 3684 3647 3736 τῶν

391 3783 471 3837 Ex
506 3782 836 3846 substantia,
859 3782 1111 3851 inquam,
1141 3798 1264 3840 esse
1286 3783 1436 3845 Filii.
1465 3785 1549 3839 vel
1580 3785 1758 3841 Patris
1791 3786 1968 3855 signi-

2072 3788 2244 3850 ἁγίων
2274 3787 2338 3838 ἐκ
2362 3785 2458 3853 τῆς
2485 3783 2831 3846 ὑποστάσεως
2866 3780 2961 3834 τοῦ
2993 3779 3127 3832 Υίοῦ
3157 3773 3298 3832 εἶναι
3330 3778 3389 3831 τὸ
3421 3776 3649 3844 Πνεῦμα

389 3875 612 3938 ficarel;
658 3875 733 3929 nil
767 3875 1040 3940 obstaret,
1075 3876 1380 3946 quominus
1404 3877 1508 3941 hoc
1536 3879 1701 3933 etiam
1744 3878 1812 3933 de
1854 3878 1968 3933 illis

2071 3876 2359 3947 ἐκήρυξεν,
2381 3874 2496 3928 ἀλλ’
2519 3869 2674 3927 εἷπον
2697 3875 2763 3927 ἐκ
2788 3871 2881 3925 τοῦ
2907 3870 3041 3924 Υίοῦ
3068 3866 3232 3937 εἶναι,
3258 3871 3351 3922 καὶ
3380 3869 3650 3937 ὑπάρχειν

386 3967 689 4022 diceretur.
725 3967 880 4033 Quod
929 3968 974 4023 si
1017 3978 1548 4041 nemosanctorum
1582 3985 1649 4025 ex
1684 3969 1966 4040 hypostasi

2071 3973 2136 4023 ἐκ
2165 3967 2259 4021 τοῦ
2292 3965 2422 4021 Υἱοῦ
2445 3982 2458 3998 ·
2484 3966 2520 4020 ἃ
2549 3964 2785 4036 μάλιστα
2810 3963 2920 4017 τῶν
2946 3962 3211 4035 ῥημάτων
3236 3963 3337 4042 τὴν
3359 3960 3454 4014 τοῦ
3485 3961 3653 4015 Πνεῦ-

387 4059 510 4115 Filii
548 4076 673 4116 esse
700 4060 972 4131 Spiritum
1014 4058 1173 4127 dixit,
1205 4072 1262 4117 at
1285 4078 1349 4118 ex
1385 4062 1523 4120 Filio
1546 4078 1666 4118 esse
1696 4072 1751 4117 et
1776 4079 1803 4116 a
1830 4063 1968 4118 Filio

2074 4077 2246 4131 ματος
2290 4058 2649 4129 σημαίνουσιν
2683 4054 2941 4126 ὓπαρξιν.
2975 4055 3038 4108 Oi
3088 4053 3146 4107 δὲ
3175 4052 3385 4106 δυτικοὶ
3413 4053 3676 4122 Πατέρες.

385 4152 655 4206 exsistere
679 4151 805 4207 fassi
829 4161 977 4207 sunt.
996 4150 1128 4218 Quae.
1148 4150 1310 4207 verba
1330 4151 1567 4207 maxime
1586 4152 1967 4207 exsistcntiam

2061 4160 2131 4206 ’τε
2168 4153 2260 4206 καὶ
2291 4151 2630 4218 διδάσκαλοι,
2655 4151 2752 4202 καὶ
2783 4151 2847 4202 ἐκ
2904 4145 3000 4200 τοῦ
3036 4145 3170 4199 Υἱοῦ
3218 4143 3652 4215 ἐκπορεύεσθαι.

388 4244 630 4314 Spiritus
660 4244 993 4314 signiﬁcant.
1025 4244 1405 4301 Occidentales
1455 4256 1639 4300 autem
1668 4245 1859 4301 Patres
1888 4254 1972 4299 at-

2081 4248 2180 4300 3Εκ
2213 4245 2306 4298 τοῦ
2328 4243 2460 4305 Υίοῦ
2493 4244 2538 4296 δ’
2563 4241 2628 4296 ἂν
2663 4241 2901 4302 ἀκούων,
2928 4241 2977 4292 εί
3012 4237 3087 4308 μὴ
3115 4237 3214 4306 τὴν
3243 4235 3341 4290 τοῦ
3365 4234 3497 4289 Υἱοῦ
3525 4235 3653 4305 νοή-

390 4352 499 4404 que
524 4338 779 4392 doctores
800 4338 964 4391 etiam
992 4353 1056 4391 ex
1081 4336 1222 4392 Filio
1245 4336 1546 4407 procedere
1572 4336 1865 4391 afﬁrmant.
1890 4336 1971 4392 Ex

2076 4356 2196 4401 σαις
2229 4337 2548 4403 ὑπόστασιν,
2584 4332 2771 4403 θαῦμα
2802 4333 2870 4388 ἂν
2900 4331 3008 4401 εἴη.
3041 4331 3113 4383 "H
3145 4329 3207 4382 σύ
3242 4346 3304 4395 γε
3335 4327 3445 4381 οὐδ’
3470 4327 3535 4381 ἐκ
3554 4328 3657 4395 τῆς

391 4431 529 4497 Filio
554 4440 739 4487 autem
762 4447 886 4489 cum
909 4431 1089 4495 audis,
1119 4432 1173 4485 ni
1210 4447 1501 4503 personam
1525 4430 1648 4486 Filii
1686 4431 1972 4485 intellexe-

2073 4429 2169 4482 τοῦ
2220 4429 2434 4499 Harpe;
2468 4427 2826 4490 ὑποστάσεως
2855 4421 3011 4486 εἶπες
3044 4422 3111 4476 ἂν
3142 4418 3277 4475 εἶναι
3313 4421 3375 4476 τὸ
3405 4418 3652 4488 Πνεῦμα,

388 4525 489 4587 ris,
518 4526 719 4578 mirum
742 4540 872 4579 sane
908 4525 998 4578 sit.
1021 4521 1283 4593 Alioquin
1316 4532 1374 4577 tu
1398 4539 1579 4594 neque
1598 4539 1665 4578 ex
1687 4523 1970 4595 hypostasi

2077 4523 2124 4575 εί
2159 4522 2234 4592 μὴ
2260 4524 2289 4576 ὁ
2318 4520 2537 4591 Νύσσης
2582 4518 2886 4589 Γρηγόριος
2933 4515 3117 4587 μόνος,
3162 4512 3257 4566 καὶ
3301 4506 3457 4577 οὗτος
3507 4509 3657 4575 ἅπαξ

394 4616 594 4682 Patris,
630 4617 847 4671 diceres
880 4632 1006 4671 esse
1038 4616 1333 4686 Spiritum,
1362 4617 1467 4670 nisi
1504 4615 1808 4686 Gregorius
1833 4616 1971 4686 Nys-
2005 4623 2022 4678 l

2029 4626 2184 4677 )που
2218 4615 2327 4669 τῶν
2375 4612 2571 4669 ἐαυτοῦ
2601 4612 2803 4679 λόγων,
2844 4607 3073 4679 Πνεῦμα
3122 4607 3183 4661 τὸ
3231 4607 3330 4675 τῆς
3380 4604 3657 4671 πατρικῆς

393 4723 582 4771 sentis,
625 4718 679 4761 et
700 4708 746 4762 i3
785 4709 902 4762 fere
930 4709 1124 4774 semel,
1155 4710 1207 4763 in
1229 4712 1345 4763 suis
1368 4709 1717 4766 orationibus
1744 4709 1975 4765 dixisset

2078 4706 2514 4776 ἐκπορευόμενον
2556 4704 2923 4776 ,ὑποστάσεως
2973 4701 3219 4771 εἴρηκεν.
3261 4698 3427 4752 ‘Am
3475 4699 3536 4750 τδ
3592 4699 3659 4751 ἐκ

398 4800 667 4870 Spiritum
708 4815 772 4854 ex
812 4811 1040 4870 paterna
1070 4801 1351 4873 hypostasi
1389 4802 1711 4872 procedere.
1764 4802 1970 4857 Verum

2078 4775 2292 4868 Πατρὺς
2334 4775 2570 4862 ἀκούων,
2601 4795 2662 4850 οῦ
2700 4795 2919 4865 πλήρης
2952 4794 3106 4847 πᾶσα
3136 4789 3353 4862 Γραφὴ,
3380 4788 3558 4843 πάντα
3589 4779 3662 4842 ἂν

398 4915 413 4945 ι
438 4910 465 4945 x
495 4893 657 4948 Patre
684 4893 939 4959 audiens,
988 4894 1148 4963 cujus
1177 4894 1258 4949 rei
1288 4894 1449 4964 plena
1482 4903 1568 4951 est
1620 4895 1801 4949 omnis
1828 4893 1976 4950 Scri-

2081 4893 2284 4961 μᾶλλον
2314 4889 2346 4961 ἢ
2378 4892 2477 4960 τὴν
2504 4887 2600 4942 τοῦ
2627 4888 2840 4955 Πατρθις
2868 4885 3037 4949 ἐνόεις
3073 4884 3395 4945 ὑπόστασιν,
3419 4881 3495 4945 ὡς
3527 4880 3658 4948 σφό-

403 4995 590 5053 ptura,
635 4984 831 5038 concta
873 4984 978 5040 alia
1019 4985 1174 5054 prius
1204 4966 1369 5056 quam
1415 4984 1756 5057 hypostasim
1799 4985 1976 5040 Patris

2075 4986 2180 5056 δρα
2212 5002 2275 5053 γε
2307 4982 2467 5036 ταυτὶ
2504 4980 2758 5045 παιδικῆς
2797 4972 3058 5041 διανοίας.
3095 4975 3333 5044 Πότερος
3372 4972 3465 5028 οὖν
3499 4973 3655 5043 ὑμῶν

394 5076 765 5148 intelligeres,
793 5092 958 5147 quam
986 5078 1147 5147 plane
1178 5077 1412 5148 puerilis
1436 5088 1567 5132 sunt
1605 5077 1709 5132 ista
1748 5078 1976 5132 mentis.

2077 5077 2231 5130 οὐδὲν
2263 5074 2413 5142 ὑγιὲς
2437 5073 2664 5140 συνάγει
2694 5071 2806 5124 εἴτε
2831 5069 3015 5132 αὐτὸς.
3045 5068 3156 5122 εἴτε
3188 5068 3415 5132 Βέκκος,
3444 5069 3472 5119 ὁ
3495 5065 3655 5131 λόγος

403 5171 534 5228 Uter
568 5171 733 5241 igitur
773 5180 1043 5236 vestrum,
1086 5181 1240 5235 tune,
1277 5186 1345 5226 an
1392 5170 1630 5236 Veccus,
1678 5169 1815 5223 nihil
1855 5169 1977 5224 sani

1028 5213 1043 5236 ,
1086 5181 1240 5235 tune,
1277 5186 1345 5226 an
1392 5170 1630 5236 Veccus,
1678 5169 1815 5223 nihil
1855 5169 1977 5224 sani
2078 5171 2242 5240 ἀρκεῖ
2275 5167 2647 5238 παραστῆσαι.

401 5266 628 5337 colligat
649 5307 664 5331 ,
695 5267 912 5321 ratione
945 5266 1061 5337 ipsa
1083 5265 1218 5320 satis
1247 5264 1689 5321 demonstratum
1724 5271 1830 5319 est.

864 5404 1009 5460 Vecci
1044 5406 1098 5459 in
1135 5404 1491 5460 undecimam.

2498 5386 2615 5443 Τοῦ
2647 5384 2878 5442 Βέκκου
2922 5386 3007 5450 εἰς
3039 5383 3152 5449 τὴν
3183 5387 3275 5434 ta'.

420 5586 423 5587 ν
472 5547 744 5612 Quoniam
786 5544 1032 5616 quidam,
1068 5560 1192 5600 cum
1238 5544 1497 5611 audiunt,
1531 5541 1801 5612 Spiritum
1849 5555 1981 5596 san-

2166 5531 2223 5582 'E
2236 5528 2388 5599 πειδὴ
2417 5526 2710 5588 ἀκούοντές
2738 5541 2882 5586 τινες
2906 5524 2968 5575 τὸ
3001 5520 3229 5588 Πνεῦμα
3264 5521 3326 5572 ἐκ
3351 5520 3446 5588 τῆς
3470 5520 3658 5582 οὐσίας

406 5649 556 5693 ctum
583 5656 646 5692 ex
676 5639 985 5695 substantia
1041 5654 1163 5694 esse
1202 5637 1353 5699 Filii.
1395 5636 1545 5691 aliud
1579 5637 1734 5691 aiunt
1759 5650 1881 5689 esse
1913 5649 1977 5689 ex

2081 5624 2177 5676 τοῦ
2216 5622 2365 5685 VIo-3',
2399 5622 2650 5688 λέγουσιν
2685 5618 2814 5671 ἄλλο
2841 5612 2983 5669 εἶναι
3018 5615 3078 5667 τὸ
3113 5615 3176 5666 ἐκ
3204 5616 3301 5681 τῆς
3329 5613 3540 5677 οὐσίας,
3564 5613 3666 5664 καὶ

408 5732 745 5793 substantia.
779 5740 835 5786 et
890 5732 1036 5787 aliud
1079 5748 1145 5786 ex
1181 5746 1439 5803 persona,
1488 5744 1615 5785 cum
1664 5728 1979 5799 perspicere

2084 5717 2210 5771 ἄλλο
2236 5716 2297 5767 τὸ
2333 5718 2395 5766 ἐκ
2426 5712 2526 5779 τῆς
2563 5710 2938 5771 ὑποστάσεως,
2995 5706 3069 5776 μὴ
3099 5704 3392 5774 δυνάμενοι
3426 5703 3657 5755 συνιδεῖν

407 5837 517 5881 non
548 5822 745 5880 valeat.
775 5838 974 5877 nomen
1007 5822 1131 5876 Filii
1169 5822 1574 5892 hypostaticum
1609 5834 1729 5875 esse
1760 5833 1979 5880 nomen,

2084 5812 2157 5871 ιἰς
2188 5810 2249 5861 τὸ
2302 5809 2429 5871 Υἱὸς
2482 5806 2654 5875 ὄνομα
2704 5799 3075 5855 ιὺποστατικὸν
3102 5800 3251 5851 ἐστιν
3281 5797 3473 5865 ὄνομα,
3508 5796 3600 5847 καὶ
3632 5794 3659 5846 ὁ

402 5926 461 5975 ct
511 5912 608 5976 qui
639 5912 797 5981 dicit,
852 5928 917 5967 ex
954 5888 1263 5971 substantia
1302 5914 1449 5984 Filii,
1490 5923 1664 5969 totum
1708 5910 1982 5980 significat

2084 5905 2256 5975 λέγων
2286 5893 2365 5955 ’ἐκ
2400 5900 2494 5971 τῆς
2533 5897 2720 5961 οὐδίσς
2754 5893 2845 5948 τοῦ
2885 5891 3035 5958 Υἱοῦ,
3066 5892 3185 5946 ὅλον
3212 5890 3361 5963 δήλοῖ
3386 5888 3477 5949 τὸν
3511 5888 3658 5957 Tim,
