4124 6446
447 373 547 437 281

1403 375 1700 436 APOLUG
1716 378 1784 436 IA
1840 377 2450 438 INSCRIPTIONUM
2493 379 2729 440 VECCI.

3569 383 3704 444 tas-2

449 490 642 542 οὐσίαν
681 487 882 557 δηλαδὴ
935 486 1318 553 ἑνυπὸστατον,
1368 489 1448 551 είς
1500 489 1753 559 λαμπρὸν
1801 488 2022 558 ἔλεγχον

2139 489 2355 556 Filium;
2387 491 2648 544 nimirum
2673 490 3037 558 substantiam
3059 491 3477 548 subsistentiam
3503 493 3710 550 haben-

449 581 546 646 τῆς
578 579 782 631 ἀτόπου
813 578 994 630 αὐτῶν
1027 576 1292 643 ἐπινοίας,
1325 579 1693 646 συνελέγησαν
1732 581 1788 632 αἱ
1821 579 2025 646 παροῦ-

455 687 544 722 σαι
579 669 855 739 Γραφικαὶ
884 671 1095 740 ῥήσεις,
1118 671 1174 724 αῑ
1201 670 1457 740 δηλοῦσαι
1491 675 1552 724 ἐκ
1587 673 1685 740 τῆς
1715 672 1902 734 οὐσίας
1927 671 2020 724 τοῦ

453 763 665 830 Πατρὲις
686 763 776 814 τὸν
799 762 928 813 Υίὸν
948 763 1260 829 γεννᾶσθαι.
1296 764 1734 834 Ὡμολογημὲνου
1758 768 1868 834 γὰρ
1893 766 2022 835 μίαν

453 850 590 906 εἶναι
637 855 734 924 τὴν
775 855 838 905 ἐκ
883 854 1098 925 Πατρὺς
1159 857 1414 926 γέννησιν
1443 856 1536 909 τοῦ
1573 855 1726 920 Υίοῦ,
1759 859 1874 920 πῶς
1907 857 2023 911 ἔστι

449 939 726 1016 δ.αφέρειν
761 947 822 998 τὸ
853 947 916 1000 ἐκ
957 937 1057 1015 τῆς
1089 948 1296 1012 οὐσίας,
1337 950 1429 1001 καὶ
1461 949 1521 1002 τὸ
1552 951 1616 1002 ἐκ
1651 951 1747 1018 τῆς
1782 950 2024 1002 ὑποστά-

450 1055 585 1101 σεως
609 1057 624 1102 ;
658 1041 706 1091 εί
739 1039 813 1108 μή
845 1056 928 1100 τις
957 1038 1294 1109 βλασφημῶν
1319 1041 1601 1110 προδήλως
1633 1041 1810 1094 ὲοέλοι
1843 1040 2023 1109 λέγειν

450 1131 617 1199 ἄλλην
673 1130 773 1200 μὲν
810 1134 874 1184 ὲκ
919 1132 1017 1201 τῆς
1047 1131 1231 1194 οὐσίας
1264 1133 1357 1186 τοῦ
1397 1133 1607 1202 Πατρὸς
1639 1134 1893 1204 γέννησιν
1927 1131 2024 1187 τοῦ

451 1223 602 1285 Υξοῦ,
628 1223 796 1293 ἄλλην
825 1224 868 1277 δ’
901 1227 964 1277 ὲκ
997 1225 1095 1293 τῆς
1137 1224 1512 1288 ὑποστάσεως.
1545 1225 1934 1294 Προστίοενται
1967 1223 2025 1276 δὲ

447 1315 566 1375 ταῖς
597 1313 876 1376 τοιαύταις
913 1315 1142 1383 ρήσεσιν
1172 1315 1252 1377 είς
1285 1313 1652 1382 συγκρότησιν
1702 1313 1802 1380 τῆς
1843 1310 2026 1364 τοιαύ-

453 1421 550 1472 της
583 1405 794 1466 ἐννοίας
825 1405 918 1456 καὶ
945 1406 1131 1474 ῥήσεις
1161 1405 1369 1473 ἕτεραι,
1403 1403 1663 1473 δηλοῦσαι
1685 1401 1900 1456 τελείαν
1932 1403 2026 1456 οὐ-

451 1499 594 1558 σίαν.
645 1500 738 1550 καὶ⁸
789 1498 996 1549 τέλειον
1036 1497 1167 1549 Θεὸν
1221 1497 1481 1564 λέγεσθαι
1527 1496 1619 1548 τὸν
1657 1496 1898 1563 Πατέρα,
1933 1498 2026 1547 καὶ

447 1588 660 1643 τελείαν
713 1590 902 1644 οὐσίαν
951 1589 1045 1641 τὸν
1101 1589 1269 1654 Υἱὸν,
1317 1589 1410 1642 καὶ
1463 1587 1676 1642 τελείαν
1729 1589 1918 1640 οὐσίαν
1963 1586 2024 1638 τὸ

457 1678 680 1749 Πνεῦμα
713 1680 774 1732 τὺ
802 1679 976 1749 ἅγιον.

1026 1877 1135 1932 Τοῦ
1182 1878 1456 1947 Παλαμᾶ.

526 1991 694 2043 Ὅταν
744 2007 799 2044 τι
849 1994 978 2061 μιᾶς
1031 1992 1224 2055 οὐσίας
1325 1994 1418 2046 καὶ
1463 1995 1837 2060 ὑποστάσεως,
1867 1997 1926 2050 τὸ
1961 1998 2028 2052 ἐκ

449 2085 546 2152 τῆς
573 2083 760 2146 οὐσίας
790 2083 1010 2154 ἐκείνης
1049 2089 1294 2152 φυσικῶς
1345 2087 1468 2158 ἔχον
1517 2089 1665 2152 ὅπως
1692 2085 1891 2158 δήποτε
1925 2091 2028 2160 τὴν

453 2171 711 2244 ὓπαρξιν,
760 2178 856 2228 καὶ
905 2177 968 2228 ὲκ
1009 2177 1112 2245 τῆς
1163 2179 1515 2242 ὑποστάσεως
1560 2180 1775 2248 ἐκείνης
1820 2179 2028 2250 ταύτην

456 2268 592 2336 ἔχει.
619 2267 725 2320 Καὶ
751 2269 1126 2338 ἀντιστρόφως
1155 2271 1318 2324 πάλιν
1342 2285 1356 2299 ⁸
1381 2270 1408 2324 ὃ
1435 2271 1544 2340 γὰρ
1573 2271 1640 2323 ἂν
1675 2274 1738 2324 ἐκ
1772 2272 1870 2339 τῆς
1900 2272 2030 2324 ὑπο-
2081 2283 2088 2292 ‘

457 2358 698 2420 στάσεως
727 2360 943 2428 ἐκείνης
968 2355 1027 2433 ᾖ,
1049 2363 1144 2414 καὶ
1173 2363 1237 2414 ὲκ
1263 2362 1362 2431 τῆς
1391 2363 1580 2422 οὐσίας
1610 2363 1828 2434 ἐκείνης
1855 2365 2024 2422 ἐστίν..

455 2447 625 2500 Ὅταν
649 2449 708 2502 δὲ
737 2450 868 2518 μιᾶς
894 2451 994 2519 μὲν
1015 2450 1202 2514 οὐσίας
1221 2447 1277 2524 ᾖ,
1295 2452 1553 2522 οὐδεμιᾶς
1573 2453 1628 2506 δὲ
1649 2453 2026 2520 ὑποστάσεως,

453 2539 591 2594 ἀλλά
633 2539 922 2604 πλειόνων,
955 2542 1016 2594 τὸ
1045 2543 1112 2594 ὲκ
1139 2543 1240 2612 τῆς
1280 2545 1412 2614 μιᾶς
1458 2544 1672 2615 ἐκείνης
1702 2545 1893 2609 οὐσίας
1929 2547 2030 2600 οὐκ

455 2637 520 2686 ἐκ
543 2635 650 2687 τῶν
679 2633 882 2688 λοιπῶν
915 2635 1268 2689 ὐποστάσεών
1299 2639 1471 2700 ἐστιν,
1499 2639 1614 2691 ἀλλ’
1638 2641 1702 2692 ὲκ
1734 2641 1862 2708 μιᾶς
1885 2657 2029 2702 τινος

457 2727 658 2782 αὐτῶν.
697 2727 847 2778 Ἐπεὶ
877 2725 967 2778 οὖν
995 2730 1030 2797 ἡ
1059 2730 1310 2798 ἀνωτὰτη
1346 2729 1441 2782 καὶ
1477 2731 1830 2801 προακυνητὴ
1859 2732 2032 2802 Τριὰς

455 2817 615 2886 ήμῶν
651 2818 747 2887 μία
779 2819 941 2886 φύσις
973 2821 1121 2894 {ortv
1156 2823 1212 2874 ὲν
1246 2823 1578 2875 ὑποστάσεσι
1608 2827 1808 2893 τρισὶν,
1835 2825 1896 2877 οὐ
1924 2827 2033 2879 πᾶν

457 2910 518 2960 τὸ
545 2913 608 2962 ἐκ
639 2911 740 2980 τῆς
772 2911 960 2975 οὐσίας
988 2913 1086 2984 τὴν
1120 2912 1424 2966 ὑπόστασιν
1447 2913 1568 2984 ἕχον
1598 2916 1662 2966 ἐκ
1692 2914 1797 2967 τῶν
1825 2916 2031 2970 λοιπῶν

460 3002 814 3055 ὑποστάσεῶν
845 3005 1014 3067 ἐστιν,
1037 3003 1154 3056 ἀλλ’
1178 3006 1242 3056 ὲκ
1268 3007 1398 3072 μιᾶς
1429 3021 1574 3066 τινος
1599 3005 1802 3067 αὐτῶν,
1830 3005 2031 3074 δηλαδὴ

459 3095 558 3164 τῆς
592 3095 866 3164 πατρικῆς
892 3111 906 3126 ·
941 3099 1006 3150 ὲκ
1037 3113 1244 3163 ταυτης
1272 3097 1379 3166 γὰρ
1407 3097 1482 3166 μὴ
1513 3092 1652 3149 εἶναι
1685 3079 1784 3149 οὐκ
1818 3096 2029 3166 ἐνδέχε-

2131 589 2274 644 tem;
2306 581 2374 635 ad
2402 597 2556 636 suam
2593 581 2886 637 absurdam
2917 583 3236 652 Opinionem
3285 585 3504 655 egregie
3547 601 3628 640 eo:
3651 603 3706 639 ι·-

2128 671 2397 740 guendam
2426 680 2480 726 et
2529 672 2924 727 confutandam
2953 673 3197 728 collectae
3236 683 3370 729 sunt
3409 685 3708 744 praesentes

2130 779 2160 818 a
2192 766 2400 820 sanctis
2425 767 2478 819 in
2508 767 2728 836 scriptis
2749 767 2952 820 relictae
2980 768 3288 830 sententiae,
3312 785 3433 838 quae
3459 768 3710 824 indicant

2132 871 2200 909 ex
2233 857 2544 912 substantia
2585 859 2764 913 Patris
2793 857 2994 912 Filium
3031 858 3216 928 gigni;
3257 875 3523 916 concesso
3557 863 3706 914 enim

2132 963 2296 1002 unam
2353 962 2476 1004 esse
2509 951 2923 1018 generationem
2959 951 3084 1006 Filii
3111 967 3176 1004 ex
3231 951 3392 1006 Patre
3415 969 3427 1016 ;
3454 953 3548 1021 qui
3590 953 3708 1005 lieri

2129 1047 2330 1107 potest,
2358 1049 2416 1095 ut
2455 1021 2590 1095 illud
2624 1057 2688 1096 ex
2718 1042 3042 1106 substantia,
3075 1051 3130 1096 et
3163 1041 3298 1095 illud
3329 1059 3394 1096 ex
3425 1043 3709 1114 hypO'.t:|si

2129 1129 2274 1184 inter
2305 1147 2364 1186 se
2390 1131 2688 1188 dillerant?
2724 1133 2828 1186 nisi
2852 1133 2975 1205 quis
2999 1133 3288 1188 manifeSte
3321 1134 3708 1203 blaspbetnalzs

2131 1223 2321 1277 dicere
2359 1223 2508 1288 velit,
2545 1224 2708 1278 aliam
2734 1239 2854 1278 esse
2878 1224 3291 1292 generationem
3330 1225 3454 1280 Filii
3485 1242 3550 1280 ex
3579 1227 3710 1279 sub-

2129 1313 2338 1367 stantia
2363 1313 2568 1379 Patris,
2609 1314 2772 1368 aliam
2810 1330 2874 1388 ex
2922 1314 3226 1383 hyposmsi.
3269 1315 3348 1369 Ad
3403 1315 3519 1370 haec
3562 1317 3707 1368 diem

2131 1403 2186 1457 in
2213 1403 2666 1473 approbationem
2699 1407 2860 1476 hujus
2889 1406 3268 1475 intelligentiae
3295 1405 3552 1460 addimus
3601 1406 3710 1459 alia

2131 1511 2253 1564 qua:
2292 1495 2558 1549 denotant
2603 1497 2908 1566 perlectam
2941 1497 3333 1560 substantiam,
3376 1498 3712 1566 perfectum-

2135 1602 2242 1656 que
2275 1587 2445 1641 Deum
2489 1587 2598 1642 diei
2635 1589 2880 1654 Patrem,
2914 1599 2969 1644 et
3001 1590 3302 1659 perfectam
3337 1590 3708 1644 substantiam

2135 1673 2354 1738 Filium,
2408 1683 2572 1745 atque
2645 1677 2944 1746 perlectam
3007 1678 3374 1740 substantiam
3440 1679 3709 1750 Spiritum

2127 1775 2402 1822 sanctum.

2789 1883 3051 1940 Palama’.

2199 1993 2336 2050 Cum
2399 1995 2611 2066 aliquid
2658 2011 2724 2051 ex
2777 2011 2882 2050 una
2934 1997 3264 2062 substantia,
3319 2009 3376 2054 et
3429 2000 3706 2071 hypostai

2129 2096 2368 2154 conStat,
2408 2089 2558 2158 quod
2595 2088 2665 2142 ab
2722 2089 2812 2142 illa
2855 2089 3165 2144 substantia
3211 2093 3542 2146 naturaliter
3577 2111 3712 2162 qur,-

2130 2179 2517 2248 modocunque
2558 2179 2944 2233 exsistentiam
3002 2179 3188 2243 liabet,
3237 2197 3302 2234 ex
3351 2181 3440 2236 illa
3490 2199 3710 2252 quoque

2132 2271 2409 2341 bypostasi
2467 2286 2585 2326 eam
2630 2271 2823 2325 habet.
2874 2269 2940 2324 Et
2977 2282 3166 2324 contra
3198 2289 3210 2324 :
3241 2272 3391 2337 Quod
3442 2275 3588 2327 enim
3643 2292 3710 2326 rx

2132 2364 2221 2418 illa
2257 2363 2539 2432 bypostasi
2562 2369 2668 2426 est,
2704 2361 2868 2414 etiam
2898 2377 2965 2414 ex
2995 2361 3085 2414 illa
3123 2363 3430 2416 substantia
3461 2366 3698 2417 exsistit.

2131 2458 2200 2508 At.
2229 2469 2380 2516 vero,
2407 2467 2532 2507 cum
2562 2451 2769 2521 aliquid
2803 2451 2964 2505 unius
2983 2453 3204 2520 quidem
3232 2463 3318 2507 est
3353 2455 3702 2515 substantias,

2133 2545 2342 2600 nullius
2369 2555 2554 2599 autem
2585 2546 2964 2615 bypostaseos,
3006 2545 3102 2599 sed
3147 2546 3410 2612 plurium.
3457 2545 3600 2614 quod
3643 2561 3710 2600 ex

2136 2640 2221 2692 illa
2246 2653 2348 2691 una
2379 2637 2711 2701 substantia,
2743 2651 2854 2690 non
2879 2637 3042 2690 etiam
3070 2652 3136 2690 ex
3171 2637 3398 2706 reliquis
3423 2641 3698 2706 persuni.--.,

2135 2727 2232 2783 sed
2277 2743 2344 2782 ex
2371 2745 2476 2782 una
2510 2727 2693 2797 aliqua
2725 2728 2943 2781 illarum
2979 2736 3083 2782 est.
3119 2726 3390 2792 Quoniam
3425 2730 3590 2797 igitur
3617 2745 3712 2782 sn-

2135 2837 2326 2891 prema
2364 2830 2530 2889 atque
2571 2821 2801 2873 colenda
2843 2830 3028 2874 nostra
3065 2819 3307 2873 Trinitas
3355 2835 3462 2874 una
3495 2819 3713 2880 constat

2137 2923 2334 2967 natura
2375 2915 2430 2967 in
2479 2915 2654 2967 tribus
2688 2914 3102 2985 hypostasibus,
3137 2929 3246 2968 non
3272 2925 3434 2968 omne
3460 2917 3603 2983 quod
3642 2933 3708 2968 ex

2137 3006 2444 3062 substantia
2481 3009 2814 3075 hypostasim
2852 3005 3038 3070 habet,
3074 3021 3141 3059 ex
3191 3006 3422 3075 reliquis
3463 3021 3639 3076 persm
3667 3009 3714 3061 is

2137 3096 2375 3160 exsistit,
2405 3096 2504 3150 sed
2533 3112 2597 3150 ex
2624 3112 2730 3149 una
2758 3097 2939 3166 aliqua
2983 3097 3223 3161 illarum,
3262 3107 3487 3165 paterna
3521 3099 3664 3153 vidrl
3691 3129 3713 3141 -

457 3205 570 3242 ται.
607 3188 818 3242 Οὐκοῦν
849 3187 969 3258 οὐχὶ
992 3190 1083 3241 atati.
1106 3189 1164 3253 ἐξ
1189 3189 1404 3256 ἐτέρας,
1435 3187 1552 3242 ἀλλ’
1575 3192 1640 3242 ἐκ
1662 3192 1851 3260 μόνης,
1873 3189 2031 3258 εἴπερ

2139 3199 2248 3244 cet.
2279 3189 2345 3244 Ut
2375 3190 2524 3244 enim
2553 3189 2622 3240 ab
2661 3189 2750 3242 illa
2781 3204 2890 3242 non
2925 3191 3016 3254 sit,
3053 3189 3170 3243 fieri
3193 3206 3304 3245 non
3353 3201 3553 3260 potest.
3597 3191 3714 3244 Non

463 3280 526 3332 ἐκ
561 3280 714 3348 μιᾶς.
747 3280 858 3334 Καὶ
897 3279 1055 3332 τοῦτο
1090 3278 1249 3347 δῆλον
1277 3282 1368 3330 ἐπὶ
1393 3279 1502 3331 τῶν
1527 3278 1834 3349 ἀνθρώπων
1858 3293 1872 3308 ·
1902 3279 2033 3332 ἕκα-

464 3389 589 3435 στος
626 3373 734 3442 γὰρ
761 3373 918 3442 ἡμῶν
961 3376 1024 3426 ὲκ
1054 3372 1152 3442 τῆς
1179 3373 1369 3434 οὐσίας
1405 3373 1498 3426 τοῦ
1542 3371 1732 3442 Ἀδὰμ,
1765 3373 1948 3426 οὐκέτι
1979 3372 2036 3426 δὲ

465 3467 560 3517 καὶ
589 3466 654 3516 ὲκ
695 3465 795 3533 τῆς
828 3465 1180 3527 ὑποστάσεως
1206 3461 1374 3517 αὐτοῦ
1398 3477 1412 3494 ο
1443 3463 1580 3516 διότι
1615 3463 1712 3533 μία
1751 3463 1850 3534 μὲν
1884 3463 2038 3515 οὐσία

464 3560 496 3628 ἡ
523 3559 632 3612 τῶν
662 3557 964 3628 ἀνθρώπων
995 3553 1085 3628 ἦν,
1121 3555 1314 3609 πολλαὶ
1340 3555 1397 3608 δὲ
1421 3555 1768 3616 ὑποστάσεις.
1804 3553 2040 3622 Ἄνθρω-

464 3654 627 3723 πίνης
657 3653 712 3706 δὲ
738 3653 836 3723 τὴν
880 3655 1054 3723 ἀρχὴν
1093 3653 1222 3722 μιᾶς
1249 3645 1414 3721 οὔσης
1447 3652 1636 3714 οὐσίας
1675 3667 1735 3703 τε
1774 3650 1867 3703 καὶ
1908 3651 2036 3702 ὑπο-

463 3749 729 3810 στάσεως,
773 3749 837 3799 ὲκ
893 3746 1020 3816 μιᾶς
1056 3745 1152 3796 καὶ¹
1201 3746 1300 3812 τῆς
1335 3743 1502 3812 αὐτῆς
1533 3743 1560 3793 ὁ
1588 3744 1728 3796 Κάῖν
1775 3743 2037 3812 ἀνδρικῆς

463 3841 647 3901 οὐσίας
679 3855 736 3890 τε
769 3840 862 3891 καὶ
891 3839 1248 3899 ὑποστάσεως
1275 3837 1491 3906 ὑπῆρχε
1521 3835 1619 3887 τοῦ
1656 3836 1848 3900 Ἀδάμ.
1882 3838 2038 3887 Δυοίν

463 3930 522 3984 δὲ
555 3931 764 4002 ἀνδρῶν
797 3931 899 4002 ἤδη
947 3929 1074 3984 καθ’
1121 3929 1422 3983 ὑπόστασιν
1456 3928 1778 3992 τελούντων,
1805 3928 1832 3978 ὁ
1866 3925 2038 3996 Ἑνὼχ

465 4030 529 4079 ἐκ
557 4028 660 4096 ’τῆς
687 4026 874 4088 οὐσίας
909 4025 1010 4094 μὲν
1043 4023 1258 4094 ὑπῆρχε
1290 4023 1382 4076 τοῦ
1433 4022 1624 4090 Ἀδάμ,
1649 4020 1766 4073 ἀλλ’
1793 4021 1912 4090 οὐχὶ
1944 4022 2039 4073 καὶ

465 4123 531 4172 ὲκ
565 4123 660 4189 τῆς
713 4118 1066 4181 ὑποστάσεως
1094 4117 1285 4180 αὑτοῦ,
1311 4114 1425 4168 ἀλλ’
1453 4118 1515 4168 ἐκ
1547 4115 1716 4184 μόνης
1751 4113 1844 4165 τοῦ
1875 4113 2034 4166 Κὰῐν.

483 4214 542 4266 '0
570 4213 664 4266 οὖν
697 4213 902 4274 Βέκκος
947 4205 1100 4274 οὗτος
1128 4210 1531 4278 διατεινόμενος
1566 4205 1801 4260 ἐνταῦθα
1851 4209 1944 4259 καὶ
1976 4208 2040 4258 ἐκ

465 4308 566 4375 τῆς
615 4307 980 4367 ὑποστάσεως
1003 4299 1144 4356 εἴναι
1180 4301 1275 4356 τοῦ
1313 4301 1440 4355 Υίοῦ
1493 4301 1556 4352 τὸ
1591 4299 1831 4369 Πνεῦμα,
1880 4297 2038 4366 εἴπερ

469 4395 609 4450 εἶναι
633 4397 968 4464 θεολογεῐται
992 4396 1054 4447 ὲκ
1081 4395 1176 4462 τῆς
1203 4393 1440 4462 φύσεως,
1472 4391 1602 4461 μίαν
1635 4386 1774 4442 εἶναι
1798 4391 2040 4444 δείκνυσι

469 4489 686 4558 φρονῶν
713 4487 903 4552 ὥσπερ
934 4485 1122 4538 οὐσίαν
1149 4485 1292 4538 οὕτω
1317 4487 1412 4538 καὶ
1437 4485 1733 4536 ὑπόστασιν
1767 4482 1861 4534 ἐπὶ
1883 4480 2037 4545 Θεοῦ,

2139 3284 2306 3355 igitur
2346 3293 2402 3337 et
2429 3298 2496 3337 ex
2530 3281 2656 3344 alia.
2689 3283 2783 3336 sed
2813 3297 2843 3335 a
2874 3282 3011 3346 sola,
3050 3283 3324 3352 siquidem
3349 3298 3416 3336 ex
3451 3299 3555 3337 una
3587 3301 3600 3338 :
3635 3284 3717 3337 id-

2138 3394 2246 3450 que
2293 3385 2446 3448 patet
2489 3376 2544 3430 in
2587 3375 2908 3429 hominibus
2937 3393 2962 3450 :_
2991 3375 3370 3444 unusquisque
3413 3377 3558 3430 enim
3615 3394 3716 3428 nu-

2138 3483 2314 3530 strum
2346 3479 2412 3528 ex
2443 3473 2632 3528 Adami
2659 3445 2966 3527 substantia
2990 3481 3092 3538 est,
3129 3487 3232 3526 non
3263 3471 3497 3540 amplius
3529 3481 3716 3525 autent

2139 3577 2196 3623 et
2237 3583 2304 3622 ex
2337 3581 2570 3636 persona
2609 3565 2790 3628 illius;
2828 3563 2956 3634 quia
2994 3579 3097 3616 una
3127 3569 3212 3617 est
3257 3561 3541 3615 hominum
3580 3563 3716 3615 sub.

2139 3660 2366 3722 stantia,
2419 3659 2602 3712 multa:
2641 3671 2911 3727 persona}.
2951 3657 3088 3710 Cum
3139 3665 3322 3710 autem
3364 3669 3394 3708 a
3444 3654 3716 3724 print-iniu

2143 3763 2246 3800 una
2278 3747 2589 3799 substantia
2629 3755 2687 3798 et
2735 3757 2966 3814 persona
3019 3743 3258 3796 humana
3289 3751 3609 3808 constaret;
3646 3759 3714 3797 ex

2143 3853 2250 3892 una
2281 3837 2586 3905 eademque
2621 3835 2766 3888 virili
2803 3835 3114 3890 substantia
3150 3841 3206 3888 et
3238 3849 3472 3903 persona
3517 3835 3713 3889 Adanii

2142 3930 2447 4000 productus
2487 3937 2572 3982 est
2605 3927 2762 3982 Cain.
2810 3931 2880 3981 At
2909 3942 3040 3980 vero
3097 3925 3316 3998 duobus
3373 3926 3712 3990 hominibus,

2141 4024 2442 4078 secundum
2467 4021 2795 4090 personasin
2818 4034 3000 4074 rerum
3025 4028 3218 4073 natura
3237 4019 3346 4088 jam
3374 4017 3715 4084 constitutis,

2145 4115 2330 4171 Enocb
2357 4131 2420 4168 ex
2452 4113 2761 4169 substantia
2793 4113 3016 4181 quidem
3055 4110 3273 4176 Adami,
3313 4127 3421 4165 non
3454 4113 3632 4165 autem
3663 4122 3718 4165 et

2143 4224 2208 4263 ex
2244 4223 2342 4263 sua
2377 4223 2630 4276 persona,
2657 4205 2751 4260 sed
2786 4221 2852 4260 ex
2885 4219 3120 4274 persona
3149 4205 3319 4260 solius
3335 4204 3468 4259 Cain
3493 4215 3716 4259 consta-

2145 4302 2254 4354 bat.
2286 4299 2475 4369 ltaque
2511 4303 2610 4352 iste
2635 4298 2845 4353 Veccus
2879 4297 2983 4350 hoc
3015 4296 3136 4350 loco
3165 4309 3514 4361 asseverans,
3547 4296 3716 4350 etiam

2143 4409 2208 4446 ex
2237 4407 2471 4462 persona
2517 4390 2643 4445 Filii
2677 4405 2802 4446 esse
2833 4389 3119 4459 Spiritum,
3153 4388 3446 4456 siquidem,
3476 4399 3534 4442 ut
3566 4403 3716 4440 assc-

2147 4496 2274 4540 runt
2304 4485 2568 4554 theologi,
2601 4494 2684 4539 est
2713 4499 2780 4538 ex
2807 4493 3038 4547 natura;
3067 4480 3389 4535 ostenditse
3423 4481 3476 4533 in
3504 4495 3566 4533 ea
3595 4497 3716 4534 esse.

469 4586 558 4633 τὸν
621 4579 740 4631 Υἰὸν
775 4580 806 4647 ἢ
854 4579 944 4630 τὸν
994 4578 1216 4648 Πατέρα
1269 4577 1492 4637 τελείως
1523 4575 1734 4628 ἀθετῶν
1771 4577 1796 4627 ὁ
1829 4575 1996 4636 τάλας
2023 4591 2034 4606 ·

2148 4578 2442 4642 sententia,
2467 4586 2529 4630 ut
2551 4577 2826 4644 opinetur,
2863 4589 3023 4627 unam
3064 4587 3186 4628 esse
3212 4571 3266 4626 in
3295 4573 3426 4634 Deo,
3457 4581 3714 4640 tanquam

471 4672 606 4740 πρὸς
641 4671 696 4723 δὲ
728 4675 924 4738 τούτῳυ
962 4669 1057 4721 καὶ
1089 4670 1152 4720 ὲκ
1186 4670 1348 4735 μόνου
1382 4665 1476 4719 τοῦ
1513 4666 1640 4717 Υίοῦ
1671 4669 1769 4736 τὴν
1810 4665 2043 4734 ὓπαρξιν

473 4761 610 4816 εἶναι
643 4763 739 4816 τοῦ
771 4763 916 4816 θείου
967 4761 1283 4830 Πνεύματος
1327 4759 1566 4820 δεικνύς.
1615 4758 1773 4809 ’Λλλέὰ
1809 4761 1902 4810 καὶ
1937 4758 2046 4808 απὸ

473 4856 580 4907 τῶν
615 4855 814 4923 ῥητῶν,
841 4853 876 4907 ἃ
907 4853 1116 4906 τελείαν
1153 4853 1498 4918 θεολογοῦσιν
1531 4853 1720 4904 οὐσίαν
1771 4849 1912 4904 εἶναι
1956 4853 2044 4902 τὶν

481 4949 717 5016 Πατέρα,
755 4947 848 4999 καὶ
875 4947 1086 4998 τελεῖαν
1122 4946 1310 4998 οὐσίαν
1355 4945 1444 4998 τὸν
1478 4945 1625 5006 Υἰὸν,
1649 4945 1911 5006 ὡσαύτως
1951 4945 2047 4995 καὶ

473 5041 534 5093 τὸ
571 5040 792 5107 Πνεῦμα
827 5040 886 5091 τὸ
921 5039 1096 5108 ἅγιον,
1137 5039 1196 5088 οὐ
1236 5037 1296 5090 τὸ
1348 5037 1547 5090 ἑνιαῖον
1595 5038 1687 5090 καὶ
1731 5037 2050 5106 ἀπαραλλα-

477 5151 602 5185 κτον
625 5135 721 5203 τῆς
749 5133 933 5196 οὐσίας
964 5130 1320 5199 ἐπιγινώσκει
1349 5131 1456 5183 τῶν
1483 5130 1672 5199 τριῶν,
1701 5131 1817 5183 ἀλλ’
1848 5128 2048 5180 ὲνῡεωο

478 5229 594 5294 ρεῐν
636 5225 894 5295 πειρᾶται
943 5223 1260 5293 πληθυσμόν
1293 5239 1435 5286 τινα,
1467 5222 1562 5275 καὶ
1607 5221 1873 5290 διαφοράν
1925 5220 2048 5272 κατ’

475 5317 646 5385 αὐτὴν
674 5317 946 5385 ἀφρόνως.

1499 5455 1524 5473 ἱ

917 5677 920 5680 Α
941 5613 1051 5669 Τοῦ
1081 5613 1278 5682 σοφοῦ
1320 5613 1589 5678 Νικαίας.

551 5729 650 5794 Ὣς
685 5731 886 5801 oga-'36.“.
910 5747 972 5796 γε
1009 5729 1223 5782 ἐοικότα
1251 5729 1330 5792 εἰς
1361 5729 1456 5798 τὴν
1489 5727 1770 5797 θεολογίαν
1799 5728 2050 5797 είσάγετε

483 5823 930 5895 παρ.δεί·ίματαὲ
961 5821 1130 5874 Τοῦτο
1159 5819 1284 5890 ὑμῖν
1313 5819 1762 5889 ὁμολογουμένως
1789 5819 1885 5888 τῇς
1913 5819 2051 5886 πλά-

2150 4670 2540 4733 substantiam,
2582 4670 2662 4723 sic
2700 4677 2754 4722 et
2791 4681 3104 4738 personam,
3146 4663 3341 4718 Filium
3375 4663 3459 4716 vel
3499 4664 3718 4716 Patrem

2152 4763 2373 4832 penitus
2416 4761 2675 4833 rejieiens
2705 4759 2894 4824 miser,
2925 4767 2980 4813 et
3024 4767 3286 4827 prmterea
3315 4771 3382 4810 ex
3426 4757 3544 4810 solo
3587 4755 3722 4809 Filio

2151 4858 2422 4910 exsistere
2447 4853 2698 4908 divinum
2727 4851 2999 4921 Spiritum
3025 4849 3250 4904 docens.
3281 4849 3422 4914 Quin
3447 4851 3610 4904 etiam
3656 4865 3724 4902 ex

2151 4945 2441 5000 sententiis
2484 4945 2686 5014 quibus
2725 4943 3025 5012 perfectam
3067 4941 3428 4997 substantiam
3465 4957 3585 4996 esse
3629 4941 3727 4993 Pa-

2155 5052 2314 5102 trem,
2349 5049 2404 5094 et
2435 5035 2741 5105 perfectam
2787 5033 3152 5090 substantiam
3186 5033 3409 5098 Filium,
3450 5042 3614 5102 atque
3646 5032 3726 5085 si-

2154 5133 2358 5184 militer
2381 5129 2644 5196 Spiritum
2672 5137 2926 5181 sanctum
2954 5126 3095 5179 sacri
3123 5124 3364 5194 theologi
3387 5122 3722 5184 ostendunt;

2155 5239 2264 5275 non
2320 5219 2536 5274 unicam
2587 5227 2641 5272 et
2687 5217 3096 5273 indifferentem
3155 5217 3320 5270 trium
3367 5228 3724 5284 personarum

2153 5313 2402 5381 agnoscit
2431 5309 2820 5375 substantiam,
2851 5309 2948 5364 sed
2979 5308 3390 5364 multitudinem
3425 5305 3724 5375 .quamdam

2155 5407 2366 5475 ipsius,
2429 5421 2493 5457 ac
2551 5403 2924 5458 dil‘lerentiam
2989 5404 3368 5472 imprudenter
3433 5399 3730 5454 observare

2153 5509 2412 5552 Cttltﬂltll‘.

2675 5607 2943 5678 Sapientis
2989 5605 3211 5660 Nicwui.

2229 5728 2404 5792 Quam
2439 5723 2594 5778 valde
2621 5721 3010 5777 convenientia
3039 5719 3293 5789 exempla
3321 5719 3376 5774 in
3400 5718 3733 5789 tbeol0§iam

2161 5819 2554 5874 intra-ducitis!
2607 5815 2665 5869 1d
2694 5815 2941 5886 profecto
2971 5814 3125 5871 vobis
3167 5829 3332 5870 causa
3367 5822 3550 5871 exstat
3582 5828 3736 5870 erro-
