4124 6416
424 404 534 467 283

1377 385 1883 445 BESSARIONIS
1913 385 1969 444 S.
2017 383 2060 441 Β
2133 383 2196 443 Ε.
2243 355 2710 440 CARblNALlS

3576 381 3682 446 ρει

431 510 528 574 ris,
574 501 841 574 quoniam
879 499 946 555 de
977 498 1180 554 divinis
1217 497 1474 567 ,ltumana
1521 496 1734 564 sapitis,
1780 504 1836 547 et
1879 509 1998 562 qua:

2120 512 2198 562 ρης
2229 493 2288 546 τὸ
2320 494 2511 552 αἴτιον,
2547 493 2628 544 ὅτι
2665 494 2794 562 περὶ
2852 493 2958 545 τῶν
2995 493 3152 546 οεῖιυν
3187 497 3439 563 φρονεῖτε
3475 497 3684 567 ἀνθρὼ-

430 596 519 649 hic
559 603 686 648 sunt
723 593 874 661 juxta
919 590 968 643 id
1010 602 1196 648 omne,
1231 586 1378 654 quod
1418 586 1655 654 intelligi
1702 592 1904 662 potest,
1936 599 2002 637 eo

432 685 755 742 transfertis.
788 683 857 736 At
889 681 1037 736 enim
1101 680 1403 734 cavendum
1452 695 1518 732 ne
1569 678 1642 731 sit
1681 679 1833 732 nefas
1875 677 2003 730 talia

429 779 500 833 de
546 778 632 830 illa
688 773 950 828 incliahili
989 772 1260 826 Trittitate
1311 771 1804 840 sctttire;oportet
1855 771 2004 825 enim

385 924 388 926 γ
425 870 593 923 etiam
641 869 926 931 unitatem,
980 876 1145 934 atque
1187 864 1464 933 singulare
1533 864 1762 918 Deitatis
1807 875 2006 932 pra-ter

433 961 756 1012 Trinitatem
799 970 1160 1024 personarum
1212 954 1312 1024 ipsi
1351 969 1606 1023 servare;
1657 971 1765 1009 non
1821 965 2005 1008 autem

431 1056 487 1106 in
523 1051 703 1104 trinos
721 1050 852 1103 deos
885 1037 1190 1102 incurrere.
1223 1048 1380 1112 Quod
1417 1063 1516 1100 vos
1545 1047 1664 1102 istis
1699 1046 2008 1100 rationibus

427 1143 695 1196 astruitis.
743 1140 862 1194 Non
899 1139 1047 1194 enim
1077 1140 1245 1193 veluti
1291 1150 1398 1194 tres
1443 1141 1715 1202 homines,
1763 1155 2011 1193 commu-

430 1252 558 1288 ttem
593 1250 745 1288 suam
776 1231 1163 1294 substantiam,
1193 1232 1592 1286 humanitatem
1617 1231 1760 1285 inter
1782 1245 1839 1286 se
1859 1245 2009 1285 com-

435 1327 740 1391 mttnicant,
771 1324 849 1379 sic
877 1323 1040 1378 etiam
1081 1323 1278 1376 divina:
1319 1337 1566 1392 personat
1603 1323 1896 1377 Trinitatis
1925 1322 2008 1376 di-

434 1419 615 1470 vinam
647 1418 945 1470 essentiam
983 1396 1352 1484 participant;
1389 1413 1742 1479 sedillorum
1776 1413 2002 1482 quidem

431 1509 626 1562 eadem
667 1515 753 1561 est
803 1521 912 1560 non
966 1519 1223 1569 numero,
1270 1504 1366 1559 sed
1417 1504 1598 1574 specie
1658 1503 2007 1569 humanitas;

437 1599 645 1654 idcirco
676 1598 842 1653 etiam
879 1605 992 1651 tres
1024 1611 1255 1651 numero
1294 1603 1550 1651 constant
1597 1595 1868 1651 homines.
1910 1595 2009 1651 Sa-

435 1696 739 1746 crosancta:
773 1695 959 1742 autem
1004 1685 1261 1740 Trinitati
1315 1685 1503 1741 eadem
1539 1701 1771 1742 numero
1804 1697 1886 1741 est
1917 1687 2007 1742 di-

435 1782 564 1835 vina
591 1780 853 1842 essentia,
888 1787 944 1833 et
973 1795 1116 1832 unus
1154 1787 1283 1832 sunt
1319 1793 1550 1832 numero
1589 1779 1770 1841 Deus;
1805 1786 1860 1832 et
1889 1779 2008 1848 ipsa

2107 601 2260 646 τεινα,
2289 584 2450 635 κάκεῖ
2485 583 2549 636 τὰ
2594 585 2830 637 ἐνταῦθα
2893 586 3034 639 κατὰ
3074 588 3180 640 πᾶν
3218 587 3407 640 ἕλκετε
3445 589 3506 641 τὸ
3535 590 3685 642 νοού-

2109 693 2291 743 μενον.
2349 674 2508 727 Ἀλλά
2559 675 2634 744 μὴ
2689 677 2750 727 οὐ
2803 674 3092 752 υεμιτὺνῇ
3130 679 3353 732 τοιαῦτα
3409 684 3541 751 περὶ
3585 686 3685 750 τῆς

2107 766 2426 838 ἁπορρήτου
2469 765 2695 835 Τριάδος
2742 770 2960 837 ἐκείνης
3005 773 3245 840 φρονεῖν.
3289 774 3380 825 Δεῖ
3405 775 3514 843 γᾶρ
3545 775 3684 843 αὐτῇ

2108 859 2203 911 καὶ
2234 860 2330 927 τὴν
2369 860 2574 927 μονάδα
2604 861 2924 929 φυλάττειν,
2958 865 3052 915 καὶ
3077 866 3137 915 τὸ
3166 864 3346 916 ἑνικὸν
3372 867 3469 929 τῆς
3496 866 3686 936 056:1;-

2108 969 2197 1013 τος
2233 951 2370 1021 πρὸς
2417 955 2482 1020 τῇ
2537 953 2647 1006 τῶν
2704 954 3015 1024 προσώπων
3073 956 3290 1025 Τριάδι,
3325 955 3462 1010 ἀλλὰ
3497 957 3570 1024 μὴ
3606 957 3686 1020 εἰς

2109 1043 2350 1111 τριοεῖαν
2383 1044 2677 1098 ἐκπίπτειν
2699 1061 2712 1074 ο
2746 1045 2774 1098 ὃ
2803 1045 3018 1110 τούτοις
3059 1049 3218 1116 ὑμεῖς
3245 1051 3358 1110 τοῖς
3383 1048 3562 1116 λόγοις
3588 1066 3687 1102 κα-

2107 1135 2495 1196 τασκευάζετε.
2529 1136 2603 1188 Οὐ
2637 1135 2746 1206 γάρ
2782 1135 2974 1207 ὥσπερ
3008 1137 3058 1189 οἱ
3086 1139 3236 1208 τρεῖς
3273 1137 3554 1207 ἄνθρωποι
3585 1140 3687 1206 τῆς

2111 1225 2297 1294 κοινῆς
2346 1225 2529 1278 αὐτῶν
2577 1227 2764 1289 οὐσίας
2798 1229 2897 1296 τῆς
2930 1227 3354 1298 ἁνθρωπότητος
3396 1229 3686 1282 κοινωνοῦ-

2112 1333 2196 1367 σιν
2228 1315 2502 1384 ἀλλήλοις,
2545 1315 2688 1369 οὑτω
2745 1320 2840 1370 καὶ
2869 1319 2938 1371 τὰ
2968 1318 3086 1372 θεία
3115 1319 3215 1388 τῆς
3247 1320 3478 1389 Τριάδος
3511 1323 3685 1389 πρόσ-

2111 1423 2238 1458 ωπα
2266 1405 2369 1475 τῆς
2413 1405 2564 1468 Θείας
2612 1407 2798 1470 οὐσίας
2821 1423 2836 1437 ’
2864 1408 2976 1460 ἀλλ’
3001 1410 3225 1462 ὲκεῖνων
3273 1409 3372 1477 μὲν
3413 1409 3561 1470 είόει,
3589 1411 3688 1463 οὐκ

2111 1497 2333 1568 ἀριθμῷ
2362 1499 2394 1568 ὴ
2429 1497 2568 1568 αὐτὴ
2603 1497 2961 1570 ἀνορωπότης
2993 1502 3140 1551 ὲστί·
3177 1500 3254 1552 διὸ
3285 1501 3379 1553 καὶ
3409 1503 3557 1570 τρ;ῖς
3580 1502 3686 1553 εἰσι

2110 1591 2189 1660 τῷ
2237 1589 2456 1661 ἀριθμῷ
2486 1591 2809 1661 ἂνθρωποι·
2862 1595 2942 1662 τῇ
2983 1592 3040 1644 δὲ
3087 1593 3210 1663 Θεία
3257 1593 3451 1664 Τριάδι
3483 1594 3514 1664 ἡ
3549 1593 3686 1663 αὐτη

2112 1681 2331 1750 ἀριθμῷ
2381 1683 2530 1734 ὲστιν
2559 1684 2592 1752 ἡ
2624 1681 2743 1734 Θεία
2791 1682 2952 1734 οὐσία
2995 1684 3171 1737 εἰτουν
3207 1681 3434 1751 θεόεης·
3469 1686 3562 1735 καὶ
3598 1683 3688 1736 διὰ

2111 1770 2272 1824 τοῦτο
2301 1772 2396 1826 καὶ
2426 1774 2524 1843 μία
2547 1774 2710 1826 οὐσία
2745 1773 2840 1826 καὶ
2862 1773 2996 1836 Θεός
3027 1775 3171 1826 εἰσιν
3198 1769 3285 1836 εἷς
3315 1773 3555 1844 ἀριθμῷ.
3581 1775 3690 1826 Καὶ

437 1872 662 1943 quidem
687 1872 742 1925 itt
774 1870 978 1924 divinis
1013 1869 1264 1939 personis
1295 1869 1572 1934 subsistit,
1608 1879 1804 1938 estque
1832 1885 2005 1923 unum

2120 1861 2258 1932 αὕτη
2295 1862 2394 1930 μὲν
2433 1863 2724 1933 ὑφεστῶσα
2751 1866 2809 1917 ἐν
2837 1867 2956 1927 ταῖς
3001 1865 3177 1928 θείαις
3207 1867 3356 1918 ἐστὶν
3387 1866 3690 1922 ὑποστάσε-

436 1965 750 2020 subsistens
775 1979 898 2018 cum
923 1961 1154 2032 singulis
1177 1962 1447 2030 personis.
1479 1959 1800 2015 Humanitas
1825 1969 2010 2015 autem

437 2072 620 2127 neque
647 2066 730 2112 est
777 2054 1084 2110 subsistens
1113 2054 1167 2107 in
1204 2053 1632 2123 particularibus
1669 2053 2009 2116 hominibus,

436 2165 621 2218 neque
676 2163 842 2202 unum
898 2145 1207 2201 subsistens
1250 2160 1374 2200 cum
1430 2145 1666 2216 singulis
1711 2145 2011 2200 individuis

437 2242 744 2296 constituit.
768 2240 846 2294 E1
865 2253 974 2308 quo
1025 2240 1084 2292 lit
1137 2248 1198 2292 ut
1226 2237 1372 2307 quod
1403 2253 1468 2293 ex
1491 2239 1792 2293 substantia
1815 2237 2010 2292 horum

436 2343 542 2398 est,
599 2350 703 2388 non
741 2334 906 2387 etiam
953 2347 1016 2384 ex
1064 2345 1299 2401 persona
1353 2329 1597 2385 omnium
1647 2331 1739 2384 sit.
1795 2330 2011 2385 Etenim

434 2427 594 2490 Cain,
625 2440 748 2479 cum
772 2440 836 2478 ex
871 2424 1200 2490 substantia,
1229 2438 1325 2476 seu
1353 2433 1550 2476 natura
1580 2422 1652 2476 sit
1675 2421 1892 2486 Adami,
1917 2430 2004 2475 at-

438 2533 546 2585 que
590 2515 794 2577 Abelis,
849 2529 917 2567 ex
961 2511 1154 2566 Adami
1213 2513 1445 2581 quidem
1485 2522 1682 2566 natura
1751 2527 1874 2566 cum
1918 2512 2046 2584 sit,'

436 2608 600 2661 etiam
634 2621 697 2660 ex
742 2605 889 2659 illius
913 2617 1146 2672 persona
1184 2602 1328 2657 l‘oret
1373 2619 1387 2656 :
1429 2614 1537 2656 non
1575 2603 1702 2672 quia
1735 2620 1800 2658 ex
1836 2603 2012 2673 ipsius

435 2699 745 2753 substantia
777 2696 869 2759 sit,
905 2695 1001 2748 sed
1022 2693 1282 2763 quoniam
1305 2695 1534 2748 omnino
1567 2709 1634 2748 ex
1666 2695 1842 2764 ipsius
1873 2710 2013 2764 per-

345 2831 364 2838 -
437 2807 571 2846 sona
606 2801 710 2853 est,
755 2803 880 2842 cum
928 2787 1107 2856 ipsum
1148 2794 1344 2840 nactus
1381 2785 1548 2840 fuerit
1581 2801 1734 2840 suam
1767 2801 2010 2841 causam.

437 2885 515 2937 Ex
549 2880 858 2936 substantia
890 2893 1019 2932 vero
1059 2877 1246 2932 Abelis
1289 2886 1570 2942 constans,
1597 2893 1704 2931 non
1735 2879 1900 2933 etiam
1946 2895 2014 2934 cx

437 2976 614 3042 ipsius
661 2984 894 3042 persona
935 2977 1053 3032 est;
1083 2967 1356 3037 siquidem
1397 2968 1586 3022 Abelis
1629 2983 1872 3038 persona
1901 2983 2014 3023 non

441 3080 695 3131 numero,
735 3063 831 3118 sed
867 3061 1214 3116 solummodo
1247 3061 1429 3132 specie
1471 3060 1837 3116 substantiam
1884 3075 2015 3117 eum

443 3157 651 3211 Adamo
692 3154 1006 3225 participat.
1037 3153 1229 3223 Neque
1260 3167 1391 3208 vero
1432 3151 1828 3208 subsistentem
1867 3153 1924 3208 in
1955 3169 2014 3211 se

441 3247 610 3301 habet
641 3260 793 3298 suam
841 3241 1246 3308 substantiam,
1287 3258 1464 3312 neque
1491 3258 1662 3296 unum
1702 3243 2016 3300 subsistens

439 3355 565 3392 cum
597 3352 697 3391 sua
729 3351 961 3405 persona
991 3334 1301 3389 constituit.
1329 3333 1485 3400 Quod
1505 3343 1689 3390 autem
1739 3351 1806 3391 ex
1841 3335 2017 3391 Patris

438 3439 499 3484 et
533 3428 654 3482 Filii
693 3437 779 3482 est
837 3425 1168 3492 substantia,
1216 3425 1354 3480 nihil
1394 3425 1575 3480 obstat
1621 3428 1920 3496 quominus
1961 3439 2018 3485 et

437 3537 509 3574 ex
545 3534 778 3589 persona
809 3519 1025 3572 illorum
1055 3517 1150 3572 sit.
1175 3517 1318 3584 Quin
1340 3517 1506 3573 etiam
1531 3520 1768 3576 maxime
1798 3531 1882 3576 est
1918 3538 2016 3578 nc-

441 3615 770 3676 eessarium,
802 3625 928 3664 cum
959 3609 1075 3664 haec
1104 3609 1412 3664 substantia
1435 3609 1584 3664 Patri
1617 3625 1680 3666 ac
1711 3611 1870 3680 Filio,
1906 3629 2016 3668 non

443 3715 657 3760 tantum
689 3701 1201 3773 specie-secundum
1237 3701 1523 3756 hominum
1557 3705 1892 3772 exemplum,
1919 3706 2015 3760 sed

439 3797 636 3852 eadem
681 3809 932 3859 numero,
977 3803 1143 3864 atque
1185 3795 1498 3850 communis
1543 3795 1791 3850 exsistat.
1839 3797 1902 3852 Et
1960 3797 2049 3869 in.

441 3891 579 3959 ipsis
634 3899 900 3960 pra'terea
943 3886 1147 3942 divinis
1190 3886 1604 3958 hypostasibus,
1663 3888 2015 3957 paternitate,

445 3985 692 4050 inquam,
729 3989 784 4034 et
824 3979 1087 4034 tiliatione
1135 3978 1424 4033 subsistat.
1468 3978 1666 4034 Nescio
1691 3979 1857 4049 igitur
1883 3981 2014 4050 quid

438 4073 549 4127 Slbi
583 4073 754 4126 velint
790 4071 1037 4140 exempla
1070 4071 1174 4124 ista
1213 4070 1622 4140 discrepantia;
1649 4071 1738 4125 vel
1777 4071 1910 4142 quid
1950 4087 2019 4126 ex

441 4167 580 4236 ipsis
614 4165 815 4236 aliquis
862 4164 1198 4220 concludere
1236 4163 1454 4233 queat?
1496 4166 1566 4218 At
1603 4163 1855 4220 fortassis
1899 4164 2022 4219 talis

415 4268 529 4312 est
564 4259 801 4319 animus,
828 4256 925 4326 qui
959 4257 1127 4310 semel
1157 4266 1480 4312 concertare
1525 4255 1916 4320 constituerit;
1964 4264 2022 4310 et

443 4350 754 4419 perSpieuis
797 4347 1260 4416 evidentibusque
1292 4347 1460 4403 rebus
1514 4347 1859 4414 adversatur,
1897 4356 1952 4402 et
1989 4363 2020 4402 a

449 4444 674 4496 veritate
710 4440 1011 4506 abhorret;
1048 4449 1109 4495 ιιι
1136 4439 1301 4494 etiam
1330 4440 1382 4493 in
1411 4449 1688 4509 pratrupta
1717 4439 2018 4494 horrenda-

444 4549 555 4602 qne
593 4549 725 4587 saxa
765 4533 1110 4602 praecipitare
1152 4547 1271 4587 sese
1313 4548 1422 4586 non
1472 4534 1818 4599 extimescat,
1858 4533 2020 4587 dum-

449 4625 611 4678 modo
644 4626 713 4678 iis
751 4639 949 4678 nocere
986 4638 1044 4677 se
1075 4623 1288 4688 credat,
1333 4638 1472 4692 quos
1520 4625 1625 4678 sibi
1677 4625 2024 4679 adversarios

449 4715 794 4780 arbitratur;
845 4715 1025 4784 qualis
1062 4723 1146 4767 est
1193 4725 1248 4768 ct
1295 4731 1538 4784 preescns
1591 4717 2021 4785 argumentatio,

450 4807 653 4874 quibus
689 4809 793 4860 hoc
834 4807 889 4860 itt
923 4806 1046 4861 loco
1081 4808 1213 4875 agit,
1256 4817 1445 4876 aperte
1494 4809 1546 4860 itt
1585 4811 1884 4863 ternarium
1918 4826 2028 4864 nu-

455 4912 664 4952 merum
697 4900 925 4950 deorum
962 4897 1244 4951 decidens.
1286 4901 1335 4951 Is
1359 4908 1541 4951 autem
1582 4911 1630 4954 et
1663 4916 1824 4953 suum
1853 4901 2027 4971 ipsius

449 4990 661 5042 crimen
699 4989 821 5042 aliis
854 4990 1134 5043 ascribere
1169 5005 1277 5043 non
1317 4989 1617 5045 etubescit.
1661 4990 1729 5047 Et
1767 4993 1842 5046 illi
1872 5009 2023 5058 sane,

452 5084 546 5150 qui
589 5092 748 5134 antea
777 5079 1042 5149 Spiritum
1067 5094 1318 5134 sanctum
1347 5081 1760 5152 impugnabant,
1789 5099 1914 5140 cum
1958 5103 2027 5140 ex

452 5173 616 5228 Patre
643 5172 728 5226 vel
779 5171 914 5225 Filio
952 5172 1130 5240 ipsum
1161 5187 1284 5228 esse
1309 5173 1588 5240 audirent,
1624 5176 1758 5230 illud
1803 5179 2026 5249 quidem

452 5284 517 5320 ex
558 5252 833 5337 Itypostasi
879 5264 1282 5319 admittebant:
1323 5275 1377 5320 at
1426 5282 1490 5321 ex
1536 5279 1732 5323 natura
1781 5271 2027 5340 ipsorum

454 5377 596 5424 esse,
636 5361 737 5413 huc
768 5375 895 5412 vero
928 5357 1393 5427 aspernabantur.
1425 5358 1581 5414 Nunc
1619 5361 1847 5416 alterum
1884 5366 2029 5419 istud

456 5451 657 5505 bellum
689 5468 812 5504 eum
849 5467 914 5505 eo
954 5459 1172 5520 gerunt,
1209 5466 1331 5504 cum
1359 5452 1494 5506 illud
1527 5469 1657 5508 sane
1689 5471 1755 5508 ex
1779 5458 2033 5510 substan-

455 5539 530 5592 tia
554 5541 799 5604 laudent,
819 5557 885 5594 ae
909 5540 1163 5608 probent,
1188 5540 1318 5594 illud
1349 5557 1415 5595 ex
1440 5541 1716 5612 hypostasi
1749 5558 2030 5614 respuant.

457 5631 537 5682 ita
569 5649 848 5701 nunquam
902 5631 1221 5687 intermittit
1262 5629 1434 5688 hostis
1469 5635 1724 5690 Ecclesia:
1773 5639 2030 5692 scandala

457 5724 702 5776 excitare
744 5741 757 5776 :
792 5741 912 5793 qua:
946 5723 1168 5794 quidem
1218 5741 1442 5783 necesse
1486 5735 1570 5780 est
1625 5729 1873 5793 evenire,
1924 5729 2031 5783 heu

437 5823 645 5867 tamen
696 5813 871 5880 illum,
915 5833 978 5869 cx
1012 5833 1122 5887 quo
1160 5817 1510 5886 proveniunt!
1557 5816 1876 5887 Quanquam
1929 5818 2034 5874 illis

2121 1971 2230 2018 σιν,
2259 1957 2349 2007 καὶ
2375 1954 2434 2007 ἓν
2467 1955 2716 2026 ὑφεστὼς
2751 1956 2870 2026 μεθ’
2897 1957 3136 2027 ἑκάστης
3165 1957 3272 2010 τῶν
3303 1957 3687 2013 ὑποστάσεων·

2119 2049 2152 2118 ἡ
2187 2047 2241 2101 δὲ
2277 2048 2638 2120 ἁνθρωπότης
2686 2048 2812 2103 οὐτε
2863 2051 3154 2119 ὑφεστῶσα
3183 2053 3240 2104 ὲν
3274 2051 3388 2114 τοῖς
3423 2055 3566 2104 κατὰ
3595 2053 3690 2121 μέ-

2123 2156 2215 2209 ρος
2244 2124 2578 2211 άνορώποις,
2612 2142 2736 2196 οὔτε
2770 2143 2827 2196 ἓν
2869 2145 3117 2213 ὑφεστὼς
3150 2147 3268 2199 ἐστι
3309 2143 3431 2214 μεθ’
3459 2145 3692 2199 ἑκάστου

2120 2231 2346 2302 ἀτόμου.
2388 2234 2549 2288 Ὅθεν
2581 2236 2640 2287 τὸ
2665 2238 2728 2290 ἐκ
2755 2237 2850 2304 τῆς
2883 2237 3072 2298 οὐσίας
3106 2238 3286 2292 αὐτῶν
3317 2238 3377 2293 ὃν
3408 2241 3469 2292 οὐ
3507 2238 3600 2291 καὶ
3629 2240 3695 2290 ἐκ

2117 2319 2221 2390 τῆς
2275 2323 2494 2378 πάντων
2544 2327 2695 2378 ἐστὶν
2747 2327 3140 2391 ὑποστάσεως·
3181 2331 3320 2382 Κάῖν
3359 2330 3464 2400 γὰρ
3499 2331 3561 2382 ὲκ
3596 2328 3696 2397 τῆς

2119 2411 2215 2465 τοῦ
2256 2412 2432 2486 Ἀδὰμ
2472 2416 2566 2468 καὶ
2599 2417 2694 2470 τοῦ
2741 2418 2909 2473 Ἅϐελ
2961 2420 3151 2483 οὐσίας
3186 2419 3216 2491 ἢ
3248 2420 3467 2490 φύσεως
3519 2420 3595 2474 ὢν
3628 2422 3696 2475 ὲκ

2123 2507 2221 2576 μὲν
2254 2506 2346 2560 τοῦ
2392 2507 2568 2578 Ἀδὰμ
2601 2508 2686 2580 εἴη
2723 2509 2790 2564 ἂν
2823 2510 2919 2564 καὶ
2943 2509 3042 2580 τῆς
3072 2511 3448 2578 ὑποστάσεως,
3478 2513 3575 2583 οὐχ
3613 2513 3696 2566 ὅτι

2121 2599 2186 2650 ὲκ
2215 2601 2316 2669 τῆς
2345 2599 2513 2653 αὐτοῦ
2544 2600 2758 2666 οὐσίας,
2787 2601 2904 2656 ἀλλ’
2933 2602 3017 2656 ὅτι
3065 2605 3205 2668 ὅλως
3258 2606 3323 2658 ὲκ
3371 2603 3473 2673 τῆς
3528 2602 3696 2657 αὐτοῦ

2122 2692 2269 2745 ἐστιν
2301 2693 2673 2756 ὑποστάσεως,
2708 2693 2869 2746 αὐτὸν
2895 2692 3147 2763 ἐσχηκὼς
3173 2694 3350 2749 αἴτιον
3372 2709 3386 2724 ⁸
3409 2696 3476 2748 ἐκ
3502 2694 3560 2748 δὲ
3603 2693 3720 2784 τοῖδ

2129 2781 2296 2835 Ἅϐελ
2317 2785 2413 2854 τῆς
2435 2784 2626 2848 οὐσίας
2656 2781 2733 2837 ὣν
2755 2785 2855 2838 οὐκ
2884 2785 2997 2838 ἐστι
3031 2786 3123 2838 καὶ
3147 2787 3212 2839 ὲκ
3239 2785 3338 2852 τῆς
3371 2787 3536 2840 αὐτοῦ
3566 2781 3696 2840 ὐποὲ

2126 2870 2396 2936 στάσεως,
2418 2871 2576 2944 εἴπερ
2608 2875 2640 2944 ἡ
2672 2873 2768 2926 τοῦ
2799 2873 2966 2927 ’Λσελ
2997 2875 3296 2940 ὑπόστασις
3327 2875 3442 2930 οὔτ’
3477 2877 3697 2948 ἀριθμῷ

2123 2960 2241 3014 ἀλλ’
2272 2962 2406 3016 εῖδει
2440 2964 2605 3034 μόνον
2634 2965 2731 3034 τῆς
2767 2966 2942 3036 αὐτῆς
2980 2969 3233 3021 κοινωνεῖ
3275 2968 3354 3035 τῷ
3394 2968 3569 3041 Ἀδὰμ
3607 2971 3702 3023 οὐ·

2127 3053 2270 3118 σίας.
2303 3053 2441 3108 Οὑτε
2468 3055 2526 3109 δὲ
2561 3057 2890 3125 ὑφεστῶσαν
2920 3058 3035 3130 ἔχει
3071 3061 3130 3115 ἑν
3161 3061 3340 3130 ἐαυτῷ
3377 3060 3478 3132 τὴν
3505 3061 3700 3116 οὐσίαν

2123 3141 2459 3214 αὐτού,οὐτε
2492 3148 2552 3201 ἓν
2583 3149 2832 3219 ὑφεστὼς
2865 3152 3006 3221 μετὰ
3057 3152 3158 3224 τῆς
3208 3152 3407 3208 ἑαυτοῦ
3456 3153 3700 3208 ὑποστά-

2124 3255 2286 3302 σεως.
2315 3239 2390 3293 Τὸ
2411 3239 2466 3294 δὲ
2492 3241 2556 3294 ἐκ
2583 3241 2682 3311 τῆς
2707 3242 2802 3296 τοῦ
2833 3243 3052 3314 Πατρὺς
3081 3244 3177 3298 καὶ
3205 3245 3301 3299 τοῦ
3328 3245 3457 3300 Υίοῦ
3485 3246 3701 3311 οὐσίας,

2122 3332 2219 3408 καὶ
2247 3332 2313 3384 ὲκ
2353 3331 2451 3401 τῆς
2481 3331 2666 3386 αὐτῶν
2697 3333 3076 3400 ὑποστάσεως,
3107 3335 3260 3390 οὐδὲν
3286 3337 3510 3392 κωλύει.
3549 3338 3703 3392 Μᾶλ-

2118 3421 2212 3474 λον
2254 3420 2313 3474 δὲ
2355 3421 2448 3475 καὶ
2479 3424 2630 3476 πᾶσα
2675 3423 2892 3496 ἀνάγκη
2930 3419 3094 3492 εἶναι,
3135 3427 3345 3496 ταύτης
3374 3428 3475 3498 τῆς
3503 3429 3703 3492 οὐσίας

2121 3503 2346 3584 ἀρξθμῷ
2378 3513 2474 3582 τῆς
2525 3515 2696 3583 αὐτῆς
2732 3517 2829 3570 καὶ
2864 3517 3054 3588 κοινῆς
3084 3519 3253 3590 οὔσης
3282 3520 3361 3591 τῷ
3392 3523 3568 3591 [lat-pl.
3603 3525 3702 3576 καὶ

2121 3603 2199 3674 τῷ
2235 3603 2368 3676 Υἱῷ,
2392 3604 2510 3660 ἀλλ’
2529 3607 2628 3660 οὐκ
2651 3606 2788 3660 εῖδει
2815 3610 2980 3677 μόνον
3006 3611 3149 3664 κατὰ
3173 3611 3233 3663 τὸ
3253 3611 3364 3665 τῶν
3389 3611 3704 3683 ἀνθρώπων

2123 3699 2501 3770 παράδειγμα,
2532 3701 2630 3753 καὶ
2679 3699 2762 3755 ἔτι
2811 3703 3184 3770 ὑφεστηκυίας
3240 3705 3300 3758 ὲν
3351 3707 3472 3769 ταῖς
3521 3707 3702 3770 ὑείαις

2124 3791 2460 3846 ὑποστάσεσι
2481 3791 2727 3860 ταύταις,
2749 3796 2817 3865 τῇ
2843 3796 3148 3865 πατρότητι
3173 3797 3266 3849 καὶ
3287 3798 3515 3868 υίότητι,
3535 3798 3704 3867 λέγω.

2124 3883 2279 3937 Ὠστ’
2303 3882 2370 3937 ἂν
2397 3885 2493 3938 καὶ
2519 3885 2582 3938 ἐκ
2608 3884 2713 3954 τῆς
2749 3884 2948 3938 ἑαυτοῦ
2993 3885 3183 3950 οὐσίας
3215 3889 3309 3940 καὶ
3343 3890 3705 3956 ὑποστάσεως

2123 3972 2192 4048 ἦν
2223 3977 2283 4032 τὸ
2317 3977 2543 4047 Πνεῦμα
2568 3979 2630 4031 τὸ
2659 3978 2837 4047 ἅγιον,
2869 3980 2919 4032 εί
2949 3979 3026 4050 μὴ
3054 3984 3120 4052 τῇ
3149 3982 3345 4037 τούτου
3371 3984 3706 4038 ἀντέπιπτεν

2127 4069 2374 4140 ἰδιότητι,
2399 4070 2503 4140 τῆς
2535 4071 2706 4141 αὐτῆς
2754 4074 3014 4144 τάριθμῷ
3048 4077 3144 4128 καὶ
3197 4077 3341 4130 κατὰ
3374 4077 3567 4131 τούτου
3603 4080 3706 4148 τῆς

2123 4162 2314 4225 οὐσίας
2365 4165 2857 4235 κατηγορουμένης
2933 4167 3175 4237 ἐκείνης,
3227 4170 3320 4222 καὶ
3379 4169 3706 4242 ὑφεστώσης

2122 4252 2324 4321 ὁμοίιος
2349 4254 2450 4307 κάν
2477 4253 2674 4324 τούτῳ.
2700 4255 2816 4308 Οὐκ
2839 4255 2958 4310 οἶδα
2981 4253 3075 4310 οὖν
3098 4259 3242 4312 τίτὰ
3265 4259 3496 4331 ἀνόμοια
3523 4262 3701 4316 ταῦτα
3736 4265 3744 4273 ⁸

2125 4345 2554 4416 παραδείγματα
2607 4346 2906 4417 βούλεται·
2961 4349 2994 4419 ἢ
3035 4351 3088 4402 τί
3135 4351 3360 4406 δυνατὸν
3394 4357 3706 4425 συμπεραί-

2125 4454 2236 4490 νειν
2290 4441 2354 4491 ὲκ
2407 4439 2656 4506 τούτων;
2702 4441 2843 4493 Ἀλλ’
2893 4443 3024 4506 ῐσως
3071 4445 3314 4498 τοιοῦτόν
3370 4448 3518 4499 ἐστιν
3555 4448 3708 4513 ἅπαξ

2046 4540 2098 4599 D
2127 4531 2332 4601 ἐρίζειν
2362 4533 2677 4603 προθεμένη
2709 4533 2857 4604 ψυχή
2885 4551 2900 4568 '
2931 4537 3024 4588 καὶ
3057 4537 3193 4606 πρὸς
3223 4536 3290 4590 τὰ
3325 4537 3458 4606 δῆλα
3490 4539 3708 4593 ἐνίσταο

2127 4639 2239 4687 ται,
2269 4623 2364 4675 καὶ
2392 4627 2489 4692 τὴν
2523 4624 2783 4693 ἀλήθειαν
2810 4627 3191 4698 δυσχεραίνει,
3216 4631 3316 4682 οὐκ
3341 4629 3578 4684 ὀκνοῦσα
3607 4635 3707 4688 καὶ

2128 4716 2268 4766 κατὰ
2301 4715 2554 4782 μεγάλων
2578 4720 2842 4786 κρημνῶν
2868 4720 3154 4789 κυὸιστᾷν,
3189 4720 3252 4774 ἂν
3287 4723 3450 4790 μόνον
3481 4739 3534 4775 τι
3567 4723 3706 4794 δρᾷ-ν

2131 4806 2310 4872 olnt-at
2343 4808 2463 4860 κατ’
2489 4811 2739 4876 ἐκείνων,
2766 4810 2862 4875 οὓς
2891 4814 3028 4884 αὐτῇ
3065 4816 3412 4884 μαχομένους
3441 4818 3658 4888 ἡγεῖται
3685 4834 3702 4850 ·

2127 4894 2238 4961 οἶός
2265 4901 2384 4952 ἐστι
2413 4901 2508 4954 καὶ
2542 4902 2568 4952 ό
2601 4901 2792 4972 παρὼν
2828 4904 3010 4971 λόγος,
3042 4907 3122 4968 είς
3148 4906 3393 4976 τριοεῖαν
3423 4909 3708 4979 προδήλως

2129 4993 2414 5048 ἐκπίπτων
2439 4989 2520 5058 οἷς
2547 4997 2784 5052 ἐνταύθὰ
2813 5017 3001 5069 φησιν.
3037 5001 3095 5052 Ὀ
3127 5001 3184 5054 δὲ
3217 5002 3309 5054 καὶ
3339 5002 3468 5056 ἄνευ
3495 5004 3588 5056 τοῦ
3619 5008 3709 5056 ai-

2133 5081 2425 5151 σχύνεσοσιι
2479 5083 2689 5154 ἑτέροις
2746 5086 2807 5138 τὸ
2855 5089 2986 5140 ἴδιον
3031 5090 3283 5159 ἔγκλημα
3335 5093 3704 5162 ἐπιγράφεται

2133 5177 2338 5245 φέρων.
2372 5176 2480 5226 Καὶ
2507 5177 2554 5228 0i
2588 5179 2682 5246 μὲν
2719 5185 2846 5248 πρὶν
2886 5181 3186 5248 μαχόμενοι
3220 5181 3296 5250 τῷ
3320 5183 3596 5251 [Ινεὺματι
3630 5185 3709 5255 τῷ

2133 5270 2294 5338 ἁγίῳ,
2340 5270 2403 5320 ἐκ
2434 5269 2524 5321 τοῦ
2562 5271 2774 5340 Ματρὸς
2825 5273 2959 5324 αὐτὸ
2993 5273 3307 5340 ἀκούοντες,
3342 5277 3374 5346 ἢ
3427 5277 3521 5328 τοῦ
3553 5278 3708 5342 Υἰοῦ,

2133 5361 2191 5414 τὸ
2226 5362 2323 5429 μὲν
2353 5363 2415 5414 ἐκ
2446 5364 2543 5431 τῆς
2577 5363 2932 5427 ὑποστάσεως
2959 5366 3307 5439 όιπεδέχοντο,
3336 5370 3395 5421 τὸ
3432 5371 3488 5423 δὲ
3514 5371 3576 5422 ἐκ
3607 5370 3709 5442 τῆς

2135 5449 2350 5518 φύσεως
2384 5452 2585 5516 αὐτῶν,
2617 5451 2774 5505 τοῦτο
2810 5452 2865 5505 δὲ
2903 5456 3284 5524 ἀπηρνοῦντο⁸
3323 5458 3418 5511 νῦν
3450 5460 3505 5512 δὲ
3554 5461 3709 5512 πόλευ

2140 5562 2238 5613 μον
2289 5545 2476 5596 τοῦτον
2525 5545 2712 5616 ἕτερον
2754 5548 2903 5619 αὑτῴ
2935 5550 3253 5620 πολεμοῦσι,
3279 5553 3338 5605 τὸ
3375 5553 3474 5622 μὲν
3504 5555 3567 5605 ἐκ
3607 5553 3709 5618 τῆς

2135 5636 2320 5698 οὐσίας
2357 5637 2656 5707 δεχόμενοι,
2691 5640 3023 5711 ἀρνούμενοι
3058 5643 3112 5695 δὲ
3176 5645 3236 5696 τὸ
3287 5645 3350 5696 ὲκ
3392 5646 3490 5714 τῆς
3525 5645 3709 5697 αὐτῶν

2138 5727 2511 5790 ὑποστάσεως.
2547 5731 2736 5794 Οὐτως
2805 5734 3060 5787 οὐδέποτε
3111 5737 3382 5790 διαλείπει
3431 5736 3708 5790 σκάνδαλα

2138 5823 2164 5875 ὁ
2200 5819 2392 5888 ἐχθρὸς
2424 5825 2486 5890 τῇ
2533 5823 2830 5889 Ἐκκλησία
2885 5828 3145 5887 ἐγείρων·
3176 5829 3208 5882 ἃ
3242 5829 3455 5888 άιάγκη
3493 5830 3590 5883 ιιὲν
3619 5829 3708 5881 ia).-
