4124 6408
431 376 546 444 285

1415 382 1803 444 APOLOGIA
1846 382 2470 447 lNSCRIl’TIUNUllI
2513 387 2754 450 VECCI.

3607 393 3712 459 986

434 503 570 567 θεῖν,
605 503 728 557 οὐαὶ
772 501 830 557 δέ
875 501 1025 574 ὅμως
1059 505 1125 559 δι’
1172 500 1236 560 οῦ
1271 505 1524 576 ἔρχεταιι
1563 508 1760 562 Καίτοι
1791 508 2016 571 ἐκείνοις

2134 509 2358 578 quidem
2411 510 2561 566 dicta
2615 512 2887 580 quaedam,
2932 524 3054 580 quae
3093 526 3162 565 ex
3207 510 3412 568 divinis
3458 516 3713 581 personis

438 595 539 666 μέν
567 599 666 651 καί
688 614 770 660 τις
797 596 1014 668 ὑπῆρχε
1050 599 1182 662 ἴσως
1215 599 1542 670 συγγνώμη,
1579 600 1782 667 μᾶλλον
1803 599 1850 652 δ’
1879 601 2026 669 ἴχνος

434 689 792 758 συγγνώμης,
820 687 1011 759 ἔχουσί
1037 707 1159 744 τινα
1188 691 1455 760 προάγειν
1483 692 1565 756 είς
1601 693 1934 764 μαρτυρίαν,
1961 694 2022 745 ἐκ

437 781 538 848 μὲν
586 781 697 834 τῶν
749 781 916 837 θείων
968 784 1332 838 ὑποστάσεων
1361 784 1518 850 ὄντα,
1559 784 1635 856 μὴ
1693 784 1880 854 μέντοι
1922 785 2019 837 καὶ

435 871 534 939 τῆς
563 871 791 934 οὐσίας’
831 873 1044 938 τούτοις
1087 875 1143 927 δὲ
1187 876 1318 928 ποία
1370 876 1522 929 ἐσται
1562 876 1920 946 παραίτησις,
1956 879 2021 929 ἐκ

437 965 538 1033 μὲν
585 968 687 1034 τῆς
736 966 928 1026 οὐσίας
969 968 1348 1036 ὁμολογοῦσιν,
1381 970 1747 1041 ἀρνουμένοις
1779 969 1836 1022 δὲ
1865 971 1925 1023 τὺ
1957 972 2020 1023 ἐκ

432 1057 528 1124 τῆς
554 1057 911 1122 ὑποστάσεως
939 1057 1106 1123 εἶναι,
1131 1058 1206 1115 ὧν
1232 1063 1332 1131 τὴν
1354 1062 1526 1134 αὐτὴν
1550 1062 1805 1133 τάριθμῷ
1833 1063 2020 1116 οὐσίαν

435 1149 816 1214 συντίθενται;
865 1150 1057 1216 Οὕτως
1109 1153 1409 1224 ἀσύμϐατα
1447 1156 1543 1209 καὶ
1572 1155 1787 1218 ἑαυτοῖς
1823 1157 1915 1208 καὶ
1948 1158 2016 1226 τῇ

429 1241 664 1314 ἀληθείᾳ
693 1245 848 1312 φασξ.
1575 1237 1586 1249 ’

829 1359 944 1414 Τοῦ
982 1363 1215 1442 Βέκκου
1251 1365 1337 1430 εις
1379 1361 1497 1431 τὴν
1527 1362 1626 1427 ιβ’.

517 1449 736 1524 ἴΕπειδή
787 1455 895 1507 εἰσί
929 1472 1078 1520 τινες
1113 1445 1541 1524 ἀποτολμῶντες
1567 1457 1770 1526 λέγειν,
1797 1457 1858 1509 τὸ
1886 1459 2020 1512 ἀνα-

430 1545 672 1612 6λύζειν,
707 1549 804 1600 καὶ
834 1549 1109 1619 προϊέναι,
1162 1551 1257 1604 καὶ
1290 1551 1625 1622 ἐκλάμπειν,
1651 1552 1748 1605 καὶ
1775 1553 2018 1621 πεφηνέο

429 1657 518 1694 ναι
553 1639 619 1693 ἐκ
641 1639 737 1693 τοῦ
765 1641 898 1695 Υῑοῦ
931 1642 992 1694 τὸ
1025 1642 1273 1714 Πνεῦμα,
1307 1643 1383 1715 μὴ
1415 1643 1614 1715 δηλοῦν
1643 1644 1704 1697 τὸ
1739 1643 2021 1707 οὑσιωδῶς

431 1733 528 1788 καλ⁵
568 1732 956 1796 ἐνυποστάτως
995 1733 1266 1805 ὑπάρχειν
1300 1735 1433 1790 αὑτὸ
1464 1736 1526 1788 ἐκ
1566 1733 1660 1789 τοῦ
1692 1733 1848 1802 Υίοῦ,
1882 1733 2020 1788 ἀλλά

333 1867 340 1871 .
429 1821 528 1893 τὴν
559 1821 619 1886 ἐξ
657 1823 822 1877 αὑτοῦ
862 1825 971 1879 τῶν
1009 1826 1411 1896 Πνευματικῶν
1441 1826 1810 1898 χαρισμάτων
1841 1826 2019 1878 διανο·

433 1915 542 1986 μὴν
567 1917 646 1979 είς
673 1916 903 1987 ἔλεγχον
945 1919 1046 1985 τῆς
1079 1919 1340 1984 τοιαύτης
1375 1920 1562 1982 ἀνοίας
1594 1917 1932 1989 ἐξελέγησαν
1961 1918 2017 1972 αί

430 2008 707 2079 παροῦσαι
733 2013 1008 2081 γραφικαὶ
1033 2011 1246 2082 ῥήσεις,
1283 2011 1342 2066 at
1369 2011 1633 2084 δηλοῦσαι
1657 2011 2016 2075 ἀναϐλύζειν,

431 2101 525 2154 καὶ
549 2100 862 2172 ἐκλάμπειν
885 2105 980 2157 καὶ
1007 2104 1311 2174 πεῳηνέναι
1339 2103 1434 2158 τὸν
1485 2104 1617 2158 Υἱὺν
1650 2104 1719 2158 ἐκ
1751 2102 1970 2174 Πατρός
2001 2118 2018 2134 ο

429 2192 491 2246 οὑ
522 2195 631 2265 γὰρ
661 2194 726 2265 δή
775 2211 860 2256 τις
911 2195 1049 2265 ἐρεῖ,
1081 2195 1156 2258 ὡς
1193 2196 1290 2266 οὑχ
1319 2197 1348 2248 6
1386 2193 1510 2259 Υἱός
1552 2198 1700 2249 ἐστιν
1730 2197 1758 2249 6
1784 2193 2021 2248 ἀναϐλύ-

433 2285 544 2347 ζων
567 2288 661 2342 καὶ
694 2287 1015 2357 ἐκλάμπων,
1051 2288 1146 2342 καὶ
1177 2287 1438 2357 πεφηνὼς
1471 2291 1534 2340 ἐκ
1560 2288 1656 2340 τοῦ
1690 2287 1901 2357 Πατρός
1928 2287 2016 2339 οὑ-

432 2379 640 2444 σιωδῶς
671 2380 764 2433 καὶ
797 2380 1202 2447 ἐνυποστάτως,
1231 2381 1370 2434 ἀλλὰ
1403 2383 1470 2434 τά
1498 2379 1835 2452 χαρίσματα.

1003 2493 1115 2547 Τοῦ
1175 2491 1452 2563 Παλαμᾶ.

506 2583 580 2637 Τὸ
605 2584 880 2654 γεννητῶς
909 2585 973 2639 ἐκ
1006 2602 1174 2650 τινος,
1209 2586 1243 2656 ἢ
1274 2587 1624 2657 ἐλπορευτῶς
1652 2589 1752 2658 τὴν
1783 2587 2018 2658 ὕπαρξιν

435 2679 560 2747 ἔχον
596 2677 658 2742 ἐξ
695 2677 862 2730 αὑτοῦ
897 2677 994 2730 καὶ
1023 2679 1270 2748 προϊέναι
1312 2679 1534 2746 λέγεται
1581 2680 1676 2730 καὶ
1731 2676 2016 2744 ἐκπέμπε-

421 2771 558 2825 ’σθαι
587 2775 682 2823 καὶ
712 2770 1042 2841 ἐκλάμπειν,
1074 2771 1236 2843 εἴπερ
1268 2770 1386 2840 φῶς
1419 2773 1560 2830 ἐστι,
1591 2770 1685 2822 καὶ
1711 2769 1812 2821 ὅσα
1841 2785 2017 2838 παρα-

432 2863 638 2934 πλήσια
667 2863 900 2925 τούτοις.
933 2863 1008 2916 Οὐ
1057 2863 1164 2935 μὴν
1193 2864 1302 2916 πᾶν
1331 2862 1394 2916 τὸ
1422 2861 1636 2932 προϊὸν,
1668 2860 1700 2932 ἢ
1731 2860 2024 2930 ἐκπεμπό-’

436 2973 622 3028 μενον,
653 2955 689 3028 ἢ
721 2956 1008 3026 ἐκλάμπον
1038 2956 1101 3010 ἐκ
1157 2971 1327 3019 τινος,
1359 2956 1454 3009 καὶ
1485 2956 1543 3020 ἐξ
1573 2955 1784 3008 ἐκείνου
1822 2972 2016 3025 γεννη-

428 3049 561 3117 τῶς,
594 3049 626 3118 ἢ
660 3050 1010 3119 ἐκπορευτῶς
1047 3049 1144 3121 τὴν
1193 3048 1433 3120 ὓπαρξιν
1465 3047 1602 3119 ἔχει,
1653 3048 1746 3101 καὶ
1795 3050 1854 3101 ἐν
1907 3047 2014 3117 ίδίᾳ

433 3140 733 3194 ὑποστάσει
765 3139 935 3195 ἐστίν.
969 3139 1141 3204 Οὗτος
1172 3140 1228 3194 δέ
1264 3143 1292 3195 6
1322 3141 1422 3204 τὰς
1457 3140 1777 3210 ἐπιγραφὰς
1807 3138 2014 3200 ταύτας

2129 603 2389 664 habeant.
2421 619 2530 658 non
2569 613 2776 667 tamen,
2813 612 2870 658 et
2898 618 2966 658 ex
2997 603 3307 664 substantia
3357 605 3414 660 in
3458 607 3712 661 teStimo-

2123 695 2277 748 nium
2299 695 2576 749 adducere
2604 694 2936 762 valenti-bus,
2962 696 3104 750 forte
3130 695 3313 767 aliqua
3344 697 3503 752 venia
3528 687 3708 752 danda

2122 797 2261 854 erat,
2297 803 2392 842 seu
2423 789 2605 858 potius
2649 790 2940 860 vestigium
2984 792 3184 846 veniae.
3222 792 3292 846 At
3322 807 3456 847 vero
3488 794 3611 848 istis
3641 809 3708 848 ex

2124 882 2425 936 substantia
2454 883 2675 950 quidem
2707 898 2827 939 esse
2884 883 3342 949 concedentibus,
3365 901 3430 940 ex
3454 888 3707 957 personis

2124 985 2307 1028 autem
2337 977 2694 1044 negantibus,
2732 993 2968 1046 quarum
3014 979 3265 1033 eamdem
3312 995 3546 1034 numero
3578 981 3706 1035 sub-

2123 1066 2378 1119 s:antiam
2415 1067 2676 1132 fatentur,
2699 1084 2948 1136 quamam
2980 1071 3088 1124 erit
3121 1071 3448 1126 excusatio?
3476 1071 3552 1125 lta
3585 1080 3701 1124 tum
3757 1100 3770 1136 _~

2125 1173 2152 1211 a
2180 1173 2238 1212 se
2266 1159 2422 1227 ipsis,
2466 1170 2579 1212 tum
2631 1175 2659 1213 a
2695 1161 2925 1214 veritate
2953 1162 3251 1229 plurimum
3298 1163 3567 1218 dissident
3621 1173 3705 1218 ιιι-ι

2125 1265 2231 1319 que
2253 1250 2589 1305 discordant.

2598 1364 2748 1419 γε’τεί
2770 1369 2822 1420 in
2855 1368 3242 1424 duodecimam.

2195 1455 2464 1521 Quoniam
2502 1467 2634 1511 sunt
2683 1457 2960 1524 nonnulli,
2997 1459 3089 1528 qui
3139 1468 3347 1516 temere
3390 1461 3576 1517 dicere
3612 1479 3709 1518 au-

2122 1546 2311 1613 deant,
2366 1563 2624 1603 emanare
2660 1548 2928 1620 Spiritum
2958 1567 3023 1606 οι
3073 1550 3238 1617 Filio,
3275 1567 3339 1607 ac
3380 1547 3708 1624 procede-re,

2121 1648 2178 1694 ct
2204 1640 2447 1705 elucere,
2490 1651 2656 1710 atque
2687 1657 2813 1696 esse
2865 1658 2974 1696 non
3035 1644 3491 1712 substantialiter,
3521 1655 3576 1701 et
3607 1662 3707 1716 per

2125 1731 2350 1786 modum
2383 1732 2719 1788 subsistendi
2749 1735 2927 1804 ipsum
2959 1749 3082 1791 esse
3114 1751 3145 1790 a
3174 1736 3345 1804 Filio;
3369 1737 3466 1792 sed
3497 1738 3706 1808 abipso

2121 1823 2390 1878 donorum
2455 1823 2788 1894 spiritalium
2842 1825 3172 1883 divisionem
3245 1829 3576 1900 signiﬁcare.
3646 1828 3704 1884 tn

2122 1912 2557 1969 confutationem
2613 1915 2887 1984 ejusmodi
2957 1919 3214 1974 amentia;
3272 1919 3519 1975 collectae
3573 1932 3706 1975 sunt

2121 2015 2420 2075 praesentes
2438 2007 2641 2062 litteris
2667 2019 3005 2065 consecratae
3023 2012 3333 2079 sententia,
3354 2028 3477 2082 qua:
3502 2013 3704 2067 Filium

2121 2111 2187 2150 ex
2233 2097 2393 2152 Patre
2447 2112 2729 2162 emanare,
2774 2109 2830 2155 et
2879 2101 3124 2164 elucere,
3158 2112 3324 2171 atque
3374 2117 3498 2158 esse
3541 2104 3705 2173 plane

2120 2189 2442 2242 ostendunt.
2477 2189 2592 2242 Non
2617 2192 2763 2244 enim
2794 2199 2944 2245 certe
2987 2191 3131 2247 dicet
3161 2193 3362 2262 aliquis
3400 2193 3564 2259 dona,
3605 2197 3702 2249 sed

2122 2295 2231 2333 non
2263 2281 2458 2334 Filium
2492 2297 2633 2344 esse,
2667 2281 2758 2350 qui
2783 2281 3223 2336 substantialiter
3253 2298 3282 2336 a
3318 2283 3496 2347 Patre,
3517 2293 3571 2338 et
3603 2285 3704 2352 per

2121 2373 2340 2427 modum
2367 2373 2703 2428 subsistendi
2727 2374 3204 2438 emanet,eluceat
3245 2384 3409 2444 atque
3445 2376 3697 2430 exsistat.

2779 2487 3040 2540 Palamw.

2191 2579 2349 2646 Quod
2381 2595 2478 2650 per
2505 2579 2730 2635 modum
2772 2580 3166 2655 generationis,
3195 2595 3290 2635 seu
3335 2581 3702 2649 processionis

2120 2673 2189 2728 ab
2237 2674 2421 2743 aliquo
2466 2674 2702 2734 exsistit,
2747 2674 2814 2726 ab
2859 2687 2926 2725 eo
2989 2688 3208 2742 quoque
3259 2674 3588 2742 procedere,
3636 2688 3702 2727 ac

2121 2765 2287 2830 mitti,
2319 2776 2484 2836 atque
2515 2766 2736 2820 elucere
2767 2765 2992 2831 dicitur,
3025 2766 3474 2836 quandoquidem
3511 2766 3702 2820 lumen

2120 2867 2322 2923 exstat,
2357 2866 2413 2913 et
2455 2874 2794 2928 quascunque
2828 2858 2932 2913 alia
2980 2859 3064 2912 his
3109 2859 3334 2914 similia.
3365 2858 3484 2913 Non
3519 2868 3703 2914 tamen

2121 2952 2448 3024 omnequod
2492 2954 2764 3023 procedit,
2801 2969 2897 3008 seu
2943 2953 3205 3019 mittitur,
3250 2970 3346 3009 seu
3400 2955 3582 3009 elucet
3632 2955 3704 3009 ab

2122 3045 2330 3114 aliquo,
2375 3045 2442 3100 ab
2474 3045 2593 3114 ipso
2640 3061 2860 3115 quoque
2924 3062 3023 3116 per
3073 3044 3293 3100 modum
3335 3047 3708 3117 generationis

2122 3139 2206 3194 vel
2235 3137 2606 3209 processionis
2636 3148 2874 3198 constat.
2906 3149 3071 3208 atque
3113 3138 3166 3192 in
3213 3139 3432 3209 propria
3468 3154 3704 3209 persona

433 3233 896 3306 συγγραψάμενος
948 3234 1158 3306 τόλμαν
1209 3233 1435 3303 ἐγκαλεῖ
1488 3235 1600 3296 τοῖς
1635 3232 1881 3296 εὑσεὸῶς
1917 3234 2014 3285 καὶ

2122 3228 2356 3284 exsistit.
2395 3227 2499 3283 iste
2529 3237 2738 3294 autem,
2767 3229 2859 3298 qui
2903 3229 3002 3284 has
3034 3227 3420 3299 inscriptiones
3479 3244 3708 3299 compo-

428 3328 701 3400 νουνεχῶς
733 3325 997 3401 φρονοῦσι
1031 3327 1335 3398 τολμητίας
1363 3325 1440 3380 ὢν
1467 3327 1597 3396 περὶ
1624 3325 1685 3378 τὸ
1727 3323 2016 3377 δυσσεϐεῖν

430 3421 618 3486 αὑτός.

702 3650 708 3655 -
965 3611 978 3624 ’
1001 3619 1116 3676 Τοῦ
1172 3619 1447 3686 Νικαίας.

498 3718 636 3775 eae.
666 3717 761 3773 καὶ
784 3716 884 3788 τὴν
916 3714 1190 3784 ἀνάγκην,
1218 3712 1288 3768 δι’
1319 3713 1389 3784 ἢν
1415 3714 1512 3767 ἐπὶ
1549 3714 1649 3785 μὲν
1680 3713 1781 3784 τῆς
1810 3713 1876 3766 ἐκ
1906 3712 2017 3764 Πα-

429 3813 558 3883 τρός
592 3809 824 3880 προόδου
860 3807 993 3863 Υίοῦ
1022 3823 1082 3859 τε
1113 3806 1210 3862 καὶ
1258 3803 1582 3875 Πνεῦματος
1613 3804 1812 3858 ταυτὸν
1843 3801 2016 3856 ταῦτα

429 3905 656 3958 δύναται
687 3903 758 3958 τά
788 3903 1054 3969 ὀνόματα,
1079 3899 1139 3953 τό
1171 3915 1232 3953 τε
1276 3899 1558 3968 γεννητῶς
1591 3898 1623 3968 ἦ
1657 3894 2017 3964 ἐκπορευτῶς

432 3998 706 4068 προϊέναι,
739 3998 834 4050 καὶ
861 3995 923 4048 τὸ
950 3993 1305 4058 ἀναδλύζειν,
1328 3993 1363 4062 ἢ
1395 3991 1671 4060 πηγάζειν
1701 3992 1797 4045 καὶ
1819 3988 2013 4042 τᾶλλαο

429 4090 525 4144 ἐπὶ
551 4090 610 4143 δέ
635 4089 739 4159 τῆς
789 4089 854 4141 ἐκ
885 4086 981 4140 τοῦ
1021 4084 1150 4140 Υίοῦ
1181 4084 1277 4140 τοῦ
1314 4084 1638 4153 Πνεύματος
1673 4079 2018 4152 προαγωγῆς

429 4185 490 4237 οὐ
521 4184 720 4236 ταυτὸν
749 4181 812 4234 τὸ
837 4179 1111 4250 πηγάζειν
1142 4179 1236 4231 καὶ
1269 4177 1440 4232 τᾶλλα
1469 4173 1550 4246 τῷ
1581 4171 2013 4244 ἐκπορεύεσθαι.

430 4280 502 4331 Ἤ
534 4275 682 4331 διατί
705 4275 768 4328 τὸ
797 4274 898 4344 μὲν
921 4271 1362 4344 ἐκπορευόμενον
1389 4269 1488 4322 καὶ
1511 4266 1775 4337 πηγάζει,
1801 4267 1864 4319 οὺ
1893 4263 2019 4333 μένα

429 4389 514 4424 τοι
544 4370 642 4422 καὶ
669 4367 731 4421 τὸ
762 4367 1034 4421 ἀνάπαλιν
1060 4383 1075 4433 ;
1135 4364 1300 4419 Ἀλλὰ
1335 4363 1413 4435 μὴ
1446 4361 1620 4426 οὕτως
1649 4361 1840 4423 ἀτελῶς
1874 4377 2016 4428 συμ-

431 4464 659 4532 πέραινε
689 4463 853 4532 χάριν
883 4461 1010 4523 τοὺς
1045 4457 1438 4532 ἀκροωμένους
1470 4455 1663 4510 αίτῶν.
1694 4456 1757 4508 Ei
1779 4454 1823 4508 δ’
1848 4453 2014 4516 αὑτὸς

2122 3322 2252 3387 suit,
2295 3336 2390 3376 eos
2421 3321 2514 3392 qui
2564 3323 2651 3392 pie
2690 3321 3106 3392 prudenterque
3137 3323 3426 3388 sentiunt,
3460 3323 3706 3378 audaciae

2123 3425 2290 3485 atque
2333 3414 2656 3470 temeritatis
2719 3423 2962 3480 accusat,
2999 3430 3122 3470 cum
3159 3416 3272 3486 ipse
3315 3417 3387 3471 sit
3426 3416 3604 3472 audax
3637 3415 3710 3471 ad-

2122 3509 2486 3580 impietatem.

2800 3623 3028 3680 Nirami.

2190 3720 2591 3776 Necessitatem
2626 3734 2846 3789 quoque
2879 3720 3078 3774 atl'eras
3102 3758 3116 3783 ,
3151 3733 3378 3788 propter
3435 3736 3600 3790 quam
3649 3722 3706 3776 in

2121 3811 2245 3867 Filii
2286 3822 2342 3866 et
2401 3811 2641 3880 Spiritus
2689 3827 2755 3865 ex
2802 3811 2964 3865 Patre
3018 3825 3277 3880 processu
3327 3811 3429 3864 ista
3482 3814 3717 3868 nomina-

2122 3923 2223 3977 per
2245 3905 2465 3960 modum
2483 3905 2857 3976 generationis
2875 3915 2970 3959 seu
2998 3903 3363 3973 processionis
3380 3906 3701 3974 procedere.

2121 4011 2177 4055 et
2199 4014 2484 4064 emanare,
2519 3999 2604 4053 vel
2641 3998 3264 4065 scaturire,caeteraque
3296 3996 3442 4052 idem
3470 3997 3615 4053 inter
3646 4013 3718 4055 se‘

2122 4093 2337 4156 valent;
2395 4091 2451 4146 in
2497 4089 2868 4162 productione
2916 4097 3100 4142 autem
3142 4088 3387 4157 Spiritus
3436 4106 3502 4144 ex
3562 4089 3705 4146 Filio

2122 4181 2400 4249 emanare,
2433 4193 2489 4238 et
2527 4183 2579 4237 id
2610 4196 2781 4254 genus
2824 4181 3054 4251 reliqua,
3088 4195 3198 4234 non
3253 4181 3395 4235 idem
3427 4193 3557 4237 sunt
3579 4198 3704 4237 eum

2123 4277 2447 4348 procedere.
2485 4276 2580 4332 Vel
2612 4289 2857 4346 exponas
2889 4274 3158 4328 rationem
3206 4289 3305 4328 cur
3335 4276 3480 4342 quod
3511 4289 3720 4344 proce-r

2123 4371 2224 4437 dit,
2247 4371 2415 4426 etiam
2437 4378 2680 4435 emanat,
2698 4383 2808 4422 non
2839 4376 3021 4422 tamen
3054 4375 3108 4422 et
3131 4367 3355 4422 contra?
3376 4365 3494 4422 Non
3521 4378 3705 4423 autem

2125 4465 2199 4520 ita
2248 4463 2577 4535 simpliciter
2629 4461 2966 4526 concludas,
3018 4459 3166 4531 quod
3208 4460 3552 4532 probandum
3597 4472 3702 4527 est,

428 4558 558 4612 ἄνευ
586 4554 916 4621 ἀποδείξεως
939 4553 1115 4622 λέγων
1140 4552 1243 4605 οῐει
1274 4567 1325 4604 τι
1347 4551 1602 4620 γενναῖον
1632 4551 1831 4612 ποιεῖν,
1860 4546 2016 4616 ἐροῦ-

2122 4559 2296 4630 gratis
2340 4557 2409 4612 ab
2449 4555 2798 4610 auditoribus
2845 4553 2947 4609 tibi
2985 4554 3217 4608 concedi
3258 4553 3567 4622 postulans.
3609 4553 3707 4610 Sin

431 4665 534 4717 μεν
569 4647 665 4700 καὶ
705 4648 870 4716 ἡμεῖς
901 4643 1091 4707 ἁπλῶς
1120 4641 1315 4705 οὑτως,
1361 4636 1436 4694 ὧν
1479 4641 1544 4694 σὺ
1579 4639 1683 4711 φῂς
1715 4640 1976 4694 τάναντία
1997 4655 2012 4668 ο

430 4743 526 4795 καὶ
558 4743 693 4804 ἴσως
732 4735 1219 4808 πιστευθησόμεθα
1257 4734 1485 4805 μᾶλλον,
1516 4733 1752 4788 καθόσον
1780 4731 2016 4803 ἐροῦμεν

427 4837 524 4889 καὶ
575 4832 808 4904 βὲλτιον.
865 4829 994 4884 Ἐπὶ
1043 4829 1144 4898 μὲν
1197 4829 1307 4899 γὰρ
1341 4827 1452 4880 τῶν
1507 4826 1824 4896 κτισμάτων
1885 4826 2017 4888 ἴσως

427 4928 578 4980 τοῦθ’
607 4925 996 4997 εὑρεθήσεται,
1024 4925 1084 4974 τὸ
1116 4923 1475 4992 πεμπόμενον
1510 4919 1574 4971 ἐκ
1619 4935 1786 4983 τινος,
1816 4919 1850 4988 ἢ
1883 4933 2019 4987 προ-

426 5025 530 5085 ῖόν,
561 5021 596 5090 ἢ
643 5019 916 5086 πηγάζον,
951 5016 984 5086 ἢ
1025 5013 1356 5079 ἀναδλὺζον,
1403 5012 1480 5084 μὴ
1537 5011 1596 5077 ἐξ
1649 5010 1860 5065 ἐκείνου
1915 5013 2016 5078 τὴν

430 5113 672 5185 ὓπαρξιν
713 5111 857 5182 ἔχειν
879 5128 891 5141 ·
921 5107 1007 5178 ἐφ’
1055 5104 1130 5162 ὧν
1159 5107 1290 5161 ἄλλο
1326 5107 1446 5158 ἐστὶ
1482 5105 1721 5178 πρᾶγμα
1755 5103 1817 5156 τὸ
1850 5100 2014 5170 εἶναι,

427 5209 525 5259 καὶ
553 5207 614 5258 τὸ
642 5202 964 5274 πέμπεσθαι
1003 5201 1216 5272 ἕτερον.
1254 5199 1449 5252 Καίτοι
1490 5214 1554 5268 γε
1611 5196 1734 5250 οὑδέ
1768 5196 1858 5249 διὰ
1886 5197 2020 5249 πάν-

427 5317 536 5352 των
565 5298 873 5368 ἐφαρμόζει
909 5294 1068 5348 τοῦτο
1099 5292 1208 5346 τῶν
1238 5291 1548 5362 ὀνομάτων.
1575 5289 1650 5342 Τὸ
1684 5291 1795 5358 γάρ
1827 5288 1890 5341 ἔκ
1917 5305 2013 5340 του

428 5393 700 5464 πηγάζον,
725 5391 758 5461 ἢ
786 5387 1116 5453 ἀναϐλύζον,
1149 5386 1227 5456 μὴ
1254 5390 1349 5438 καὶ
1377 5385 1436 5450 ἐξ
1467 5383 1680 5436 ἐκείνου
1719 5382 2012 5451 ὑπάρχειν,

426 5491 526 5540 οὐκ
555 5485 653 5540 οἷδ’
682 5487 830 5547 ὅπως
864 5485 929 5536 ἂν
957 5483 1234 5551 εἴποιμεν.
1274 5480 1400 5532 Ἐπὶ
1433 5477 1490 5531 δέ
1527 5477 1630 5547 τῆς
1665 5476 1818 5538 θείας
1851 5475 2016 5546 Τριά-

424 5583 513 5644 se;
539 5580 620 5641 τίς
655 5583 681 5632 6
710 5580 888 5645 λόγος,
911 5577 974 5630 τὸ
1016 5577 1113 5648 μὲν
1145 5575 1270 5643 ἔχον
1297 5573 1359 5626 ἐκ
1385 5589 1530 5634 τινος
1556 5572 1614 5622 τὸ
1646 5567 1790 5622 εἶναι
1828 5574 1923 5621 καὶ
1956 5567 2017 5631 ἐξ

425 5674 638 5726 ἐκείνου
671 5671 964 5740 πηγάζειν,
1013 5669 1073 5720 τὸ
1107 5669 1162 5720 δὲ
1199 5664 1452 5735 πηγάζον
1495 5664 1572 5734 μὴ
1604 5666 1700 5718 καὶ
1726 5665 1789 5715 ἐκ
1820 5663 2012 5715 τούτου

423 5767 729 5838 ὑπάρχειν;
785 5767 868 5834 ἐφ’
914 5759 980 5833 ἧς
1021 5766 1082 5815 τὸ
1118 5761 1390 5828 πηγάζειν
1440 5760 1538 5826 καὶ
1597 5757 1871 5826 προϊέναι,
1917 5755 2013 5807 καὶ

417 5858 850 5930 ἐκπορεύεσθαι,
881 5857 962 5909 ἔτι
1006 5855 1062 5909 δὲ
1103 5858 1196 5909 καὶ
1233 5854 1294 5907 τὺ
1332 5850 1651 5920 πέμπεσθαι
1684 5847 1742 5900 ἓν
1773 5847 2008 5917 πρᾶγμα

2122 4659 2307 4702 autem
2341 4657 2394 4701 tu
2436 4645 2575 4701 nihil
2601 4645 2910 4717 probando.
2942 4652 3156 4698 tantum
3187 4643 3455 4710 dicendo,
3482 4644 3708 4714 praecla-

2124 4753 2246 4793 rum
2280 4737 2488 4808 aliquid
2517 4737 2698 4792 facere
2729 4744 2782 4791 te
2810 4735 3113 4797 existimas,
3140 4734 3392 4790 dicemus
3410 4736 3576 4789 etiam
3605 4749 3709 4790 nos
3786 4801 3790 4808 ι

2125 4829 2198 4883 ita
2234 4829 2558 4901 simpliciter
2601 4843 2793 4884 eorum
2844 4827 3122 4884 contraria
3154 4868 3168 4892 ,
3228 4841 3350 4898 quae
3379 4835 3438 4881 tu
3487 4827 3709 4882 asseris.

2122 4921 2286 4978 Forte
2340 4923 2506 4976 etiam
2553 4921 2821 4990 majorem
2880 4920 3043 4976 nobis
3107 4920 3450 4990 praestabunt
3508 4920 3708 4984 tidem,
3768 4915 3777 4946 ‘

2121 5025 2398 5084 quatenus
2436 5015 2682 5068 dicemus
2727 5022 2782 5068 et
2821 5013 3040 5067 melius.
3077 5010 3290 5065 Etenim
3341 5011 3395 5066 in
3439 5010 3710 5067 creaturis

2123 5108 2176 5162 id
2220 5109 2406 5162 forsan
2453 5107 2785 5169 invenietur,
2823 5105 2972 5175 quod
3005 5105 3073 5159 ab
3100 5103 3285 5174 aliquo
3322 5103 3580 5168 mittitur,
3625 5101 3711 5156 vel

2121 5201 2397 5272 procedit,
2429 5200 2516 5256 vel
2548 5207 2791 5264 emanat,
2845 5213 2940 5252 seu
2991 5197 3256 5264 scaturit,
3292 5202 3351 5250 ut
3381 5209 3490 5249 non
3543 5194 3710 5250 etiam

2119 5294 2192 5347 ab
2246 5293 2368 5362 ipso
2397 5291 2775 5348 cxsistentiam
2824 5289 3057 5354 habeat;
3093 5287 3150 5342 in
3198 5287 3402 5358 quibus
3427 5285 3578 5339 aliud
3625 5291 3711 5338 est

2120 5401 2266 5450 esse,
2296 5393 2352 5439 et
2384 5383 2531 5437 aliud
2566 5381 2732 5436 mitti.
2775 5382 3104 5449 Quanquam
3140 5377 3304 5432 etiam
3357 5389 3534 5444 neque
3579 5373 3713 5442 ipsis

2123 5479 2292 5532 rebus
2323 5474 2523 5530 creatis
2552 5476 2830 5534 universe.
2863 5480 3028 5540 atque
3067 5484 3165 5539 per
3201 5465 3387 5521 omnia
3433 5463 3488 5517 id
3525 5464 3713 5516 nomi-

2122 5585 2256 5622 num
2285 5565 2558 5635 congruit.
2605 5564 2758 5630 Quod
2785 5563 2932 5616 enim
2962 5577 3027 5616 ex
3060 5560 3244 5628 aliquo
3279 5562 3521 5642 emanat,
3545 5565 3712 5623 atque

2123 5663 2304 5715 instar
2366 5659 2534 5714 fontis
2589 5666 2786 5721 scatet,
2821 5665 2882 5709 ut
2930 5669 3043 5708 non
3097 5652 3267 5707 etiam
3332 5649 3400 5704 ab
3449 5650 3569 5718 ipso
3615 5647 3714 5713 sit,

2123 5755 2309 5808 nescio
2347 5750 2628 5822 quomodo
2671 5748 2927 5802 dixerim.
2971 5747 3040 5799 At
3068 5758 3198 5799 vero
3254 5743 3311 5797 in
3361 5741 3711 5796 sanctissima

2122 5846 2415 5917 Trinitatc,
2451 5845 2542 5900 ubi
2574 5842 2867 5909 scaturire,
2909 5849 2961 5896 et
2991 5837 3290 5914 proﬁcisci,
3315 5839 3479 5922 atque
3512 5847 3713 5908 prece:
