4124 6430
385 386 492 452 287
1351 373 1780 438 BESSMUON
1797 374 1808 430 I
1825 372 1867 431 S
1919 374 1978 430 S.

2130 372 2196 431 E.
2230 364 2700 428 CARDINALIS
3559 355 3688 426 288.

387 500 546 566 dere,
570 499 750 554 adhuc
777 508 962 557 autem
991 510 1044 556 ct
1074 499 1216 555 mitti
1264 511 1430 551 unam
1474 508 1592 548 rem
1642 490 1976 562 signiﬁcant,

388 593 512 619 ιαμ..
544 591 867 619 ...ιη-,ιιληηη
903 593 1114 619 -.ιιζημιι
1154 588 1408 619 ,μακιμηιιι
1434 603 1447 616 ο
1516 599 1635 619 num
1691 583 1830 619 r-nin
1887 588 1971 619 “ut

2114 487 2384 555 ημιίνειζ
2424 486 2470 537 εἰ
2520 478 2617 538 κά).
2665 482 2840 538 ἐνίοτε
2892 480 3142 549 διαφέρει
3170 477 3251 547 τῷ
3282 476 3447 546 λόγῳ.
3505 476 3674 528 Ὥστε

2114 578 2200 619 ,ἠδ’
2238 575 2396 619 ῆῦτῦέ
2422 579 2450 619 ὁ
2475 576 2635 619 λόγος
2671 574 2853 619 καλῶς
2899 575 3140 619 aformal-
3164 570 3288 619 οὑδέ
3323 585 3490 619 conatu
3519 567 3674 619 οὐδὲν

388 593 518 648 hcet
541 591 869 660 quandoque
903 593 1114 645 ratione
1153 588 1450 652 dtﬂ‘erant;
1516 599 1636 653 qua:
1691 583 1830 636 ratio
1887 588 1972 634 est

2114 578 2200 630 ιὺδ⁹
2238 575 2396 640 οὗτος
2422 579 2450 630 ὁ
2475 576 2635 644 λόγος
2671 574 2854 637 καλῶς
2899 575 3140 644 εἴρηται,
3164 571 3288 623 οὐδὲ
3323 585 3490 640 φησιν
3519 571 3678 620 οὐδὲν

2450 668 2561 688 -.τίει
2612 668 2759 688 sua,
2827 665 3134 688 2.--_\_.'.n_.-
3181 664 3291 688 _-'.'-
3329 660 3579 688 L2-\..-2-
3613 677 3675 688 ...-

390 695 451 738 ut
481 683 626 752 quod
651 684 718 736 ab
749 683 936 752 aliquo
977 683 1140 738 habet
1184 694 1324 743 esse,
1359 679 1428 732 ab
1462 692 1529 730 eo
1574 689 1794 776 quoque
1853 689 1978 740 pro-

2114 671 2387 737 μναγκαῖον
2444 668 2566 720 οὐδὲ
2609 668 2785 735 ὑγιὲς,
2822 665 3134 726 ἀκολούθως
3179 664 3292 725 τοῖς
3327 660 3579 728 ἀδελφοῖς
3613 677 3677 711 τε

2163 761 2176 776 ι
2265 760 2322 776 Λα
2350 775 2361 776 γ
2591 760 2602 776 ὶ
2875 758 2898 769 ⁸⁵
2936 775 2941 776 ,
2976 760 3029 776 l,
3080 758 3187 776 ,-!-
3220 756 3278 776 __I_
3343 758 3466 776 ,-__.-
3497 755 3668 776 1,_._.."

391 775 540 839 fuit“,
582 773 726 842 quod
756 781 942 827 autem
981 772 1225 842 proﬂuit,
1280 787 1388 825 non
1437 756 1704 826 etiainah
1759 781 1826 820 eo
1884 780 1977 817 ex-

2114 761 2185 813 :al.
2222 760 2484 830 φθάσασι,
2518 760 2613 814 καὶ
2644 758 2943 829 μαρτυρῶν
2972 758 3188 820 ἑαυτοῖς
3216 756 3314 826 τὴν
3343 758 3466 825 ἴσην
3492 756 3679 823 ἑαυτῷ

389 865 588 922 S'stat?
628 863 766 934 Ergo
811 880 991 933 neque
1022 867 1122 919 ista
1168 864 1308 918 ratio
1354 871 1556 917 rectea
1588 869 1639 914 te
1685 858 1829 912 dicta
1859 863 1978 921 est,

2114 853 2346 907 ιθένειάν
2384 870 2444 906 τε
2483 853 2576 906 καὶ
2607 852 2909 905 οὺοένειαν.

2114 949 2322 970 η-..-2---..
2400 947 2550 970 ..ΝΑ-ι
2636 946 2902 970 λ’ἒ.υ.2-....ι
2948 945 3047 970 ..τικζ
3092 944 3363 970 ι-Αμ-ΑΑ-.ξιιι
3428 952 3475 970 ΑΙ
3527 953 3612 970 ιι.-.

392 973 571 1022 neque
603 957 809 1028 aliquid
829 956 976 1026 quod
1008 972 1201 1012 sanum
1237 967 1401 1024 atque
1433 954 1670 1010 solidum
1709 953 1800 1012 sit.
1829 951 1914 1004 vel
1951 949 2326 1005 necessarium
2394 946 2904 1049 aﬂert.ml§itniruitt
2947 946 3050 998 sibi
3075 946 3402 1049 .germanis,
3427 952 3482 1049 et
3526 953 3681 996 aute-

390 1051 716 1106 cedentihus
743 1052 1052 1104 rationibus
1076 1051 1396 1120 respondet,
1418 1057 1472 1102 et
1497 1047 1762 1116 aequalem
1793 1044 1918 1104 illis,
1943 1052 2105 1112 atque
2127 1042 2232 1098 sibi
2264 1043 2366 1110 ipsi
2393 1041 2825 1095 imbecillitatem
2867 1054 2929 1094 ac
2965 1042 3259 1092 vanitatem
3307 1046 3555 1091 testatur.

477 1179 508 1190 ι..
527 1181 1138 1191 ---—————-——-——
1166 1178 2011 1207 —————_—_-M—_———————l——-

477 1197 1494 1209 Μ

2708 1174 3646 1184 ————————.—.—_—.—-——————-—‘.‘-

2114 1176 2699 1186 Μ
3631 1192 3645 1201 ,

2114 1193 2468 1204 ____..__———.
2475 1191 2688 1202 -ι--ο-
2695 1190 3340 1202 ’ῷ--σ-α--υ

455 1179 508 1190 με..
527 1181 1138 1191 ---—————-——-——
1166 1180 1630 1202 Ἴ

453 1195 1493 1202 ν-ψψ

579 1181 861 1191 ψ

1637 1181 1918 1189 ————————

3665 1249 3684 1279 ι

3683 1287 3694 1302 κ

1856 1291 2148 1354 MONITU
2159 1291 2234 1351 Μ.
2289 1353 2292 1356 .

470 1427 762 1485 Bessarion
801 1430 1132 1494 cardinalis,
1190 1431 1325 1486 visis
1377 1430 1830 1501 inscriptionibus
1872 1431 2199 1500 patriarchae
2230 1430 2392 1486 Vecci
2446 1436 2501 1485 ct
2551 1430 2897 1503 incptissima
2927 1444 3117 1486 contra
3158 1445 3254 1484 eas
3293 1426 3683 1483 confutatione

395 1520 650 1589 Gregorii
694 1523 946 1587 Palamze,
979 1525 1140 1579 aliam
1186 1525 1302 1594 ipse
1337 1525 1774 1580 conl'utationem
1801 1523 2066 1580 adversus
2107 1524 2383 1578 Palamam
2433 1526 2636 1581 tuendo
2669 1526 2904 1581 Veccum
2955 1526 3144 1580 Graece
3180 1522 3513 1592 composuit.
3544 1521 3684 1587 Qua:

401 1618 609 1683 omnia,
647 1630 707 1673 ut
741 1621 1033 1676 manifesta
1060 1623 1257 1677 tierent
1286 1622 1487 1689 doctis,
1521 1622 1756 1693 ipsemet
1788 1621 1983 1675 Latina
2019 1621 2282 1677 reddidit.
2339 1621 2658 1677 Orationem
2689 1638 2910 1692 quoque
2936 1621 3201 1684 Grtccam,
3239 1631 3403 1719 quam
3454 1615 3686 1719 miserat

405 1709 625 1765 Lascari
656 1709 1116 1783 Philantltropino
1149 1713 1343 1770 Latine
1375 1715 1562 1769 vertit.
1593 1713 1893 1784 Epistolam
1921 1714 2050 1768 item
2094 1714 2562 1777 exhortatoriam,
2602 1726 2820 1770 creatus
2847 1715 2958 1784 jam
3012 1709 3326 1782 patriarcha
3357 1709 3684 1814 gemmanti-

409 1802 760 1868 nopolitanus
784 1803 972 1859 Grmce
1001 1808 1259 1876 scriptam
1288 1806 1355 1860 ad
1375 1822 1568 1861 omnes
1594 1805 1815 1861 Graecos
1839 1807 1893 1860 in
1920 1805 2175 1859 Latinum
2211 1807 2512 1862 transtulit.
2538 1807 2670 1873 Quae
2709 1807 2902 1862 Latina
2926 1805 3107 1860 versio
3135 1819 3261 1858 cum
3300 1802 3684 1905 nlinimeonota

410 1902 560 1949 esset
595 1896 754 1950 Petro
784 1898 1043 1960 Arcudio,
1083 1898 1197 1967 ipse
1229 1914 1446 1968 quoque
1487 1897 1680 1954 eadem
1711 1897 1899 1954 Graeca
1926 1897 2271 1953 Bessarionis
2305 1897 2497 1953 Latina
2551 1899 2696 1954 fecit.
2729 1899 2793 1952 Et
2818 1901 3078 1970 quoniam
3109 1897 3300 1951 Latina
3329 1894 3685 1950 Bessarionis

413 1989 547 2043 vitio
593 1991 944 2046 ainanuensis
983 1993 1173 2048 multis
1251 1993 1470 2048 mendis
1520 2001 1754 2056 scatent,
1793 2001 1851 2044 ut
1909 1989 2104 2047 videre.
2141 2001 2225 2045 est
2289 1992 2345 2046 in
2400 1992 2738 2060 bibliotheca
2796 1994 3062 2049 Vaticana
3088 2033 3103 2057 ,
3141 1992 3419 2048 Arcudius
3454 2005 3584 2044 vero
3613 1989 3684 2042 ad

411 2087 677 2155 majorem
703 2087 1010 2142 claritatem
1037 2090 1193 2158 quasi
1222 2090 1490 2144 vcrhatim
1537 2105 1604 2144 ea
1645 2090 1962 2152 convertit;
1998 2089 2218 2157 quidam
2266 2099 2500 2159 utraque
2548 2091 2690 2162 typis
2721 2107 2839 2146 esse
2870 2091 3120 2146 cndeuda
3167 2099 3527 2144 censuerunt.
3563 2085 3685 2144 Hoc

411 2180 598 2246 itaque
624 2194 733 2233 non
767 2188 816 2234 te
842 2180 1029 2245 lateat,
1067 2184 1298 2251 benigne
1327 2183 1543 2238 Lector.

1600 2361 2522 2511 BESSARIONIS

778 2613 1311 2674 DEFENSIONES
1355 2612 1587 2674 RECTI
1636 2612 2233 2688 CATUOLICIQUE
2284 2618 2697 2683 DOGMATIS
2756 2613 3269 2694 LATINORUM,

1925 2734 2257 2781 VIDELICET

415 2845 522 2904 DE
571 2844 1101 2906 PROCESSIONE
1153 2845 1509 2908 SPIRITUS
1550 2848 1831 2910 SANCTI
1879 2849 2192 2911 CONTRA
2245 2852 2743 2919 HIERETICUM
2795 2859 3025 2920 ILLUD
3093 2825 3710 2924 IMI’UGNANTEH

1371 2969 1630 3027 ΕΒᾹΞΕΕ
1670 2974 2084 3041 LATINEQUE
2116 2978 2256 3033 PER
2289 2981 2444 3037 (CUM
2474 2985 2732 3042 l'JDlT/E.

492 3108 620 3160 pus,
658 3104 951 3159 concilium
982 3104 1372 3174 ιλιηόίιυηεεηεθν
1395 3120 1644 3178 tempore
1671 3112 1922 3183 Gregorii
1951 3115 1997 3169 χ
2030 3121 2072 3180 Β
2103 3111 2256 3150 suam
2315 3097 2675 3156 intentionem
2725 3103 3034 3173 declarans,
3067 3116 3122 3162 et
3165 3111 3553 3164 auctoritatum
3607 3112 3695 3166 ina

417 3199 758 3254 celebratnm
787 3236 802 3260 ,
836 3197 888 3248 in
921 3211 1030 3266 quo
1063 3215 1159 3266 per
1187 3215 1316 3253 suos
1354 3209 1606 3258 oratores
1645 3205 1820 3262 Graeci
1857 3209 1999 3263 uniti

416 3294 647 3346 fuerunt
679 3289 937 3344 Ecclesiae
969 3289 1268 3347 Romanae:
1307 3291 1689 3366 Spiritumque
1745 3310 2000 3355 sanctum

413 3401 484 3439 ex
516 3382 675 3438 Patre
724 3393 782 3438 et
816 3382 954 3436 Filio
1005 3385 1304 3451 procedere
1355 3386 1590 3456 professi
1631 3401 1790 3458 sunt,
1819 3402 2003 3461 prout

419 3477 664 3532 Ecclesia
699 3475 968 3531 catholica
998 3477 1174 3531 credit
1200 3487 1255 3532 et
1277 3480 1566 3548 proﬁtetur
1607 3499 1621 3536 :
1653 3485 1874 3553 quidam
1902 3502 2000 3556 pa—

421 3569 665 3622 triarcha
698 3567 1340 3638 Constantinopolitanus
1369 3574 1590 3627 nomine
1623 3573 2003 3640 Veccus,huic

419 3661 642 3715 veritati
663 3658 948 3714 adhaerens
966 3659 1032 3714 ad
1055 3660 1518 3731 impugnationem
1538 3664 2004 3733 adversariorum,

419 3763 658 3822 quorum
691 3751 876 3806 adhuc
902 3766 1133 3822 magnus
1164 3753 1411 3810 exstabat
1438 3770 1723 3822 numerus,
1757 3762 2004 3814 omnium

423 3848 740 3902 Graecorum
797 3847 1089 3902 doctorum
1127 3846 1407 3902 volumina
1458 3864 1653 3921 magno
1701 3852 1884 3906 studio
1925 3869 2008 3909 re-

421 3940 676 4004 volvens,
705 3948 935 3994 cunctas
972 3954 1162 3994 eorum
1191 3940 1552 3997 auctoritates
1595 3942 1664 3996 ad
1708 3943 1851 3999 hanc
1889 3961 2004 3999 rem

418 4030 690 4087 facientes
739 4033 793 4085 in
851 4047 1020 4086 unum
1060 4031 1299 4102 collegit,
1339 4040 1397 4087 et
1451 4033 1728 4104 aliquibus
1757 4051 2004 4106 pereunt

422 4124 600 4178 Iitulis
628 4124 955 4194 prmpositis,
987 4135 1151 4193 prout
1209 4141 1276 4180 ex
1317 4125 1580 4181 continua
1625 4130 2004 4193 contentione,

419 4232 546 4285 quae
583 4225 713 4270 tunc
747 4217 909 4272 [iebat
932 4258 944 4280 ,
977 4218 1270 4272 videbatur
1325 4221 1691 4273 necessarium
1724 4237 1867 4283 esse,
1924 4232 2010 4276 tit-

423 4319 557 4379 puta
597 4308 743 4378 quod
773 4308 1015 4380 Spiritus
1047 4320 1270 4365 sanctus
1301 4311 1373 4366 sit
1425 4327 1491 4366 ex
1533 4314 1697 4368 Patre
1737 4323 1793 4368 et
1824 4315 1962 4370 Filio
1992 4335 2019 4372 :-

425 4402 660 4471 quodex
680 4402 833 4456 Patre
857 4419 951 4472 per
976 4402 1200 4467 Filium,
1219 4404 1365 4472 quod
1395 4404 1713 4461 immediate
1740 4421 1805 4460 ex
1825 4409 2006 4473 Patre,

423 4503 483 4547 et
539 4495 620 4547 sic
695 4495 764 4548 de
829 4496 1126 4549 similibus.
1190 4495 1498 4566 Unicuique
1558 4498 1756 4553 horum
1821 4501 2081 4578 titulo-(3

429 4601 553 4637 runt
612 4585 791 4638 varias
867 4587 1210 4640 diversorum
1287 4589 1572 4643 doctorum
1655 4595 2012 4649 auctoritates

431 4675 709 4745 adaptavit
739 4693 752 4740 ;
785 4678 1027 4745 probans
1077 4694 1176 4746 per
1204 4695 1296 4734 eas
1323 4681 1469 4749 quod
1512 4683 1619 4736 sibi
1669 4685 2011 4754 propositum

429 4775 550 4819 erat
578 4783 591 4818 :
619 4767 770 4821 verbi
799 4769 994 4836 gratia,
1029 4769 1082 4822 in
1105 4769 1284 4838 primo
1313 4772 1552 4841 capitulo
1578 4774 1802 4831 adducit
1824 4789 2014 4832 aucto«

436 4855 645 4917 ritites,
684 4856 882 4923 quibus
925 4857 1190 4925 probatur
1235 4857 1506 4929 Spiritum
1572 4874 1822 4919 sanctum
1891 4883 2012 4924 esse

426 4945 602 4998 etiam
636 4960 701 4998 ex
731 4943 908 5010 Filio;
935 4948 1069 5001 alias
1087 4949 1286 5003 deinde
1307 4955 1604 5020 probantes
1628 4970 1692 5011 ex
1713 4957 1870 5012 Patre
1892 4974 2012 5013 esse

435 5053 532 5106 per
569 5037 760 5091 Filium
789 5054 803 5103 ;
841 5037 1062 5094 demum
1091 5041 1155 5095 ad
1194 5044 1679 5102 demonstrandum
1710 5048 1856 5103 idem
1891 5065 2013 5107 esse

431 5130 620 5185 dicere
653 5147 721 5184 rx
776 5129 935 5187 Patre
975 5143 1029 5188 et
1077 5134 1236 5200 Filio,
1283 5145 1448 5206 atque
1489 5119 1554 5194 ei
1588 5140 1746 5196 Patre
1789 5158 1890 5212 per
1927 5143 2014 5199 Fi-

430 5223 588 5285 lium,
619 5233 678 5277 ut
711 5225 951 5280 instruat
981 5242 1101 5294 nos,
1139 5245 1262 5283 cum
1305 5231 1560 5287 audimus
1588 5233 1846 5292 doctores
1864 5237 2014 5293 Gne-

431 5329 528 5369 cos
558 5314 821 5385 Spiritum
855 5330 1106 5374 sanctum
1139 5335 1202 5375 ex
1240 5321 1398 5377 Patre
1443 5339 1538 5394 per
1567 5324 1766 5380 Filium
1804 5330 2018 5384 theolo-

432 5420 626 5477 gantes
652 5409 797 5466 idem
828 5411 1136 5485 intelligere
1159 5430 1260 5471 nos
1281 5417 1506 5484 debere,
1534 5435 1596 5474 ac
1627 5421 1671 5474 si
1693 5423 2014 5478 audiremus

428 5517 503 5555 ex
533 5502 693 5558 Patre
731 5513 786 5558 et
812 5504 950 5560 Filio
1019 5522 1117 5562 eos
1162 5507 1445 5575 dicentes;
1485 5513 1622 5567 alias
1659 5517 2015 5572 auctoritates

429 5593 662 5650 adducit
711 5597 1151 5668 tequivalentiam
1185 5601 1411 5656 istarum
1455 5606 1903 5674 praepositionum
1959 5609 2012 5663 in

427 5684 710 5756 theologia
745 5688 1135 5759 signiﬁcantes.
1187 5693 1252 5748 Et
1290 5695 1415 5750 huic
1460 5697 1656 5762 titulo,
1693 5701 2015 5770 caeterisquc

430 5775 692 5829 omnibus
723 5781 994 5846 quoddam
1046 5772 1426 5855 argumentum
1479 5803 1638 5845 suum
1686 5792 2011 5861 praeposuit,

2109 3189 2466 3259 telligentiam
2495 3194 2702 3263 optime
2735 3195 2840 3251 hoc
2890 3199 3055 3254 modo
3106 3200 3251 3269 quod
3286 3201 3392 3257 sibi
3417 3211 3535 3258 erat
3562 3220 3689 3273 pro-

2106 3281 2346 3350 positum
2376 3285 2734 3342 concludens.
2771 3289 2898 3343 Post
2933 3289 3168 3346 Veccum
3203 3293 3522 3362 praedictum
3553 3313 3696 3351 non‘

2109 3373 2275 3428 nullis
2292 3375 2450 3430 annis
2469 3377 2688 3446 quidam
2709 3381 2853 3450 apud
2883 3381 3102 3439 Graecos
3123 3385 3422 3456 Gregbrius
3443 3391 3692 3456 nomine,

2109 3468 2432 3535 cognomine
2493 3469 2762 3538 Palamas,
2821 3474 2888 3529 de
2922 3491 3032 3546 quo
3101 3494 3296 3549 magna
3357 3481 3692 3537 existimatio

2109 3558 2254 3628 apud
2307 3561 2526 3618 Grmcos
2565 3563 2686 3629 fuit,
2742 3568 2959 3624 veritati
3003 3571 3290 3628 catholicae
3344 3573 3491 3628 circa
3543 3574 3694 3629 hunc

2109 3651 2403 3708 articulum
2435 3658 2767 3727 contrarius,
2801 3669 2856 3714 et
2889 3661 3067 3716 hostis
3099 3674 3342 3734 apertus,
3379 3668 3571 3737 paucis
3601 3682 3696 3722 vo-

2109 3743 2231 3798 lens
2269 3760 2490 3802 omnem
2521 3749 2676 3805 Vecci
2707 3753 2953 3821 prtedicti
2995 3755 3240 3811 laborem
3284 3773 3570 3826 enervare,
3606 3777 3696 3815 ar-

2112 3839 2385 3906 gumentis
2446 3841 2798 3913 prologisque
2849 3846 2970 3916 ejus
3047 3849 3439 3906 contradixit:
3502 3849 3696 3907 volens

2110 3928 2345 3996 probare
2393 3933 2748 3990 auctoritates
2784 3938 3118 4005 propositas,
3170 3957 3278 3995 non
3327 3958 3447 3997 eam
3527 3960 3692 4014 quain

2114 4017 2202 4072 ille
2242 4019 2476 4088 dicebat,
2514 4022 2607 4077 sed
2648 4023 2806 4095 longe
2838 4026 3006 4083 aliam
3064 4031 3429 4091 intentionem
3465 4036 3691 4094 habere.

2111 4111 2243 4176 Quae
2268 4112 2314 4166 si
2345 4127 2472 4168 vera
2504 4114 2756 4184 fuissent,
2804 4128 2949 4174 totus
2982 4121 3142 4177 labor
3175 4126 3506 4194 patriarchae
3550 4145 3696 4200 prae-

2112 4203 2272 4256 tlicti-
2305 4207 2638 4262 evanuisset.
2709 4214 2765 4262 ln
2827 4211 2928 4266 hac
2981 4223 3164 4270 tamen
3215 4218 3478 4288 opinione
3508 4224 3696 4277 multis

2111 4296 2271 4349 annis
2327 4297 2578 4352 homines
2659 4316 3099 4370 permanserunt.
3144 4309 3281 4366 Cum
3357 4323 3538 4368 autem
3591 4313 3697 4370 hoc

2115 4388 2401 4457 utriusque
2441 4405 2580 4459 opus
2607 4395 2672 4446 ait
2715 4410 2908 4451 manus
2935 4400 3040 4453 mei
3074 4400 3414 4461 Bessarionis
3446 4405 3503 4461 S.
3533 4407 3596 4461 R.
3631 4410 3694 4462 Ε.

2117 4465 2415 4537 cardinalis
2442 4484 2687 4555 episc0pi
2721 4487 3016 4546 Tusculani
3045 4533 3060 4559 ,
3100 4504 3231 4551 tunc
3288 4500 3694 4572 archiepiscopi

2115 4573 2347 4639 Nicami,
2389 4578 2760 4648 pervenisset,
2817 4599 2927 4638 non
2968 4603 3161 4656 passus
3195 4608 3356 4659 sum,
3394 4609 3497 4649 nec
3535 4613 3698 4666 :equo

2115 4668 2298 4722 animo
2331 4671 2451 4733 tuli,
2487 4680 2545 4725 ut
2588 4683 2644 4728 et
2671 4691 3022 4734 communem
3077 4683 3332 4739 doctores
3363 4687 3694 4749 calumniam

2117 4769 2455 4824 paterentur,
2483 4764 2538 4815 et
2563 4780 2663 4833 pro
2694 4768 2969 4836 convicto,
3025 4781 3191 4842 atque
3229 4777 3519 4848 proﬂigato
3560 4781 3706 4836 falso

2116 4849 2184 4902 ab
2245 4852 2521 4920 aliquibus
2573 4857 2664 4910 hic
2726 4847 3167 4928 sapientissimus
3215 4871 3296 4922 vir
3332 4870 3541 4926 Veccus
3604 4890 3699 4941 pa-

2119 4944 2358 4997 triarcha
2399 4957 2707 5016 putaretur.
2729 4951 2910 5017 Quare
2951 4968 3144 5012 contra
3177 4960 3453 5016 Palamam
3488 4973 3546 5018 et
3576 4968 3700 5036 ejus

2117 5034 2332 5091 lucosas
2355 5050 2409 5092 et
2441 5055 2769 5114 apparentes
2803 5052 3269 5108 contradictiOnes
3301 5071 3385 5110 me
3440 5063 3696 5127 opposui,

2117 5130 2358 5197 probans
2388 5149 2487 5200 pro
2518 5151 2678 5202 posse
2703 5143 3062 5198 auctoritates
3092 5147 3393 5216 productas
3429 5152 3572 5206 illant
3611 5155 3701 5208 iu-

2121 5223 2419 5277 tcntioncm
2446 5225 2649 5282 habere
2684 5245 2846 5298 quam
2867 5231 3080 5291 Veccus
3103 5239 3507 5308 sapientissime
3527 5246 3695 5314 dicit;

2120 5332 2227 5370 non
2269 5334 2431 5387 quant
2464 5320 2712 5376 Palamas
2740 5326 3079 5384 caluntniose
3127 5338 3372 5403 exponit.
3401 5337 3520 5402 Quo
3559 5356 3699 5408 pran-

2117 5413 2404 5480 supposito
2454 5427 2648 5471 omnes
2709 5419 3075 5476 auctoritates
3129 5425 3335 5494 Optime
3380 5410 3587 5483 faciunt
3628 5433 3695 5484 ad

2118 5504 2452 5572 propositam
2489 5521 2624 5573 rem,
2665 5515 2720 5560 et
2747 5509 2948 5564 veritas
2990 5527 3086 5580 per
3119 5517 3303 5570 omnia
3344 5517 3465 5574 luce
3492 5520 3696 5576 clarius

2119 5611 2346 5669 apparet
2381 5603 2749 5658 intuentibus.
2790 5603 3181 5674 Proponutttur
3234 5610 3400 5680 igitur
3455 5613 3692 5683 primum

2119 5705 2440 5764 argumenta
2475 5697 2590 5752 sive
2648 5698 2854 5768 prologi
2891 5699 3045 5754 Vccci
3069 5743 3084 5769 ,
3116 5701 3314 5758 deinde
3365 5705 3595 5759 I‘alamm
3626 5706 3692 5757 ad

2118 5807 2182 5845 ca
2212 5793 2749 5862 -contradictiones,
2792 5793 3014 5848 demum
3066 5805 3266 5852 nostra:
3320 5797 3694 5858 defensiozm.
