4124 6410
364 421 472 484 23‘.)

1330 371 1706 460 Arctoam
1753 367 2368 452 issentrt‘toxbu
2415 381 2656 444 VECCl.
3515 366 3623 430 29.0

356 535 560 609 quibus
595 530 830 586 Veccum
878 517 1242 576 defendentes
1290 514 1524 569 Palamze
1571 507 1946 564 cavillationes
1978 509 2018 562 Α
2049 510 2212 570 atque
2238 499 2484 570 largitur.
2523 496 2584 550 lli
2623 509 2769 552 vero.
2801 489 2892 560 qui
2931 472 3152 542 Latinos
3181 492 3516 554 sequuntur.
3549 494 3632 534 ιο·

1650 599 1661 609 .
1795 607 1802 609 .
1925 603 1938 609 -
2066 608 2072 609 ,
2111 608 2114 609 ,
2147 593 2186 609 t,
2241 592 2276 609 .-
2357 605 2443 609 μή
2477 590 2576 609 ιν---
2617 602 2713 609 _..._
2747 583 2938 609 cum...
2977 589 3025 609 ΔΙ
3072 595 3134 609 Λιο
3171 576 3308 609 Πητη
3362 573 3629 609 Quiritum

356 599 652 696 aperiiirus.
679 627 737 672 ct
770 631 865 671 eas
890 629 988 683 pro
1024 624 1183 680 posse
1220 614 1572 667 enervamus,
1619 599 1664 653 si
1698 607 1843 650 recte
1889 603 1945 648 et

358 715 693 774 sufficienter
723 708 957 763 aliorum
988 703 1057 758 sit
1093 698 1381 772 judicium.

752 818 900 873 Veci'i
923 815 1155 887 primum
1183 815 1574 881 argumentum.

434 938 611 994 Varia:
633 936 983 990 diversorum
1004 929 1292 981 doctorum
1315 921 1670 976 auctoritates
1688 919 1846 972 colfei
1863 927 1948 978 tze,

363 1036 566 1103 quibus
615 1029 883 1098 probatur
933 1021 1174 1091 Spiritus
1215 1025 1440 1070 sanctus
1468 1013 1635 1065 etiam
1687 1025 1752 1062 ex
1811 1007 1951 1060 Filio

365 1141 506 1180 esse.
533 1123 666 1176 Alia:
697 1132 918 1188 quoque
954 1123 1076 1184 post
1108 1126 1200 1165 eas
1241 1109 1347 1161 hoc
1401 1107 1453 1158 in
1482 1102 1762 1158 volumine
1811 1104 1946 1155 infe.

289 1211 342 1291 Ἕκ
368 1225 564 1271 runtur
587 1215 653 1267 ad
694 1205 1187 1265 demonstramlum
1247 1200 1512 1269 Spirittnn
1553 1205 1800 1250 sanctum
1828 1202 1954 1246 esse

363 1306 466 1379 per
498 1305 696 1360 Filium
729 1319 793 1357 ex
821 1302 1001 1355 Patre.
1027 1297 1275 1364 Cumque
1319 1293 1424 1346 illa:
1458 1306 1522 1344 ex
1552 1288 1715 1352 Filio,
1741 1287 1824 1341 life
1861 1287 1958 1355 per

371 1377 564 1456 Filium
609 1395 867 1452 eumdem
917 1389 1182 1461 Spiritum
1243 1400 1364 1438 esse
1417 1382 1838 1444 demonstrent,
1889 1377 1955 1430 ad

369 1489 818 1565 atquivalentiam
861 1485 1058 1538 barum
1093 1478 1543 1550 praepositionum
1595 1470 1954 1542 probandam,

372 1563 465 1657 per
510 1581 721 1637 scilicet
779 1585 835 1630 et
893 1590 985 1639 ex,
1028 1571 1146 1624 alia:
1197 1568 1458 1636 deinceps
1506 1563 1822 1616 inferuntur
1867 1563 1963 1611 dd-

373 1653 585 1731 ctortim
609 1670 989 1729 auctoritates,
1037 1661 1240 1732 quibus
1283 1655 1475 1712 harum
1513 1653 1958 1726 praepositionum

374 1761 762 1838 a-quivaleutia
802 1759 1231 1814 demortslrattir.

840 1871 1090 1927 Palama:
1138 1867 1486 1924 couti'adittio

449 1996 584 2051 Cum
617 1993 672 2046 in
723 1987 997 2057 theologia
1031 1985 1268 2040 invicem
1313 1979 1676 2050 tequivalcant
1703 1991 1782 2030 ea:
1829 1988 1963 2043 pra:-

380 2087 706 2160 positiones.
757 2097 851 2151 per
902 2089 958 2132 et
1011 2093 1075 2131 ex
1148 2089 1326 2141 neque
1386 2070 1712 2126 divisionem
1773 2065 1965 2126 ullam,

385 2158 562 2250 neque
613 2171 985 2230 differentiam
1043 2179 1243 2224 sancta:
1290 2164 1575 2220 Trinitatis
1635 2158 1966 2230 significant,

388 2275 486 2328 sed
517 2276 778 2325 unionem
803 2275 860 2321 et
910 2263 1435 2321 immntabilitatem,
1474 2254 1776 2310 secundum
1805 2260 1969 2305 natu-

396 2377 512 2416 ram
536 2360 786 2414 videlicet
820 2366 876 2412 et
914 2357 1252 2409 voluntatem
1285 2354 1421 2421 ejus.
1470 2348 1605 2401 Iliun
1659 2351 1806 2398 enim
1838 2357 1969 2396 sane

398 2454 704 2509 ostenditur
756 2452 922 2506 unius
987 2447 1348 2516 ejusdemque
1429 2450 1640 2494 natura:
1690 2437 1970 2507 potentim,

397 2546 732 2615 operationis
779 2553 834 2596 et
867 2540 1164 2595 voluntatis
1195 2538 1377 2594 Pater,
1416 2543 1469 2585 et
1495 2531 1683 2591 Filius,
1709 2539 1765 2583 et
1795 2528 1973 2596 Spiri-

397 2651 489 2695 tus
541 2648 759 2696 sanctus
813 2649 957 2689 esse.
994 2633 1096 2698 Qui
1129 2643 1260 2683 vero
1311 2628 1398 2682 hic
1458 2633 1774 2679 Sultctol‘mll
1828 2621 1976 2675 dicta

394 2728 628 2798 sumpsit
669 2738 835 2796 atque
912 2720 1212 2789 inscripsit,
1256 2716 1564 2770 divinarum
1618 2723 1976 2780 personarum

395 2820 768 2878 din‘erentiam
803 2816 943 2871 male
1001 2814 1278 2883 impieque
1329 2824 1426 2877 per
1468 2802 1804 2876 ejuscemodi
1840 2817 1978 2870 pra:-

397 2916 732 2987 positionum
781 2905 1222 2977 :equivaleutiam
1269 2911 1502 2954 conatur
1552 2894 1887 2954 ostendere,
1925 2899 1981 2946 et

397 3013 543 3081 quod
603 3025 632 3061 a
684 3006 899 3060 duabus
952 3000 1245 3072 personis,
1286 3007 1342 3051 et
1391 2996 1458 3048 ab
1510 3001 1743 3059 utra-ine
1789 3001 1980 3044 carum

402 3118 508 3157 una
530 3107 696 3155 trium
719 3098 1028 3151 divinarunt
1049 3103 1430 3161 personarum,
1459 3084 1700 3155 Spiritus
1730 3082 1986 3136 videlicet

2049 592 2313 647 mulentia
2346 590 2581 660 quadam
2617 602 2713 656 per
2746 583 2940 638 Filiqu
2977 589 3032 636 et
3071 595 3136 634 ex
3171 576 3308 632 Filio
3362 573 3630 646 Spiritum

2050 693 2302 738 sanctum
2330 690 2590 752 putantes
2607 675 2903 733 esScntiam
2930 673 3158 734 habere,
3182 684 3322 740 opus
3349 681 3477 722 eum
3507 678 3631 719 esse

2050 774 2377 844 beneplaciti
2411 784 2466 827 ct
2505 769 2826 832 voluntatis,
2848 777 3010 835 atque
3031 779 3094 818 ex
3133 760 3458 815 necessitate
3477 771 3630 811 crea-

2053 876 2254 928 turam,
2315 863 2412 918 sed
2469 878 2579 916 non
2642 858 2844 913 divinat
2897 864 3109 910 natura:
3167 851 3405 906 fructum
3463 845 3630 914 impie

2053 965 2327 1013 asserunt.
2362 954 2527 1008 Sacer
2557 953 2705 1007 enim
2732 951 3099 1015 Damascpnus
3127 943 3342 1012 inquit:
3369 940 3518 1010 Opus
3546 938 3632 992 di-

2055 1051 2196 1104 vinae
2225 1045 2522 1102 voluntatis
2566 1051 2814 1097 creature
2871 1046 2982 1099 est,
3017 1035 3112 1090 sed
3151 1049 3258 1088 non
3302 1031 3631 1092 divinitatis,

2055 1137 2218 1192 absit.
2261 1135 2329 1189 Et
2353 1148 2545 1188 rursus
2576 1147 2684 1185 non
2722 1126 3045 1189 voluntatis,
3074 1123 3168 1179 sed
3204 1122 3398 1176 divina:
3426 1129 3633 1173 natura!

2060 1240 2166 1283 tam
2186 1226 2484 1298 generatio,
2503 1239 2664 1294 quam
2688 1221 2971 1293 processio
2989 1230 3091 1285 est,
3129 1231 3251 1287 quae
3279 1223 3406 1269 ante
3437 1210 3633 1266 smcula

2057 1331 2114 1374 ct
2150 1318 2484 1388 sctttpiterna
2519 1323 2627 1370 est.

2615 1445 2824 1507 Nira’tii
2859 1450 3110 1521 defensio.

2134 1597 2406 1652 Strenuus
2461 1594 2561 1649 iste
2611 1595 2694 1649 vir
2741 1592 2808 1646 ad
2860 1607 2953 1646 cas
2983 1589 3206 1660 quidem
3258 1581 3641 1644 auctoritates,

2065 1706 2186 1758 qua:
2215 1705 2279 1743 ex
2313 1688 2451 1742 Filio
2473 1702 2592 1742 esse
2630 1695 2686 1742 et
2718 1696 2813 1755 per
2837 1682 3036 1738 Filium
3070 1699 3134 1736 ex
3155 1680 3313 1734 Patre
3342 1675 3642 1748 procedere

2069 1779 2335 1849 Spiritum
2372 1791 2620 1833 sanctum
2649 1775 2943 1831 alllrmant.
2976 1771 3234 1843 quodque
3271 1785 3338 1825 ex
3379 1769 3446 1823 iis
3489 1766 3643 1820 colli-

1994 1867 2039 1926 Β
2071 1874 2236 1943 gitur,
2285 1873 2511 1925 minime
2540 1881 2727 1924 contra
2761 1867 2875 1937 ipse
2905 1875 3103 1934 potest.
3143 1863 3263 1928 Quo
3303 1862 3451 1916 enim
3485 1869 3645 1930 pacto

2068 1967 2135 2020 ad
2161 1974 2367 2018 tantam
2403 1975 2510 2017 tam
2547 1961 2846 2016 dilucidam
2879 1958 3210 2012 veritatem?
3245 1954 3648 2025 mquivalemiaz

2071 2077 2202 2116 vero
2232 2061 2426 2114 barum
2463 2058 2934 2128 prazpositiouum,
2959 2072 3050 2122 per
3078 2063 3134 2108 ct
3157 2071 3242 2115 ex,
3277 2067 3454 2121 neque
3485 2049 3650 2111 bene,

2071 2168 2250 2221 neque
2279 2153 2384 2205 ulla
2419 2167 2541 2204 cum
2575 2150 2786 2203 ratione
2821 2149 3074 2212 inhaeret,
3123 2155 3180 2201 et
3207 2143 3559 2199 contumeliis
3585 2157 3647 2196 ac

2073 2244 2378 2298 maledictis
2404 2242 2779 2297 adversarium
2809 2238 3179 2308 prosequitur,
3210 2243 3364 2305 putat
3387 2250 3446 2289 se
3471 2248 3650 2302 Operm

2073 2339 2307 2407 pretium
2345 2336 2545 2397 faccre,
2579 2349 2701 2388 cum
2735 2347 2991 2402 perverse
3028 2339 3192 2399 atque
3236 2330 3401 2398 impie
3431 2335 3620 2381 sancto

2075 2447 2194 2484 rum
2246 2437 2481 2482 mentem
2534 2427 2887 2496 exposuisse,
2920 2438 3221 2492 eorumque
3269 2421 3416 2476 dicta
3463 2435 3654 2492 aggre-

2076 2536 2230 2592 gasse
2266 2523 2443 2574 virum
2475 2520 2620 2573 hunc
2646 2519 2947 2584 sapientem
2966 2515 3358 2578 calumniatur,
3381 2514 3496 2584 ipse
3527 2529 3654 2568 vero

2076 2615 2144 2668 de
2178 2614 2263 2668 his
2315 2613 2584 2666 rationem
2638 2609 2866 2664 reddere
2909 2617 3161 2677 nequeat,
3197 2616 3461 2678 putatque
3513 2607 3654 2660 hanc

2080 2704 2522 2775 praipositionem
2553 2717 2664 2770 per,
2685 2701 2792 2754 etsi
2815 2699 3096 2764 unionem,
3131 2697 3654 2758 immutabilitatem,

2082 2799 2541 2864 identitatemqnc
2573 2792 2870 2848 voluntatis
2898 2792 2952 2846 in
2978 2803 3165 2846 saneta
3192 2789 3463 2844 Trinitate
3487 2788 3658 2859 signi-

2085 2892 2227 2955 ticet,
2263 2904 2387 2943 cum
2421 2888 2473 2941 in
2509 2887 2776 2956 theologia
2811 2885 2886 2939 illi
2920 2883 3292 2954 praepositioni
3324 2899 3390 2936 ex
3420 2882 3649 2953 mquiva.

2083 2980 2198 3034 lere
2236 2980 2608 3048 dignoscatur,
2644 2992 2750 3030 non
2783 2990 2942 3046 posse
2991 2975 3306 3045 quempiam
3354 2974 3658 3031 secundum
3705 2982 3709 2986 ‘

2087 3076 2189 3128 hoc
2221 3072 2590 3142 significatum
2620 3085 2741 3125 eam
2779 3069 3031 3138 accipere
3087 3071 3252 3124 etiam
3300 3069 3370 3124 de
3426 3069 3665 3138 Spiritus

401 3192 993 3259 saucius,ditl'erenter
1033 3183 1327 3238 essentiam
1392 3177 1608 3232 habeat.
1669 3174 1983 3229 Dilucidum
2013 3216 2056 3274 ί,
2087 3165 2262 3218 sancti
2307 3163 2658 3233 processione
2710 3177 2774 3216 ex
2831 3162 2988 3216 Patre
3046 3177 3142 3231 per
3183 3161 3403 3228 Filium,
3433 3162 3515 3216 vel
3557 3178 3663 3214 non

406 3287 572 3357 igitur
598 3293 684 3337 est
729 3289 1045 3335 sanctorum
1098 3274 1402 3329 sententias
1465 3272 1605 3322 bene
1661 3281 1722 3320 ae
1781 3265 1870 3334 pie
1922 3277 1982 3315 se
2013 3254 2057 3275 “
2091 3257 2198 3313 ista
2227 3256 2440 3311 ratione
2471 3255 2637 3310 etiam
2688 3271 2789 3310 nos
2844 3255 2895 3310 id
2950 3255 3275 3325 intelligere,
3337 3254 3430 3308 scd
3465 3255 3662 3308 distin-

408 3354 648 3440 liabere;
680 3372 776 3427 sed
811 3372 876 3423 ab
907 3386 995 3432 co,
1042 3364 1134 3436 qui
1172 3363 1290 3416 illas
1322 3359 1402 3413 sic
1457 3354 1775 3428 aggregavit
1818 3363 1984 3419 atque

408 3469 758 3536 conscripsLt,
790 3465 926 3516 male
957 3470 1118 3528 atque
1160 3455 1327 3523 impie
1375 3452 1570 3520 accipi.
1600 3445 1754 3514 Quod
1799 3456 1982 3498 autem

410 3559 699 3633 ejusmodi,
723 3573 838 3626 per,
874 3550 1187 3624 pracpositio
1215 3548 1470 3600 unionem
1496 3585 1511 3610 ,
1544 3554 1600 3596 et
1625 3541 1852 3595 omnino
1887 3539 1986 3591 imo

412 3631 830 3709 mutabilitatem
881 3643 1171 3712 significet,
1225 3637 1443 3708 quando
1493 3632 1702 3689 scilicet
1732 3631 1846 3693 isti,
1901 3639 1985 3694 ex,

413 3744 740 3816 a-qdivalet,
810 3739 1030 3793 divinus
1097 3733 1360 3786 Maximus
1421 3742 1586 3796 quam
1642 3722 1987 3794 apertissi.e

413 3813 673 3901 etiamm,
706 3848 833 3888 cum
882 3830 948 3882 ad
985 3826 1253 3882 Marinum
1291 3820 1487 3876 scribit
1539 3819 1605 3870 de
1639 3813 1984 3886 ιιιιιίυυεαςιιι.
2043 3889 2046 3894 _

414 3929 729 3985 dicentibus
750 3929 815 3979 ex
851 3921 990 3976 Ftl.o
1015 3918 1280 3988 Spiritum
1303 3928 1442 3968 esse.
1465 3911 1555 3964 Ait
1585 3907 1810 3971 etenim,
1840 3904 1984 3974 quod

417 4031 525 4077 noit
559 4022 804 4075 facerent
842 4013 1039 4068 Filiqu
1073 4015 1504 4068 causam,una’m
1539 4001 1686 4055 enim
1719 4005 1989 4051 noverant

419 4109 540 4165 Filii
576 4118 630 4162 et
675 4107 916 4175 Spiritus
960 4106 1134 4153 sancti
1171 4108 1416 4158 causam,
1456 4092 1668 4145 Patrem
1704 4085 1986 4147 videlicet,

418 4215 560 4266 csse,
588 4200 682 4254 sed
717 4208 890 4265 utper
915 4196 1094 4262 ipsum
1135 4186 1354 4258 prodire
1395 4184 1770 4243 ostenderent,
1806 4191 1858 4231 et
1893 4191 1992 4245 per

425 4299 564 4350 hanc
597 4289 1038 4362 praepositionem
1063 4278 1508 4350 conjunctiouetn
1560 4270 1880 4326 substantia:
1935 4276 1992 4318 et

424 4383 926 4444 inmutabilitatem
993 4373 1308 4443 probarent.
1361 4367 1440 4421 Ex
1497 4366 1562 4418 iis
1619 4364 1783 4432 igitur
1847 4369 1996 4430 patet

427 4479 658 4533 Yeecum
712 4473 879 4526 istum
937 4463 1230 4520 inlidclitcr
1295 4468 1458 4528 atque
1507 4458 1672 4524 impie
1722 4451 1992 4522 ejusmodi

2089 3348 2330 3403 ctionem
2360 3361 2425 3401 ac
2457 3346 2783 3402 divisionem
2836 3345 3007 3415 magis
3051 3345 3338 3410 inducere,
3363 3345 3666 3414 oppositio-

2093 3453 2329 3509 nemque
2369 3446 2427 3492 et
2452 3435 2806 3492 discordiam.
2833 3435 2988 3502 Quod
3020 3451 3088 3489 ex
3120 3434 3398 3504 praedictis
3431 3435 3546 3502 ipse
3589 3435 3669 3486 in-

2095 3533 2341 3604 telligerc
2357 3532 2601 3596 videtur;
2624 3531 2733 3585 imo
2755 3545 2886 3584 vero
2905 3545 3064 3596 quam
3081 3527 3427 3598 apertissime
3448 3543 3587 3582 asset
3605 3536 3667 3592 lt,

2095 3641 2192 3694 per
2222 3625 2326 3680 hoc
2351 3637 2544 3678 omnes
2567 3637 2668 3678 nos
2698 3622 2835 3677 velle
2864 3637 2933 3676 ex
2965 3620 3182 3676 duabus
3224 3624 3476 3692 personis
3501 3620 3660 3676 Patre

2095 3715 2345 3786 Filioque
2388 3715 2652 3784 Spiritntn
2699 3723 2948 3768 sanctum
3000 3712 3295 3767 essentiam
3346 3711 3667 3767 diﬂ'eremer

2098 3808 2299 3863 habere
2330 3823 2347 3864 :
2383 3807 2568 3862 nescio
2604 3805 2749 3860 unde
2794 3805 2879 3859 vel
2909 3821 2938 3859 a
2971 3821 3079 3874 quo
3115 3807 3220 3860 hoc
3248 3805 3476 3860 verbum
3511 3806 3667 3860 diﬂ‘e-

2099 3913 2285 3955 renter
2326 3899 2434 3954 dici
2464 3897 2720 3952 audiens.
2774 3898 2850 3952 lta
2883 3910 2986 3950 nos
3036 3905 3189 3966 putat
3225 3896 3512 3966 theologia!
3569 3913 3670 3951 cx-

2099 4006 2279 4063 pertes
2305 4008 2320 4044 :
2349 3991 2598 4045 fortassis
2623 4003 2806 4044 autem
2838 4000 2892 4042 et
2931 3990 3046 4057 ipse
3077 3988 3180 4042 hoc
3209 3988 3394 4052 sentit,
3428 4003 3493 4042 ex
3513 3989 3672 4042 Patre

2100 4103 2196 4155 per
2228 4084 2425 4138 Filium
2458 4097 2709 4137 asserens
2743 4081 3007 4134 mundum
3049 4089 3294 4134 creatum
3323 4079 3496 4134 fuisse
3530 4098 3544 4146 ;
3573 4097 3675 4135 11ιέ

2101 4179 2248 4230 enim
2298 4174 2462 4228 ullam
2524 4187 2694 4226 cerno
2744 4171 3130 4225 necessitatem
3169 4186 3270 4224 cur
3319 4171 3386 4225 de
3422 4182 3674 4226 creatura

2102 4267 2342 4336 quidem,
2381 4279 2495 4331 per,
2527 4261 2885 4332 :equivalens,
2919 4277 2982 4314 ea:
3027 4259 3372 4315 identitatcm
3402 4261 3676 4331 signiticet

2104 4372 2466 4428 personarum
2515 4373 2530 4410 ε
2568 4364 2748 4410 tamen
2776 4354 3074 4408 ostendens
3114 4353 3502 4409 discretionem
3551 4356 3678 4426 (hoc

2103 4451 2252 4504 enim
2279 4463 2456 4518 neque
2482 4447 2599 4517 ipse
2619 4445 2885 4518 negabit),
2908 4445 2973 4500 de
2997 4446 3204 4516 Spiritu
3239 4461 3368 4501 vero
3387 4446 3680 4502 diversita-

424 4574 571 4627 dieta
599 4568 866 4634 accipere.
897 4559 1180 4617 Noueuim
1233 4550 1677 4622 conjunctionem
1717 4558 1768 4600 et
1799 4548 1995 4599 immu-
2032 4573 2076 4629 υ
2109 4552 2213 4598 tem
2257 4551 2314 4596 et
2342 4539 2567 4595 omnino
2634 4539 3040 4593 discretionem.
3090 4537 3279 4607 Neque
3327 4553 3454 4594 eum
3511 4545 3680 4607 pudet

428 4656 885 4722 tabilitatem,sed
920 4664 1277 4724 personarum
1310 4644 1764 4701 differentiarum
1797 4641 1863 4694 iis
1895 4639 1994 4691 ad-

426 4764 630 4816 ducere
675 4763 930 4812 conatur,
959 4762 1136 4818 neque
1191 4757 1442 4811 magnum
1500 4735 1762 4790 Basiliam
1817 4734 1992 4792 audit,

426 4848 770 4920 quiquadam
803 4845 860 4904 in
892 4852 1045 4912 parte
1068 4839 1134 4892 ad
1154 4830 1617 4903 Amphilochium,
1645 4829 1787 4894 quod
1814 4825 1995 4885 Pater,

426 4915 626 5010 inquit,
664 4953 759 5007 per
791 4933 991 4989 F‘lllUlll
1013 4938 1184 4988 creet.
1207 4938 1387 4992 neque
1418 4920 1792 4988 imperfectam
1820 4915 1999 4966 l’atrts

427 5031 762 5087 creationem
787 5023 1076 5092 signiﬁcat,
1092 5028 1269 5085 neque
1290 5023 1690 5081 supervacuam
1712 5013 2000 5058 euerrem—

428 5141 536 5193 que
557 5120 678 5180 Fttit
699 5115 1080 5186 operationem
1103 5106 1366 5170 ostendit,
1391 5105 1487 5157 sed
1511 5103 1769 5154 unionem
1794 5094 1999 5164 signiti-

427 5191 830 5273 catvoluntatis
863 5224 878 5260 :
913 5207 1094 5273 itaque
1133 5215 1238 5255 vox
1289 5198 1391 5252 ista
1437 5210 1535 5265 per
1571 5191 1771 5246 Filium
1807 5204 1998 5258 prtnne

433 5309 856 5380 principatisque
887 5310 1066 5351 causas
1091 5289 1494 5346 confessionem
1540 5284 1743 5338 habet:
1777 5296 1884 5334 non
1907 5295 2005 5333 su-

433 5405 600 5457 mitur
639 5397 707 5450 ad
745 5392 1070 5449 cilicientem
1120 5396 1340 5438 causam
1388 5374 1796 5432 inveniendam.
1846 5371 2005 5436 Quod

431 5495 808 5566 igiturassertt
828 5499 925 5553 per
943 5477 1162 5540 Filium,
1188 5482 1242 5527 et
1267 5487 1334 5525 ex
1362 5467 1499 5525 Filio
1519 5467 1784 5538 Spiritum
1806 5479 2006 5544 secun-

431 5589 562 5642 dum
578 5585 933 5651 temporalem
967 5571 1282 5628 missionem
1298 5562 1543 5635 prodire,
1559 5561 1806 5613 eamdem
1825 5556 2004 5610 Patris

433 5693 494 5737 et
531 5678 651 5732 Filii
693 5650 1030 5727 totout-atem
1066 5665 1371 5736 peroptime
1404 5657 1632 5729 probat;
1670 5653 1811 5706 bona
1855 5650 2004 5702 enim

435 5771 614 5827 Patr-is
641 5779 698 5820 et
723 5766 842 5817 l-itit
875 5763 1177 5819 voluntate,
1201 5755 1395 5808 eodem
1429 5760 1650 5819 quoque
1677 5747 2008 5811 cooperante

437 5869 664 5937 Sthttt,
689 5863 867 5936 dignis
900 5849 1215 5906 hominibus
1241 5844 1478 5920 Spiritus
1515 5848 1738 5895 sanctus
1773 5835 2010 5890 donatur

762 5966 839 6016 ΡΑ
853 5967 1026 6014 t‘ttUL.
1069 5951 1184 6007 Utt.
1245 5943 1286 6002 (ἶ
1300 5939 1461 6003 LXI.

2102 4645 2292 4690 contra
2313 4650 2372 4690 se
2401 4635 2583 4703 magni
2614 4631 2801 4686 Basilii
2827 4630 3202 4685 testimonium
3233 4629 3428 4686 all'erre
3451 4647 3465 4684 :
3489 4648 3676 4688 veccm

2101 4744 2223 4782 eam
2267 4743 2361 4795 per
2423 4725 2627 4779 Filium
2674 4723 3076 4796 professionem
3135 4723 3458 4792 principalis
3499 4739 3680 4780 cause

2104 4822 2327 4876 habere.
2360 4821 2430 4875 At
2460 4836 2560 4874 nos
2589 4835 2656 4874 ex
2696 4818 2912 4873 duabus
2941 4817 3161 4888 quidem
3202 4817 3456 4885 personis
3499 4818 3678 4881 Patre,

2103 4930 2166 4968 ac
2213 4913 2351 4968 Filio
2399 4913 2665 4983 Spiritum
2721 4922 2971 4966 sanctum
3023 4910 3400 4965 exsistentiam
3446 4908 3684 4964 dicimus

2106 5005 2328 5071 habere,
2357 5014 2412 5059 et
2443 5015 2556 5059 toto
2585 5005 2750 5058 corde
2797 5005 3142 5056 coitlitemur.
3174 5000 3320 5057 Nihil
3349 5002 3494 5054 enim
3555 5017 3684 5070 ope-

2107 5108 2280 5164 ratur,
2319 5098 2419 5150 nisi
2458 5098 2510 5150 in
2545 5106 2810 5165 quantum
2845 5096 2948 5149 ltoc
3003 5094 3208 5163 aliquid
3241 5104 3297 5147 et
3336 5094 3678 5148 individuum

2106 5193 2196 5244 sit.
2253 5190 2310 5242 In
2340 5199 2605 5257 quantum
2669 5198 2853 5241 autem
2913 5187 3181 5256 ejusmodi
3218 5183 3380 5239 Pater
3417 5194 3472 5238 et
3503 5182 3677 5238 Filius

2107 5281 2218 5333 duo
2243 5288 2408 5333 sunt:
2448 5289 2504 5333 at
2536 5277 2857 5334 dili'erentcr
2893 5291 2958 5329 ex
2985 5275 3052 5330 iis
3079 5277 3402 5344 procedere,
3430 5273 3536 5326 hoc
3584 5291 3682 5327 ne-

2107 5387 2382 5440 quaquam
2412 5369 2803 5426 concedemus.
2860 5367 3144 5437 Siquidem
3199 5376 3260 5419 ut
3295 5365 3492 5428 Patris,
3525 5369 3599 5418 ita
3630 5375 3688 5419 ct

2110 5462 2231 5517 Filii
2256 5462 2634 5531 operationem
2687 5459 3013 5524 naturalem,
3064 5468 3283 5511 sanctos
3317 5454 3571 5509 audimus
3605 5455 3690 5509 di-

2110 5568 2300 5610 centes
2335 5552 2600 5622 Spiritum
2637 5561 2886 5606 sanctum
2910 5563 3051 5605 esse.
3083 5548 3253 5604 Unam
3279 5556 3461 5601 autem
3492 5562 3691 5618 Opera-

2114 5646 2317 5700 tionem
2349 5645 2528 5700 Patris
2558 5652 2615 5698 et
2647 5642 2773 5696 Filii
2801 5657 2922 5701 esse
2971 5641 3245 5710 prmcipue
3269 5640 3564 5706 credimus,
3583 5640 3689 5695 nisi

2111 5746 2166 5791 et
2193 5737 2380 5792 iscum
2413 5749 2475 5788 ex
2506 5733 2686 5797 Patre,
2715 5740 2772 5784 et
2801 5730 2964 5794 Filio,
2985 5730 3290 5797 etSptritu,
3325 5727 3407 5781 vel
3436 5728 3691 5783 ex‘Patre

2115 5846 2212 5902 per
2246 5827 2443 5906 Filium
2495 5827 2547 5879 in
2606 5823 2814 5894 Spiritu
2846 5821 2975 5878 dicit
3017 5821 3283 5876 mundum
3346 5822 3689 5890 subsistere;

3177 5917 3248 5979 lt)
