4124 6440
474 409 577 474 2'll

1423 403 1935 468 BESSARIONIS
1978 410 2038 472 S.
2086 408 2158 471 Il.
2202 410 2272 469 E.
2315 408 2782 471 CARDINALIS

3636 405 3750 482 292

481 539 592 578 non
617 519 878 577 extribus
908 520 1039 577 s‘olis
1063 518 1316 592 personis
1336 529 1558 576 asserat
1579 520 1718 576 etIici
1742 539 1757 590 ;
1783 522 1890 579 hoc
1912 523 2056 578 enim
2083 525 2134 587 Δ
2163 537 2270 576 non
2312 525 2494 593 potius
2524 525 2707 579 divina
2734 525 2842 579 erit
2863 533 3055 579 natura
3107 514 3160 580 et
3191 519 3473 596 putabitur
3500 543 3530 581 a
3559 529 3746 591 nobis,

482 617 672 686 utique
707 615 991 682 fa'teretur,
1033 613 1130 670 sed
1153 613 1318 669 etiam
1345 611 1682 668 adiﬂ'erenter
1719 628 1786 669 ex
1831 614 2049 670 tribus:

479 709 628 780 quod
683 709 729 764 si
762 699 990 764 miretur
1033 721 1144 777 quo
1185 715 1344 776 pacto
1389 706 1494 761 hac
1550 707 1938 777 praepositione
1961 723 2054 779 per

481 804 779 860 voluntatis
802 803 1064 857 unitatem
1121 809 1178 856 et
1211 798 1558 855 identitatem
1607 807 2057 869 repraesentante,

483 911 587 950 nos
621 911 716 964 per
749 909 870 948 eam
901 891 1099 947 Filium
1128 903 1249 946 esse
1277 904 1497 946 causam
1531 890 1865 945 exsistentia:
1891 889 2061 960 Spiri-

486 995 574 1040 tus
601 983 774 1038 sancti
805 983 943 1037 velle
970 981 1388 1036 demonstrare:
1425 981 1664 1049 primum
1696 980 2058 1048 semetipsum

487 1078 739 1138 iniretur,
764 1072 1042 1143 quomodo
1061 1087 1159 1142 per
1188 1069 1388 1125 Filium
1413 1068 1532 1123 fieri
1555 1069 1744 1124 dicens
1767 1069 2060 1136 mundum,

487 1168 688 1224 deinde
707 1181 834 1220 eum
869 1179 1086 1220 causam
1117 1172 1273 1234 putet
1308 1162 1691 1234 productionis
1720 1160 1937 1226 mundi,
1961 1175 2061 1230 per

489 1261 630 1314 hanc
683 1257 1127 1329 praepositionem
1180 1255 1437 1322 ostendi;
1469 1255 1555 1309 vel
1610 1253 1758 1309 dicat
1794 1267 1902 1308 non
1938 1265 2062 1308 esse

490 1365 711 1404 causam
763 1349 972 1402 entium
1027 1345 1251 1410 Filium,
1298 1355 1355 1400 et
1407 1344 1551 1398 malo
1602 1343 1801 1397 malum
1852 1348 2060 1397 curret.

490 1443 663 1498 Atlert
710 1455 930 1510 quoque
973 1438 1145 1493 divini
1187 1437 1406 1492 Maximi
1460 1435 1866 1500 testimonium,
1918 1435 2064 1503 quod

495 1535 716 1587 minime
743 1534 808 1587 ad
843 1531 1188 1602 propositum
1223 1529 1375 1584 facit.
1403 1528 1472 1582 Et
1515 1542 1616 1582 nos
1645 1527 1790 1582 enim
1823 1526 2065 1580 fatemur

447 1676 450 1678 γ
493 1625 635 1677 hanc
667 1622 1129 1693 praepositionem,
1152 1634 1268 1690 per,
1308 1627 1362 1672 et
1400 1617 1688 1680 unitatem,
1719 1624 1775 1670 et
1812 1615 2068 1669 immuta-

493 1717 761 1772 bilitatem
815 1713 1134 1768 substantiae
1183 1709 1360 1764 Patris
1410 1723 1474 1762 ac
1536 1706 1657 1761 Filii
1719 1704 2063 1776 signiﬁcare:

497 1811 750 1864 novimus
783 1806 986 1863 etenim
1019 1820 1115 1875 per
1147 1805 1289 1858 hanc
1332 1803 1646 1865 dictionem,
1677 1815 1791 1869 per,
1814 1799 2064 1853 ordinem

495 1901 785 1972 quemdam
809 1908 863 1953 ct
890 1868 1199 1966 respectum
1237 1895 1378 1966 ejus,
1399 1893 1466 1947 de
1495 1907 1605 1962 quo
1631 1868 1747 1946 hinc
1774 1891 1978 1946 dicitur
1999 1891 2066 1944 ad
2095 1868 2145 1929 Β

497 1992 650 2043 illum
703 1989 769 2042 de
825 2001 935 2056 quo
963 1985 1076 2039 .hac
1106 1983 1369 2046 dictione,
1427 1997 1509 2043 ex,
1545 1982 1772 2043 utimur,
1831 1979 2065 2034 maxime

498 2079 900 2144 demonstrari;
946 2075 1196 2130 eamdem
1254 2083 1433 2128 tamen
1488 2074 1662 2141 ipsam
1724 2070 2068 2127 identitatem

496 2170 1105 2236 immutabilitatemque
1149 2179 1368 2219 causam
1423 2176 1567 2229 esse,
1607 2171 1663 2216 et
1697 2161 1845 2231 quod
1897 2161 2103 2216 Filius”

497 2266 642 2320 idem
667 2261 839 2332 possit
860 2259 1008 2329 quod
1039 2257 1216 2322 Pater,
1242 2255 1500 2327 quodque
1528 2269 1626 2325 per
1652 2269 1778 2311 eum
1808 2253 2072 2324 procedat

499 2354 742 2425 Spiritus
779 2362 1023 2407 sanctus.
1066 2347 1378 2402 Secundum
1419 2345 1565 2401 enim
1598 2344 1844 2400 divinum
1894 2342 2072 2415 Cyril-

497 2449 609 2502 lum
656 2461 718 2500 ex
757 2451 1013 2510 utroque,
1043 2455 1112 2494 ex
1146 2440 1304 2493 Patre
1355 2453 1452 2508 per
1488 2436 1732 2492 Filium:
1767 2437 2071 2492 secundum

499 2554 629 2593 vero
649 2536 913 2604 eumdem
939 2533 1230 2588 Maximum
1272 2544 1342 2584 ex
1366 2529 1546 2597 Patre,
1581 2536 1636 2584 et
1664 2528 1827 2594 Filio,
1861 2528 1978 2584 sive
2007 2543 2074 2583 ex

501 2632 662 2687 Patre
698 2646 795 2699 per
820 2627 1023 2684 Filium
1055 2623 1326 2695 procedit,
1360 2622 1413 2677 id
1455 2629 1544 2678 est
1568 2621 1944 2677 exsistentiam
1977 2621 2075 2675 ha-

503 2725 596 2778 bet
623 2739 636 2774 :
670 2720 940 2790 siquidem
961 2715 1261 2787 procedere
1293 2715 1394 2770 iste
1423 2727 1646 2784 quoque
1667 2720 1878 2766 asserat
1906 2710 2074 2781 signi-

503 2817 665 2870 ficare
721 2810 1102 2866 exsistentiam
1161 2806 1386 2872 habere,
1414 2804 1715 2875 praesertim
1770 2800 2075 2857 secundum

505 2909 630 2962 illos
663 2905 756 2975 qui
785 2905 891 2958 hoc
925 2915 1124 2957 nomen
1155 2899 1422 2954 duntaxat
1467 2894 1804 2951 exsisteutia:
1836 2893 2076 2964 Spiritus

509 2999 778 3054 tribuunt.
802 2993 959 3061 Quod
988 3003 1170 3048 autem
1201 2990 1349 3046 dicat
1372 2997 1596 3045 sanctus
1628 2989 1840 3054 doctor,
1871 2983 2074 3041 Filium

507 3107 613 3145 non
639 3090 768 3144 facit
796 3101 1016 3143 causam
1047 3083 1288 3154 Spiritus
1322 3080 1538 3148 sancti,
1571 3079 1667 3136 sed
1692 3081 1933 3147 Patrem,
1974 3079 2076 3134 mi-

506 3183 654 3236 nime
675 3177 992 3242 miraberis,
1040 3176 1086 3230 si
1116 3174 1356 3230 Graecam
1391 3171 1632 3243 linguam
1674 3171 2073 3239 considerabis,

505 3285 562 3330 et
593 3275 660 3328 de
693 3286 804 3342 quo
848 3270 961 3338 ipsa
985 3265 1204 3338 proprie
1250 3265 1356 3320 hoc
1389 3265 1610 3319 nomine
1641 3277 1805 3319 causa
1833 3263 1912 3318 uti
1945 3277 2080 3318 con-

505 3370 702 3420 suevit.
732 3359 1090 3417 Notissimuin
1123 3359 1368 3426 namque
1384 3365 1468 3411 est
1501 3355 1734 3425 primam
1781 3363 1837 3409 et
1871 3354 2080 3426 princi-

507 3461 682 3531 palem
714 3470 956 3519 causam,
987 3462 1043 3508 et
1061 3452 1290 3515 fontem,
1310 3460 1365 3505 et
1385 3448 1622 3504 radicem
1645 3447 2079 3519 uniuscujusque

510 3555 650 3608 hanc
680 3550 901 3622 preprie
922 3561 1140 3603 causam
1177 3544 1380 3610 vocari,
1407 3543 1626 3612 qualem
1661 3542 1836 3597 solum
1866 3541 2083 3596 Patrem

507 3661 630 3700 esse
687 3643 815 3714 quis
854 3655 962 3694 non
995 3636 1364 3701 concederet,
1426 3634 1573 3702 quod
1605 3634 1906 3688 dilucidum
1957 3634 2086 3689 hinc

508 3751 594 3793 est
633 3755 646 3790 :
679 3734 950 3804 siquidem
988 3742 1256 3787 creaturae
1287 3739 1342 3784 et
1372 3728 1634 3798 Spiritum
1666 3737 2087 3791 sanctnm,cau-

507 3847 631 3885 sam-
661 3845 784 3884 esse
811 3840 995 3890 nemo,
1048 3824 1141 3894 qui
1169 3821 1485 3878 Christiano
1524 3819 1743 3874 nomine
1774 3829 2084 3885 censeatur,

512 3931 755 3992 negaret.
781 3921 849 3972 At
881 3917 1166 3986 theologus
1213 3913 1512 3984 Gregorius
1542 3929 1556 3966 :
1594 3913 1758 3977 Deus,
1792 3911 1992 3980 inquit,
2030 3911 2086 3964 in

514 4015 689 4068 tribus
712 4011 963 4066 consistit
1011 4006 1285 4074 maximis,
1322 4021 1486 4061 causa
1531 4012 1588 4059 et
1634 4003 1852 4074 opiﬁce,
1883 4012 1937 4057 et
1967 4018 2090 4073 per-

513 4108 728 4159 licteltle
787 4102 947 4155 Patre
992 4098 1224 4162 scilicet,
1251 4111 1306 4152 et
1336 4096 1497 4160 Filio,
1532 4104 1587 4151 et
1621 4093 1828 4163 Spiritu
1875 4089 2088 4150 sancto.

508 4199 646 4252 Cum
678 4204 860 4248 autem
889 4191 1081 4244 audias
1115 4189 1330 4244 Patrem
1351 4188 1706 4257 principalem
1733 4200 1981 4248 causam,
2020 4199 2089 4238 ne

514 4299 670 4357 putes
725 4301 826 4340 nos
884 4286 993 4354 jam
1045 4284 1211 4338 etiam
1262 4275 1584 4336 ditl‘erenter
1644 4277 1850 4342 dicere,
1886 4275 2088 4330 Filium

517 4380 825 4448 producere
851 4377 1138 4445 Spiritum,
1177 4389 1299 4428 cum
1333 4387 1442 4426 non
1470 4370 1541 4426 sit
1567 4385 1732 4424 causa
1749 4369 2087 4439 principalis.

517 4472 662 4526 idem
687 4471 834 4524 enim
866 4466 1228 4522 nihilominus
1255 4463 1419 4519 etiam
1439 4463 1508 4518 de
1538 4471 1790 4518 creatura
1820 4465 2090 4532 sequitur.

2106 3235 2152 3294 Ε

2158 628 2283 670 cum
2318 615 2533 680 eadem,
2569 632 2680 686 per,
2715 615 2878 669 etiam
2912 614 3234 669 substatttiat
3268 615 3616 672 identitatem
3654 635 3750 673 re-

2158 708 2486 777 prazsentet?
2516 708 2730 777 Quippe
2777 721 2900 771 cum
2959 707 3104 762 beati
3165 708 3381 762 Maximi
3442 712 3749 768 sententia.

2159 811 2323 866 quam
2349 798 2476 868 ipse
2507 814 2607 867 pro
2631 813 2690 853 se
2729 799 2932 865 attulit,
2965 800 3148 868 potius
3177 799 3367 853 (IOt‘Cal
3402 799 3750 854 identitatem

2161 890 2520 945 substantiae:
2560 888 2629 945 Ut
2660 891 2830 954 enim,
2865 891 3065 960 inquit,
3113 891 3558 961 conjunctionem
3615 892 3755 944 sul)-

2159 983 2374 1038 Stantia:
2405 983 2682 1049 ostendat,
2735 999 3046 1054 quanquam
3079 992 3135 1037 et
3185 984 3228 1036 si
3269 983 3444 1037 solum
3487 982 3687 1035 identit
3728 1013 3754 1024 -

2163 1083 2272 1130 tem
2320 1074 2640 1140 voluntatis,
2693 1092 2786 1145 per
2839 1075 3175 1139 ostenderet,
3260 1075 3394 1128 nihil
3441 1075 3604 1128 etiam
3670 1077 3754 1127 sic

2163 1164 2389 1221 absurdi
2445 1175 2789 1235 sequeretur,
2833 1181 2958 1220 cum
2995 1167 3185 1222 eadem
3228 1181 3336 1228 res,
3387 1173 3440 1219 et
3489 1167 3749 1228 esseiiaia,

2164 1265 2220 1313 et
2251 1257 2502 1315 voluntas
2535 1260 2602 1315 de
2635 1259 2746 1315 Deo
2795 1260 3029 1316 dicatur.
3064 1259 3223 1317 lianc
3256 1262 3402 1316 enim
3444 1261 3750 1330 potentiam

2166 1348 2559 1420 simpliciorem
2618 1351 3108 1424 sublimioremque
3139 1353 3394 1407 omnibus
3421 1367 3559 1414 esse,
3588 1367 3754 1405 nemo

2167 1450 2249 1498 est
2303 1443 2396 1512 qui
2457 1444 2690 1514 ignaret.
2743 1445 3198 1516 Unamquamque
3252 1458 3386 1499 vero
3445 1442 3751 1513 potentiam

2168 1541 2321 1589 tanto
2341 1534 2409 1588 ad
2439 1535 2594 1606 plura
2626 1551 2684 1590 se
2739 1535 2942 1591 habere
2989 1544 3199 1606 quanto
3243 1534 3545 1603 simplicior
3574 1542 3628 1588 et
3658 1548 3755 1585 su-

2169 1626 2389 1681 blimior
2418 1628 2508 1692 sit,
2542 1628 2800 1685 erunibus
2827 1629 3005 1698 palam
3035 1636 3141 1685 est.
3169 1627 3349 1693 Quare
3379 1625 3475 1679 Dei
3523 1639 3754 1694 quoque

2169 1717 2501 1773 voluntatem
2536 1718 2602 1772 ad
2651 1718 2890 1784 Filium,
2948 1729 3004 1774 et
3055 1718 3322 1788 Spiritum
3365 1725 3638 1778 sanctum,
3691 1725 3756 1768 ut

2171 1818 2423 1864 naturain
2459 1825 2557 1864 seu
2611 1809 2904 1866 essentiam
2935 1825 2995 1865 se
3027 1810 3253 1876 habere,
3287 1808 3381 1863 sed
3409 1815 3469 1861 ut
3499 1806 3755 1861 volunta-

2173 1908 2280 1955 tem
2330 1899 2397 1954 ad
2453 1910 2784 1956 creaturam.
2843 1898 3200 1955 Notissimum
3241 1898 3390 1952 enim
3441 1904 3546 1956 est,
3601 1891 3751 1961 quod

2172 1991 2352 2046 omnis
2370 1998 2426 2047 et
2447 1993 2701 2046 voluntas
2727 1991 2892 2046 etiam
2926 1990 3108 2045 divina
3173 1988 3240 2044 ad
3277 1987 3441 2044 linem
3466 1995 3522 2039 ut
3553 1993 3756 2039 natura

2173 2097 2233 2138 se
2263 2082 2425 2137 habet
2447 2082 2812 2137 determinate
2847 2082 3024 2151 ipsum
3059 2090 3346 2151 appetens,
3391 2077 3757 2148 quemadmo-

2173 2171 2302 2226 dum
2329 2181 2386 2227 et
2418 2181 2610 2226 natura
2641 2171 2710 2226 ad
2736 2188 2904 2226 unum
2919 2172 3369 2228 determinate‘se
3408 2169 3573 2224 habet
3596 2186 3608 2221 :
3630 2166 3760 2220 finis

2175 2270 2355 2316 autem
2383 2263 2681 2318 voluntatis
2717 2260 2810 2317 Dei
2866 2274 2924 2319 et
2958 2263 3135 2320 Patris
3161 2305 3176 2328 ,
3217 2262 3389 2318 Filius
3426 2271 3482 2316 et
3513 2259 3756 2329 Spiritus

2174 2362 2399 2410 sanctus
2427 2365 2544 2410 est:
2575 2358 2641 2411 ad
2665 2371 2804 2433 quos
2837 2372 3062 2413 necesse
3089 2367 3177 2411 est
3209 2371 3334 2410 eum
3375 2371 3434 2410 se
3468 2357 3668 2407 habere
3697 2363 3762 2406 ut
3789 2418 3804 2433 κ

2176 2451 2449 2498 naturam.
2492 2443 2573 2499 Ad
2602 2461 2666 2500 ea
2698 2431 2830 2501 vero
2880 2461 3001 2516 quae
3035 2453 3166 2501 sunt
3208 2444 3275 2498 ad
3304 2444 3489 2506 tinem,
3533 2449 3591 2496 et
3618 2457 3759 2510 pm:-

2176 2538 2368 2592 sertim
2407 2537 2475 2592 ad
2520 2554 2583 2592 ea
2643 2539 2759 2593 sine
2789 2539 2992 2610 quibus
3046 2546 3223 2608 potest
3257 2536 3417 2591 tinem
3463 2534 3757 2603 attingere,

2178 2638 2238 2682 ut
2286 2638 2415 2682 sunt
2457 2636 2740 2694 creaturae,
2771 2628 2905 2682 nihil
2952 2629 3100 2683 enim
3137 2628 3219 2682 hae
3258 2641 3359 2680 nec
3413 2624 3606 2678 adesse
3660 2621 3758 2675 Dei

2177 2721 2491 2789 conferunt,
2529 2738 2631 2777 nec
2679 2720 2747 2776 ad
2801 2721 2996 2776 melius
3035 2734 3190 2777 esse:
3231 2719 3298 2773 ad
3331 2719 3468 2784 haec,
3507 2717 3758 2786 inquam,

2178 2831 2289 2872 non
2312 2814 2692 2882 determinate,
2738 2823 2795 2868 et
2839 2814 3042 2869 ideirco
3089 2822 3147 2866 ut
3179 2812 3430 2866 voluntas
3470 2824 3530 2864 se
3560 2809 3760 2871 habet;

2179 2916 2329 2979 patet
2358 2908 2503 2962 enim
2531 2921 2592 2961 ea
2621 2914 2675 2960 et
2696 2907 2839 2960 nolle
2893 2915 2948 2960 et
2983 2905 3143 2960 velle.
3164 2903 3321 2959 Unde
3348 2909 3404 2956 et
3437 2901 3763 2955 Damasceni

2181 2998 2448 3055 sententia
2487 2998 2752 3060 solvatur,
2776 3004 2831 3051 et
2877 3011 2980 3050 nos
3013 2995 3082 3050 ab
3124 2993 3276 3056 omni
3326 2991 3766 3061 reprehensione

2182 3092 2348 3148 soluti
2378 3105 2589 3156 sumus,
2617 3105 2742 3145 cum
2774 3088 2941 3144 verba
2970 3073 3063 3142 illa
3103 3103 3225 3158 quas
3254 3095 3444 3140 contra
3489 3071 3611 3138 nos.
3639 3099 3766 3138 esse

2183 3184 2534 3249 videbantur,
2556 3181 2692 3237 nihil
2717 3182 2950 3237 atl‘erant
2966 3178 3283 3236 necessarii.
3307 3179 3495 3248 ltaque
3518 3176 3620 3231 iste
3635 3190 3769 3231 cum

2183 3277 2387 3348 aliquid
2400 3277 2602 3330 dixisse
2618 3275 2922 3340 videbatur,
2937 3283 3126 3328 contra
3146 3287 3204 3327 se
3219 3270 3444 3325 omnino
3459 3267 3772 3324 concludit.

2510 3387 2810 3444 Secundum
2855 3386 3006 3441 Vecci
3032 3394 3421 3457 argumentum.

2254 3506 2391 3561 Cum
2446 3501 2830 3572 sintquiilatn,
2883 3501 2976 3571 qui
3031 3499 3444 3570 Scripturarum
3473 3501 3773 3556 sententiis

2184 3598 2572 3660 adversantur,
2638 3609 2760 3662 qua:
2820 3599 3110 3661 prepterea
3146 3606 3242 3660 per
3271 3592 3470 3646 Filium
3499 3591 3771 3662 Spiritum

2185 3700 2440 3748 sanctum
2492 3704 2560 3743 ex
2617 3687 2776 3741 Patre
2825 3701 2947 3741 esse
2973 3685 3246 3752 indicant,
3288 3687 3532 3742 collectae
3558 3697 3776 3746 suntet

2187 3785 2270 3838 lia:
2323 3781 2630 3847 sententiae,
2699 3794 2821 3849 qua:
2870 3779 3187 3835 immediate
3239 3780 3437 3836 Filium
3483 3797 3548 3838 ex
3609 3783 3776 3837 Patre

2187 3891 2308 3930 esse
2328 3873 2652 3938 ostendunt,
2696 3873 2763 3926 ad
2794 3873 3098 3927 sententias
3149 3873 3270 3928 illas
3332 3873 3769 3937 confirmandus,

2188 3984 2310 4039 quae
2375 3984 2472 4037 per
2517 3966 2712 4021 Filium
2770 3964 3040 4034 Spiritum
3092 3975 3342 4020 sanctum
3373 3981 3496 4022 esse
3531 3969 3770 4022 demonc

2199 4072 2396 4120 straut.
2421 4062 2557 4116 Nam
2590 4059 2696 4114 nisi
2726 4073 2821 4128 per
2852 4057 3049 4113 Filium
3084 4059 3324 4128 Spiritus
3349 4068 3572 4114 sanctus
3600 4070 3776 4119 esset.

2191 4173 2290 4212 cur
2313 4171 2421 4210 non
2445 4164 2500 4208 et
2524 4157 2638 4224 ipse
2667 4153 2984 4207 immediate
3007 4157 3076 4206 ex"
3111 4151 3268 4207 Patre
3296 4167 3418 4207 esse
3451 4153 3780 4208 diceretur?

2643 4268 2884 4323 Paluma:
2935 4271 3307 4323 contradictio.

2268 4389 2364 4444 Est
2415 4401 2636 4456 quoque
2672 4385 2914 4454 Spiritus
2949 4395 3178 4440 sanctus
3226 4386 3545 4441 immediate
3575 4403 3640 4441 ex
3673 4388 3779 4441 Pa-

2201 4487 2283 4534 tre
2330 4478 2530 4539 dictus,
2606 4491 2674 4530 ex
2730 4492 2841 4544 quo
2902 4485 2992 4530 tua
3020 4477 3110 4530 illa
3145 4477 3446 4541 sententia,
3477 4479 3784 4547 omnisque

513 4577 682 4632 atque
708 4559 966 4614 omnibus
1004 4557 1348 4625 simpliciter,
1376 4571 1496 4624 qua:
1527 4555 1695 4610 Filius
1726 4554 1908 4626 habet,
1945 4569 2079 4623 quae-

2200 4569 2542 4624 interimitur
2571 4578 2801 4622 Conatus
2839 4567 3139 4637 Gregorius
3167 4608 3182 4631 ,
3241 4569 3337 4638 qui
3364 4586 3461 4624 sua
3499 4573 3784 4627 excellen-

515 4669 736 4722 cunque
765 4651 1001 4706 etPater
1033 4650 1194 4703 habet
1223 4665 1363 4703 :nec
1395 4650 1541 4704 enim
1579 4659 1846 4703 creaturae
1889 4647 2092 4715 princi-

520 4745 658 4813 palis
683 4755 847 4797 causa
881 4740 1053 4794 Filius
1078 4749 1183 4804 est,
1213 4739 1483 4809 siquidem
1507 4747 1764 4808 tanquam
1796 4741 2090 4794 causaliter

515 4847 572 4890 et
601 4845 658 4890 ut
685 4832 854 4888 Filius
880 4833 1064 4886 omnia
1096 4831 1274 4899 habet,
1303 4847 1644 4901 quaecunque
1665 4840 1721 4886 et
1746 4832 1909 4886 Pater
1931 4832 2095 4885 habet

516 4924 894 4998 paternaliter,
919 4930 1100 4976 etnon
1127 4924 1418 4977 causaliter
1450 4940 1464 4976 :
1499 4935 1680 4978 tamen
1705 4933 1762 4977 et
1793 4923 1908 4992 ipse
1929 4938 2094 4977 causa

515 5030 623 5085 est,
653 5027 710 5074 et
758 5032 865 5072 una
906 5031 1032 5071 cum
1069 5015 1231 5070 Patre
1267 5020 1476 5070 entium
1532 5031 1720 5071 causa.
1773 5018 1851 5070 Ae
1903 5030 2092 5070 eorum

519 5111 885 5172 identitatem.
945 5118 1000 5164 et
1068 5107 1362 5162 voluntatis
1443 5108 1744 5168 unitatem.

523 5219 626 5259 nus
683 5216 1041 5273 personarum
1099 5199 1545 5264 distinctionem,
1618 5215 1713 5269 per
1782 5200 2093 5268 praepositio

521 5300 900 5368 repraesentat.
931 5292 1062 5360 Quae
1090 5301 1294 5356 autem,
1327 5291 1526 5361 inquit,
1557 5292 1704 5360 quod
1734 5306 1871 5361 opus
1895 5291 2097 5345 divina:

523 5386 840 5451 voluntatis,
864 5394 920 5440 et
967 5382 1170 5438 idcirco
1201 5390 1502 5436 creaturam
1536 5382 1773 5438 dicimus
1821 5380 2092 5452 Spiritum

523 5490 748 5550 propter
777 5477 918 5532 hanc
955 5475 1276 5538 dictionem,
1310 5489 1424 5544 per,
1469 5490 1590 5544 quae
1623 5474 1962 5531 identitatem
2001 5490 2096 5528 vo-

520 5572 749 5626 tuntalis
797 5577 1173 5640 repra-scntat.
1239 5563 1390 5620 llaud
1447 5567 1564 5621 seio
1603 5568 1648 5622 si
1712 5568 1876 5621 alicui
1937 5566 2095 5622 alteri

523 5673 717 5730 praeter
748 5678 806 5716 se
847 5664 1023 5731 ipsum
1057 5659 1229 5714 videri
1282 5659 1514 5730 possint.
1547 5658 1600 5714 Si
1629 5658 1775 5713 enim
1807 5668 2098 5729 propterea

523 5759 669 5821 quod
703 5770 797 5824 per
831 5755 1128 5809 voluntatis
1189 5753 1535 5808 identitatem
1592 5751 1870 5814 ostendit,
1901 5767 2101 5811 secun-

523 5850 656 5898 dum
710 5846 872 5898 istum
921 5845 1161 5914 Spiritus
1209 5855 1459 5901 creatura
1499 5859 1617 5909 esse
1649 5845 1963 5918 colligitur:
1998 5860 2098 5906 cur

1825 5123 1927 5163 nec
1991 5110 2096 5162 mi-
2149 5103 2156 5110 ’

2202 4663 2275 4716 tia
2328 4660 2641 4728 Theologus
2699 4666 2782 4712 est
2833 4668 3201 4728 nuncupatus,
3235 4660 3542 4715 secundum
3571 4677 3693 4716 esse
3721 4666 3784 4718 in

2203 4755 2322 4808 suis
2373 4751 2736 4815 carminibus,
2785 4751 2996 4820 inquit,
3035 4753 3304 4822 Spir.tum
3330 4764 3580 4808 sanctum
3613 4772 3642 4809 a
3675 4756 3784 4810 Pa-

2205 4855 2285 4898 tre
2313 4843 2777 4914 quemadmodnm
2827 4853 2883 4896 ct
2918 4843 3142 4897 Filium.
3181 4845 3466 4915 Nyssenus
3496 4862 3628 4901 vero
3668 4865 3781 4902 una

2204 4952 2327 4990 cum
2371 4934 2622 5005 pluribus
2676 4933 2800 4987 aliis
2859 4935 2926 4989 ad
2957 4951 3119 4988 unam
3156 4937 3335 4991 Patris
3368 4953 3663 5006 personam
3689 4960 3789 4995 ct.-

2205 5028 2328 5082 dcm
2398 5029 2558 5082 modo
2610 5038 2910 5097 utrumque
2973 5045 3032 5084 se
3084 5030 3288 5085 habere
3317 5031 3524 5099 inquit,
3577 5045 3784 5102 praeter

2205 5119 2580 5174 subsistentia:
2634 5121 2884 5174 modum.
2928 5120 3070 5188 Quid
3120 5122 3303 5176 autem
3332 5114 3409 5177 illi
3451 5125 3547 5193 qui
3587 5127 3788 5181 dicunt

2207 5209 2477 5279 Spiritqu
2529 5222 2780 5264 sanctum
2839 5227 2902 5264 ei.
2961 5212 3122 5265 Patre
3153 5215 3478 5281 procedere,
3523 5227 3690 5284 atque
3728 5220 3786 5271 in

2208 5301 2349 5356 Filio
2381 5317 2729 5370 permanere,
2767 5314 2821 5355 et
2852 5318 2919 5356 ex
2951 5303 3114 5357 Patre
3145 5308 3198 5356 in
3233 5305 3434 5358 Filium
3461 5318 3783 5375 penetrare,

2206 5409 2270 5448 ac
2300 5408 2367 5447 ex
2397 5393 2559 5448 Patre
2587 5407 2729 5457 esse,
2760 5393 3051 5465 Verboque
3086 5399 3489 5452 concomitari?
3525 5402 3659 5454 Item
3687 5394 3786 5470 qui

2209 5485 2657 5539 communionem
2707 5485 3033 5541 cbaritatem
3116 5485 3293 5540 Patris
3358 5497 3412 5541 et
3476 5487 3598 5542 Filii
3661 5505 3791 5548 esse

2211 5572 2476 5644 Spiritum
2523 5586 2770 5628 sanctum
2821 5584 3100 5640 asserunt,
3160 5587 3432 5647 praeterea
3463 5581 3557 5648 qui
3593 5597 3792 5636 unam-

2206 5681 2481 5738 quamque
2506 5679 2796 5733 personam
2842 5667 2908 5720 ad
2934 5669 3164 5722 alteram
3197 5685 3255 5724 se
3289 5671 3489 5725 habere
3536 5688 3644 5727 non
3681 5675 3792 5727 mi-

2209 5773 2313 5813 nus
2375 5773 2536 5826 (luam
2584 5759 2651 5811 ad
2713 5773 2774 5814 se
2833 5761 3030 5832 ipsam.
3079 5759 3221 5827 Quid
3271 5764 3511 5834 denique
3545 5766 3654 5832 ille,
3693 5768 3792 5836 qui

2209 5857 2390 5903 canat
2423 5867 2435 5901 :
2477 5849 2669 5903 Munus
2720 5859 2824 5905 tua'
2890 5852 3126 5921 fecerunt
3185 5870 3265 5906 ine
3303 5865 3351 5909 et
3386 5857 3475 5926 pla
3511 5870 3791 5914 nituerunt
