4124 6420
399 457 510 521 293

1335 441 1718 532 nomen
1768 438 2388 542 marinam:
2433 457 2672 548 vacet.

3556 469 3664 555 siti

397 572 532 626 me?
589 571 784 630 Nonne
832 576 1004 647 igitur
1047 578 1102 633 hi
1135 595 1328 638 omnes
1369 583 1684 640 immediate
1712 586 1978 658 Spiritum
2010 600 2052 656 Α
2083 594 2189 648 erit
2215 595 2477 666 deinceps
2517 599 2685 680 Pater.
2723 583 2956 676 persona
3005 602 3176 658 altera
3209 589 3406 674 printer
3437 583 3658 668 Filium,

397 675 656 720 sanctum
685 681 750 721 ex
789 669 950 726 Patre
983 685 1104 727 esse
1136 675 1461 730 ostendunt.

951 783 1153 840 Nica'ni
1179 786 1432 857 defensio.

473 894 588 950 Nec
650 911 785 950 vero
831 897 1064 952 omnino
1109 914 1212 953 nos
1254 917 1521 972 negamus
1561 903 1824 974 Spiritum
1857 924 1982 963 san-

397 1001 550 1044 etum
611 990 932 1045 immediate
992 1007 1056 1044 ex
1147 991 1333 1058 Patre,
1397 1012 1712 1067 quanquam
1769 1016 1878 1055 non
1927 1002 1978 1055 id

397 1099 658 1151 expresse.
717 1085 926 1138 dictum
989 1099 1020 1138 a
1079 1085 1402 1142 doctoribus
1444 1093 1696 1146 attulisti.
1729 1093 1784 1148 Si
1817 1095 1982 1163 igitur

398 1177 568 1232 etiam
621 1175 738 1244 ipse
791 1177 1080 1230 nobiscum
1137 1193 1264 1232 eum
1314 1181 1552 1238 mediate
1607 1185 1728 1240 esse
1770 1173 1979 1252 lateris,

399 1283 503 1338 pro
537 1269 699 1321 nobis
722 1283 904 1324 sermo
927 1279 1012 1324 est
1035 1286 1050 1323 :
1079 1271 1160 1346 sin
1206 1281 1386 1327 autem
1415 1273 1466 1328 id
1491 1291 1672 1342 caves,
1697 1281 1981 1346 sequentia

401 1359 796 1422 reformidans,
853 1345 1146 1414 doetoruin
1205 1364 1302 1417 tibi
1355 1366 1717 1440 reprehensio
1757 1379 1977 1437 praesto,

402 1449 498 1517 qui
555 1457 609 1501 et
657 1449 858 1502 Filium
901 1466 966 1504 ex
1031 1451 1194 1506 Patre
1261 1453 1578 1510 immediate
1609 1471 1730 1510 esse
1757 1457 1978 1521 docent,

400 1551 568 1608 atque
593 1541 734 1593 inter
763 1556 860 1594 eos
891 1543 1031 1597 nihil
1084 1559 1208 1598 esse
1239 1545 1440 1610 medii,
1467 1561 1528 1601 ac
1559 1547 1822 1616 Spiritum
1859 1565 1980 1604 esse

401 1649 500 1702 per
536 1632 762 1698 Filium,
821 1633 1172 1706 mediamque
1229 1653 1522 1706 personam
1562 1641 1684 1694 Filii
1713 1641 1856 1697 inter
1883 1643 1981 1697 Pa-

403 1735 542 1780 trem
591 1737 649 1780 et
709 1723 980 1794 Spiritum
1037 1737 1312 1784 sanctum.
1366 1730 1454 1784 Fit
1498 1742 1680 1787 autem
1719 1735 1816 1789 tibi
1851 1735 1980 1790 hinc

400 1814 680 1884 deceptio,
745 1831 873 1869 cum
926 1817 1270 1886 distinguere
1297 1821 1346 1872 id
1384 1837 1490 1875 non
1517 1825 1715 1892 possis,
1749 1842 1858 1894 quo
1888 1842 1981 1895 pa-

401 1911 492 1956 cto
531 1919 596 1956 ex
655 1903 818 1957 Patre
887 1905 1206 1961 inuncdiate
1265 1910 1505 1978 Spiritus
1559 1914 1796 1985 sit,quo
1821 1927 1979 1985 pacto

397 1995 568 2047 etiam
628 1995 888 2049 mediate.
943 1995 1080 2050 Nam
1140 2000 1183 2053 si
1249 2002 1334 2054 vel
1365 2001 1578 2058 duabus
1610 2013 1666 2058 et
1716 2007 1975 2062 diﬁ'ercu-

401 2087 551 2142 tibus
593 2090 1046 2157 processionibns
1075 2106 1142 2145 ex
1201 2094 1358 2148 l'atre
1415 2095 1662 2166 Filioque
1705 2099 1974 2168 Spiritum

400 2188 653 2234 sanctum
695 2195 822 2236 esse
867 2180 1190 2250 fateremur,
1225 2193 1284 2238 ut
1317 2201 1382 2239 ex
1415 2187 1576 2244 Patre
1608 2191 1832 2259 quidem
1871 2194 1978 2246 im-

404 2273 666 2342 perfecte,
717 2273 964 2346 perfecte
1007 2291 1138 2332 vero
1200 2279 1526 2347 procederet
1568 2296 1633 2337 ex
1679 2283 1862 2338 Filios:
1891 2286 1975 2340 vel

405 2365 451 2418 si
483 2379 552 2418 ex
581 2364 720 2420 Filio
751 2375 966 2420 tantum
995 2369 1220 2437 prodire
1271 2386 1624 2440 poneremus,
1657 2383 1770 2429 tum
1797 2378 1974 2431 Soldtu

409 2454 647 2509 mediate
689 2470 752 2510 ex
807 2457 968 2513 Patre
1027 2459 1377 2528 procederet.
1433 2445 1590 2518 Nunc
1617 2473 1747 2519 vero
1775 2467 1977 2536 Siquis

406 2546 473 2599 ad
529 2547 744 2600 unicam
801 2551 1221 2618 productionem
1278 2557 1758 2627 processionisqne
1818 2561 1974 2614 idl‘li-

405 2639 616 2690 titatem
642 2651 706 2692 ex
741 2647 980 2709 utroque
1013 2643 1341 2712 prospiciat,
1379 2645 1620 2716 itemque
1641 2652 1786 2718 quod
1818 2651 1978 2706 Pater

402 2737 458 2783 et
512 2745 702 2794 causa.
761 2741 818 2787 et
875 2733 996 2788 fons
1045 2735 1360 2794 divinitatis
1387 2740 1494 2800 sit,
1521 2742 1592 2795 ita
1629 2742 1760 2796 utsi
1791 2745 1836 2797 is
1867 2745 1973 2798 non

399 2831 569 2888 esset,
613 2827 780 2880 etiam
843 2828 959 2895 ipse
1024 2825 1198 2884 Filius
1227 2845 1408 2901 neque
1441 2845 1610 2898 esset,
1660 2839 1838 2906 neque
1879 2829 1977 2890 ali;

399 2911 556 2982 enjits
602 2919 772 2968 causa
835 2923 1004 2981 esset,
1056 2916 1374 2994 immediate
1430 2937 1496 2976 ex
1544 2924 1704 2979 Patre
1735 2929 1977 2995 reperiet

401 3003 713 3071 Spiritum;
769 3014 826 3060 et
872 3007 940 3060 ad
1000 3008 1117 3064 haec
1160 3011 1371 3067 ducunt
1422 3009 1545 3083 quae
1592 3015 1708 3084 ipse
1758 3016 1976 3074 inducis

401 3096 571 3150 dicta.
633 3098 704 3152 At
749 3099 794 3152 si
843 3100 1098 3154 ordinem
1145 3105 1380 3172 quisque
1429 3105 1763 3174 speculetur,
1791 3109 1883 3178 qui
1919 3125 1976 3164 re

401 3188 454 3241 in
479 3186 752 3246 Trinitate
773 3203 876 3255 est,
929 3207 1029 3245 nee
1067 3193 1243 3247 solum
1287 3205 1475 3249 nostra
1509 3197 1813 3252 intentione
1841 3213 1974 3253 con-

401 3285 528 3342 Stat,
587 3279 783 3334 Filium
827 3283 1066 3336 medium
1127 3294 1338 3349 cernet,
1385 3295 1441 3340 et
1491 3289 1708 3342 tertiqu
1754 3309 1780 3343 a
1817 3291 1975 3346 Patre
2005 3313 2050 3372 ε

404 3371 694 3440 Spiritum,
752 3385 814 3428 ac
869 3391 966 3444 per
1020 3374 1221 3430 Filium
1271 3393 1336 3433 ex
1371 3379 1532 3435 Patre
1559 3382 1970 3450 procedentem,

402 3453 956 3533 habentemqueaute
981 3483 1040 3522 se
1075 3470 1539 3537 prteintellectum
1573 3468 1792 3536 Filium,
1832 3470 1975 3528 sicut

403 3555 577 3610 Filius
635 3557 802 3611 habet
860 3557 1075 3611 Patrem
1129 3573 1242 3628 pra:
1305 3575 1364 3613 se
1411 3559 1776 3632 intellectum.
1818 3563 1972 3630 Quod

403 3647 518 3714 ipse
552 3647 775 3701 minime
806 3647 1053 3717 cogitans
1084 3649 1370 3706 concludis
1401 3667 1510 3704 non
1549 3655 1884 3708 necessario.

759 3743 988 3794 Tertium
1022 3754 1393 3812 argumentum
1449 3741 1618 3798 Verri.

469 3853 754 3924 Congesta:
797 3863 926 3910 sunt
971 3864 1027 3908 et
1061 3855 1177 3909 haec
1213 3857 1625 3926 Scripturarum
1662 3859 1970 3923 sententiae,

397 3955 521 4016 Quae
574 3945 867 3998 conferunt
901 3945 966 3998 ad
1026 3957 1262 4004 mentem
1294 3947 1582 4002 doctorum
1619 3949 1972 4018 probantium

399 4053 509 4091 non
543 4036 876 4100 immediate,
913 4042 1007 4091 sed
1043 4054 1142 4108 per
1173 4037 1374 4092 Filium
1403 4053 1469 4094 ex
1503 4041 1662 4094 Patre
1692 4040 1969 4110 Spiritum

343 4121 348 4124 ’
398 4121 539 4183 esse.
593 4127 726 4181 Nam
777 4127 824 4182 si
875 4131 1184 4184 immediate
1239 4130 1476 4199 Spiritus
1529 4132 1674 4186 foret
1699 4147 1765 4186 ex
1789 4133 1969 4197 Patre,

397 4234 510 4274 non
533 4219 812 4275 diceretur
838 4235 962 4274 esse
997 4219 1168 4275 Filius
1194 4223 1372 4292 imago
1415 4223 1614 4290 Patris,
1646 4235 1702 4278 et
1731 4224 1972 4294 Spiritus

399 4310 580 4382 imago
633 4309 777 4374 Filii,
824 4309 998 4365 Filius
1059 4319 1308 4381 Operatio
1373 4314 1570 4379 Patris,
1620 4325 1676 4371 et
1731 4317 1971 4387 Spiritus

397 4404 652 4473 operatio
692 4402 839 4466 Filii,
883 4402 1057 4458 Filius
1087 4406 1320 4475 persona
1347 4406 1544 4476 Patris,
1575 4409 1814 4478 Spiritus
1845 4426 1967 4479 per-

397 4496 530 4553 s'oua
566 4499 710 4553 Filii.

863 4593 1110 4650 Polemo:
1139 4593 1514 4649 contradictio.

467 4713 878 4776 AmentiSsime,
937 4709 1032 4781 qui
1089 4708 1256 4778 impie
1295 4708 1384 4764 hic
1444 4708 1900 4779 describis,qu:e
1938 4727 1967 4764 a

397 4805 604 4861 sanctis
658 4803 809 4859 recte
857 4818 960 4858 .ac
1013 4802 1104 4869 pie
1165 4803 1450 4866 dicuntur,
1520 4802 1801 4872 quomodo
1859 4815 1969 4856 non

395 4897 694 4968 conspicis,
772 4895 920 4965 quod
975 4902 1177 4949 sancta:
1226 4893 1480 4948 Trinitati
1532 4891 1846 4950 communia
1916 4905 1970 4949 ct

396 4991 670 5046 naturalia
723 4989 930 5042 nullam
987 4986 1192 5041 habent
1243 4985 1611 5040 diﬂerentiatu
1644 5003 1658 5040 :
1691 4983 1966 5058 siquidem

396 5101 539 5139 unus
571 5085 711 5136 Deus
745 5091 846 5148 est,
875 5096 982 5134 una
1043 5081 1240 5149 imago,
1293 5079 1398 5132 un'a
1428 5079 1704 5146 veluntas,
1742 5097 1848 5136 una
1877 5082 1969 5135 de-

393 5179 562 5247 nique
617 5174 818 5239 Patris,
865 5181 922 5227 et
957 5171 1103 5235 Filii,
1127 5181 1182 5226 et
1205 5171 1446 5242 Spiritus
1471 5173 1644 5226 sancti
1669 5175 1915 5242 operatio
1951 5191 1966 5228 :

393 5265 562 5332 igitur
621 5277 728 5315 una
785 5269 914 5314 cum’
979 5260 1104 5313 aliis
1152 5259 1318 5312 etiam
1361 5275 1487 5313 cum
1524 5275 1755 5328 persona
1793 5263 1966 5318 altera

388 5355 624 5411 alterius
671 5353 867 5407 harum
915 5352 1145 5416 dicitur,
1192 5351 1462 5406 naturalis
1487 5362 1592 5418 est,
1619 5362 1674 5407 et
1706 5371 1816 5409 non
1841 5372 1967 5426 per-

387 5450 617 5512 sonalis,
651 5456 818 5516 atque
849 5446 1132 5500 ostensiva
1163 5445 1526 5500 immutabilis
1562 5447 1962 5514 similitudinis,

388 5540 485 5596 sed
533 5555 643 5594 non
704 5537 928 5592 modum
984 5534 1338 5590 subsistentis
1395 5535 1760 5600 demonstrat,
1795 5539 1962 5593 absit.

387 5618 470 5686 Tu
500 5645 634 5684 vero
660 5645 769 5690 non
803 5627 883 5681 sic
911 5641 1203 5696 personam
1231 5627 1458 5681 alteram
1484 5628 1714 5704 alterius
1740 5627 1966 5696 dicens,‘

387 5724 484 5779 sed
535 5723 878 5792 hyposmtice
931 5721 1044 5774 haec
1106 5717 1418 5789 intelligens
1455 5737 1469 5775 :
1507 5736 1616 5774 non
1650 5733 1806 5792 potes
1843 5741 1966 5781 esse

387 5817 652 5884 deinceps
706 5813 1034 5882 praedicator
1093 5809 1400 5867 Trinitatis.
1443 5811 1578 5868 Nam
1611 5815 1654 5869 si
1692 5815 1862 5872 Filius
1880 5827 1964 5874 est

387 5919 624 5982 persona
671 5903 871 5969 Patris,
937 5917 998 5959 ut
1041 5918 1107 5958 ex
1152 5919 1238 5972 eo,
1303 5915 1357 5960 et
1407 5905 1642 5976 Spiritus
1670 5909 1814 5996 Filii,
1851 5927 1959 5966 non

2087 701 2262 754 neque
2319 687 2487 742 Filius
2543 695 2740 757 przet'er
2781 691 3046 760 Spiritum
3100 705 3375 750 sanctum.
3423 697 3656 753 Videsns

2085 791 2192 844 quo
2229 789 2387 848 pacto
2409 779 2722 834 sanctorum
2751 784 2975 851 quidem
3017 785 3164 840 dicta
3193 786 3282 856 pie
3311 804 3374 840 ae
3415 799 3568 842 recte
3602 803 3662 844 se

2085 871 2308 934 habent,
2335 873 2429 926 abs
2458 881 2508 929 te
2528 875 2844 946 veroimpie
2877 885 2932 930 et
2957 892 3212 946 perverse
3243 881 3663 950 suscipiantur?

2627 1009 2828 1064 Nic-(vni
2876 1012 3123 1081 defensio.

2155 1137 2372 1193 Siccine
2433 1147 2488 1194 tu
2550 1140 2767 1218 beatum
2801 1145 2990 1200 'etiam
3023 1137 3253 1202 Paulum
3281 1189 3296 1213 ,
3339 1149 3430 1218 qui
3463 1149 3662 1204 Filium

2088 1231 2387 1286 invisibilis
2413 1231 2505 1287 Dei
2531 1215 2824 1306 imaginem
2887 1239 3149 1298 afﬁrmat.
3179 1249 3234 1294 et
3271 1242 3389 1312 ejus
3417 1257 3666 1311 personze

2085 1324 2464 1394 splendorem.
2519 1327 2819 1398 gloriaeque
2879 1331 3231 1400 splendorem
3293 1333 3586 1392 andiszac
3619 1335 3664 1400 si

2085 1415 2444 1472 diceretcum
2471 1421 2720 1488 ejusdem
2750 1437 3004 1492 persona:
3044 1441 3169 1480 cum
3201 1427 3363 1480 Patre
3387 1441 3533 1491 esse,
3571 1444 3668 1482 na-

2087 1517 2333 1578 turaeque
2385 1510 2562 1564 solum
2623 1513 2940 1569 ostenderet
2975 1515 3335 1582 identitatem,
3394 1535 3504 1574 non
3553 1519 3666 1574 dis-

2085 1599 2410 1654 tinctionem
2449 1617 2670 1672 quoque
2732 1621 3116 1674 personarum.
3149 1610 3220 1663 At
3273 1625 3394 1672 nos,
3429 1611 3522 1680 qui
3559 1611 3666 1664 ﬁde

2083 1706 2148 1746 ac
2214 1692 2428 1748 ratione
2491 1695 2770 1760 ducimur,
2829 1707 2887 1753 et
2942 1699 3283 1756 identitatem
3326 1711 3537 1757 natura:
3570 1718 3666 1772 per

2085 1785 2202 1840 haec
2263 1787 2485 1842 nomina
2529 1788 2894 1860 intelligimus
2953 1795 3511 1864 imaginem,scilicet
3542 1811 3666 1866 per-

2085 1889 2274 1930 sonam
2324 1886 2377 1932 et
2438 1882 2814 1948 operationem
2848 1901 2860 1936 :
2893 1883 2966 1937 ita
3024 1895 3084 1939 ut
3133 1901 3428 1955 possumus
3493 1887 3662 1942 etiam

2015 1957 2052 2010 Β
2085 1967 2270 2023 direre
2323 1987 2498 2034 unam,
2543 1989 2664 2026 esse
2721 1984 2922 2054 sancite
2966 1975 3254 2032 Trinitatis
3285 1989 3339 2034 et
3370 1981 3660 2050 imaginem

2083 2069 2138 2114 et
2183 2062 2527 2117 divinitatem
2589 2081 2690 2134 pro
2759 2067 3104 2137 exeniplari,
3174 2069 3468 2141 imaginem
3521 2072 3662 2126 reci-

2087 2154 2299 2222 pientes
2337 2147 2532 2210 eodeni
2563 2157 2746 2222 modo,
2780 2169 2834 2212 et
2859 2147 3148 2228 personam
3179 2157 3358 2218 Patris
3389 2164 3656 2225 dicentes.

2086 2245 2263 2300 Patris
2313 2232 2682 2308 substantam
2717 2237 3186 2312 demonstramus,
3243 2269 3369 2309 cum
3435 2255 3489 2309 in
3547 2255 3658 2309 Deo

2083 2341 2394 2395 substantia
2450 2337 2594 2396 idem
2645 2343 2715 2398 sit
2774 2359 2898 2398 cum
2965 2361 3198 2414 persona
3261 2337 3402 2416 ejus,
3458 2364 3560 2404 nec
3591 2363 3658 2404 eo

2087 2433 2269 2487 minus
2323 2441 2378 2488 et
2412 2438 2772 2504 personarum
2828 2437 3172 2493 ostendimus
3216 2438 3654 2496 distinctionem.

2083 2521 2217 2576 Nam
2241 2531 2298 2577 et
2335 2533 2444 2578 tres
2483 2541 2747 2593 personas
2775 2537 2964 2583 sancta
2989 2529 3044 2582 in
3072 2529 3346 2586 Trinitate
3395 2533 3655 2599 fatemur,

2086 2631 2192 2668 non
2260 2615 2605 2672 identitatem
2673 2635 2770 2688 per
2823 2619 2950 2685 hoc,
3001 2626 3096 2677 sed
3127 2623 3538 2682 distinctionem
3563 2627 3660 2683 de-

2085 2695 2458 2763 monstrantes
2497 2728 2509 2763 :
2551 2711 2840 2783 imagoque
2895 2726 3044 2770 certe
3099 2733 3207 2772 non
3257 2720 3323 2774 ad
3371 2735 3430 2774 se
3462 2721 3655 2790 ipsam,

2083 2800 2178 2854 sed
2235 2801 2303 2854 ad
2363 2790 2509 2856 illam
2551 2805 2817 2872 refertur,
2857 2813 3015 2879 cujus
3043 2809 3302 2879 etitnago
3339 2822 3458 2876 est;
3491 2823 3546 2868 et
3581 2815 3654 2866 id-

2084 2893 2236 2946 circo
2269 2893 2610 2964 bypostasim
2647 2897 2939 2968 signiﬁcat,
2967 2915 3090 2954 cmn
3131 2901 3421 2956 relativum
3457 2919 3656 2959 nomen

2083 2983 2153 3037 sit
2197 2994 2254 3038 et
2291 3000 2580 3052 personam
2621 2989 2942 3044 constituat.
3003 2991 3084 3046 Tu
3112 3008 3244 3048 vero
3277 3009 3388 3064 quo
3411 3005 3574 3065 pacto
3601 2996 3654 3050 id

2087 3073 2380 3144 intelligas,
2445 3064 2669 3144 nescio,
2732 3077 2856 3133 cum
2901 3083 3234 3137 naturaliter
3259 3085 3370 3138 dici
3407 3101 3515 3139 non
3556 3086 3658 3158 by-

2060 3155 2356 3235 postatice
2410 3168 2657 3225 afﬁrmes
2689 3188 2703 3224 :
2730 3172 2955 3241 quando
3003 3174 3141 3228 alter
3169 3191 3401 3243 persona
3431 3155 3659 3232 alterius

2085 3247 2310 3322 dicitur,
2375 3271 2540 3330 atque
2581 3262 2980 3320 inconveniens
3036 3266 3312 3336 quoddam
3341 3277 3530 3324 contra
3560 3285 3660 3324 nos

2084 3347 2283 3406 all‘erre
2309 3361 2490 3422 putas,
2522 3349 2666 3422 quod
2699 3349 2910 3423 liquido
2955 3365 3150 3412 centra
3185 3367 3236 3413 te
3261 3370 3367 3416 est.
3401 3360 3533 3415 Nam
3561 3379 3662 3416 no-

2079 3445 2164 3500 bis
2197 3435 2512 3504 dicentibus
2569 3429 2770 3502 Filium
2801 3438 3093 3518 personam
3121 3467 3240 3506 esse
3270 3451 3470 3520 Patris,
3501 3471 3566 3510 cx
3589 3471 3658 3510 eo

2081 3537 2467 3609 prodeuntem,
2502 3537 2626 3593 Filii
2661 3556 2852 3597 rursus
2873 3527 3138 3612 Spiritum
3171 3557 3422 3602 sanetum
3445 3590 3458 3614 ,
3495 3547 3556 3604 ui
3589 3567 3654 3605 cx

2079 3623 2144 3684 eo
2202 3630 2614 3699 procedentem,
2663 3632 2819 3702 sequi
2877 3645 3038 3704 putas
3077 3651 3142 3690 ex
3180 3637 3283 3694 hoc
3314 3655 3422 3695 non
3469 3641 3656 3698 dicere

2079 3717 2293 3774 Patrem
2343 3719 2508 3774 aliam
2547 3736 2840 3791 personam
2873 3739 2996 3779 esse
3022 3765 3034 3789 ,
3062 3721 3118 3780 'et
3149 3726 3350 3783 Filium
3381 3731 3565 3798 aliam,
3601 3745 3656 3787 et

2079 3809 2343 3879 Spiritum
2373 3823 2646 3868 sanctum.
2681 3811 2794 3884 Ego
2829 3825 3038 3880 autem,
3064 3819 3107 3872 si
3143 3819 3285 3876 bene
3314 3830 3461 3877 tuam
3495 3826 3656 3880 intel-

2075 3904 2184 3973 ligo
2237 3904 2528 3970 rationem,
2591 3921 2658 3960 ex
2710 3905 2800 3960 tua
2859 3901 3082 3984 quidem
3140 3911 3245 3967 hac
3285 3915 3570 3984 .positione
3599 3916 3650 3969 id

2076 3995 2533 4050 absurdissimum
2602 3999 2757 4067 sequi
2810 3983 3114 4055 assererem
3145 4001 3168 4069 ;’
3217 4019 3247 4058 e
3308 4018 3493 4060 nostra
3521 4022 3652 4062 vero

2076 4087 2303 4140 omnino
2357 4087 2726 4144 contrarium;
2780 4087 2836 4144 Si
2905 4090 3052 4146 enim
3099 4094 3329 4148 alteram
3359 4112 3650 4166 personam

2075 4179 2303 4233 alterius
2357 4175 2466 4232 dici
2525 4179 2870 4236 identitatem
2917 4183 3208 4252 duntaxat,
3247 4201 3312 4241 ac
3341 4179 3655 4247 immutabi-

2075 4269 2180 4324 lem
2241 4271 2660 4326 similitudinem
2719 4273 3005 4339 ostendit,
3059 4284 3120 4328 ut
3179 4278 3294 4347 ipse
3340 4283 3654 4351 poniszest

2073 4374 2255 4418 autem
2311 4357 2544 4432 persona
2597 4365 2776 4419 Patris
2830 4365 3024 4433 Filius,
3093 4379 3152 4423 ut
3197 4371 3344 4427 idem
3379 4377 3428 4429 ei
3453 4391 3655 4432 secuno

2073 4456 2202 4510 dum
2225 4453 2607 4523 siibstantiam,
2667 4447 2909 4530 itemque
2947 4463 3070 4518 Filii
3104 4465 3364 4534 Spiritus,
3395 4479 3455 4523 ιιι
3491 4471 3644 4542 ejus-

2073 4547 2198 4601 dem
2283 4547 2457 4602 solum
2516 4541 2638 4605 eum
2702 4567 2770 4605 eo
2829 4551 3176 4621 substantiae,
3235 4560 3487 4629 profecto
3525 4541 3652 4618 non

2001 4649 2045 4704 ῐ)
2075 4650 2223 4696 esset
2270 4641 2372 4696 alia
2433 4659 2666 4712 persona
2713 4637 2912 4712 Patris,
2968 4663 3134 4718 quam
3169 4651 3292 4707 Filii
3327 4663 3382 4708 et
3411 4654 3652 4725 Spiritus

2077 4733 2274 4795 sancti,
2319 4749 2422 4788 nec
2457 4735 2676 4790 illormn
2718 4739 2785 4793 a‘b
2818 4739 3076 4796 invicem.
3115 4742 3306 4814 Neque
3339 4747 3485 4800 enim
3521 4750 3656 4804 alte-

2077 4819 2191 4877 rius
2248 4826 2576 4881 substantia:
2629 4829 2782 4892 sunt,
2845 4832 2940 4886 sed
2978 4847 3103 4888 cum
3137 4849 3424 4904 personam
3473 4839 3654 4895 Patris

2077 4915 2162 4970 vel
2214 4929 2502 4985 personam
2567 4919 2689 4973 Filii
2733 4921 3044 4990 audiemus,
3116 4927 3357 4998 itemque
3414 4929 3656 4999 Spiritus

2073 5009 2250 5062 saneti
2279 5003 2626 5064 identitatem
2653 5013 2978 5070 substantia:
3016 5017 3428 5088 intelligemus;
3480 5023 3552 5077 ita
3595 5035 3654 5077 ut

2073 5101 2377 5153 secundum
2431 5110 2484 5156 te
2539 5101 2780 5158 Trinitas
2826 5107 3137 5175 perimatur
3170 5112 3237 5164 ad
3273 5113 3500 5166 unicum
3540 5115 3650 5168 circ

2065 5186 2403 5262 Qtr'n'scripta
2468 5193 2662 5250 Deum.
2719 5201 2814 5250 Sin
2873 5209 3084 5268 autem,
3145 5215 3202 5256 nt
3261 5215 3648 5270 nosmtcmur,

2070 5282 2299 5336 alteram
2324 5297 2616 5353 personam
2642 5271 2871 5344 alterius
2897 5291 3006 5346 dici
3032 5335 3046 5358 ,
3081 5309 3145 5347 ex
3171 5295 3262 5349 illo
3295 5311 3417 5350 esse
3441 5299 3649 5366 signiti-

2071 5383 2181 5439 cat,
2221 5376 2382 5447 cujus
2423 5387 2478 5431 et
2509 5394 2631 5433 csse
2660 5381 2886 5445 dicitur.
2929 5386 3203 5456 simulque
3251 5389 3498 5458 ejusdem
3526 5371 3648 5444 esse

2069 5465 2390 5522 substantiae
2420 5491 2433 5525 ;
2461 5471 2720 5540 quoniam
2751 5477 3020 5545 quidquid
3051 5493 3118 5531 ex
3151 5479 3337 5546 aliquo
3367 5481 3644 5544 est,al:uil

2070 5553 2312 5609 dilucide
2369 5565 2474 5624 est,
2525 5560 2720 5616 saltem
2771 5565 3078 5620 substantia
3108 5575 3166 5621 et
3197 5583 3453 5637 persona,
3479 5587 3643 5640 quant

2069 5647 2238 5720 illud,
2281 5664 2346 5703 ex
2407 5666 2516 5719 quo
2543 5653 2750 5712 dicitur
2775 5671 2918 5721 esse,
2951 5661 3230 5728 quomodo
3261 5675 3372 5716 non
3399 5667 3511 5720 erit
3544 5667 3644 5723 Pa-

2070 5745 2154 5790 ter
2202 5737 2306 5792 alia
2359 5755 2614 5809 persona,
2665 5754 2720 5798 et
2779 5748 2973 5812 Filius,
3019 5760 3078 5803 et
3114 5752 3355 5821 Spiritus
3379 5759 3645 5814 sanctus?

2067 5825 2258 5895 Itaque
2317 5845 2420 5884 nos
2467 5833 2689 5901 quidem
2749 5836 2864 5892 hmc
2930 5853 3266 5910 asserentes,
3319 5844 3644 5906 Trinitatem

2068 5932 2230 5986 quam
2266 5924 2854 5997 maxime-servamus;
2911 5941 2966 5988 ιιι
2999 5949 3130 5990 vero
3159 5951 3294 5992 cave
3334 5947 3651 5996 ιιθ’(τοιιῑι·ει-
