4124 6402
495 438 641 545 ’995

1491 474 2003 543 BESSARIUNIS
2041 482 2098 545 S.
2150 482 2217 545 Ii.
2261 481 2330 542 E.
2364 472 2830 543 CARDINALIS

3653 472 3764 545 296

519 599 664 654 rium
725 594 917 660 facias,
971 594 1288 667 injusteque
1332 610 1450 651 nos
1510 596 1830 666 redarguas,
1883 595 2086 666 quibus
2116 602 2159 657 Α
2191 595 2448 657 aliirmas.
2486 595 2797 667 Filinmque
2850 596 3093 654 medium
3140 612 3259 654 esse
3290 597 3516 663 'ass’eris,
3548 613 3617 654 ne
3648 601 3761 654 itu-

523 690 640 760 ipsc
692 688 889 758 dignus
932 702 992 742 es
1016 688 1386 758 ,‘improperia
1420 688 1473 741 itt
1509 704 1609 743 nos
1642 689 1899 741 inferens.
1934 686 2089 753 Quod

520 790 703 835 autem
727 796 854 833 cum
870 779 1090 849 “aliquid
1112 794 1371 849 persona,
1431 780 1514 833 vel
1548 779 1815 849 putentia,
1843 779 1925 832 rel
1958 793 2089 847 ope—

524 875 665 928 ratio
693 873 895 927 dicitur
923 873 1255 943 eujuspiam,
1308 873 1387 927 ad”
1410 872 1721 927 hocaliam
1756 871 2089 942 hypostasim

518 968 634 1017 sive
660 978 945 1033 personam
1000 963 1295 1033 signiticet,
1363 964 1530 1018 etiam
1566 978 1632 1016 ex
1665 978 1730 1016 eo
1760 976 1887 1016 esse
1917 959 2091 1028 signi-

523 1054 669 1118 ﬁcal,
725 1056 884 1126 cujus
941 1065 997 1109 et
1050 1070 1172 1109 esse
1225 1054 1455 1109 dicitur.
1520 1054 1661 1110 Audi
1724 1054 1854 1123 quid
1901 1066 2093 1106 omnes

522 1146 1037 1201 dicant:Cbistum
1102 1146 1318 1201 scilicet
1370 1146 1466 1200 Dei
1524 1146 1851 1217 potentiam,
1913 1152 1970 1198 et
1996 1143 2088 1198 Dei

521 1237 890 1306 sapientiam;
944 1238 1184 1307 itemque
1235 1238 1511 1292 viventem
1566 1246 1621 1291 et
1698 1237 2087 1290 subsistentem

522 1330 920 1397 operationem,
970 1338 1025 1383 et
1066 1329 1367 1399 potentiam
1403 1329 1587 1382 Patris
1612 1327 1832 1382 Filium.
1875 1328 1938 1381 Et
1969 1342 2091 1380 rur-

522 1436 615 1473 sus
659 1421 925 1488 Spiritum
982 1431 1233 1475 sanctum
1290 1436 1398 1475 non
1440 1420 1679 1474 alienum
1735 1434 1764 1471 a
1800 1418 1957 1482 Filio,
1994 1416 2090 1471 sed

524 1512 577 1565 in
604 1527 692 1576 eo,
728 1520 783 1565 et
811 1527 877 1566 ex
904 1527 994 1580 eo,
1025 1522 1190 1583 atque
1242 1520 1302 1567 ut
1349 1516 1655 1566 naturalem
1690 1508 2088 1580 operationem.

522 1602 694 1657 Pater
733 1605 878 1657 enim
914 1604 1059 1674 quod
1109 1619 1233 1658 cum
1293 1603 1465 1658 Filius
1505 1602 1814 1658 subsistens
1844 1600 2089 1671 potentia

522 1696 704 1752 Patris
734 1698 840 1761 sit,
905 1697 975 1750 ab
1028 1712 1096 1751 eo
1130 1697 1295 1767 etiam
1328 1695 1510 1751 diﬂ'ert
1538 1695 1595 1750 in
1622 1704 1890 1763 quantum
1918 1692 2093 1763 hypo-

524 1788 687 1842 stas'rs
730 1796 837 1853 est,
900 1796 956 1843 et
1016 1789 1319 1843 secundum
1369 1789 1474 1843 hoc
1515 1788 1680 1844 etiam
1708 1802 1773 1842 ex
1802 1800 1870 1841 eo
1901 1794 2005 1850 est,
2036 1792 2094 1839 et

525 1880 793 1948 Spiritum
854 1889 1104 1935 sanetum
1165 1880 1471 1934 naturalem
1530 1878 1650 1935 Filii
1685 1876 2088 1947 operationem,

2197 684 2433 740 mediate
2456 686 2723 756 Spiritum
2760 702 2969 757 ponens
2990 703 3114 744 eum
3134 689 3379 761 genitum
3410 690 3630 761 cogaris
3645 690 3768 760 opi-

2191 775 2335 833 nari.
2368 775 2573 829 videris
2602 792 2782 847 neque
2818 792 2879 832 re
2915 778 2972 833 in
3016 780 3258 835 divinam
3310 781 3640 836 Trinitatem
3668 798 3769 837 or-

2192 866 2373 919 dinem
2407 882 2637 936 ponere,
2692 870 2786 924 sed
2823 870 2937 939 ipse
2969 871 3021 925 id
3055 873 3416 944 concipiendo
3439 873 3595 943 quasi
3617 873 3769 928 dono

2194 960 2519 1025 concedere,
2552 977 2617 1015 ac
2648 972 2840 1031 putare
2872 965 2926 1018 in
2963 974 3013 1018 te
3040 981 3182 1030 esse,
3210 982 3335 1022 cum
3362 966 3603 1021 volueris
3642 982 3773 1034 per—

2194 1051 2458 1105 mutando
2491 1052 2739 1107 ordinem
2778 1054 3069 1109 nominum
3115 1065 3471 1126 postponere.
3507 1057 3565 1112 Si
3608 1073 3761 1113 en.m

2193 1142 2264 1196 ob
2294 1157 2493 1196 nomen
2528 1143 2707 1199 Patris
2738 1143 2883 1213 (nam
2931 1146 3036 1201 hoc
3066 1147 3310 1201 arbitror
3353 1149 3767 1203 confessionem

2194 1233 2378 1304 vocas)
2422 1248 2534 1288 non
2583 1235 2749 1289 effers
2797 1235 3115 1291 immediate
3166 1237 3431 1307 Spiritum
3488 1249 3769 1301 sanctum.

2194 1342 2263 1381 ne
2307 1326 2526 1396 genitus
2557 1337 2800 1396 putetur,
2827 1327 2955 1383 licet
2989 1330 3034 1383 si
3077 1344 3204 1384 eum
3252 1331 3551 1399 spirantem
3585 1330 3769 1384 nomi-

2190 1416 2473 1491 stabimus,
2506 1417 2769 1487 Spiritum
2800 1420 2985 1473 statim
3024 1420 3253 1487 inferre,
3275 1432 3330 1475 et
3362 1437 3461 1491 per
3493 1421 3767 1491 Spiritum

2193 1524 2258 1563 es
2289 1509 2531 1577 Spirante
2565 1508 2763 1563 Filium
2797 1524 2940 1577 esse,
2978 1509 3288 1581 Filiumque
3326 1527 3425 1582 per
3466 1527 3527 1567 se
3558 1529 3625 1567 ex
3660 1507 3771 1566 Pa-

2196 1610 2298 1666 tre,
2345 1601 2440 1655 scd
2491 1616 2582 1670 per
2627 1601 2885 1655 accidens
2926 1618 2994 1657 ex
3023 1603 3267 1672 spirante
3300 1620 3314 1657 :
3346 1602 3611 1673 Spiritum
3660 1621 3771 1658 au-

2197 1708 2304 1751 tem
2334 1705 2583 1751 sanctum
2616 1709 2713 1764 per
2748 1708 2805 1747 se
2829 1710 2892 1749 es
2923 1695 3187 1767 spirante,
3233 1693 3329 1749 sed
3362 1710 3422 1749 ex
3460 1696 3619 1751 Patre
3669 1713 3773 1766 per

2195 1784 2472 1850 accidens,
2504 1794 2669 1853 atque
2692 1783 2745 1837 in
2771 1784 2930 1840 nobis
2954 1800 3076 1840 esse
3100 1785 3348 1840 ordinem
3375 1786 3768 1841 alterantibus.

2195 1875 2478 1930 Interdum
2516 1874 2711 1929 Filium
2774 1875 3017 1930 medium
3064 1876 3241 1930 Patris
3288 1884 3343 1931 et
3390 1875 3631 1945 Spiritus
3664 1892 3773 1945 po-

525 1985 705 2040 rreque
760 1970 902 2025 hanc
961 1986 1069 2025 non
1124 1971 1555 2034 subsistentem,
1590 1979 1647 2023 et
1670 1983 1735 2023 ex
1765 1982 1831 2022 eo
1870 1980 2011 2031 esse,
2035 1975 2091 2020 et
2123 1978 2163 2034 Β
2193 1981 2323 2021 nere
2347 2007 2362 2030 ,
2420 1981 2542 2020 eum
2579 1967 2809 2037 primam
2863 1982 3081 2022 causam
3115 1969 3461 2024 nominemus
3495 1969 3713 2023 Patrem
3751 1987 3768 2024 :

527 2062 630 2114 hac
669 2062 879 2116 ratione
939 2062 1009 2116 ab
1059 2076 1126 2115 eo
1177 2060 1460 2131 distingui.
1510 2060 1691 2126 Quare
1730 2074 1838 2113 non
1874 2066 2087 2113 tantum

524 2163 738 2209 natura:
790 2154 1131 2208 identitatem
1190 2153 1307 2207 haec
1360 2153 1583 2207 nomina
1644 2150 1969 2215 ostendunt,
2034 2150 2089 2204 in

522 2262 634 2315 quo
665 2247 781 2316 ipse
808 2255 859 2301 te
890 2246 1104 2310 laudas,
1134 2245 1230 2301 sed
1265 2246 1428 2300 etiam
1455 2245 1872 2300 distinctionem
1904 2256 2091 2313 perso-

520 2354 736 2394 narum.
790 2339 900 2393 Hac
950 2338 1116 2409 igitur
1166 2339 1379 2393 ratione
1411 2337 1647 2404 devicta,
1684 2336 1869 2392 omnia
1894 2335 2088 2402 etiam,

520 2447 644 2501 qua:
677 2442 1007 2502 sequuntur,
1051 2430 1213 2486 simul
1254 2428 1505 2485 condicta
1527 2428 1903 2499 dissipataque
1938 2436 2087 2482 sunt.

878 2565 1145 2631 Quartum
1176 2572 1543 2635 argumentum
1583 2561 1753 2616 Vccci.

591 2679 727 2735 Cum
765 2677 989 2749 quidam
1026 2677 1202 2731 nolint
1231 2675 1476 2745 profiteri
1499 2673 1701 2728 Filium
1733 2674 1790 2728 in
1814 2672 2086 2728 Trinitate

521 2771 763 2826 medium
800 2784 942 2835 esse,
976 2767 1121 2840 quod
1159 2777 1341 2821 tamen
1380 2764 1667 2819 manifeste
1692 2763 1949 2819 asanctis
1986 2763 2087 2818 Pa-

523 2863 703 2917 tribus
735 2862 1048 2915 institutum
1102 2860 1158 2913 in
1211 2857 1481 2926 theologia
1527 2863 1643 2922 est,
1697 2870 1807 2910 non
1865 2855 2091 2910 omnino

520 2954 695 3009 velint
730 2955 784 3007 in
813 2953 1082 3006 Trinitate
1118 2965 1316 3004 nomen
1366 2943 1578 3003 ordinis
1602 2960 1888 3012 asserere;
1922 2957 1980 3000 et
2005 2946 2090 3001 ha:

522 3045 812 3099 doctorum
831 3041 1193 3096 auctoritates
1222 3038 1466 3092 collectae
1488 3044 1638 3099 sunt,
1660 3043 1774 3090 tum
1803 3034 1873 3089 ad
1901 3044 2090 3089 osten-

519 3138 762 3190 dendum
802 3134 1070 3204 Spiritum
1121 3139 1374 3185 sanctum
1423 3143 1519 3198 per
1545 3126 1746 3183 Filium
1779 3140 2088 3182 connexum

517 3245 641 3284 esse
681 3228 851 3295 Patri,
881 3239 992 3280 tum
1023 3225 1091 3281 ad
1134 3224 1348 3294 liquido
1398 3222 1889 3278 demonstrandum
1938 3219 2091 3276 ordi-

517 3337 647 3381 item
683 3335 804 3376 esse
836 3321 891 3373 in
922 3316 1212 3373 Trinitate.

985 3460 1229 3517 Palama:
1258 3459 1625 3515 contradictio.

589 3574 837 3631 Mentiris
862 3583 1049 3630 contra
1078 3574 1199 3644 pios
1222 3572 1519 3642 fidelesque
1540 3570 1851 3637 hominum,
1889 3568 2086 3624 miser-

518 3670 678 3722 rime.
712 3665 866 3721 ilaud
917 3666 1065 3721 enim
1105 3665 1279 3735 ignari
1326 3679 1537 3729 sumus,
1587 3664 1837 3718 ordinem
1868 3664 1921 3717 in
1956 3662 2084 3716 Tri-

517 3763 688 3812 nitate
729 3771 888 3822 esse;
945 3755 1040 3811 sed
1093 3746 1243 3826 pium
1288 3764 1453 3824 atque
1492 3754 1731 3808 ﬁdelem.
1785 3754 1889 3819 Qui
1951 3766 2083 3805 vero

516 3850 739 3904 tertium
775 3863 803 3902 a
843 3849 1005 3903 Patre
1052 3846 1322 3918 Spiritum
1357 3856 1608 3903 sanctum
1658 3862 1725 3901 ex
1757 3847 2084 3900 necessitate

514 3940 923 4006 esseostendit,
959 3948 1218 4009 tanquam
1249 3938 1505 4009 impium,
1538 3953 1699 4008 quem
1732 3947 1787 3991 tu
1825 3954 1949 3992 cum
1976 3939 2085 3992 Eu-

516 4036 703 4089 nomio
739 4034 963 4097 asseris,
1012 4032 1241 4086 minime
1294 4032 1611 4100 recipimus.
1662 4031 1843 4099 Atque
1892 4043 2083 4085 contra

518 4126 932 4194 Scripturarum
963 4123 1267 4179 sententias
1300 4123 1574 4177 mentiris.
1605 4120 1737 4189 Qua:
1766 4138 1879 4176 non
1924 4126 2085 4177 modo

516 4217 737 4285 Filium,
766 4216 863 4273 sed
890 4217 1165 4273 interdum
1190 4208 1357 4272 etiam
1380 4215 1598 4272 Patrem
1627 4214 1767 4271 Filio
1821 4216 2083 4285 Spiritui-

513 4327 623 4380 que
654 4320 844 4365 saneto
884 4324 1084 4364 nexum
1115 4324 1241 4364 esse
1280 4310 1437 4363 aiunt
1486 4325 1502 4363 ε
1539 4307 1816 4363 interdum
1863 4323 2085 4379 quoque

514 4404 636 4458 hihi
665 4411 720 4457 et
768 4402 948 4457 Patris
994 4402 1265 4472 Spiritum
1316 4410 1570 4455 sanctum
1634 4401 1882 4455 medium
1930 4416 2083 4455 com-

515 4508 846 4561 munemque
878 4490 1170 4546 aﬂirmant.
1205 4490 1272 4545 Et
1299 4505 1464 4561 quem
1516 4490 1727 4559 liquido
1776 4488 1886 4551 dici
1920 4488 2076 4544 ordi-

516 4600 640 4639 nem
670 4583 899 4645 asseris,
931 4581 1282 4636 manifestum
1345 4589 1463 4645 est,
1519 4583 1666 4651 quod
1693 4595 1802 4636 non
1836 4581 1903 4636 de
1945 4581 2085 4638 Filio

512 4687 570 4728 et
601 4673 807 4744 Spiritu
843 4682 1033 4727 sancto
1059 4679 1162 4727 est.
1196 4670 1535 4727 Conceditur
1563 4683 1746 4727 tamen
1791 4680 1850 4727 et
1880 4672 2079 4728 Filium
2115 4671 2157 4725 D

513 4782 634 4820 esse
668 4763 945 4831 medium,
980 4763 1075 4819 sed
1113 4778 1224 4818 non
1256 4764 1437 4834 quoad
1472 4764 1853 4820 eruistentiam
1901 4766 2082 4836 Spiri-

516 4871 603 4913 tus
638 4857 708 4912 ab
758 4857 878 4922 eis,
931 4855 1023 4927 qui
1069 4856 1253 4911 divina
1297 4865 1592 4922 noverunt,
1632 4856 1731 4913 sed
1775 4859 2080 4913 secundum

512 4947 941 5013 confessionem,
975 4961 1086 5001 non
1137 4946 1454 5003 immediate
1511 4947 1779 5019 Spiritum
1826 4961 2079 5005 sanctum

513 5040 871 5113 ponentibus.
918 5054 988 5094 ne
1033 5048 1089 5095 et
1133 5041 1249 5110 ipse
1297 5040 1517 5108 genitus
1561 5042 1836 5096 videatur.
1892 5042 2081 5111 Itaque

511 5131 783 5211 ejusmodi
809 5131 955 5187 dicta
984 5146 1015 5187 a
1053 5132 1187 5188 viris
1218 5133 1427 5187 sanctis
1455 5132 1598 5188 bene
1648 5147 1715 5187 ac
1745 5144 1892 5189 recte
1921 5149 2083 5211 τερθ-

513 5227 620 5281 sita
655 5234 806 5279 sunt.
851 5222 959 5279 Sed
990 5225 1085 5295 qui
1136 5223 1193 5279 in
1229 5225 1335 5280 hoc
1363 5224 1485 5280 loco
1520 5225 1610 5281 illa
1662 5225 1886 5295 collegit
1915 5238 2083 5298 atque

510 5319 580 5375 ad
631 5332 829 5382 suam,
865 5316 957 5371 hic
1006 5316 1196 5373 falsam
1248 5316 1563 5387 opinionem
1620 5316 1875 5386 inseruit,
1936 5320 2078 5375 male

506 5411 791 5483 impieque
823 5410 910 5464 his
945 5410 1138 5464 utitur.

1045 5519 1255 5576 Nicwni
1288 5521 1545 5592 defensio.

577 5639 647 5692 At
677 5637 844 5696 homo
876 5637 1129 5709 quisquis
1157 5651 1240 5705 es,
1272 5637 1368 5708 qui
1403 5638 1518 5693 haec
1564 5638 1727 5704 dicis,
1754 5639 2073 5712 huiusmodi

506 5729 664 5793 ordo,
694 5745 859 5798 quem
890 5732 1149 5795 attulisti,
1176 5740 1408 5802 tuosque
1437 5732 1604 5788 doces
1631 5733 1938 5798 auditores,
1963 5751 2072 5791 non

506 5819 666 5883 ordo,
716 5822 812 5875 sed
859 5824 1045 5890 potius
1083 5823 1422 5880 inordinatio
1476 5827 1851 5896 nuncupanda
1906 5826 2069 5883 foret.

511 5908 647 5963 Nam
690 5910 737 5967 si
795 5920 1021 5980 prapter
1058 5913 1463 5971 confessionem
1490 5955 1504 5983 ,
1537 5925 1596 5969 nt
1646 5917 1757 5986 ais,
1796 5917 2069 5995 ordinent

2194 2056 2472 2112 interdum
2510 2073 2646 2112 vero
2682 2058 2862 2113 Patris
2905 2067 2960 2113 et
2998 2057 3119 2112 Filii
3171 2060 3412 2113 medium
3468 2060 3766 2129 Spiritum,

2194 2164 2317 2205 cum
2346 2167 2471 2206 eum
2508 2151 2804 2221 spirantem
2845 2152 3199 2207 aﬂirmemus.
3231 2152 3360 2218 Qute
3385 2154 3607 2224 quidem
3647 2169 3768 2207 om-

2194 2242 2286 2298 nia
2340 2252 2397 2298 et
2452 2243 2687 2297 absurda
2720 2252 2845 2298 sunt
2874 2283 2889 2309 ,
2954 2253 3011 2298 et
3056 2246 3228 2314 magis
3271 2243 3767 2310 inordinationem,

2193 2351 2353 2406 quam
2380 2335 2630 2391 ordinem
2674 2336 2965 2393 inducunt.
3003 2337 3071 2390 At
3107 2351 3209 2390 nos
3249 2337 3629 2408 hujuscemodi
3666 2354 3767 2391 or-

2193 2426 2380 2482 dinem
2418 2442 2703 2498 negamus.
2736 2427 2847 2483 Nec
2881 2443 3013 2483 vero
3046 2428 3338 2484 arbitreris
3368 2445 3469 2484 nos
3495 2446 3619 2484 cum
3649 2430 3768 2483 Eu-

2191 2519 2381 2574 nomio
2415 2535 2541 2575 eum
2592 2520 2841 2574 ordinem
2883 2522 3127 2586 sentire,
3180 2522 3514 2592 tertiumque
3558 2538 3625 2578 ex
3665 2538 3768 2576 ne-

2193 2610 2451 2665 cessitate
2493 2625 2522 2663 a
2570 2610 2737 2666 Patre
2790 2610 3064 2681 Spiritum
3103 2624 3317 2682 putare.
3350 2614 3485 2669 Nam
3536 2616 3764 2668 tertium

2189 2714 2311 2755 esse
2344 2702 2521 2770 ipsum
2564 2702 2798 2756 maxime
2828 2703 3055 2772 quidem
3090 2704 3389 2769 credimus,
3436 2714 3492 2758 ct
3541 2705 3644 2759 hoc
3692 2722 3765 2759 ex

2192 2794 2542 2848 necessitate.
2587 2793 2746 2849 Modo
2780 2794 2883 2850 hoc
2925 2797 3023 2851 tibi
3053 2797 3281 2851 verbum
3328 2814 3393 2851 es
3428 2798 3766 2853 necessitate

2193 2897 2305 2937 non
2339 2883 2609 2954 significet
2637 2885 2802 2950 idem,
2828 2896 2992 2954 atque
3028 2903 3093 2940 ex
3123 2896 3337 2949 natura,
3370 2902 3494 2941 tum
3527 2888 3603 2941 ilii
3640 2904 3767 2942 ese-

2190 2974 2413 3042 damus,
2444 2977 2538 3045 qui
2566 2992 2690 3031 eum
2729 2979 2946 3032 tertium
2977 2994 3099 3034 eSse
3147 2980 3373 3033 tradidit
3410 2981 3460 3033 in
3501 2982 3763 3034 salutaris

2190 3065 2536 3135 baptismatis
2583 3068 2901 3123 traditione.
2935 3070 3046 3131 ltc,
3080 3070 3281 3140 inquit,
3317 3079 3366 3123 et
3397 3071 3662 3141 baplizaw
3705 3074 3763 3126 iu

2189 3160 2406 3215 nomine
2441 3159 2644 3226 Patris,
2674 3171 2723 3215 et
2757 3160 2905 3226 Filii,
2940 3172 2988 3216 et
3022 3163 3256 3235 Spiritus
3286 3166 3482 3218 sancti.
3509 3165 3761 3220 Tertium

2189 3258 2372 3304 autem
2404 3261 2601 3306 natura
2636 3267 2756 3307 esse
2786 3269 3065 3323 nunquam
3100 3256 3355 3321 dicimus,
3389 3273 3491 3312 nec
3516 3274 3760 3327 unquam

2114 3328 2160 3388 (ἶ
2191 3342 2499 3399 incidemus
2534 3343 2590 3399 in
2624 3345 2857 3400 alterum
2899 3348 3303 3403 contrariorum
3332 3349 3594 3420 fugiendo
3623 3354 3766 3406 aite-

2188 3448 2334 3499 rum,
2370 3443 2431 3489 ut
2460 3434 2578 3504 ipse
2604 3435 2740 3506 agis.
2769 3435 3055 3506 Siquidem
3114 3440 3338 3495 tertium
3388 3452 3584 3495 natura
3638 3442 3761 3511 ipse

2190 3525 2443 3595 fugiens,
2475 3526 2652 3596 ipsum
2682 3527 2847 3583 etiam
2876 3528 3231 3586 discretivum
3264 3548 3624 3602 personarum
3663 3552 3763 3589 or-

2188 3617 2373 3673 dinem
2430 3634 2636 3687 negas;
2693 3635 2872 3690 neque
2925 3632 3080 3691 potes
3122 3623 3177 3677 in
3227 3624 3407 3679 medio
3465 3641 3691 3681 manere
3738 3645 3757 3683 :

2189 3724 2352 3779 quam
2404 3710 2602 3765 melius
2652 3712 2749 3765 tibi
2785 3712 2981 3767 fuisset
3026 3714 3189 3768 ambo
3240 3717 3433 3785 fugere
3482 3727 3754 3780 extrema,

2187 3811 2444 3871 stareque
2493 3802 2545 3857 in
2588 3803 2790 3869 medio,
2835 3812 2896 3860 ut
2944 3814 3130 3860 nostra
3163 3809 3434 3862 sententia
3502 3818 3588 3864 est
3617 3828 3631 3864 :
3663 3814 3760 3880 qui

2190 3908 2291 3947 nec
2315 3896 2542 3948 omnino
2574 3895 2794 3949 tertium
2821 3911 2942 3952 esse
2974 3913 3262 3965 negamus,
3303 3916 3483 3971 neque
3532 3904 3760 3958 tertium

2186 4002 2307 4042 esse
2332 3999 2529 4043 natura
2560 3990 2940 4055 concedimus,
2968 3992 3065 4046 sed
3104 3994 3326 4047 tertium
3359 3996 3581 4065 quidem
3626 4013 3757 4051 eum

2186 4091 2468 4148 ponentes,
2515 4097 2626 4136 non
2662 4084 2840 4137 solum
2877 4084 2984 4139 dici
3009 4125 3025 4148 ,
3077 4086 3174 4140 sed
3214 4089 3379 4143 etiam
3411 4104 3534 4144 esse
3592 4101 3761 4160 atque

2189 4173 2438 4227 ordinem
2472 4174 2830 4230 discretivum
2865 4178 3198 4247 recipientes
3224 4195 3608 4249 personarum.
3643 4201 3758 4237 non

2188 4273 2510 4318 naturarum
2544 4282 2559 4318 :
2592 4281 2756 4334 quem
2810 4268 3034 4335 quidem
3092 4268 3271 4338 ipsum
3326 4285 3393 4325 ex
3431 4274 3765 4328 necessitate

2184 4370 2304 4411 esse
2330 4356 2455 4426 quis
2482 4358 3212 4430 contradicat?Quanquam
3247 4365 3366 4431 ipse
3404 4381 3620 4419 omnem
3664 4382 3765 4420 or-

2187 4446 2370 4501 dinem
2429 4463 2649 4517 quoquo
2680 4450 2845 4504 modo
2891 4466 2956 4505 ex
2996 4456 3323 4511 necessitate
3373 4457 3763 4513 demonstran-

2186 4547 2316 4600 tem,
2351 4538 2496 4592 hunc
2522 4554 2643 4592 esse
2673 4540 2897 4595 tertium
2944 4558 3052 4596 non
3083 4546 3375 4613 concedas,
3406 4563 3503 4602 nec
3538 4549 3758 4604 Patrem

2188 4639 2437 4682 nostrum
2475 4629 2927 4700 Chrysostontum
2987 4635 3198 4699 audias,
3237 4652 3362 4692 cum
3416 4640 3560 4694 dicat
3597 4661 3610 4695 :
3641 4640 3765 4695 Dis-

2186 4723 2434 4775 cretirus
2499 4720 2686 4792 itaque
2717 4722 3030 4778 divinarum
3065 4744 3423 4797 personarum
3456 4732 3595 4786 ordo
3632 4747 3763 4787 sau-

2186 4814 2290 4869 ctis
2330 4822 2495 4868 notus
2521 4816 2793 4883 consistit,
2833 4818 2927 4871 sed
2985 4819 3318 4876 discretivus
3369 4835 3578 4876 naturae
3615 4826 3762 4878 ordo

2185 4907 2240 4961 in
2296 4918 2482 4962 sancta
2536 4908 2810 4965 Trinitate
2853 4911 3184 4979 rejiciendus
3230 4923 3360 4968 est:
3401 4916 3759 4970 discretivum

2183 5009 2366 5053 autem
2408 5015 2773 5069 personarum
2813 5002 3066 5056 ordinem
3126 5016 3339 5059 natura:
3368 5007 3588 5075 quidem
3642 5024 3757 5062 nun

2182 5105 2326 5158 esse,
2363 5092 2458 5146 sed
2492 5101 2683 5147 natura
2713 5104 2893 5149 tamen
2924 5109 3045 5149 esse
3093 5097 3327 5165 quilibet
3377 5112 3524 5153 sanie
3554 5102 3759 5155 mentis

2184 5183 2537 5250 concederet,
2569 5200 2632 5239 ac
2659 5187 2968 5240 secundum
3015 5187 3158 5242 hanc
3214 5190 3487 5244 rationem
3528 5205 3651 5245 esse
3702 5202 3761 5247 et

2184 5276 2520 5340 naturalem,
2552 5292 2660 5331 non
2717 5278 3025 5334 secundum
3067 5280 3214 5349 quod
3254 5289 3504 5353 naturam
3546 5282 3759 5337 discer-

2184 5368 2288 5429 nit.
2320 5368 2413 5422 sed
2444 5369 2747 5423 secundum
2779 5370 2926 5439 qttod
2956 5380 3151 5425 natura
3200 5388 3307 5427 non
3346 5375 3623 5441 positione
3657 5391 3759 5430 no-

2180 5470 2295 5517 stra
2344 5468 2447 5514 est.
2490 5460 2546 5513 ω
2584 5471 2769 5513 autem
2802 5460 3076 5516 afﬁrmant
3108 5473 3162 5516 et
3202 5464 3458 5519 doetores
3502 5465 3759 5521 Ecclesia:

2179 5551 2461 5623 principes
2502 5552 2839 5607 Athanasius
2897 5564 3065 5624 atque
3115 5554 3353 5609 Basilius
3395 5574 3408 5609 :
3451 5558 3539 5611 hic
3578 5563 3757 5628 majo-

2181 5659 2297 5697 rem
2331 5644 2767 5716 propositionem
2825 5645 3070 5709 tradcns,
3112 5647 3449 5703 Athanasius
3481 5648 3753 5704 minorem

2182 5737 2473 5802 inducens,
2501 5749 2555 5791 et
2586 5737 2965 5807 syllogismum
2993 5738 3156 5792 ambo
3176 5754 3348 5793 unum
3381 5742 3758 5811 complecten—

2181 5838 2262 5885 tcs
2298 5829 2769 5884 dentonstrautem
2826 5839 3021 5883 natura
3062 5830 3329 5900 Spiritutn
3389 5845 3638 5886 sanetum
3683 5836 3752 5888 ad

2180 5925 2378 5982 Filium
2416 5919 2699 5985 ordinari;
2735 5920 2800 5977 ad
2842 5922 3059 5979 Patrem
3121 5924 3269 5980 enim
3313 5924 3514 5980 Filium
3555 5935 3755 5983 natura
