4124 6404
378 393 484 459 297

1301 394 1599 457 APOLOG
1616 395 1689 455 ΞΑ
1730 396 2348 463 lNSeRlPTlONUM
2395 401 2635 468 VECLL

3506 411 3619 475 293

376 509 652 576 ordinari.
681 518 739 565 et
771 509 845 565 ita
880 509 1111 595 quidem
1134 518 1355 572 natura.
1386 520 1447 565 ut
1476 527 1638 566 onme
1668 521 1950 565 causatum
1979 515 2028 573 Α
2054 519 2344 587 quamdam
2376 522 2531 591 ponit
2562 522 2628 576 ad
2663 538 2827 592 quam
2855 524 3197 596 probandam
3228 527 3369 584 nihil
3407 528 3631 584 inducit

376 604 446 659 ad
482 602 759 672 propriam
787 617 1043 667 causam;
1080 590 1248 672 utque
1281 602 1356 663 id.
1389 604 1532 672 quod
1561 618 1628 657 ex
1670 601 1791 667 igne
1821 618 1949 671 pro-

376 694 604 749 ducitur
631 692 698 746 ad
741 693 920 759 ipsum
949 690 1155 760 ignem,
1189 695 1351 747 docet
1378 692 1646 759 Basilius;
1682 692 1948 761 Spiritum

387 794 571 837 autem
626 782 899 851 ejusmodi
939 793 1191 837 naturam
1243 783 1607 853 ordinemque
1646 784 1713 839 ad
1750 785 1948 840 Filium

377 877 603 940 habere,
659 892 819 944 quem
863 874 1033 929 Filius
1067 875 1135 929 ad
1188 876 1427 939 Patrem.
1479 877 1815 933 Athanasius
1860 879 1953 934 lit-

379 970 514 1022 teris
538 967 844 1032 mandavit,
872 967 966 1036 qui
994 983 1117 1021 cum
1142 969 1410 1023 naturalis
1436 968 1529 1031 sit,
1560 983 1671 1023 non
1700 970 1755 1023 in
1777 985 1951 1039 quan-

378 1071 495 1114 tum
526 1069 778 1114 naturam
819 1059 1113 1114 discernit.
1158 1060 1311 1130 Saepe
1337 1076 1575 1129 namque
1614 1059 1669 1115 id
1705 1062 1948 1129 dicatur.

379 1160 439 1203 ut
472 1150 933 1204 calumniantium
977 1151 1344 1207 obstruantur
1382 1168 1499 1217 ora,
1542 1153 1637 1208 sed
1678 1154 1808 1222 quia
1846 1169 1950 1209 na-

378 1250 502 1295 tura
546 1256 657 1293 non
716 1240 995 1319 positione
1031 1250 1221 1297 nostra
1263 1252 1388 1308 est;
1444 1258 1502 1298 re
1542 1243 1765 1313 quidem
1803 1258 1948 1310 esse.

376 1343 432 1384 et
473 1348 579 1385 non
616 1332 925 1388 intentione
961 1342 1172 1395 nostra,
1212 1350 1393 1404 neque
1430 1335 1484 1388 in
1529 1335 1691 1390 nobis
1719 1350 1862 1402 esse,
1889 1345 1952 1390 ut

376 1424 491 1488 ipse
520 1423 808 1477 arbitraris
836 1465 849 1483 .
894 1439 1021 1478 cum
1085 1425 1320 1480 velimus
1374 1434 1733 1496 permutare:
1769 1428 1949 1482 inter-

378 1513 623 1582 dumque
664 1514 737 1566 ita
771 1512 1054 1578 ordinare,
1095 1514 1376 1569 interdum
1405 1516 1566 1569 aliter
1606 1533 1619 1570 :
1650 1531 1812 1571 nemo
1840 1524 1946 1580 est.

384 1606 479 1674 qui
523 1622 631 1663 non
666 1605 956 1661 fateretur.
1001 1605 1054 1661 Si
1083 1606 1266 1674 itaque
1285 1606 1669 1675 hujuscemodi
1696 1609 1947 1663 ordinem

376 1708 433 1756 et
466 1698 582 1767 ipse
613 1699 824 1763 fateris,
872 1698 1292 1767 Seripturarutn
1324 1699 1629 1755 sententias
1661 1716 1772 1754 non
1821 1716 1947 1771 pcr-

376 1791 680 1854 vcrtimus;
723 1806 826 1843 nec
864 1790 1024 1853 ullis,
1065 1790 1160 1860 qui
1210 1802 1452 1845 mentem
1500 1791 1762 1859 habeant,
1798 1792 1948 1847 vide-

384 1880 533 1932 bitur
564 1898 576 1932 :
615 1880 711 1934 sed
754 1882 897 1936 bene
929 1897 992 1937 ac
1026 1891 1196 1946 recte,
1255 1881 1349 1951 qui
1391 1896 1485 1937 eas
1521 1882 1762 1953 collegit,
1794 1880 1942 1945 fecit,

374 1980 537 2039 atque
561 1986 661 2039 pro
701 1971 863 2026 nobis
898 1974 980 2026 hre
1019 1974 1260 2028 rationes
1284 1984 1429 2029 suttt.
1468 1974 1563 2029 Sin
1588 1983 1767 2029 autem
1801 1974 1947 2029 hunc

375 2078 564 2133 negas,
598 2065 692 2133 qui
738 2064 873 2119 dicit
917 2073 967 2119 te
994 2080 1119 2120 eum
1158 2082 1382 2135 negare,
1422 2082 1610 2121 verum
1643 2066 1800 2130 dicit,
1842 2081 1946 2121 nec

373 2157 681 2221 tnentitur,
726 2156 823 2211 sed
874 2156 1013 2211 bene
1066 2169 1117 2211 te
1171 2158 1421 2213 vulnerat
1474 2159 1657 2213 verbis
1699 2158 1945 2214 collectis

370 2246 686 2302 doctorum.
716 2250 838 2303 Vile
874 2250 1038 2303 etiam
1070 2250 1186 2305 iure
1207 2268 1341 2306 sane
1372 2252 1510 2321 agis,
1538 2267 1663 2305 cum
1687 2250 1753 2304 ad
1780 2251 1941 2305 aliam

374 2342 709 2401 sententiam
734 2342 910 2395 dictas
950 2343 1313 2401 auctoritates
1340 2345 1455 2413 ipse
1486 2343 1699 2413 colligis
1718 2383 1733 2408 ,
1759 2352 1815 2397 et
1848 2358 1944 2412 per

373 2447 473 2486 eas
503 2442 666 2501 putas
697 2432 947 2496 refellere
988 2434 1129 2490 hanc
1166 2434 1514 2490 insolubilem
1548 2451 1769 2490 auream
1798 2435 1944 2489 ordi-

375 2524 467 2579 nis
512 2534 785 2586 catenam.
836 2524 1077 2595 Spiritus
1124 2541 1359 2595 namque
1401 2525 1617 2581 medius
1663 2527 1807 2579 inter
1856 2525 1945 2579 Fi-

372 2614 509 2675 lium
567 2624 622 2668 et
661 2615 875 2669 Patrem
921 2625 1179 2686 tanquam
1234 2617 1535 2686 ingenitum
1589 2617 1943 2688 genitumque

368 2722 494 2762 esse
547 2706 770 2775 dicitur,
816 2724 941 2763 cum
992 2708 1111 2777 ipse
1162 2724 1341 2779 neque
1368 2709 1589 2778 genitus
1633 2710 1726 2773 sit.
1763 2725 1943 2779 neque

369 2800 647 2869 ingenitus
672 2801 975 2855 secundum
999 2800 1326 2872 Gregorium
1360 2801 1763 2857 Nazianzenum
1805 2819 1818 2855 :
1842 2802 1944 2857 Pa-

369 2900 456 2946 ter
485 2902 669 2946 autem
704 2893 827 2947 Filii
874 2902 926 2949 et
961 2893 1202 2961 Spiritus
1258 2892 1434 2948 sancti
1470 2909 1667 2961 nexus,
1718 2903 1775 2949 ut
1826 2895 1943 2964 ipse

372 2985 493 3040 fons
526 2986 609 3040 eis
656 2987 951 3050 etsistens.
996 2998 1051 3041 et
1097 2997 1158 3041 ut
1187 2987 1334 3049 siut.
1388 2996 1444 3041 et
1496 2999 1557 3041 ut
1592 3002 1761 3041 unum
1809 2988 1939 3043 sint.

369 3078 501 3143 Qua:
532 3094 657 3133 cum
685 3080 782 3134 abs
810 3089 861 3134 te
887 3094 1315 3149 supervacanea,
1354 3096 1456 3135 nec
1490 3080 1555 3134 ad
1596 3081 1941 3151 propositum

2050 609 2418 666 necessitatis.
2475 610 2763 681 Siquidem
2812 616 3202 671 auctoritatem
3256 616 3447 681 illam.
3501 630 3626 686 qute

2052 696 2293 766 Spiritus
2329 702 2578 757 veritatis
2604 703 2809 759 fatetur
2850 705 3119 776 Spiritum
3168 717 3446 773 sanctum,
3498 723 3623 763 esse

2054 790 2128 843 illi
2155 794 2443 862 aequalem,
2468 810 2590 864 quae
2619 795 2797 864 ipsum
2829 812 2898 851 ex
2924 798 3081 853 Patre
3112 800 3414 868 procedere
3442 798 3623 869 ponit.

2052 882 2137 935 vel
2166 898 2232 937 ex
2264 883 2405 938 Filio
2450 888 2699 956 accipere
2726 928 2740 953 ,
2776 887 2936 943 nobis
2972 889 3287 944 dicentibus
3323 910 3338 946 :
3370 890 3467 944 llis
3498 892 3623 943 uni-

2054 983 2265 1040 tatem,
2330 977 2528 1046 inquit.
2585 988 2641 1032 et
2692 982 3326 1036 consubStantialitatem
3378 981 3622 1051 Spiritus

2051 1064 2385 1129 ostendere;
2422 1082 2527 1121 non
2566 1077 2748 1122 tamen
2783 1070 2866 1124 eis
2922 1071 3337 1140 processiouem
3366 1086 3433 1126 ex
3465 1071 3623 1126 Patre
3658 1096 3661 1139 i

2050 1166 2105 1210 et
2137 1154 2300 1220 Filio,
2334 1158 2638 1212 secundum
2665 1159 2773 1214 hoc
2803 1161 2949 1214 enim
2977 1161 3233 1216 diderre:
3262 1163 3356 1217 sed
3390 1177 3622 1231 quomo-
3649 1149 3661 1231 ἶ

2051 1194 2105 1210 υ,
2138 1194 2159 1209 ι
2184 1194 2300 1220 ιιινο
2334 1194 2638 1212 ῦυυυιιυυιιι
2667 1194 2773 1214 Ιιυιο
2803 1194 2949 1214 CIIII"
2977 1194 3201 1216 υιυῠιιῠ
3221 1204 3233 1215 ι
3262 1194 3356 1217 εσυ
3390 1194 3622 1231 ιιυυιιιυ-

2050 1244 2122 1298 do
2149 1260 2261 1299 non
2316 1245 2697 1309 demonstrat.
2739 1265 2928 1303 verum
2965 1250 3329 1304 auctoritates
3384 1250 3504 1304 illas
3552 1194 3660 1304 aci

2052 1335 2198 1391 dicta
2232 1347 2485 1401 testatur,
2513 1354 2632 1407 qum
2660 1348 2839 1395 tamen
2892 1339 3143 1395 dilucide.
3170 1340 3223 1394 in
3253 1340 3623 1402 contrarium.

2050 1444 2213 1497 quam
2246 1429 2364 1497 ipse
2400 1430 2533 1484 velit
2576 1431 2806 1485 ducunt.
2843 1430 2998 1498 Quod
3060 1432 3210 1486 enim
3253 1432 3626 1486 communita-

2053 1529 2159 1575 tem
2224 1527 2515 1589 quamdam
2573 1521 3321 1593 consubstantialitatemque
3366 1523 3434 1576 ad
3486 1523 3626 1575 iuvi-

2050 1626 2169 1667 ccm
2198 1611 2573 1680 significantes
2602 1612 2991 1679 :equivaleaut,
3012 1614 3118 1669 hoc
3144 1614 3490 1669 verissimum
3518 1624 3626 1668 est.

2049 1702 2206 1769 Quod
2237 1713 2419 1759 autetn
2450 1720 2516 1759 ex
2548 1704 2710 1769 Patre
2743 1705 2990 1775 Filioque
3018 1706 3260 1775 Spiritus
3284 1708 3460 1761 sancti
3498 1722 3629 1776 pro-

2051 1793 2357 1849 cessionem
2392 1811 2501 1848 non
2533 1795 2866 1860 ostendant.
2898 1796 3003 1854 hoc
3047 1810 3198 1852 certe.
3246 1814 3276 1851 a
3336 1799 3627 1865 temetipso

2051 1886 2240 1952 affers,
2274 1888 2570 1950 adversum
2603 1902 2823 1949 omnem
2856 1890 3143 1946 veritatem
3187 1905 3456 1960 pugnans.
3493 1890 3626 1945 Nam

2052 1977 2105 2032 id
2145 1978 2323 2048 ipsum
2366 1978 2836 2035 consubstantiale
2869 1997 3033 2036 causa
3067 1991 3173 2047 est,
3203 1990 3262 2036 ut
3289 1980 3527 2050 Spiritus
3559 1997 3627 2036 ex

2051 2067 2212 2135 Filio,
2245 2069 2329 2123 vel
2372 2086 2439 2123 ex
2484 2070 2643 2125 Patre
2678 2086 2777 2140 per
2808 2071 3008 2125 Filium
3052 2075 3430 2142 producatur;
3465 2083 3628 2141 prout

2048 2159 2210 2214 divus
2244 2161 2478 2231 Cyrillus
2506 2160 2750 2217 dilucide
2778 2164 3023 2217 ostendit
3059 2180 3073 2217 :
3106 2163 3393 2231 PrOprius.
3422 2165 3624 2234 inquit.

2047 2252 2225 2307 Patris
2274 2261 2327 2307 et
2381 2253 2501 2308 Filii
2548 2266 2633 2309 est
2688 2255 2929 2324 Spiritus
2994 2270 3237 2311 sanctus.
3282 2266 3338 2311 et
3384 2273 3530 2312 unus
3554 2273 3625 2317 ex

2046 2343 2211 2399 Patre
2259 2361 2358 2415 per
2390 2346 2587 2401 Filium
2622 2357 2851 2417 propter
2881 2348 3208 2403 substantia:
3255 2349 3623 2414 identitatcm.

2046 2434 2160 2489 sive
2194 2436 2369 2489 Patris
2400 2436 2617 2491 scilicet
2645 2445 2700 2491 et
2736 2436 2880 2501 Filii.
2930 2440 3047 2493 sive
3080 2448 3135 2493 et
3174 2439 3367 2504 horum
3398 2438 3464 2497 ad
3497 2437 3624 2507 Spi-

2046 2526 2235 2581 ritum.
2270 2526 2382 2581 lloc
2413 2531 2565 2582 enim
2608 2528 2772 2583 modo
2816 2531 2902 2585 vel
2966 2530 3060 2584 illo
3092 2545 3192 2600 pro
3226 2530 3388 2587 nobis
3422 2531 3506 2585 hae
3539 2547 3623 2609 ra-

2048 2617 2227 2672 tiones
2251 2618 2477 2675 faeiunt.
2517 2620 3082 2677 Consubstautialitas
3109 2622 3255 2676 enim
3282 2622 3521 2692 Spiritus
3555 2624 3623 2677 ad

2046 2707 2261 2761 Patrem
2304 2718 2361 2763 et
2384 2708 2602 2766 Filium.
2625 2711 2885 2781 quodque
2906 2727 3099 2767 eorum
3129 2712 3355 2782 propius
3383 2711 3622 2774 dicatur,

2047 2815 2155 2854 non
2199 2801 2444 2855 excludit
2482 2804 2662 2873 ipsum
2698 2820 2763 2858 ex
2816 2804 2958 2861 Filio
2985 2846 3000 2870 ,
3054 2803 3140 2859 vel
3192 2819 3289 2873 per
3326 2803 3523 2861 Filium
3557 2819 3625 2858 ex

2046 2891 2208 2948 Patre
2259 2908 2417 2961 esse;
2472 2896 2582 2949 imo
2629 2910 2764 2950 vero
2804 2896 3085 2950 concludit
3156 2906 3323 2965 atque
3374 2895 3621 2964 probat:

2045 2983 2195 3053 quod
2229 2985 2394 3039 etiam
2427 2996 2484 3041 et
2526 2986 2659 3049 alibi
2710 2987 2854 3042 idem
2889 2988 3005 3058 ipse
3042 2987 3224 3057 inquit
3258 3004 3271 3041 :
3308 2987 3409 3050 Dei,
3447 2987 3628 3042 Patris

2050 3073 2240 3141 etiam,
2267 3088 2322 3131 et
2348 3076 2469 3131 Filii
2499 3077 2764 3146 Spiritum
2798 3088 3050 3134 sanetum
3076 3094 3221 3141 esse.
3256 3078 3348 3155 qui
3381 3078 3627 3132 consub-

372 3172 749 3242 producantur
774 3212 789 3236 ,
850 3186 962 3226 non
1008 3172 1193 3227 minus
1245 3180 1440 3227 contra
1502 3172 1897 3242 producentetn
1924 3211 1938 3236 ,
1971 3186 2014 3245 α
2048 3165 2381 3221 stantialiter
2407 3183 2473 3222 ex
2504 3178 2761 3239 utroque,
2786 3170 2999 3225 scilicet
3020 3184 3086 3225 ex
3110 3169 3269 3224 Patre
3297 3184 3397 3239 per
3428 3169 3625 3223 Filium

371 3282 533 3336 quam
566 3276 760 3322 contra
782 3281 899 3331 eos,
920 3266 1187 3321 adversus
1201 3282 1341 3335 quos
1362 3266 1585 3321 inducta
1606 3273 1754 3329 sunt,
1773 3277 1829 3321 et
1852 3282 1939 3320 rc-

372 3357 758 3428 prehensionis
785 3368 839 3412 et
869 3357 1123 3413 ruditatis
1145 3358 1677 3413 demonstrationem
1709 3358 1936 3415 habent.

711 3494 970 3558 Quintum
1017 3490 1168 3546 Vccci
1206 3502 1601 3563 argumentum.

440 3603 576 3657 Cum
625 3602 851 3672 quidam
889 3602 1023 3666 sint,
1056 3603 1149 3671 qui
1198 3602 1329 3656 illud
1375 3603 1657 3669 Evangelii
1708 3605 1938 3666 dictum.

367 3695 517 3765 quod
550 3696 817 3765 Spiritum
881 3704 1134 3750 Sanctum
1179 3693 1445 3764 Spiritum
1483 3695 1729 3749 veritatis
1764 3698 1940 3750 nomi-

368 3801 487 3853 nat,
521 3803 629 3840 non
663 3785 979 3841 concedunt
1008 3785 1152 3839 idem
1189 3784 1375 3839 valere
1420 3784 1567 3854 quod
1602 3785 1742 3839 valet
1771 3794 1825 3838 ct
1860 3786 1941 3839 di-

367 3890 517 3937 ctum
551 3896 615 3933 ex
645 3881 807 3934 Patre
844 3880 1020 3948 ipsum
1052 3878 1378 3950 procedere.
1405 3878 1654 3947 Itemque
1680 3893 1778 3932 tzcc
1802 3878 1937 3933 illud

367 3973 702 4045 a‘quivalere
731 3980 1011 4033 asserunt,
1042 3988 1106 4026 ex
1138 3973 1301 4027 Patre
1328 3972 1584 4026 videlicet
1612 3972 1935 4039 procedere.

364 4077 425 4121 et
457 4082 523 4120 ex
560 4067 700 4120 Filio
750 4066 1004 4135 accipere
1055 4065 1320 4135 Spiritum
1380 4074 1653 4119 sanctum.
1685 4066 1941 4120 Collecta:

366 4168 495 4214 sunt
523 4169 577 4212 et
601 4173 677 4211 ea:
697 4158 1063 4212 auctoritates
1084 4159 1373 4213 deetorum
1397 4158 1463 4212 ad
1491 4157 1938 4226 aequivalentiam

364 4251 769 4306 ostendendam
819 4252 1093 4321 ejusmodi
1135 4251 1411 4306 dictorum
1464 4250 1937 4322 evangelicorum.

827 4378 1073 4433 Palama:
1105 4380 1479 4434 contradictio.

432 4492 476 4547 Ο
498 4492 734 4545 hominis
759 4491 1085 4546 amentiam!
1125 4491 1261 4546 Cum
1290 4494 1437 4545 enim
1467 4492 1797 4561 tequivalent
1826 4493 1941 4547 haec

360 4585 530 4645 dicta,
561 4584 831 4638 unitatem
889 4584 1004 4638 sive
1052 4584 1701 4640 consubstatttialitatem
1762 4585 1937 4641 divini

360 4679 601 4746 Spiritus
637 4686 1074 4745 repraesentant.
1117 4677 1383 4731 diﬂerunt
1420 4685 1603 4731 autem
1635 4682 1793 4749 quasi
1828 4695 1938 4734 non

360 4770 429 4822 ab
465 4778 699 4837 utroque
724 4803 740 4830 .
785 4767 945 4821 Patre
970 4770 1179 4825 scilicet
1211 4776 1266 4823 et
1317 4768 1477 4834 Filio,
1521 4770 1935 4826 subsistentiam

361 4858 605 4929 Spiritus
658 4860 1063 4916 demonstrent.
1117 4860 1276 4930 Quod
1337 4861 1564 4933 quidem
1612 4863 1680 4923 ab
1729 4864 1937 4921 eisdem

359 4952 781 5022 scripturarum
830 4955 1125 5010 sententiis
1180 4964 1375 5013 notum
1433 4967 1537 5013 est.
1583 4957 1709 5024 Qui.
1751 4968 1961 5025 autent

360 5046 458 5098 has
494 5044 801 5100 sententias
832 5050 1169 5117 aggregavit,
1210 5049 1277 5104 ad
1308 5051 1686 5109 differentiam
1733 5052 1934 5109 horum

357 5137 632 5192 dictorum
663 5138 824 5208 quasi
854 5141 1057 5194 surdus
1088 5140 1319 5199 effectus
1360 5151 1470 5202 est.

902 5272 1107 5331 Nicamt'
1152 5276 1409 5347 defensio.

428 5384 484 5441 ln
516 5386 605 5443 bis
627 5401 729 5444 nec
751 5398 1109 5459 apparentem
1134 5390 1356 5460 quidem
1394 5394 1932 5461 argumentationem

360 5475 548 5540 affert,
581 5492 689 5547 qua
720 5478 837 5534 sola
862 5478 919 5533 in
948 5480 1071 5535 aliis
1109 5481 1304 5545 utitur,
1341 5481 1455 5542 veri
1494 5481 1772 5551 negligens
1794 5522 1808 5547 ,
1846 5480 1932 5536 vel

357 5568 646 5638 imperitus
672 5570 838 5625 etiam
862 5571 915 5626 in
937 5570 1131 5635 illis,in
1151 5573 1350 5643 quibus
1372 5572 1506 5627 illud
1533 5572 1781 5642 reperire
1811 5589 1937 5628 con-

358 5659 618 5730 tingeret.
647 5658 706 5716 ln
741 5661 827 5718 his
863 5663 1028 5719 etiam
1057 5678 1233 5732 neque
1267 5663 1313 5717 si
1344 5662 1704 5717 vehementer
1736 5663 1935 5734 quasi—

357 5751 549 5816 visset.
588 5756 911 5824 rcperisset,
960 5754 1312 5809 contumeliis
1344 5769 1474 5810 vero
1503 5764 1783 5815 auctorem
1821 5753 1935 5809 alli-

358 5842 435 5898 cit
466 5891 472 5895 .
515 5831 676 5912 prout
726 5848 892 5903 etiam
942 5848 995 5903 in
1031 5847 1151 5901 aliis
1193 5847 1321 5903 facit
1354 5864 1367 5901 :
1402 5847 1729 5917 positionem
1765 5848 1928 5904 etiam

2046 3256 2422 3326 profunditur.
2447 3257 2502 3313 Si
2526 3260 2672 3313 enim
2698 3260 3028 3329 simpliciter
3047 3260 3225 3315 solum
3252 3258 3626 3315 consubstan-

2048 3351 2256 3407 tialitas
2291 3369 2454 3408 causa
2487 3361 2635 3408 esset
2662 3394 2676 3417 .
2732 3356 2878 3427 quod
2919 3354 3158 3424 Spiritus
3213 3363 3443 3415 sanctus
3491 3368 3625 3423 pro-

2047 3443 2199 3511 prius
2228 3443 2350 3497 Filii
2377 3443 2684 3510 diceretur,
2721 3445 2910 3514 utique
2938 3454 2995 3498 et
3023 3444 3198 3499 Filius
3226 3444 3474 3513 Spiritus
3499 3458 3629 3497 san-

2045 3535 2118 3590 cti
2158 3536 2415 3603 proprius
2452 3536 2754 3605 diceretur,
2780 3552 2905 3595 cum
2932 3535 2982 3597 ei
3015 3535 3505 3605 consubstantialis
3529 3535 3624 3596 sit.

2046 3628 2192 3696 quod
2233 3641 2394 3680 nemo
2433 3642 2673 3695 unquam
2708 3625 2980 3680 atlirmarc
3024 3641 3193 3681 ausus
3237 3610 3342 3685 est.
3382 3624 3437 3680 Si
3490 3640 3626 3679 vero

2046 3717 2117 3771 ob
2151 3716 2305 3780 illud,
2343 3717 2489 3787 quod
2546 3716 2720 3771 Filius
2770 3716 2838 3771 ad
2890 3715 3110 3770 Patrem
3159 3716 3458 3777 referatur.
3511 3730 3622 3770 non

2045 3822 2233 3878 posse,
2269 3808 2471 3876 inquit.
2522 3807 2723 3862 Filium
2758 3808 3045 3878 proprium
3091 3808 3335 3878 Spiritus
3367 3808 3500 3869 dici.
3551 3823 3623 3862 ne

2045 3901 2165 3969 ejus
2194 3917 2314 3951 esse
2357 3902 2519 3954 Pater
2554 3899 2795 3968 Spiritus
2829 3908 3057 3954 sanctus
3092 3899 3353 3955 videatur
3380 3916 3394 3953 ε
3419 3907 3626 3953 testan-

2048 4001 2137 4045 tur
2184 3993 2344 4046 nobis
2396 4007 2461 4047 ex
2535 3992 2873 4055 necessitate
2913 3991 3112 4047 Filium
3162 3991 3465 4062 spirantem
3528 3995 3625 4044 aut

2048 4083 2445 4153 producentem
2488 4097 2633 4148 esse,
2667 4091 2963 4155 proplerca
2995 4079 3143 4150 quod
3192 4080 3437 4150 Spiritus
3486 4094 3618 4134 cum

2050 4176 2337 4229 relativum
2372 4190 2573 4231 nomen
2624 4177 2735 4243 sit,
2773 4174 2838 4229 ad
2882 4175 3189 4244 spirantem
3226 4173 3501 4229 referatur
3527 4187 3624 4226 ne-

2048 4276 2344 4333 cesse,,est,
2385 4279 2569 4338 atque,
2601 4284 2668 4322 ex
2719 4267 2814 4321 illo
2846 4266 3068 4337 spirari,
3097 4266 3258 4336 cujus
3289 4266 3456 4325 etiam
3489 4264 3624 4319 dici-

2051 4367 2139 4411 tur
2162 4372 2305 4417 esse.
2341 4358 2406 4412 Et
2437 4359 2510 4413 ita
2535 4366 2727 4413 contra
2758 4357 2969 4424 scipsos
3006 4356 3135 4410 talia
3162 4358 3438 4426 jactantcs
3468 4370 3627 4424 repe-

2049 4449 2286 4513 rientur,
2312 4464 2437 4505 cum
2469 4460 2665 4519 putent
2705 4448 3055 4503 adversarios
3086 4463 3433 4518 oppugnare.
3465 4447 3623 4513 Quod

1923 4536 1941 4607 ζ
1973 4536 2019 4596 D
2046 4546 2228 4591 autem
2260 4553 2371 4595 nou
2420 4539 2596 4593 solum
2630 4536 2741 4592 dici
2790 4536 3057 4607 Spiritum
3093 4540 3378 4607 proprium
3415 4537 3534 4592 Filii
3569 4537 3626 4591 itt

2046 4629 2301 4684 eumdem
2337 4644 2562 4684 sensum
2596 4628 2779 4695 cadit,
2810 4638 3075 4698 atqueex
3115 4629 3275 4683 Patre
3302 4628 3624 4698 procedere.

2046 4723 2141 4778 sed
2178 4720 2541 4785 nihilominus
2565 4731 2618 4777 et
2648 4723 2901 4792 accipere
2951 4737 3016 4775 ex
3050 4719 3209 4786 Filio,
3238 4722 3286 4774 id
3314 4723 3478 4775 etiam
3508 4738 3628 4774 rur-

2046 4828 2141 4867 sus
2170 4827 2277 4867 una
2317 4829 2442 4867 cum
2476 4814 2663 4868 multis
2706 4814 2833 4868 aliis
2862 4814 3187 4868 doctoribus
3226 4814 3345 4882 ipse
3388 4814 3628 4884 Cyrillus

2047 4915 2283 4961 testatur
2317 4922 2331 4959 :
2368 4905 2435 4963 Ut
2461 4905 2607 4961 enim
2630 4906 2945 4977 procedens
2976 4922 3076 4976 per
3112 4906 3292 4976 ipsum
3346 4905 3622 4959 naturali-

2047 5006 2135 5061 ter.
2158 5006 2417 5067 tanquam
2450 5000 2735 5069 proprium
2762 5000 2901 5069 ejus,
2934 5000 3134 5068 inquit,
3173 5014 3300 5053 cum
3328 4998 3621 5059 omnibus,
3652 4986 3656 4990 ’

2045 5105 2167 5165 qua:
2186 5089 2372 5157 habet,
2392 5091 2631 5160 perfecte
2650 5092 2900 5165 accipere
2915 5090 3139 5152 dicitur,
3160 5105 3281 5160 quae
3303 5089 3452 5143 illius
3475 5096 3622 5143 Sunt.

2411 5204 2631 5262 Sextum
2663 5214 3033 5277 argumentum
3076 5203 3245 5271 Vecpi.

2122 5297 2262 5353 Cum
2308 5296 2532 5373 quidam
2571 5296 2715 5361 sint,
2752 5284 2846 5365 qui
2893 5296 3167 5359 atIirment
3200 5293 3335 5348 haec“
3359 5295 3524 5349 verba
3555 5292 3622 5347 ad

2044 5388 2284 5443 invicem
2360 5386 2614 5451 differre,
2675 5387 2901 5456 prodire
2945 5387 3178 5451 scilicet.
3225 5385 3504 5456 proﬂuere
3566 5393 3623 5439 et

2043 5479 2371 5553 procedere.
2400 5478 2641 5533 collectae
2672 5489 2801 5533 sunt
2843 5479 2909 5539 ad
2945 5478 3386 5550 irrefragabilcm
3420 5492 3618 5533 eorum

2041 5573 2445 5637 tequivaleutize
2499 5570 3029 5632 demonstrationem
3080 5569 3383 5641 propositae
3439 5569 3619 5625 sancti

2041 5664 2230 5733 Cyrilli
2268 5663 2592 5720 sententiae:
2649 5661 2853 5716 deinde
2893 5661 3130 5715 aliorum
3174 5661 3323 5716 dicta
3367 5664 3619 5727 Patrum,

2043 5756 2140 5825 qui
2174 5755 2241 5811 de
2294 5763 2484 5809 sancta
2528 5748 2800 5808 Trinitate
2837 5759 3146 5807 tractarunt
3173 5793 3189 5817 ,
3224 5753 3615 5808 allirmantium

2041 5862 2105 5904 ex
2138 5848 2300 5905 Patre
2333 5845 2572 5918 prodire.
2605 5853 2661 5901 et
2685 5843 2885 5914 emitti,
2919 5854 2969 5900 et
3004 5845 3280 5915 proﬂuere
3330 5842 3600 5918 Spiritum
