4124 6408
473 372 509 426 2
533 374 580 429 l9

1429 378 1931 448 BESSARIONIS
1973 389 2033 450 S.
2077 386 2145 449 Β.
2186 388 2249 452 Ε.
2296 389 2760 455 CARDINALIS

3601 399 3713 468 300

475 489 724 545 sancnnn
766 483 819 538 in
855 483 961 540 illis
994 488 1149 555 locis,
1191 491 1396 560 quibus
1447 494 1649 550 dicturi
1695 505 1873 562 erant,
1911 513 2037 551 eum
2071 501 2114 557 Α
2148 497 2390 566 Spiritus
2419 513 2671 560 naturam
2705 520 2772 560 ex
2806 504 2996 561 divina
3025 505 3371 576 substantia,
3403 519 3715 583 naturaque

475 587 540 624 ex
578 573 735 635 Patre
759 581 1093 647 proci-dere.

933 693 1174 763 Palmum
1215 705 1589 759 contradictio.

547 776 594 832 Ο
620 778 985 838 dementiam!
1023 787 1156 854 Quis
1185 792 1330 845 enim
1373 803 1484 848 tam
1526 796 1750 865 ignarus
1787 808 1868 853 est
1907 799 2041 868 quin

477 866 612 920 sciat
642 867 744 924 hoc
775 875 1002 928 verbum
1038 877 1262 945 prodire
1319 881 1386 937 de
1418 883 1558 939 Filio
1583 886 1749 940 etiam
1778 888 1884 942 dici
1904 866 2039 948 ,Vsed

476 961 793 1029 procedere,
846 976 940 1020 aut
991 969 1267 1038 proﬂuere
1317 973 1385 1028 de
1438 991 1506 1031 eo
1559 977 1680 1046 ipso
1721 980 2046 1048 nunquam?

477 1049 949 1116 Quemadmodum
989 1068 1043 1112 et
1083 1061 1361 1125 proﬂuere
1399 1069 1620 1136 pr0prie
1654 1067 1722 1122 de
1758 1071 2044 1138 temporali

477 1142 741 1204 missione
779 1145 1055 1214 Spiritus,
1095 1153 1372 1207 interdum
1397 1195 1412 1221 ,
1446 1167 1560 1210 tum
1599 1159 1765 1218 etiam
1807 1161 1875 1215 de
1913 1177 2043 1230 pro-

475 1233 728 1288 eessione
768 1236 993 1291 dicitur.
1036 1240 1243 1296 Veccus
1287 1252 1466 1301 tamen
1511 1247 1650 1314 iste,
1690 1261 1747 1306 et
1784 1253 1877 1320 qui
1917 1268 2043 1314 eum

477 1336 811 1393 sequuntur,
837 1329 953 1384 haac
987 1331 1121 1384 nihil
1143 1334 1208 1387 ad
1233 1336 1464 1391 invicem
1487 1339 1710 1395 diﬂ'erre
1745 1342 2041 1410 aﬂirmant,

477 1414 644 1483 impie
693 1419 899 1486 pariter
958 1431 1123 1490 atque
1187 1423 1556 1493 impudenter.
1602 1427 1884 1500 Siquidem
1920 1447 2046 1486 san-

473 1517 687 1562 ctorum
726 1510 870 1566 dicta
895 1513 1001 1568 hoc
1024 1515 1075 1567 in
1109 1514 1230 1570 loco
1251 1518 1499 1586 collecta,
1535 1522 1638 1576 etsi
1666 1523 1962 1584 ostendunt
1990 1526 2043 1581 in

474 1602 678 1670 quibus
711 1603 988 1662 interdum
1022 1609 1137 1664 ilﬂ‘C
1163 1614 1326 1666 verba
1353 1625 1714 1682 concurrunt,
1740 1633 1932 1672 eorum
1960 1629 2042 1674 ta-

477 1706 600 1745 men
631 1692 698 1746 ad
733 1693 969 1751 invicem
1001 1698 1368 1756 diﬂ‘ercntiam
1394 1705 1616 1762 minime
1649 1708 2002 1765 interimunt.

1023 1812 1226 1868 Nicwni
1264 1817 1516 1886 defensio.

545 1900 613 1952 At
653 1899 696 1953 si
738 1910 947 1957 attente
987 1905 1211 1961 beatum
1251 1908 1514 1980 Cyrillum
1552 1912 1815 1983 legisses,
1849 1915 1917 1972 de
1949 1917 2040 1972 Pio

475 1991 550 2046 lio
582 1995 750 2048 etiam
791 1997 1094 2066 reperisses
1125 2013 1248 2053 eum
1292 2019 1448 2058 usum
1488 2004 1591 2060 hac
1630 2006 1869 2065 dictione
1909 2025 2042 2078 pro-

485 2086 682 2140 cedere
726 2089 777 2140 in
817 2097 1051 2143 tractatu
1107 2107 1268 2159 quem
1328 2094 1456 2150 fecit
1523 2111 1688 2168 super
1737 2099 2039 2170 Joannem,

476 2177 529 2229 in
585 2194 646 2232 ea
698 2191 851 2248 parte
905 2183 1195 2246 videlicet,
1253 2201 1376 2239 cum
1429 2191 1646 2250 venerit
1700 2191 2036 2250 Paracletus.

476 2267 611 2323 Nam
654 2271 700 2324 si
735 2287 798 2326 ex
835 2271 1029 2337 Patre,
1065 2274 1276 2344 inquit,
1317 2294 1424 2332 non
1459 2280 1744 2348 procedit,
1779 2284 1831 2337 id
1867 2295 2040 2339 estex

469 2359 592 2426 ejus
627 2361 935 2417 substantia
979 2365 1145 2418 Filius
1184 2369 1488 2423 secundum
1533 2387 1634 2424 nos
1671 2389 1683 2425 :
1724 2373 1768 2428 si
1803 2389 1934 2428 vero
1969 2373 2039 2430 de

473 2453 610 2506 l’ilio
649 2455 921 2522 proﬂuere
965 2474 1070 2510 non
1114 2458 1336 2524 dicitur,
1381 2478 1505 2534 cum
1566 2472 1750 2530 tamen
1823 2466 2040 2519 dicatur

469 2543 537 2598 de
579 2544 821 2612 Spiritu,
873 2546 1099 2602 minime
1140 2549 1452 2604 mirandum
1495 2562 1626 2617 est;
1669 2569 1794 2608 cum
1853 2554 2039 2626 ﬁgura:

469 2640 710 2693 nominis
760 2640 999 2708 Spiritus
1052 2640 1169 2694 haec
1205 2641 1378 2698 dictio
1415 2646 1888 2714 accommodatur,
1929 2627 2034 2706 non

465 2740 648 2784 autem
695 2733 854 2796 Filii;
893 2735 1361 2802 quemadmodum
1415 2740 1580 2792 etiam
1637 2739 1808 2794 dictio
1868 2757 2032 2811 gene-

468 2825 610 2877 ratio
671 2823 790 2878 Filii
845 2826 1070 2894 quidem
1129 2829 1336 2882 nomini
1395 2831 1874 2896 accommodatur,
1925 2849 2033 2887 non

475 2926 656 2970 autem
699 2916 940 2986 Spiritus
975 2921 1183 2974 nomini
1221 2923 1520 2988 convenit;
1563 2938 1670 2978 non
1733 2933 1914 2980 tamen
1951 2925 2036 2981 id-

465 3008 618 3060 circo
668 3009 817 3078 juste
873 3009 1086 3064 diceret
1131 3013 1460 3081 quisquam,
1509 3015 1652 3084 quod
1693 3030 1818 3068 cum
1855 3017 2031 3084 ipsum

465 3101 720 3170 generari
761 3118 823 3156 ex
855 3117 1020 3157 causa
1063 3119 1183 3172 esse
1220 3105 1513 3174 signiﬁcet,
1577 3107 1814 3176 Spiritus
1851 3118 2032 3162 autem

2149 593 2271 648 Filii
2304 595 2437 650 oriri
2485 607 2651 668 atque
2704 614 2960 655 emanare
2990 599 3196 656 insulse
3225 602 3578 657 concedunt:
3613 603 3715 659 sed

2146 687 2747 759 spiritualequoddam
2788 706 2990 746 munus
3026 692 3172 757 illis,
3203 693 3299 762 qui
3341 692 3493 764 digni
3543 702 3714 760 sunt,

2147 781 2547 849 superveniens
2569 823 2584 847 ,
2619 783 2693 836 ob
2731 783 2897 853 idque
2944 784 3032 838 illa
3055 825 3069 845 ,
3105 801 3226 854 quae
3259 785 3312 840 in
3345 787 3428 840 eis
3458 785 3518 840 lit
3551 785 3718 840 inha-

2145 871 2340 926 bitatio
2369 871 2573 942 ubique
2605 877 2892 942 prtescntis
2923 875 3226 931 divinitatis
3258 876 3433 932 sancti
3469 877 3715 946 Spiritus

2146 963 2597 1020 babitudinaliter
2629 968 2768 1022 ﬂat:
2809 969 2881 1022 ita
2934 969 3205 1038 ejusmodi
3255 985 3459 1025 munus
3509 970 3721 1025 intelli-

2152 1065 2344 1125 gentes
2375 1071 2439 1110 ac
2493 1056 2536 1110 si
2600 1058 2908 1128 sejunctum
2982 1072 3409 1131 separatumque
3454 1077 3482 1115 a
3531 1063 3718 1116 divina

2151 1148 2390 1217 Spiritus
2438 1149 2749 1204 substantia
2800 1152 3227 1219 intelligeretur.
3277 1153 3537 1209 Collectaa
3583 1163 3719 1210 sunt

2149 1252 2203 1296 ct
2235 1257 2312 1296 ea!
2345 1247 2738 1306 auctoritates,
2775 1257 2840 1298 ex
2874 1244 3076 1314 quibus
3123 1245 3174 1300 id
3231 1246 3463 1316 intelligi
3513 1255 3716 1316 potest.

2148 1333 2305 1398 Quod
2355 1335 2528 1388 sancti
2574 1334 2818 1404 Spiritus
2864 1335 3228 1400 inhabitatio,
3303 1353 3426 1407 qua:
3463 1337 3721 1393 ﬁdelibus

2147 1423 2434 1498 dignisque
2492 1425 2590 1487 lit,
2651 1441 2964 1496 quanquam
3011 1427 3416 1482 habitudinalis
3469 1427 3722 1482 ineﬂ‘abi-

2147 1511 2294 1580 liter,
2347 1524 2402 1584 et
2449 1530 2618 1584 super
2672 1517 2884 1572 ratione
2923 1527 3039 1573 est:
3091 1529 3272 1574 tamen
3317 1519 3446 1590 quia
3497 1535 3564 1575 eo
3603 1520 3722 1574 bzcc

2145 1605 2288 1660 dona
2323 1607 2568 1675 Spiritus
2599 1607 2916 1676 proﬂuunt,
2971 1609 3064 1666 ubi
3127 1609 3314 1668 divina
3348 1611 3467 1681 ejus
3507 1622 3705 1666 natura

2156 1694 2610 1750 habitudinaliter
2645 1697 2978 1755 inbabitabit
3013 1701 3127 1770 ipse
3175 1701 3416 1770 Spiritus
3449 1711 3673 1758 sanctus
3701 1741 3716 1764 .
3773 1727 3780 1731 -

2149 1787 2243 1855 qui
2283 1787 2338 1840 in
2372 1786 2643 1840 Trinitate
2675 1801 2731 1842 et
2764 1803 2872 1842 una
2905 1805 3138 1859 persona
3161 1831 3176 1856 ,
3207 1802 3262 1846 et
3302 1793 3423 1863 ejus
3470 1794 3716 1866 comple-

2151 1876 2327 1940 tivus,
2373 1879 2580 1946 quique
2625 1877 2811 1932 divina
2869 1889 3068 1934 natura
3125 1882 3513 1953 perfectusque
3570 1869 3725 1953 Deus.

2144 1975 2229 2021 est
2283 1977 2446 2037 prout
2496 1967 2677 2032 Pater,
2736 1979 2792 2024 et
2841 1971 3012 2025 Filius
3065 1972 3520 2040 demonstratur;
3586 1989 3717 2034 cum

2143 2057 2341 2127 aliquis
2402 2058 2666 2128 Spiritum
2715 2071 2964 2116 sanctum
3014 2078 3314 2129 emanare,
3372 2065 3595 2136 prodire
3661 2077 3720 2121 et

2143 2162 2268 2202 esse
2303 2163 2380 2202 ex.
2408 2149 2547 2204 Filio
2582 2150 2751 2205 dicat.

2604 2266 2846 2322 Palaan
2880 2271 3251 2326 contradictio.

2213 2357 2403 2430 Neque
2434 2359 2564 2429 quid
2597 2359 2747 2417 dicat
2782 2363 3029 2430 profecto
3061 2367 3236 2430 novit,
3269 2382 3447 2438 neque
3479 2367 3611 2437 quid
3637 2367 3723 2422 af-

2145 2451 2365 2507 ﬁrmare
2418 2453 2581 2516 velit,
2637 2456 2731 2523 qui
2794 2455 2938 2510 hanc
2993 2457 3327 2527 scripturam
3378 2460 3719 2529 composuit.

2141 2543 2311 2609 Nolito
2353 2560 2594 2616 namque
2623 2547 2716 2616 qui
2758 2547 2845 2616 pie
2879 2547 3150 2620 intelliget
3179 2566 3301 2620 quae
3346 2551 3495 2606 dicta
3544 2560 3719 2619 sunt,

2141 2647 2408 2693 semotam
2469 2654 2593 2697 esse
2633 2656 2662 2694 a
2731 2639 2916 2694 divina
2963 2651 3158 2697 natura
3199 2643 3439 2698 divinam
3484 2644 3720 2712 gratiam

2141 2739 2194 2782 et
2236 2732 2614 2801 Operatiouem
2659 2741 2914 2801 putaret.
2963 2734 3072 2788 Nec
3113 2748 3177 2789 ea
3219 2735 3288 2790 de
3333 2750 3534 2802 causa,
3583 2737 3718 2806 quia

2141 2819 2526 2893 inseparabilis
2556 2833 2640 2878 est
2681 2840 2710 2877 a
2743 2825 2928 2893 divina
2961 2837 3158 2900 natura
3189 2827 3377 2881 divina
3427 2831 3676 2898 operatio
3699 2871 3717 2897 ,

2141 2925 2430 2985 propterea
2463 2925 2519 2969 et
2548 2925 2748 2970 natura
2783 2927 2868 2971 est
2899 2917 3154 2986 operatio
3186 2917 3323 2998 nihil
3358 2918 3426 2998 ab
3458 2935 3521 2984 ea
3552 2918 3712 2994 diffe-

2141 3023 2287 3063 rens.
2333 3007 2616 3077 Siquidem
2663 3010 2850 3064 divina
2901 3010 3154 3076 operatio
3183 3025 3252 3064 ex
3275 2991 3480 3066 natura
3510 3025 3627 3076 cst,
3660 2991 3722 3070 et

2137 3102 2189 3156 ei
2244 3100 2425 3155 inesse
2474 3113 2532 3156 ut
2585 3102 2828 3172 theologi
2880 3101 3189 3169 aﬂirmant,
3234 3103 3327 3160 sed
3389 3119 3486 3174 per
3515 3119 3574 3159 se
3604 3120 3717 3159 non

466 3206 576 3243 non
606 3202 901 3259 generatur
930 3207 993 3245 ex
1025 3192 1187 3248 Patre
1212 3235 1227 3259 ,
1259 3194 1355 3252 sed
1387 3197 1668 3265 procedit,
1702 3198 1878 3266 ipsum
1913 3215 2036 3268 pro-
2064 3189 2104 3245 C
2139 3203 2241 3249 est.
2290 3194 2482 3248 Divina
2528 3209 2658 3248 vero
2687 3204 2878 3248 natura
2917 3209 3015 3248 nec
3045 3210 3110 3255 es
3146 3195 3468 3263 operatione
3498 3207 3584 3257 εει
3605 3233 3620 3257 ο
3655 3205 3716 3251 ei

468 3283 666 3338 cedere
703 3300 810 3337 non
851 3285 1124 3354 signiﬁcet
1164 3285 1424 3358 tanquam
1467 3303 1532 3342 ex
1573 3304 1737 3344 causa
1795 3306 1918 3346 esse
1967 3307 2036 3346 ex

465 3393 569 3440 eo,
625 3393 654 3431 a
704 3393 813 3447 quo
873 3378 1143 3448 procedit.
1197 3379 1311 3435 Hoc
1357 3383 1505 3457 enim
1549 3381 1734 3437 dicere
1774 3382 2034 3438 stolidum

464 3479 569 3523 est.
625 3467 807 3534 Quare
864 3469 1232 3525 diﬂ'ereutiam
1289 3459 1489 3548 hatnni
1541 3461 1850 3549 dictionum
1907 3474 2036 3530 hinc

469 3560 706 3628 probare
751 3561 979 3615 minime
1034 3572 1210 3632 potes.
1271 3563 1408 3618 Cum
1473 3553 1660 3642 autem
1693 3575 1749 3642 et
1787 3566 1852 3620 de
1897 3566 2036 3622 Filio

464 3662 517 3706 et
561 3653 626 3706 de
665 3652 872 3722 Spiritu
916 3663 1105 3708 sancto
1139 3655 1344 3723 pariter
1379 3643 1503 3710 haec
1543 3635 1842 3730 dicantur:
1903 3652 2033 3732 item

472 3759 595 3796 cum
637 3746 914 3798 etnanatio
976 3744 1215 3814 Spiritus
1259 3756 1314 3800 et
1360 3749 1636 3816 processio
1681 3735 1929 3827 vocetur,
1980 3752 2035 3827 et

467 3835 795 3904 proﬂuentia
817 3877 831 3900 ,
859 3843 915 3890 et
947 3853 1270 3907 progressus
1299 3848 1563 3909 tanquam
1601 3840 1744 3894 idem
1776 3823 1890 3895 base
1917 3823 2034 3904 om-

465 3929 556 3982 nia
589 3928 903 3998 signiﬁcent
926 3972 943 3995 ,
981 3929 1119 3984 nihil
1151 3933 1376 3984 omnino
1409 3931 1630 3986 diﬂ‘erre
1664 3932 1778 3986 inec
1812 3934 2033 3988 nomina

461 4021 532 4075 ab
566 4021 804 4076 invicem
839 4023 1121 4077 videntur.
1160 4025 1316 4089 Quod
1355 4025 1398 4078 si
1448 4042 1558 4079 non
1599 4025 1904 4085 diﬂ'erunt.
1941 4043 2036 4082 eo-

464 4115 589 4168 dem
626 4114 793 4183 igitur
825 4115 989 4171 modo
1029 4117 1301 4171 audienda
1351 4128 1516 4180 sunt,
1566 4134 1692 4172 cum
1742 4117 1912 4184 Filio,
1948 4120 2032 4173 vel

463 4223 564 4276 per
618 4206 818 4260 Filium
874 4208 1178 4276 procedere
1228 4207 1473 4275 Spiritus
1529 4219 1754 4263 sanctus
1801 4209 2029 4276 dicitur,

461 4299 925 4368 quemadmodum
960 4316 1087 4356 cum
1125 4301 1191 4356 de
1224 4300 1384 4355 Patre
1415 4320 1426 4355 :
1467 4301 1561 4355 sed
1611 4316 1736 4355 cum
1770 4301 1837 4355 de
1871 4301 2033 4356 Patre

462 4393 751 4454 dicuntur,
785 4406 885 4462 per
918 4408 984 4446 ea
1019 4392 1380 4461 intelligimus
1415 4391 1590 4446 sancti
1631 4391 1870 4459 Spiritus
1906 4408 2033 4462 pro-

465 4486 773 4540 cessionem
824 4500 889 4538 ex
941 4498 1048 4549 eo;
1101 4486 1293 4538 eadem
1346 4483 1512 4554 igitur
1559 4492 1616 4538 et
1662 4501 1726 4538 ex
1761 4485 1941 4546 Filio,
1978 4485 2029 4537 id

458 4588 576 4640 est.
631 4594 730 4647 per
776 4578 977 4632 Filium
1037 4577 1390 4646 intelligenda
1441 4585 1544 4631 est.
1605 4577 1834 4636 Proﬂuit
1880 4578 2028 4632 enim

462 4667 706 4736 Spiritus
758 4680 1021 4731 sanctus,
1079 4676 1138 4721 ut
1185 4668 1425 4738 Cyrillus
1481 4669 1703 4732 fatetur,
1762 4685 1790 4722 a
1849 4668 2026 4733 Filio;

463 4759 926 4827 quemadmodum
973 4759 1139 4812 ctiam
1187 4775 1253 4812 ex
1306 4759 1418 4820 Deo
1485 4768 1542 4812 ct
1589 4758 1748 4812 Patre
1816 4761 2029 4814 nullum

462 4851 830 4904 dubitationis
865 4851 1156 4920 vestigium
1194 4852 1538 4920 relinquens.
1569 4851 1725 4918 Quod
1771 4853 1815 4906 si
1850 4861 1904 4906 tu
1938 4853 2033 4907 de-

463 4943 898 5004 monstraveris,
939 4942 1055 4997 haec
1091 4945 1315 4997 nomina
1352 4945 1434 4998 vel
1485 4959 1593 4997 non
1641 4945 1782 4997 idem
1821 4945 2031 5014 signifiv

459 5023 622 5100 care,
667 5035 752 5088 vel
800 5035 844 5089 si
887 5033 1030 5089 idem
1079 5035 1238 5089 aliter
1280 5045 1460 5089 tatnen
1498 5035 1564 5088 de
1599 5035 1736 5106 Filio
1766 5037 1925 5090 aliter
1961 5036 2030 5090 de

460 5130 626 5184 Patre
679 5127 909 5197 intelligi
945 5127 1183 5190 debere,
1242 5143 1558 5199 quanquam
1612 5136 1801 5182 noster
1840 5127 2033 5184 doctor

462 5221 746 5286 clamitet,
801 5219 874 5292 ita
931 5233 960 5274 a
1016 5219 1151 5274 Filio
1204 5219 1511 5289 proﬂuere,
1567 5220 2028 5293 quemadmodum

455 5311 782 5386 intelligitur
817 5326 883 5366 ex
929 5297 1046 5386 ipso
1075 5309 1186 5365 Deo
1209 5349 1222 5372 ,
1253 5319 1309 5364 et
1343 5310 1501 5364 Patre
1532 5327 1545 5363 :
1580 5309 1929 5386 absolvemus
1979 5318 2031 5364 te

459 5376 630 5480 ‘hujus:
671 5403 886 5474 injustas
933 5385 1286 5473 blasphemia:
1317 5403 1373 5456 in
1421 5399 1658 5455 Vecenm
1692 5441 1704 5462 ,
1742 5409 1796 5454 et
1836 5385 2030 5454 am'en-

457 5499 583 5577 iiut,
613 5499 770 5568 cujus
808 5511 935 5550 eum
959 5535 972 5559 ,
1027 5511 1135 5549 non
1169 5504 1316 5550 recte
1347 5497 1705 5549 considerans
1729 5535 1743 5558 ,
1777 5507 2028 5547 accusas.

781 5607 1075 5680 Septimum
1119 5613 1493 5676 argumentum
1534 5603 1706 5658 i'ecci.

430 5703 433 5708 λ
527 5722 660 5787 pum
713 5721 963 5794 quidam,
996 5720 1284 5776 audientes
1339 5716 1605 5789 Spiritum
1664 5725 1910 5771 sanctum
1964 5731 2028 5770 ex

461 5801 601 5891 Filio
633 5814 794 5868 etiam
828 5830 1086 5870 etnanrtre
1129 5823 1290 5882 atque
1347 5810 1609 5884 prodire,
1644 5827 1749 5864 non
1783 5809 2025 5865 divinam

2137 3295 2224 3342 est
2266 3303 2362 3356 per
2410 3302 2502 3352 se,
2538 3297 2593 3342 ct
2623 3288 2778 3342 locus
2832 3294 2916 3341 est
2947 3287 3257 3341 divinarum
3303 3288 3719 3357 operationum,

2138 3379 2232 3435 sed
2273 3388 2326 3434 et
2358 3379 2623 3446 Spjiitum
2660 3389 2911 3434 sanctum
2963 3395 3307 3449 nequaquam
3357 3393 3425 3433 ex
3475 3394 3720 3450 persona

2138 3487 2258 3526 esse
2293 3472 2415 3526 Filii
2448 3471 2804 3527 allirmamns.
2839 3473 2944 3526 Iste
2988 3482 3174 3526 autem
3220 3487 3345 3526 eum
3392 3487 3519 3526 eum
3567 3472 3720 3527 dicat

2079 3577 2086 3586 ‘
2137 3579 2204 3619 cx
2259 3574 2455 3617 natura
2507 3577 2629 3618 esse
2678 3563 2838 3629 Filii,
2896 3563 3058 3618 nobis
3103 3563 3486 3618 contradicere
3542 3573 3718 3631 atque

2135 3655 2419 3711 adversari
2474 3655 2820 3709 arbitratur:
2870 3655 3006 3709 nihil
3052 3653 3318 3718 diﬂ‘erre,
3386 3663 3446 3708 ut
3492 3653 3718 3709 videtur

2137 3731 2337 3816 putans
2367 3753 2620 3812 naturam
2650 3761 2679 3798 a
2713 3744 3072 3798 subsistentia
3093 3782 3107 3807 ,
3141 3743 3224 3797 vel
3256 3753 3311 3799 et
3338 3744 3714 3798 differentiam

2139 3819 2468 3909 insipienter
2508 3848 2720 3891 naturae
2763 3837 3000 3892 aﬂ‘erens
3043 3839 3097 3892 in
3150 3848 3343 3892 Sancta
3392 3837 3715 3908 Trinitate,

2137 3931 2266 4001 quia
2300 3911 2610 4005 diﬂerentia
2643 3945 3005 3998 personarum
3037 3939 3144 3984 est.

2677 4044 2882 4117 Νήσφηὶ
2922 4043 3177 4115 defensio.

2208 4160 2264 4217 Si
2305 4175 2436 4229 ergo
2484 4169 2748 4232 semotam
2797 4158 3040 4212 divinant
3091 4156 3329 4227 Spiritus
3372 4155 3598 4226 gratiam
3643 4171 3718 4209 ao

2137 4255 2256 4325 ejus
2309 4240 2509 4306 natura
2579 4264 2928 4322 personaqne
2984 4265 3090 4303 non
3151 4247 3447 4302 arbitraris
3505 4265 3520 4301 :
3575 4247 3711 4316 quid

2139 4345 2398 4416 intelligis
2467 4343 2699 4398 audiens
2770 4356 2836 4396 ex
2900 4340 3039 4416 Filio
3121 4340 3388 4410 Spiritum
3455 4347 3710 4392 sanctum

2135 4435 2278 4491 ntitti
2306 4453 2320 4488 :
2353 4443 2503 4505 patet
2533 4431 2680 4504 quod
2725 4431 2894 4505 etiam
2941 4429 3128 4492 volens
3172 4431 3368 4512 nolens
3401 4429 3548 4482 illius
3586 4443 3718 4496 per-

2068 4547 2108 4599 υ
2139 4544 2369 4586 sonum.
2415 4525 2687 4594 siquidem
2738 4524 2912 4594 gratia
2964 4522 3084 4578 sine
3133 4535 3367 4597 persona
3413 4536 3522 4585 non
3582 4519 3713 4571 mit-

2142 4621 2275 4673 titur
2302 4635 2316 4672 ε
2346 4619 2497 4686 quia,
2529 4627 2587 4670 nt
2610 4617 2814 4688 Cyt-illo
2847 4617 3043 4683 placet,
3081 4629 3189 4666 non
3227 4613 3559 4677 subsistente
3591 4628 3718 4680 gra-

2139 4710 2211 4762 tia
2238 4707 2462 4761 minime
2496 4708 2894 4776 participatnns
2925 4723 2938 4757 :
2969 4705 3063 4758 sed
3100 4704 3149 4756 id
3184 4690 3270 4758 esi.
3293 4743 3308 4766 ,
3339 4691 3485 4770 quod
3536 4703 3712 4758 mitti-

2141 4812 2229 4853 tur
2261 4800 2445 4852 divina
2480 4809 2674 4852 natura
2698 4839 2711 4863 ,
2745 4808 2799 4852 et
2845 4798 3184 4856 subsistens.
3230 4795 3376 4864 quod
3422 4794 3716 4862 completi-

2137 4907 2266 4944 vu.n
2323 4899 2407 4944 est
2465 4889 2798 4951 Trinitatis,
2862 4903 3096 4958 persona
3152 4885 3407 4940 videlicet
3465 4885 3709 4955 Spiritus

2138 4985 2335 5038 sancti.
2369 4982 2492 5048 Quo
2522 4983 2690 5050 igitur
2735 4992 2893 5051 pacto
2935 4991 2993 5034 et
3043 4980 3239 5034 Filium
3297 4979 3443 5032 hunc
3490 4980 3714 5032 mittere

2141 5071 2461 5141 intelliges?
2495 5073 2646 5126 llaud
2695 5073 2840 5126 cnim
2878 5073 3040 5131 aliter
3080 5087 3242 5140 quam
3278 5071 3533 5124 Patrem:
3571 5070 3715 5124 alte-

2139 5165 2256 5220 rius
2287 5165 2434 5218 euim
2465 5165 2629 5218 etiam
2663 5165 2925 5232 potentia:
2978 5163 3120 5216 foret
3148 5180 3163 5223 ;
3217 5161 3573 5216 manifestum
3629 5169 3716 5216 cst

2137 5258 2310 5328 igitur
2337 5257 2481 5326 quod
2513 5256 2660 5310 sicut
2689 5265 2746 5310 et
2778 5254 2958 5309 Pater.
2995 5254 3102 5309 Sed
3150 5255 3315 5328 Pater
3367 5254 3536 5330 mittit
3587 5269 3716 5322 pro-

2137 5350 2346 5406 ducens
2397 5358 2452 5402 et
2499 5348 2676 5418 ipsam
2715 5363 3048 5417 personam;
3085 5347 3254 5425 igitur
3282 5354 3339 5410 et
3384 5345 3554 5413 Filius
3583 5360 3712 5398 enm

2139 5442 2320 5511 ipsum
2356 5441 2523 5495 mittit
2557 5439 2871 5509 producens
2900 5450 2955 5494 et
2992 5440 3164 5508 ipsam
3212 5453 3549 5507 personam,
3603 5436 3712 5490 nisi

2137 5543 2397 5602 tanquam
2434 5532 2754 5587 ministrum
2795 5548 2921 5587 eum
2959 5531 3112 5585 dicas
3155 5531 3459 5599 Spiritum,
3512 5530 3606 5598 qui
3645 5545 3713 5583 ex

2134 5611 2294 5691 Patre
2336 5625 2579 5695 procedit
2609 5635 2794 5694 postea
2819 5624 3066 5679 mittere.
3095 5622 3252 5689 Quod
3286 5634 3342 5676 ut
3375 5622 3708 5684 absurdum,

2136 5719 2206 5774 ita
2251 5729 2304 5772 ct
2349 5719 2575 5787 impium
2622 5727 2727 5772 est.
2778 5715 3126 5771 Concedatur
3200 5716 3348 5768 enim
3402 5730 3512 5770 non
3563 5714 3707 5768 idem

2132 5828 2248 5868 esse
2307 5811 2503 5865 divinae
2576 5810 2894 5866 substantiae
2966 5809 3206 5862 divinam
3277 5809 3703 5875 operationem:
