4124 6408
328 405 432 469 301
507 451 518 454 --
1317 409 1694 470 APOLOGIA
1740 409 2352 474 lNSCRlPTlONUM
2395 412 2630 474 VECCI.

3479 410 3582 474 302

328 517 596 588 quidnam
626 517 960 572 e0nelmlere
991 524 1104 572 tum
1150 532 1214 572 ex
1257 518 1364 572 hoc
1410 523 1666 586 conaris,
1699 522 1745 574 si
1783 535 1906 575 cum
1941 519 1984 574 Α
2013 540 2136 578 cum
2193 524 2308 579 haec
2365 524 2584 579 nomina
2649 537 2754 576 non
2818 526 3233 578 convertantur.
3296 517 3582 590 Siquidem

331 614 580 682 Spiritus
640 622 868 667 sanctus
927 615 1204 677 mittatur,
1266 628 1377 668 non
1447 614 1906 669 insulsistentem

333 707 596 776 gratiam,
645 719 834 757 verum
887 703 1060 772 ipsam
1106 703 1350 758 divinam
1386 706 1780 760 subsistentem
1815 721 1908 758 na-

335 811 514 851 turum
548 795 687 849 mitti
732 805 788 849 ct
832 796 946 865 ipse
981 795 1267 863 concedis,
1320 797 1670 852 manifestum
1707 807 1828 861 est,
1863 798 1910 854 si

334 889 500 942 etiam
551 885 804 954 ignorare
853 885 972 952 ipse
1033 884 1389 951 dissimulas,
1449 886 1624 939 sancti
1673 884 1912 954 Spiritus

335 978 578 1032 divinam
611 975 944 1044 hypostasim
973 989 1037 1028 ex
1068 975 1205 1028 Filio
1267 990 1420 1042 esse,
1448 990 1706 1029 emanare
1747 985 1912 1044 atque

337 1071 514 1132 mitti,
551 1057 1018 1137 Quemadmodum
1051 1069 1216 1122 etiam
1259 1083 1327 1122 ex
1379 1067 1540 1122 Patre
1563 1108 1576 1131 ,
1627 1067 1774 1135 quod
1807 1064 1912 1121 sibi

337 1159 741 1216 ostendendum
805 1157 1130 1229 preposuit,
1191 1157 1284 1228 qui
1345 1147 1634 1212 doctorum
1692 1157 1914 1227 collegit

339 1251 662 1306 sententias.
708 1251 864 1316 Quod
892 1251 937 1305 si
965 1250 1204 1316 miraris,
1253 1265 1364 1320 quo
1407 1259 1566 1320 pacto
1595 1264 1694 1304 nos
1721 1266 1786 1304 ex
1821 1265 1914 1303 na-

342 1354 464 1398 tura
515 1345 634 1398 Filii
665 1342 932 1412 Spiritum
965 1352 1212 1398 sanctum
1262 1351 1575 1397 asserentes
1617 1341 1790 1408 oriri,
1835 1350 1914 1396 at-

341 1453 448 1507 quc
484 1453 744 1491 emanare
767 1479 782 1502 ,
811 1447 865 1492 et
897 1453 960 1492 es
1008 1437 1126 1507 ejus
1157 1451 1395 1505 persona
1447 1449 1568 1490 esse
1618 1445 1912 1504 putamus,

341 1545 406 1584 ac
438 1531 482 1584 si
519 1541 740 1600 pr0pter
770 1530 1112 1584 identitatezn
1148 1539 1395 1594 naturae,
1440 1537 1502 1582 et.
1553 1543 1913 1598 personarum

341 1624 682 1678 identitatem
719 1637 1070 1693 poneremus,
1096 1621 1180 1675 vel
1204 1629 1425 1691 propter
1447 1634 1636 1676 eorum
1658 1620 1918 1675 dilTet-en-

345 1717 516 1780 tiam,
554 1715 884 1770 alteritatem
933 1715 1097 1768 etiam
1141 1724 1352 1768 naturae
1409 1713 1912 1768 introduceremus.

341 1807 507 1862 Multo
536 1807 784 1877 profecto
803 1807 976 1876 magis
1015 1819 1116 1860 nos
1141 1815 1288 1860 tuam
1311 1803 1595 1874 perfidiam
1625 1805 1909 1864 miramur.

343 1900 396 1952 Si
430 1915 553 1952 eum
597 1899 720 1954 Filii
767 1908 1020 1952 naturam
1065 1897 1260 1952 aud'as
1302 1913 1429 1952 cum
1475 1899 1576 1952 hac
1625 1895 1911 1952 additione

353 1991 510 2055 Filii,
543 2006 660 2043 eam
717 2001 976 2060 tanquam
1035 1989 1164 2060 quid
1217 1989 1546 2059 simpliciter
1593 1988 1912 2043 absolutum

344 2084 656 2153 intelligas,
691 2094 888 2137 etnon
945 2097 1069 2135 cum
1124 2083 1462 2151 proprietate
1503 2080 1665 2146 Filii,
1713 2095 1816 2134 nec
1863 2077 1919 2133 id

346 2177 568 2245 quidem
635 2174 1115 2245 comprehendere
1177 2174 1446 2243 potuisti,
1512 2174 1656 2242 quod
1713 2187 1812 2244 per
1864 2186 1922 2226 se

351 2277 544 2320 natura
622 2266 872 2321 absolute
937 2267 1418 2334 communiterque
1469 2271 1687 2333 sumpta
1747 2277 1922 2328 neque

353 2359 572 2412 mittere
633 2374 807 2428 neque
855 2358 1166 2428 producere
1217 2356 1514 2426 quidquam
1578 2363 1790 2425 potest,
1821 2369 1924 2408 ne-

356 2465 464 2516 que
527 2451 756 2504 omnino
802 2465 922 2506 esse
969 2465 1134 2504 causa
1189 2447 1444 2515 essendi,
1496 2462 1619 2518 qua:
1674 2461 1788 2501 non
1849 2446 1922 2500 sit

355 2555 483 2602 eum
539 2541 720 2610 aliqua
773 2541 1111 2612 proprietate
1155 2549 1370 2608 sumpta
1399 2580 1414 2604 ,
1463 2551 1584 2610 qua:
1632 2553 1922 2607 personam

349 2633 672 2689 constituat.
724 2633 856 2688 Nam
911 2633 1058 2703 quod
1109 2631 1524 2687 individuorum
1576 2629 1687 2685 sint
1733 2642 1927 2698 opera-

351 2729 550 2795 tiones,
583 2734 694 2782 tota
727 2725 1076 2796 philosophia
1105 2725 1324 2779 clamat.

703 2839 958 2897 Octavum
990 2849 1365 2910 argumentum
1401 2837 1568 2893 Vecci.

423 2953 503 3008 Ad
530 2951 1026 3013 demonstrandum
1057 2950 1322 3020 Spiritum
1381 2961 1632 3004 sanctum
1668 2963 1734 3004 ex
1763 2948 1927 3003 Patre

351 3047 603 3116 Filioque
644 3059 790 3108 esse,
865 3043 1106 3098 collecta:
1156 3051 1285 3096 sunt
1330 3050 1384 3096 et
1442 3057 1524 3096 ea:
1570 3040 1928 3096 auctoritates

355 3139 793 3209 Scripturarum,
821 3152 941 3204 quae
967 3134 1267 3190 ostendunt
1293 3149 1421 3188 eum
1453 3149 1575 3190 esse
1609 3133 1926 3204 qualitatem

351 3231 680 3285 substantiae
721 3228 904 3284 Patris
945 3238 1002 3284 et
1047 3227 1198 3282 Filii.
1243 3227 1489 3296 Itemque
1534 3226 1924 3298 fragrantiam,

352 3324 714 3393 spirationem
775 3329 832 3375 et
903 3320 1176 3383 odorem;
1225 3319 1380 3389 juxta
1428 3326 1611 3372 autem
1658 3315 1930 3388 ejusmodi

356 3415 702 3479 sententias,
747 3421 805 3466 et
849 3411 956 3466 alia
1008 3411 1152 3466 dicta
1206 3417 1466 3479 excerpta
1509 3417 1836 3476 suun-quae
1875 3408 1932 3463 in

352 3504 607 3560 eumdem
643 3517 868 3568 sensum
900 3502 1142 3566 ducunt,
1175 3517 1297 3570 qua:
1334 3510 1388 3554 et
1435 3499 1652 3554 Patrem
1693 3499 1935 3569 Spiritus

355 3599 532 3653 sancti
577 3599 825 3663 fontem,
857 3608 912 3652 et
954 3597 1156 3652 Filium
1209 3593 1450 3666 Spiritus
1499 3595 1677 3651 sancti
1725 3593 1932 3650 fontem

355 3695 602 3764 piissime
631 3701 964 3748 asseverant.

819 3805 1059 3861 Palmum
1098 3807 1467 3862 contradictio.

432 3909 730 3964 Sententia:
773 3907 864 3962 hic
908 3907 1236 3977 scriptorum
1287 3909 1530 3965 collecta:
1562 3925 1658 3980 per
1687 3909 1935 3976 exempla

360 4004 639 4074 quaedam,
675 4001 856 4072 quoad
894 4001 1009 4056 ﬁeri
1041 4011 1243 4071 potest,
1265 4002 1528 4070 Spiritum
1560 4009 1810 4056 sanctum
1837 3998 1939 4064 Pa-

362 4098 430 4150 tri
473 4095 722 4164 Filioque
774 4093 1300 4147 consubstantialem
1327 4108 1449 4148 esse
1479 4091 1799 4148 ostendunt.
1829 4087 1939 4144 Nec

364 4189 514 4241 enim
547 4187 860 4255 exemplum
905 4185 1151 4254 reperire
1202 4185 1496 4254 quisquam
1546 4192 1756 4252 potest,
1789 4181 1936 4250 quod

361 4278 740 4332 omnimodam
777 4277 979 4332 habeat
1020 4277 1462 4338 similitudinem.
1499 4277 1720 4330 Etcum
1767 4275 1940 4329 inter-

363 4373 494 4424 dum
529 4370 774 4440 Spiritus
801 4381 1026 4424 sanctus
1048 4385 1188 4438 aqua
1219 4369 1338 4426 viva
1369 4375 1602 4422 vocetur
1627 4365 1937 4422 secundum

361 4465 598 4535 gratiam
639 4471 696 4517 ct
725 4461 1103 4532 operationem
1129 4501 1142 4525 ,
1181 4461 1342 4530 hqjus
1373 4473 1529 4526 aqua:
1587 4469 1644 4513 et
1697 4459 1856 4513 Pater
1884 4467 1938 4513 et

363 4545 537 4608 Filius
567 4552 690 4606 fons
725 4559 1096 4620 nuncupatur.
1127 4549 1405 4608 Interdum
1437 4557 1495 4608 et
1524 4548 1668 4602 idem
1696 4546 2016 4617 SpiritusID

363 4652 610 4697 sanctus.
673 4641 776 4708 Qui
813 4655 944 4694 vero
976 4639 1249 4710 ejusmodi
1283 4639 1427 4692 dicta
1463 4637 1553 4694 hic
1585 4635 1810 4704 attulit,
1843 4637 1943 4704 ho-

369 4749 492 4786 rum
542 4731 792 4801 qumdam
843 4730 1146 4800 prwtcriit,
1200 4729 1532 4798 quibusdam
1579 4727 1784 4790 abusus
1829 4737 1936 4783 est.

365 4825 427 4878 Et
459 4824 560 4877 huc
609 4824 772 4877 motio
818 4822 1041 4876 allicere
1102 4830 1160 4876 et
1236 4817 1450 4875 trahere
1493 4827 1650 4889 putat
1679 4818 1746 4873 ad
1778 4835 1939 4874 suum

371 4931 696 4986 perversum
727 4930 950 4970 sensum
985 4913 1294 4972 audientes.

898 5026 1108 5088 Nicreni
1143 5027 1404 5096 defensio.

434 5139 828 5192 Demons'rant
871 5135 1096 5204 quidem
1131 5133 1424 5188 sententia:
1456 5133 1732 5203 prtedictte
1764 5134 1942 5202 Spiri-

366 5238 454 5283 tus
494 5229 668 5282 sanCti
717 5242 842 5282 cum
892 5227 1051 5282 Patre
1095 5224 1346 5294 Filioque
1395 5225 1942 5280 consubstantialita-
1983 5269 2004 5296 ,

367 5329 500 5384 tem,
539 5337 640 5373 nec
679 5319 728 5372 id
767 5329 948 5372 tamen
1003 5317 1204 5380 solum,
1244 5317 1340 5371 sed
1381 5321 1530 5386 quod
1563 5319 1728 5370 etiam
1763 5332 1830 5372 ex
1866 5317 1966 5373 eis

367 5413 442 5467 sit
497 5423 660 5483 atque
691 5411 977 5482 procedat.
1013 5411 1149 5464 Nam
1187 5425 1249 5464 ex
1295 5413 1460 5465 Patre
1491 5413 1679 5480 utique
1707 5427 1850 5475 esse,
1891 5421 1948 5480 et

367 5505 600 5574 ipsumet
639 5515 692 5559 ttt
750 5503 1062 5574 s'gnilicare
1109 5505 1396 5559 concedis.
1434 5505 1547 5560 Hoc
1597 5517 1781 5560 autem
1819 5520 1970 5558 cutu-

363 5593 611 5659 dederis,
645 5609 755 5647 non
789 5593 1001 5662 poteris
1039 5592 1274 5649 reddere
1307 5595 1601 5660 rationem,
1629 5609 1728 5648 cur
1755 5596 1946 5650 eadem

365 5686 434 5738 de
468 5684 626 5739 Patre
655 5685 878 5754 quidem
912 5684 1057 5738 dicta
1091 5699 1202 5736 non
1259 5685 1424 5738 modo
1453 5686 1948 5758 consubstantiali-

369 5785 560 5840 tatem,
605 5773 701 5830 sed
757 5775 926 5829 etiam
970 5791 1032 5827 ex
1084 5789 1150 5828 eo
1205 5791 1330 5845 esse
1392 5775 1827 5830 demonstrent:
1880 5775 1948 5828 dc

375 5868 513 5922 lilio
549 5883 680 5923 vero
723 5867 896 5923 solam
947 5867 1606 5932 consubstantialitatem,
1647 5867 1950 5936 praesertim

2012 615 2505 672 consubstantialis
2533 615 2760 686 Spiritui
2795 613 2967 670 Filius
2993 612 3242 668 dicitur:
3272 609 3450 666 forma
3473 621 3580 666 've-
3663 647 3670 654 -

2011 725 2097 772 ro,
2123 719 2219 764 aut
2245 707 2569 780 fragrantia,
2613 717 2714 762 aut
2751 707 2871 778 ejus
2898 706 3124 776 spiratio
3158 719 3442 776 nunquam
3498 703 3587 757 di-

2010 809 2136 857 ctus
2161 811 2268 857 est.
2297 801 2368 858 Ut
2401 800 2570 871 igitur
2599 799 2799 854 Filium
2833 799 3063 853 fortnam
3115 797 3319 862 Patris,
3356 795 3438 850 vel
3470 793 3584 849 l‘ra-

2012 894 2302 962 grantiam,
2339 893 2424 947 vel
2457 891 2779 961 qualitatem
2820 891 3088 960 legentes,
3121 904 3228 944 non
3268 897 3478 942 tantum
3532 887 3581 941 cl

2013 983 2543 1041 consubstantialem
2595 983 2744 1039 hunc
2801 983 3184 1054 intelligimus,
3241 980 3338 1036 sed
3393 995 3460 1034 ex
3515 993 3584 1034 eo

2013 1078 2177 1134 etiam
2209 1077 2576 1148 prodeuntem
2613 1093 2626 1128 :
2671 1077 2744 1130 ita
2780 1082 2836 1130 et
2877 1073 3143 1144 Spiritum
3185 1071 3587 1140 sanctnm'spi-
3653 1133 3656 1142 ί

2016 1173 2304 1235 rationem,
2361 1167 2613 1233 l‘ormam,
2667 1167 3025 1237 fragrantiam
3084 1175 3247 1234 atque
3303 1164 3584 1233 operatio-
3651 1189 3657 1238 ξ

2015 1279 2146 1320 nem
2190 1261 2314 1316 Filii
2358 1269 2597 1332 utroque
2647 1259 2812 1314 modo
2861 1258 3122 1328 praedicto
3153 1265 3412 1327 putamus
3452 1255 3586 1308 diei.
3645 1261 3649 1304 .‘

2014 1356 2144 1424 Quae
2187 1355 2336 1410 enim
2389 1353 2533 1407 ratio
2589 1363 2674 1408 est
2725 1352 2890 1407 aliter
2929 1350 2997 1405 de
3061 1349 3220 1407 Patre
3277 1349 3342 1402 ad
3386 1346 3586 1401 Filium

2017 1446 2418 1518 Spiritumque,
2461 1443 2622 1499 aliter
2654 1444 2720 1498 de
2762 1441 2903 1497 Filio
2939 1443 3004 1496 a.l
3055 1442 3320 1511 Spiritum
3353 1439 3469 1493 haec
3499 1438 3588 1494 in-

2020 1539 2311 1610 telligere?
2341 1538 2422 1592 Tu
2459 1553 2590 1592 vero
2645 1545 2702 1591 ct
2733 1535 2926 1591 eo'rum
2963 1551 3084 1605 qua:
3113 1544 3274 1589 antea
3305 1529 3588 1592 fatebaris.

2017 1635 2244 1693 oblitus.
2313 1648 2533 1688 rursum
2583 1631 2848 1701 Spiritum
2907 1637 3158 1689 sanctum
3214 1627 3452 1682 allirmas
3503 1639 3590 1678 ses

2018 1724 2258 1780 cundum
2291 1722 2523 1793 gratiam
2563 1730 2774 1774 tantum
2809 1735 3009 1789 aquam
3057 1717 3238 1772 vivam
3269 1715 3479 1781 vocari,
3536 1725 3594 1768 et

2019 1818 2184 1888 hujus
2219 1817 2489 1872 duntaxat
2521 1813 2718 1869 Filium
2749 1826 2870 1866 esse
2915 1811 3145 1866 fontem.
3185 1807 3294 1863 Sed
3336 1807 3394 1864 si
3419 1804 3592 1876 gratia

2023 1907 2533 1968 haecasubstantia
2593 1902 3062 1972 subsistentiaque
3115 1901 3345 1956 minime
3401 1899 3595 1966 sejun-

2024 2005 2171 2075 gitur
2199 2001 2348 2072 (nam
2381 2000 2484 2053 hoc
2520 1997 2627 2068 jam
2665 1994 3037 2060 concessisti),
3077 1991 3358 2063 quomodo
3392 2003 3500 2044 non
3537 1995 3596 2042 et

2024 2097 2262 2151 divinam
2299 2090 2539 2160 Spiritus
2576 2089 2754 2144 sancti
2787 2101 3080 2158 personam
3118 2099 3244 2140 cum
3282 2084 3384 2138 hac
3419 2080 3606 2150 gratia.

2024 2191 2198 2246 Filius
2226 2199 2286 2242 ut
2317 2185 2439 2241 fons
2468 2183 2714 2240 emittit?

2398 2297 2614 2354 Nonum
2650 2287 3032 2368 argumentum-
3055 2294 3222 2349 Vacci.

2098 2415 2190 2470 Hae
2230 2412 2642 2482 Scripturarum
2691 2409 2999 2474 sententiae,
3069 2408 3125 2462 in
3171 2405 3376 2475 quibus
3407 2403 3601 2470 Patres

2027 2523 2198 2564 sacra:
2235 2505 2519 2575 theologia:
2565 2502 2936 2573 professores,
2966 2509 3188 2566 cuncta,
3223 2513 3344 2568 quze
3377 2496 3599 2567 propria

2028 2610 2157 2657 sunt
2195 2597 2395 2660 Patris,
2429 2595 2757 2651 naturaliter
2809 2595 3046 2650 transire
3113 2593 3165 2647 in
3213 2591 3410 2647 Filium
3448 2599 3502 2644 et
3531 2602 3601 2642 ex

2026 2707 2094 2748 eo
2123 2692 2368 2762 genitum
2403 2681 2878 2750 demonstrarunt,
2928 2688 3019 2743 hic
3067 2685 3313 2760 collectae
3350 2689 3479 2737 sunt
3532 2680 3599 2735 ad

2027 2781 2514 2839 demonstrandum
2557 2781 2823 2851 Spiritum
2874 2787 3125 2836 sanctum
3179 2791 3323 2841 esse.
3381 2771 3604 2844 prodire

2028 2880 2192 2940 atque
2227 2870 2359 2924 oriri
2411 2871 2577 2926 etiam
2613 2885 2680 2925 ex
2713 2869 2855 2925 Filio
2905 2867 3138 2940 perinde
3171 2877 3232 2922 ut
3279 2880 3347 2921 ex
3385 2865 3548 2920 Patre
3585 2877 3600 2914 :

2030 2965 2173 3021 sicut
2199 2966 2361 3021 divus
2380 2965 2828 3038 Cyrilluslitteris
2853 2965 3150 3024 mandavit.
3175 2963 3232 3019 Si
3255 2963 3402 3019 enim
3428 2959 3602 3034 dictaj

2032 3075 2152 3114 rum
2207 3059 2612 3113 sententiarum
2653 3055 3160 3136 determinationes
3215 3053 3602 3124 paternitatem

2030 3150 2211 3206 solum
2245 3148 2770 3220 generationemque
2838 3161 2868 3202 a
2919 3139 3060 3202 Filio
3108 3147 3392 3208 auferunt,
3427 3141 3610 3198 mani-

2035 3242 2232 3298 festum
2269 3250 2374 3304 est,
2415 3238 2566 3308 quod
2617 3237 2792 3304 Filius
2847 3239 3071 3308 quidem
3102 3253 3212 3292 non
3269 3238 3376 3291 erit
3423 3235 3610 3299 Pater,

2035 3333 2273 3402 Spiritus
2305 3346 2436 3386 vero
2458 3345 2524 3385 ex
2541 3339 2772 3400 paterna
2803 3329 3110 3386 substantia
3134 3343 3424 3392 emanans,
3461 3337 3517 3382 et
3541 3341 3608 3381 ex

2034 3419 2338 3486 substantia
2358 3423 2482 3491 Filii
2510 3438 2617 3478 non
2644 3433 2942 3492 generante
2967 3431 3023 3478 et
3043 3430 3262 3490 emanat
3286 3431 3343 3478 et
3363 3419 3610 3493 proﬂuit.

2495 3537 2743 3594 Palamm
2782 3538 3156 3602 contradictio.
3183 3609 3186 3612 Α

2109 3655 2270 3716 Nulla
2313 3654 2566 3726 profecto
2617 3652 2836 3708 ratione
2885 3651 3140 3724 impietas
3174 3650 3610 3714 corroboratur;

2041 3749 2276 3806 transire
2321 3747 2466 3804 enim
2502 3745 2734 3806 audiens
2786 3745 3000 3810 Vcccus
3055 3743 3157 3808 iste
3190 3742 3244 3796 in
3277 3741 3476 3816 Filium
3513 3757 3614 3811 pa.

2044 3855 2226 3901 ternas
2257 3841 2646 3913 proprietates,
2701 3847 2761 3894 et
2795 3837 3126 3906 naturaliter
3159 3845 3214 3889 et
3245 3836 3616 3890 cssentialiter

2041 3939 2109 3994 de
2145 3937 2256 4004 illis
2302 3933 2566 4006 propriis,
2611 3947 2734 4003 quae
2781 3941 3030 4002 paterna:
3083 3929 3409 3984 substantia-
3461 3937 3614 3993 sunt,

2043 4030 2260 4100 putavit
2297 4027 2554 4082 doctores
2598 4023 2806 4089 dicere,
2837 4037 2946 4076 non
2985 4021 3052 4078 de
3103 4020 3208 4075 illis
3242 4037 3364 4091 qua:
3419 4029 3613 4074 natura

2042 4122 2264 4193 propria
2321 4130 2470 4176 sunt.
2507 4116 2824 4174 Secundum
2877 4130 3008 4184 ergo
3060 4115 3179 4184 ejus
3234 4115 3288 4168 in
3340 4113 3616 4181 theologia

2042 4216 2293 4288 peritiam
2329 4213 2461 4268 divo
2498 4211 2698 4283 Cyrillo
2731 4210 2786 4263 in
2817 4209 2931 4264 suis
2981 4207 3264 4262 Thesanris
3312 4206 3614 4273 scribente,

2043 4307 2320 4380 quomodo
2340 4321 2449 4360 non
2479 4306 2586 4360 erit
2611 4305 2758 4364 Deus
2785 4300 3048 4369 Spiritus,
3069 4315 3193 4353 cum
3218 4308 3386 4364 totam
3418 4299 3621 4352 habeat

2047 4399 2464 4458 substantialem
2515 4396 2915 4467 proprietatem
2975 4392 3154 4447 Patris
3200 4399 3258 4446 et
3295 4390 3461 4446 Filii?
3491 4389 3628 4444 Per-‘

2047 4491 2254 4552 sonalia
2273 4488 2478 4552 Patris
2495 4496 2550 4542 et
2575 4485 2696 4542 Filii
2724 4483 2966 4555 Spiritus
3020 4481 3266 4545 habebit,
3299 4489 3354 4536 et
3375 4481 3620 4551 genitus,

2045 4593 2099 4638 et
2133 4581 2350 4653 genitor
2383 4581 2493 4635 erit
2545 4579 2820 4635 luminutn
2855 4577 3040 4639 Pater,
3095 4585 3150 4630 ct
3182 4575 3289 4629 vim
3321 4573 3623 4645 generandi

2044 4687 2096 4732 et
2143 4673 2480 4744 producendi
2517 4672 2752 4726 habens.
2789 4669 2908 4736 Qua
2939 4668 3163 4739 quidem
3191 4684 3249 4723 re
3283 4668 3414 4738 quid
3449 4669 3624 4738 magis

2049 4765 2282 4834 impium
2324 4765 2526 4836 quidve
2553 4765 2726 4833 magis
2762 4776 3233 4832 supervacaneum
3271 4761 3374 4816 dici
3408 4761 3623 4831 potest?

2047 4861 2195 4932 Idem
2231 4875 2424 4914 rursus
2455 4857 2572 4912 fere
2618 4855 2894 4924 intelliget
2927 4855 3056 4917 ista,
3091 4869 3216 4908 cum
3251 4853 3472 4908 audiret
3519 4853 3626 4906 Da-

2049 4965 2363 5005 mascenum
2400 4951 2673 5004 dicentem
2705 4947 2760 5001 in
2801 4962 2896 5002 vui
2937 4945 3254 5015 Dogmatum
3277 4946 3396 5015 ejus
3423 4963 3436 4999 :
3467 4947 3627 5010 Qua!-

2049 5057 2274 5112 cunque
2325 5041 2494 5095 habet
2528 5040 2710 5105 l’atcr,
2747 5048 2803 5094 et
2837 5039 3081 5107 Spiritus
3114 5047 3358 5100 sanctus,
3395 5050 3628 5106 praetcr-

2048 5149 2212 5202 quam
2252 5133 2399 5202 quod
2457 5148 2566 5186 non
2595 5143 2698 5202 est
2745 5129 3045 5200 ingenitus.
3097 5129 3161 5194 Et
3209 5127 3621 5183 Nazianzcnum

2047 5225 2492 5294 Gregoriutn,-in
2536 5238 2603 5278 eo
2654 5215 2933 5286 sermone,
2970 5237 3133 5290 quem
3165 5221 3231 5276 ad
3274 5233 3370 5273 eos
3411 5219 3506 5288 qui
3559 5219 3626 5270 ab

2051 5311 2283 5386 .IEgypto
2321 5322 2592 5370 venerunt
2651 5313 2845 5368 scribit
2880 5329 2892 5365 :
2924 5311 3278 5382 Quaecunque
3310 5323 3438 5366 sunt
3463 5309 3586 5364 Filii
3611 5329 3652 5368 ,ν

2049 5420 2179 5465 Sunt
2211 5422 2264 5461 ct
2295 5407 2558 5476 Spiritus,
2592 5415 2790 5476 [metet
2816 5405 3404 5470 liliationcm.Quanta3
3431 5403 3628 5457 iterum

2051 5500 2308 5554 amentia:
2349 5499 2654 5567 putandum
2707 5508 2816 5562 est,
2864 5514 2988 5560 cum
3043 5513 3108 5552 ex
3163 5495 3470 5551 substantia
3505 5491 3628 5548 Filii

2048 5607 2170 5648 esse
2207 5591 2418 5655 audiat,
2471 5591 2642 5650 etiam,
2673 5607 2748 5646 ex
2782 5591 2906 5659 ejus
2953 5603 3189 5660 persona
3239 5601 3358 5642 esse
3393 5583 3632 5655 putare?

2052 5697 2116 5737 ac
2173 5681 2218 5736 si
2272 5681 2740 5754 quemadnmdmn
2792 5696 2901 5734 una
2955 5679 3286 5746 substantia,
3335 5679 3417 5734 sic
3461 5677 3628 5732 etiam

2054 5775 2418 5830 δυὺδίειε-ιιιὶςι
2451 5783 2598 5836 esset
2627 5773 2694 5826 de
2734 5773 2867 5826 Deo.
2903 5771 3173 5827 l’rwtetea
3203 5787 3309 5826 non
3337 5771 3662 5840 conspicit,-

2053 5867 2198 5936 quod
2233 5883 2355 5920 cum
2391 5866 2456 5919 de
2528 5865 2682 5918 I‘atrc
2717 5874 2770 5918 ct
2807 5879 2868 5918 ex
2902 5863 3066 5918 Patre
3113 5863 3317 5918 dicitur
3365 5865 3628 5932 Spiritus,
