4124 6402
480 401 588 466 303

1435 415 1941 483 nsssamoms
1985 421 2045 484 s.
2085 421 2155 485 ιι.
2200 423 2269 486 Ε.
2310 404 2776 488 CAltDlNALlS
2838 406 2847 417 ’

3610 422 3722 494 804

477 518 573 608 qui
612 517 826 572 Patrem
855 534 974 575 esse
1006 519 1202 576 Filium
1238 531 1459 594 negant,
1510 529 1718 597 pariter
1745 542 1799 587 et
1825 532 1945 587 Filii
1976 531 2044 587 ad
2076 537 2119 593 Α
2150 535 2379 591 omnino
2416 545 2580 607 prout
2605 536 2781 593 Filius
2834 535 2911 607 ita
2937 545 2993 593 et
3038 537 3156 608 ipse
3204 542 3465 601 causatus
3492 530 3522 592 Δ
3560 536 3724 594 Patre

476 607 696 662 Patrem
741 609 1191 667 communitatem
1226 625 1430 687 negant
1471 620 1775 676 secundum
1815 637 2043 692 proces-

475 700 647 769 siram
677 703 1088 774 proprietatem.

999 844 1210 915 Nicmti
1254 848 1511 920 defensio.

546 973 665 1031 Non
694 976 833 1033 adeo
870 978 1025 1037 illum
1056 982 1362 1052 sapientem
1395 985 1575 1042 virum
1603 996 1769 1058 putes
1793 988 2042 1060 ignarum

475 1069 768 1140 theologia:
813 1086 957 1136 esse,
1004 1083 1066 1129 ut
1115 1090 1237 1146 quae
1271 1087 1516 1147 paternae
1563 1081 1885 1138 substantiae
1918 1097 2046 1153 pro-

469 1159 588 1227 pria
627 1170 776 1223 sunt,
801 1176 865 1216 ea
889 1162 942 1216 in
969 1162 1168 1219 Filium
1204 1167 1439 1222 transire
1469 1168 1674 1224 debere
1708 1170 2041 1226 arbitretur.

471 1248 629 1314 Quod
680 1258 865 1305 autem
922 1252 1087 1308 Pater
1129 1255 1405 1323 producat
1451 1255 1718 1326 Spiritum
1765 1254 2041 1324 sanetum,

472 1354 584 1394 non
618 1341 672 1396 id
703 1342 757 1397 in
798 1354 1071 1412 quantum
1119 1347 1287 1403 Pater
1331 1349 1522 1416 habet,
1554 1352 1648 1407 sed
1685 1352 1738 1407 in
1774 1362 2041 1423 quantum

474 1432 742 1501 spirator.
791 1434 906 1490 lloc
949 1447 1139 1504 autem
1176 1453 1377 1495 nomen
1407 1444 1649 1513 spirator
1695 1463 2042 1517 nequaquam

473 1522 894 1579 eonstitutivum
946 1543 1197 1597 personae
1248 1546 1451 1588 nomen
1481 1544 1588 1590 est.
1630 1535 1745 1604 Qua
1778 1537 1846 1593 de
1879 1554 2042 1596 causa

476 1615 818 1684 impossibile
852 1632 961 1671 non
995 1628 1103 1684 est,
1144 1621 1251 1677 hoc
1283 1624 1449 1678 etiam
1477 1625 1616 1681 Filio
1641 1643 1763 1682 esse
1799 1645 2047 1684 commu-

474 1720 578 1770 ne;
616 1706 660 1760 si
713 1710 1061 1765 sanctissimo
1095 1709 1248 1767 Patri
1294 1713 1501 1784 Cyrillo
1551 1717 1891 1772 credendum
1938 1729 2041 1782 est,

472 1801 569 1869 qui
617 1801 793 1856 multo
846 1804 1048 1859 tnelius
1093 1822 1259 1875 quam
1292 1823 1394 1864 nos
1435 1809 1504 1863 de
1542 1811 1816 1880 theologia
1853 1813 2042 1868 sentit.

2152 627 2226 681 sit
2260 644 2273 682 :
2318 637 2376 681 at
2424 644 2603 699 neque
2637 627 2838 695 lilialis,
2886 627 3046 699 cujus
3086 628 3332 685 etenim!
3360 628 3630 697 siquidem
3665 629 3720 683 id

2153 721 2449 790 personale
2480 730 2565 776 est
2599 720 2761 787 Filio,
2798 735 2922 777 esse
2949 720 3171 776 Filium.
3201 719 3359 786 Quod
3398 717 3510 789 jam
3541 735 3569 772 a
3600 719 3722 789 Spi-

2153 810 2260 865 ritu
2289 811 2474 881 adepti
2502 812 2743 880 fuimus;
2773 812 2838 868 ad
2859 811 2991 867 illud
3011 821 3195 865 autem
3223 807 3370 880 quod
3396 809 3440 863 si
3472 823 3597 863 cum
3621 825 3727 863 au-

2107 969 2112 975 ,
2150 901 2268 957 diat
2297 903 2589 983 quisquam
2615 921 2681 960 ex
2712 902 3024 970 substantia
3074 903 3195 958 Filii
3230 901 3522 974 Spiritum,
3550 900 3721 970 etiam

2150 1009 2217 1049 ex
2265 996 2385 1065 ejus
2437 1010 2671 1063 persona
2720 1010 2851 1059 eum
2909 994 3206 1065 intelliget.
3249 1007 3359 1048 non
3410 991 3754 1046 mirandums

2150 1102 2296 1159 esse,
2350 1088 2483 1155 satis
2517 1086 2675 1157 prius
2717 1087 2927 1142 dictum
2976 1092 3082 1140 est.
3129 1082 3230 1139 Hic
3258 1098 3391 1139 vero
3424 1090 3481 1138 et
3514 1095 3725 1153 magna:

2151 1177 2445 1233 dementire
2469 1189 2575 1242 est,
2636 1177 2835 1248 inquit,
2871 1191 2982 1231 non
3016 1177 3292 1246 respicere
3329 1172 3475 1245 quod
3505 1186 3630 1228 eum
3654 1170 3725 1227 de

2149 1270 2312 1326 Patre
2382 1277 2437 1324 et
2486 1283 2553 1324 ex
2604 1252 2763 1324 Patre
2816 1268 3060 1339 Spiritus
3106 1267 3327 1337 dicitur,
3378 1266 3474 1338 qui
3522 1264 3724 1336 Filium

2152 1368 2352 1429 negant
2404 1374 2525 1415 esse
2571 1358 2814 1425 Patrem,
2864 1344 3035 1415 'sitnul
3087 1373 3308 1428 quoque
3361 1365 3562 1428 negant
3608 1357 3722 1411 vim

2151 1451 2395 1520 spirandi
2432 1466 2785 1506 communem
2839 1466 2960 1505 esse
3008 1450 3148 1504 Filio
3177 1465 3305 1504 eum
3338 1448 3522 1503 Patre.
3559 1448 3725 1518 Ejus-

2152 1546 2275 1599 dem
2328 1543 2562 1598 fortasse
2600 1543 2893 1599 demcntire
2923 1543 3280 1613 semetipsum
3335 1557 3637 1619 accusans,
3666 1553 3726 1596 et

2152 1636 2380 1690 forsitan
2435 1636 2680 1707 majoris,
2727 1636 2878 1691 dum.
2915 1635 3017 1691 hoc
3053 1635 3358 1689 absurdum
3413 1634 3728 1703 intelligens

2152 1725 2511 1780 nihilominus
2564 1740 2674 1778 non
2723 1724 2862 1794 fugit
2896 1724 3066 1789 illud,
3106 1740 3232 1778 cum
3276 1722 3544 1794 Spiritum
3580 1724 3730 1778 dicat

2154 1816 2419 1885 Spiritum
2453 1815 2596 1872 Filii.
2630 1815 2764 1871 Nam
2800 1817 2842 1869 si
2898 1815 3092 1874 Patris.
3126 1824 3181 1870 et
3208 1831 3273 1870 ex
3310 1814 3486 1880 Patre,
3531 1826 3590 1870 ut
3626 1815 3729 1870 isfe

412 1933 416 1937 ‹
472 1894 691 1956 Omnia,
738 1894 943 1987 inquit,
984 1906 1070 1952 est
1115 1896 1293 1955 Filius
1337 1916 1686 1971 qutecunque
1742 1903 1902 1958 Pater
1937 1912 2045 1970 est,
2076 1887 2124 1950 Β
2152 1907 2383 1967 fatetur.
2418 1886 2621 1981 dicitur
2670 1907 2910 1987 Spiritus
2942 1924 2955 1960 :
2989 1908 3083 1984 qui
3134 1905 3335 1960 Filium
3381 1916 3581 1975 negant
3609 1922 3730 1959 esse

474 1993 676 2056 prater
705 1986 760 2042 id
784 1988 964 2043 solum
994 1991 1145 2061 quod
1178 2007 1287 2046 non
1317 1993 1388 2048 sit
1417 1989 1610 2050 Pater.
1638 1993 1843 2051 Deinde
1870 1994 2045 2061 addit,

475 2079 764 2149 proprium
792 2081 1004 2137 habens
1039 2092 1095 2137 et
1132 2098 1201 2139 ex
1224 2099 1314 2150 eo,
1341 2094 1398 2140 et
1426 2086 1480 2140 in
1511 2101 1580 2142 eo
1607 2087 1662 2141 in
1691 2099 1887 2143 natura
1919 2088 2047 2158 Spi-

479 2170 950 2229 ritum-sanctum.
985 2174 1177 2246 Neque
1218 2175 1336 2233 haec
1363 2178 1647 2237 adversari
1682 2180 1827 2236 inter
1858 2194 1917 2236 se
1948 2197 2048 2251 pu-

476 2267 611 2320 tavit
668 2266 865 2321 Filium
915 2283 1024 2332 non
1076 2282 1201 2334 esse
1249 2269 1489 2339 Patrem,
1520 2280 1577 2333 et
1618 2279 1809 2337 tamen
1861 2288 1929 2328 ex
1980 2289 2049 2328 eo

480 2358 749 2430 Spiritum
805 2376 948 2419 esse.
996 2363 1160 2419 Aliud
1216 2364 1428 2421 scilicet
1486 2373 1568 2422 est
1632 2365 1940 2424 arbitratus
1992 2366 2046 2421 in

485 2462 756 2523 quantum
791 2453 957 2511 Pater
986 2464 1092 2519 est,
1128 2464 1185 2512 et
1219 2456 1368 2512 aliud
1400 2456 1456 2516 in
1500 2467 1769 2528 quantum
1802 2459 2049 2528 spirator

473 2557 583 2612 est,
617 2556 672 2601 et
704 2547 838 2603 illud
878 2548 1109 2622 quidem
1159 2549 1300 2618 Filio
1336 2548 1863 2622 incommunicabile
1898 2564 2049 2614 esse,

475 2637 585 2693 hoc
615 2653 748 2694 vero
791 2653 957 2718 quam
1009 2637 1248 2714 maxime
1296 2639 1617 2695 convenire.
1674 2638 1830 2706 Quod
1878 2639 2045 2693 etiam

474 2728 609 2785 alibi
646 2729 995 2786 enucleatius
1030 2744 1331 2810 exponens,
1366 2745 1474 2784 non
1512 2739 1715 2800 praeter
1753 2729 1809 2801 id
1839 2729 2046 2793 solum,

473 2824 678 2893 inquit,
708 2821 857 2894 quod
892 2837 1001 2876 non
1045 2821 1120 2878 sit
1152 2821 1340 2885 Pater,
1374 2822 1469 2881 sed
1506 2832 1871 2892 prze:erquam
1905 2822 2049 2892 quod

475 2931 588 2971 non
646 2922 898 2986 generet.
956 2911 1246 2969 Manifeste
1296 2914 1685 2983 paternitatetn
1734 2923 1947 2969 tantunt
1995 2923 2053 2968 et

477 3008 654 3064 solam
713 3004 1017 3081 generandi
1078 3006 1214 3072 vim,
1249 3021 1358 3060 non
1397 3005 1640 3076 spirandi
1695 3006 1766 3060 ab
1799 3019 1867 3061 eo
1898 3004 2053 3061 aufe-

476 3101 748 3178 rensaTu
802 3113 938 3169 vero
990 3107 1174 3181 utrum
1212 3115 1314 3177 nqs
1358 3116 1427 3171 qu
1478 3106 1529 3156 te
1582 3099 1759 3169 ipsum
1795 3096 2052 3170 decipere

480 3193 725 3257 conaris,
758 3190 950 3263 nescio
980 3205 1079 3265 per
1114 3188 1246 3267 iliud
1273 3189 1387 3271 diri
1410 3187 1604 3265 Cyrilli
1637 3189 1866 3260 dictum.
1892 3187 2049 3269 Quod

478 3296 537 3342 et
570 3286 615 3343 si
666 3284 968 3359 propositis
999 3266 1169 3357 rebus
1191 3266 1399 3354 aliquid
1440 3282 1624 3355 simile
1660 3283 1866 3354 habere
1899 3266 2050 3363 ride-

480 3387 594 3442 tur,
636 3379 815 3453 multo
853 3387 1034 3433 tamen
1067 3376 1410 3447 discrepare,
1448 3376 1492 3430 si
1541 3378 1681 3431 bene
1712 3376 2051 3441 advertatur,

477 3470 847 3542 reperiemus.
903 3469 1077 3536 Quam
1120 3470 1356 3524 maxime
1407 3469 1555 3524 enim
1612 3468 1825 3542 dill‘ert,
1864 3467 2055 3522 dicere

479 3562 799 3634 quempiam
853 3544 1059 3618 habere
1108 3558 1421 3617 naturalem
1467 3547 1699 3634 alicujus
1740 3562 2053 3632 proprieta-

483 3665 618 3717 tem,
649 3654 735 3709 vel
778 3654 900 3724 ejus
946 3652 1279 3708 naturaliter
1311 3653 1700 3723 proprietates.
1748 3653 1883 3707 Nam
1917 3653 2052 3708 illttd

478 3747 657 3801 solum
708 3743 774 3798 ad
834 3742 1157 3798 substantia:
1203 3741 1431 3812 respicit
1488 3740 1839 3797 identitatem
1884 3759 1898 3797 :
1952 3742 2057 3797 hoc

475 3840 791 3910 aliquarum
840 3836 1220 3909 personalium
1274 3835 1563 3890 nationum
1600 3834 2055 3890 communitatem

478 3934 779 4004 signiﬁcat,
816 3945 937 4002 qute
978 3929 1310 3985 naturaliter
1358 3938 1416 3982 et
1484 3927 1929 3985 substantialiter
1959 3930 2057 4000 sit,

482 4040 555 4080 ne
617 4025 858 4094 cuipiam
943 4020 1221 4078 accidenti
1289 4029 1386 4076 aut
1425 4021 1836 4092 participationi
1901 4022 2057 4076 locus

483 4121 668 4174 detur.
703 4117 839 4192 illud
875 4124 1060 4171 autem
1088 4114 1273 4170 omnia
1308 4114 1524 4171 scilicet
1544 4130 1668 4185 qua:
1697 4115 1879 4169 Patris
1902 4121 2056 4179 sunt,

479 4222 537 4269 et
563 4207 808 4280 Spiritus
832 4200 955 4264 esSe
980 4204 1180 4278 praeter
1204 4207 1510 4276 ingenitum
1539 4212 1660 4262 esse
1682 4218 1698 4273 ;
1723 4215 1780 4261 et
1800 4220 2062 4277 quaecum

478 4319 589 4373 que
638 4301 764 4358 Filii
804 4292 933 4355 sunt
963 4301 1129 4372 etiam
1160 4293 1407 4368 Spiritus
1450 4311 1574 4353 esse
1604 4305 1808 4368 praeter
1835 4295 2061 4351 tiliatio-

478 4411 633 4458 nem,
687 4382 874 4451 nescio
921 4384 1078 4463 cujus
1130 4382 1209 4446 rei
1258 4389 1434 4467 gratia
1485 4388 1891 4464 superaddidit.
1944 4387 2059 4443 Nos

481 4491 630 4544 enim
683 4486 919 4542 feliciter
969 4498 1035 4538 ac
1088 4483 1179 4552 pie
1240 4483 1358 4538 inec
1430 4482 1617 4536 omnia
1676 4479 2054 4550 intelligimus.

2076 3239 2123 3304 C

2148 2000 2390 2069 Patrem,
2433 2011 2541 2052 non
2599 1992 2778 2074 solum
2815 1999 2923 2055 vim
2958 1996 3202 2067 spirandi
3235 2012 3580 2058 communem
3606 2011 3729 2054 esse

2150 2091 2289 2147 Filio
2315 2081 2439 2145 cum
2484 2091 2649 2147 Patre
2687 2099 2912 2169 negant,
2945 2089 3039 2146 sed
3085 2089 3251 2143 etiam
3298 2087 3562 2156 Spiritum
3606 2088 3730 2159 Filii

2149 2180 2280 2239 dici.
2317 2182 2473 2247 Quod
2503 2183 2547 2239 si
2579 2183 2719 2254 bene
2742 2182 2884 2236 hanc
2917 2182 3252 2235 dementiam
3281 2180 3472 2249 fugiat,
3505 2180 3559 2235 in
3593 2181 3729 2235 alte-

2151 2293 2268 2331 ram
2300 2274 2511 2342 incidit,
2556 2266 2727 2331 muito
2751 2274 2924 2345 magis
2949 2274 3347 2341 detestandam,
3381 2274 3425 2328 si
3463 2272 3729 2347 Spiritum

2151 2380 2403 2424 sanetum
2455 2367 2667 2423 scilicet
2717 2360 3069 2426 non'dieat.
3119 2348 3296 2433 neque
3351 2365 3555 2419 sentiat
3599 2362 3728 2418 Filii

2152 2457 2452 2530 Spiritum;
2482 2456 2626 2527 quod
2662 2455 2897 2525 denique
2930 2454 3230 2524 Scriptura:
3267 2455 3414 2509 omni
3452 2453 3732 2530 adversari

2152 2526 2275 2621 quis
2313 2565 2421 2604 non
2463 2526 2655 2604 dicat?
2716 2547 2905 2617 Itaque
2945 2547 3049 2603 iste
3078 2548 3244 2603 etiam
3280 2562 3465 2602 sermo
3498 2526 3731 2601 mande;

2155 2643 2396 2699 stissime
2454 2638 2888 2711 deprehenditur
2914 2638 3066 2695 omni
3122 2638 3367 2704 undique
3420 2628 3731 2711 ignorantiq

2152 2734 2346 2805 [ﬂentis
2380 2749 2520 2789 esse.

2504 2866 2776 2941 Decimum
2806 2870 3179 2939 argumentum
3212 2859 3377 2932 Vacci.

2160 3002 2161 3005 “
2224 3008 2319 3063 llze
2347 3007 2755 3081 Scripturarum
2786 3009 3092 3075 sententiae,
3127 3004 3180 3062 in
3207 3005 3409 3077 quibus
3437 3002 3628 3067 Patres
3659 2994 3735 3069 de

2153 3098 2442 3156 divinitate
2487 3110 2788 3159 tractantes
2823 3101 3109 3173 proprium
3147 3098 3326 3156 Patris
3359 3096 3557 3152 Filium
3602 3111 3735 3163 esse,

2154 3204 2426 3256 asserunt,
2453 3203 2516 3248 ut
2538 3209 2604 3249 ex
2630 3193 2751 3264 ejus
2780 3194 3014 3249 essentia
3046 3190 3425 3251 exsistentem,
3455 3204 3521 3242 ex
3552 3200 3734 3256 eoque

2155 3299 2280 3340 esse
2309 3296 2368 3340 ut
2391 3286 2671 3356 proprium
2701 3283 3019 3343 substantiae
3040 3281 3180 3348 eius,
3204 3280 3297 3335 hic
3318 3279 3559 3334 collecta:
3579 3285 3733 3348 sunt.

2157 3386 2219 3432 ut
2245 3378 2445 3448 cuique
2469 3377 2670 3439 volenti
2696 3376 2926 3437 facultas
2950 3375 3043 3439 sit,
3077 3373 3207 3428 hinc
3235 3371 3523 3426 manifeste
3547 3383 3733 3440 nosse,

2157 3471 2424 3540 Spiritum
2479 3468 2644 3533 etiam
2684 3468 2891 3528 idcirco
2926 3466 3207 3538 proprium
3248 3462 3372 3518 Filii
3415 3461 3548 3526 dici,
3583 3459 3732 3530 quod

2156 3563 2557 3625 es'sulistantia
2585 3562 2704 3631 ejus
2734 3568 2839 3617 est.
2870 3562 3120 3630 Itemque
3151 3557 3342 3613 eadem
3378 3555 3446 3618 de
3472 3569 3635 3623 causa
3661 3567 3730 3626 es

2158 3653 2461 3708 substantia
2502 3650 2624 3705 Filii
2679 3664 2800 3704 esse
2833 3647 3057 3711 dicitur,
3089 3648 3235 3717 quod
3274 3640 3548 3715 ejusmodi
3593 3641 3733 3701 sub.-

2158 3748 2373 3802 Stautiae
2406 3743 2686 3815 pr0prium
2715 3741 2919 3806 bonum
2951 3745 3052 3796 est:
3095 3737 3251 3804 Quod
3290 3737 3457 3792 etiam
3492 3733 3737 3807 censeb-

2160 3837 2571 3894 stantialitatem
2598 3831 2838 3904 Spiritus
2866 3847 2990 3897 cum
3022 3829 3160 3886 Filio
3194 3828 3454 3885 ostendit.
3485 3826 3542 3900 Si
3580 3825 3730 3899 enim

2163 3925 2468 3983 Secundum
2504 3923 2798 3995 quamdam
2847 3922 3008 3978 aliam
3048 3920 3318 3992 rationem
3372 3916 3737 3974 consubstan-

2162 4018 2435 4080 tialitatis,
2461 4015 2641 4084 qu’alis
2676 4025 2781 4078 est,
2810 4029 2933 4084 qua:
2962 4012 3030 4068 de
3057 4011 3275 4067 duobus
3296 4007 3741 4066 consubstantia-

2158 4112 2406 4167 litatibus
2448 4107 2689 4174 dicitur;
2723 4107 2777 4161 in
2823 4106 3025 4177 quibus
3073 4119 3182 4158 non
3223 4110 3307 4158 est
3353 4102 3587 4156 alterum
3637 4115 3737 4169 per

2161 4205 2419 4261 alterum.
2462 4200 2704 4269 Spiritus
2742 4208 2889 4254 esset
2924 4197 3184 4267 proprius
3218 4195 3366 4256 Filii,
3399 4209 3466 4249 ex
3497 4191 3738 4262 Filiique

2162 4291 2468 4350 Substantia
2522 4301 2691 4352 esset,
2735 4289 2901 4343 etiam
2959 4286 3130 4342 Filius
3182 4285 3438 4356 proprius
3490 4283 3737 4352 Spiritus

2163 4384 2361 4444 sancti.
2393 4394 2447 4438 et
2477 4398 2541 4437 ex
2567 4382 2686 4454 ejus
2708 4380 3014 4435 substantia
3045 4377 3114 4432 ob
3138 4375 3554 4432 conversionem
3585 4373 3737 4437 ejus-

2165 4476 2313 4543 ιπηιᾹὶ
2355 4471 2963 4531 consubstantialitatis,
3013 4466 3159 4538 quod
3213 4482 3375 4521 neruo
3417 4474 3735 4520 sanctorum

479 4581 639 4648 Quod
674 4578 721 4633 si
766 4578 1062 4647 quisquam
1115 4583 1211 4629 aut
1247 4574 1365 4643 ipse
1399 4588 1507 4627 non
1553 4572 1692 4627 bene
1721 4571 1919 4638 sentit,
1959 4579 2058 4632 aut
2090 4589 2136 4646 ι)
2164 4570 2385 4647 Patrum
2435 4580 2678 4638 unquam
2728 4563 2888 4624 dixit,
2940 4577 3121 4632 neque
3166 4561 3380 4615 dicetur
3412 4558 3480 4614 ab
3529 4556 3739 4625 aliqua,

483 4684 715 4729 caeteros
751 4662 1011 4739 decipere
1047 4676 1302 4735 conatur,
1350 4667 1502 4721 illius
1535 4675 1620 4720 est
1650 4666 1882 4720 crimen.
1918 4664 2058 4720 Nam

485 4766 533 4818 si
564 4764 689 4833 quis
714 4778 745 4817 a
770 4761 984 4835 Spiritu
1017 4761 1407 4829 proprietatem
1457 4757 1636 4817 Patris
1665 4757 1905 4824 auferat,
1939 4772 2062 4827 quae

486 4865 573 4912 est
619 4853 926 4926 ingenitum
973 4840 1096 4908 esse
1129 4867 1143 4907 :
1171 4866 1507 4929 causamque
1556 4850 1674 4907 sive
1722 4850 2055 4921 principium

486 4951 720 5004 aliarum
755 4944 1141 5025 persanarum,
1172 4931 1398 5025 qualem
1439 4944 1676 5013 amplius
1711 4932 2056 5013 personalem

489 5041 666 5096 Patris
717 5020 1115 5110 proprietatem
1163 5026 1235 5091 ei'
1269 5020 1659 5105 derelinquel'l
1693 5034 1964 5098 Similiter
2012 5032 2057 5087 si

495 5136 624 5207 quis
686 5132 884 5188 Filium
922 5114 1183 5198 'Spi'ritui‘
1240 5122 1454 5196 hosque
1505 5127 1652 5181 solos
1701 5122 1767 5181 ad
1824 5126 2059 5195 invicem

487 5238 839 5297 comparans,
877 5227 1105 5291 negaret
1145 5219 1414 5290 Spiritum
1445 5232 1569 5272 esse
1598 5217 1820 5282 Filium,
1848 5216 2067 5273 caeteris

485 5337 617 5377 vero
645 5321 699 5375 iu
738 5317 904 5372 rebus
932 5329 1063 5368 eum
1093 5313 1320 5366 omnino
1342 5304 1586 5366 'sintilem
1619 5308 1758 5364 Filio
1787 5324 1910 5364 esse
1938 5323 2062 5362 cre-

486 5418 686 5470 cli-ret:
724 5425 890 5482 quam
933 5407 982 5464 ei
1035 5402 1377 5476 personalem
1417 5401 1814 5472 proprietatem
1846 5400 2061 5454 tribue~

484 5483 570 5573 cet
591 5484 746 5562 ?'nec
775 5503 925 5558 enim
960 5502 1242 5572 paternam
1279 5495 1566 5551 tribueret.
1615 5482 1747 5546 Nam
1780 5508 1961 5562 neque
1993 5494 2063 5548 de

485 5578 649 5655 Patre
677 5602 800 5652 erat
822 5576 1042 5657 contio,
1072 5602 1251 5658 neque
1292 5586 1535 5657 adhunc
1574 5583 1662 5639 illa
1696 5583 2058 5656 comparatio,

488 5660 667 5757 neque
700 5667 833 5743 licet
862 5683 930 5739 ad
958 5682 1108 5737 hunc
1139 5665 1357 5757 fuisset,
1380 5670 1590 5746 aliquid
1621 5675 1670 5730 ei
1707 5660 2062 5745 prpprietatis

491 5754 672 5831 Patris
705 5776 1062 5845 relinqueret.
1103 5754 1240 5827 Cum
1271 5758 1639 5839 praeterquam
1669 5761 1818 5836 quod
1850 5777 1959 5817 non
1989 5760 2060 5835 sit

493 5866 682 5948 i‘tlius,
706 5875 901 5939 uter;
926 5865 1106 5935 omnia
1144 5846 1460 5923 secundum
1480 5859 1676 5916 Fiiium
1706 5857 1793 5922 sit,
1821 5870 2055 5937 cunque

2166 4660 2259 4730 qui
2288 4666 2435 4713 recte
2465 4671 2528 4710 ac
2555 4655 2644 4725 pie
2689 4651 2758 4708 de
2787 4653 2891 4707 title
2926 4652 3176 4707 sentiret.
3209 4649 3358 4704 Talis
3390 4656 3573 4702 autem
3600 4660 3743 4700 con-

2165 4731 2602 4825 substantialitas
2622 4760 2799 4816 neque
2823 4743 3043 4825 proprie
3068 4738 3609 4797 consubstantialitas
3629 4745 3741 4798 est;

2165 4841 2262 4896 sed
2298 4840 2422 4903 illa,
2466 4820 2601 4908 quae
2626 4820 2858 4891 alterum
2893 4834 3052 4890 alteri
3084 4832 3305 4904 copulat
3340 4841 3598 4900 tanquam
3639 4845 3743 4899 per

2165 4950 2293 4990 eum
2331 4950 2396 4989 ex
2424 4948 2492 4987 eo
2522 4930 2792 4987 exsistens
2822 4928 3148 4982 naturaliter
3190 4934 3246 4981 et
3278 4923 3742 4979 substantialiter.

2165 5028 2323 5096 Quod
2364 5025 2587 5095 quidem
2637 5021 2892 5094 probabit
2923 5019 3105 5090 magni
3155 5017 3337 5074 Basilii
3378 5016 3467 5071 hic
3502 5015 3742 5070 adducta

2164 5118 2462 5179 sententia.
2492 5117 2585 5186 qui
2637 5113 2925 5184 manifeste
2965 5111 3163 5169 asserit
3219 5109 3414 5164 fratres
3465 5121 3576 5161 non
3622 5105 3734 5160 dici

2137 5213 2385 5284 ,pruprie
2412 5210 2646 5267 invicem
2674 5201 3521 5284 consubstantiales.‘Adduntur
3555 5205 3740 5251 autem

2167 5279 2440 5377 ejusmodi
2479 5300 2767 5356 sententiis
2815 5306 2872 5353 et
2893 5297 3015 5352 alia:
3045 5279 3355 5355 sentcntiae,
3388 5308 3510 5359 qua!
3537 5290 3607 5345 ob
3638 5289 3746 5343 hoc

2164 5397 2468 5461 Ostendunt
2493 5392 2691 5450 Filium
2718 5405 2840 5447 esse
2863 5386 3391 5453 consubstantialem
3418 5382 3589 5443 Patri,
3612 5384 3744 5446 quia

2162 5507 2227 5545 cs
2258 5491 2377 5558 ejus
2413 5483 2721 5553 substantia
2752 5487 2859 5543 est,
2892 5489 2951 5533 ut
2990 5491 3203 5538 omnes,
3246 5475 3340 5543 qui
3376 5473 3568 5538 velint,
3607 5470 3745 5524 hinc

2164 5570 2471 5652 intuiligere
2504 5576 2741 5648 possint,
2785 5571 2991 5639 idcirco
3029 5569 3293 5639 Spiritum
3328 5576 3576 5633 sanctum
3613 5578 3743 5619 cum

2164 5674 2303 5729 Fdio
2335 5666 2862 5727 consubstantialem
2903 5676 3050 5726 esse,
3078 5661 3206 5731 quia
3239 5675 3306 5713 ex
3336 5658 3457 5728 ejus
3489 5657 3747 5711 substan-

2167 5763 2239 5816 tia
2272 5772 2374 5815 est.
2416 5760 2544 5817 [tem
2582 5735 2651 5810 ad
2692 5755 2793 5808 has
2829 5750 3132 5812 sententias
3167 5747 3512 5809 roborandus
3547 5754 3603 5799 et
3634 5744 3744 5797 alia

2168 5834 2386 5910 Patrum
2426 5851 2570 5919 dicta
2611 5847 2930 5913 ederentur,
2961 5859 3079 5916 qua:
3109 5837 3745 5904 consubstantialitatem

3804 6393 3830 6398 ἢ·
3884 6394 3920 6400 νη
3976 6395 4004 6402 μ-
4042 6393 4100 6402 ή-
