4124 6478
302 410 409 474 3ἕ>7

1268 411 1780 476 BESSARIONIS
1823 416 1880 478 S.
1929 417 2006 479 Β.
2049 419 2115 482 Ε.
2158 419 2625 485 CARDlNALlS

3456 422 3564 487 308

280 528 440 581 -suta.
496 523 769 594 siquidem
815 539 884 580 ex
933 540 1066 581 una.
1099 523 1254 592 Quod
1287 525 1514 598 quidem
1549 527 1604 583 in
1634 528 1876 585 homini-
1905 533 1953 593 Α
1983 548 2212 590 necesse
2239 546 2326 590 est
2372 537 2603 591 omnino
2632 551 2777 597 esse.
2822 550 2948 591 cum
2978 550 3045 591 ex
3096 534 3408 593 substantia
3460 554 3563 592 nu-

300 619 405 673 bus
432 629 596 687 patet.
634 617 768 673 Nam
808 620 1183 689 unusquisque
1234 630 1489 675 nostrqu
1519 638 1582 677 ex
1618 623 1881 678 substan-

304 712 382 765 tia
408 710 629 775 intidem
666 712 796 765 Adae
830 722 938 773 est.
994 712 1088 766 sed
1128 723 1350 768 nonest
1377 728 1443 768 ex
1465 713 1587 783 ejus
1621 730 1878 784 persona,

300 819 423 857 cum
455 820 559 857 una
602 805 912 858 substantia
950 802 1239 858 hominum
1271 805 1366 868 sit,
1392 807 1490 861 sed
1526 809 1712 863 multa:
1749 824 1876 877 per-

300 912 546 951 sonaaza
598 896 868 966 principio
921 913 1053 952 vero
1110 911 1240 951 cum
1300 897 1540 958 humana
1570 901 1881 956 substantia

301 991 393 1051 sit,
422 999 586 1059 alque
614 1006 853 1058 persona
885 992 1101 1047 scilicet
1160 993 1287 1047 Adae
1320 1008 1429 1047 una
1465 1001 1632 1056 esset,
1661 993 1883 1063 Evaque

305 1084 425 1151 ejus
479 1084 794 1139 substantia
857 1084 980 1145 fuit.
1011 1102 1081 1141 ex
1111 1102 1344 1156 persona
1374 1101 1595 1157 quoque
1616 1087 1737 1157 ejus
1763 1086 1884 1143 for—

303 1186 446 1228 mata
513 1185 617 1230 est.
663 1176 844 1245 Atque
881 1178 1203 1257 priusquam
1238 1178 1372 1234 Cain
1422 1186 1571 1232 esset
1607 1188 1734 1237 eum
1776 1191 1885 1234 una

302 1268 419 1320 sola
451 1267 591 1322 virili
626 1269 937 1323 substantia
966 1286 1314 1341 personaque
1345 1271 1658 1337 exsisteret,
1693 1285 1762 1326 ex
1820 1285 1886 1326 ea

305 1374 418 1413 una
493 1360 642 1414 virili
700 1360 834 1417 Adae
892 1363 1200 1417 substantia
1274 1376 1615 1434 personaque
1671 1363 1889 1433 genitus

280 1461 394 1506 ~est
441 1451 597 1509 Cain.
630 1450 862 1509 Duobus
896 1465 1079 1510 autem
1116 1457 1250 1511 viris
1286 1458 1397 1528 jam
1431 1456 1733 1511 secundum
1765 1471 1889 1526 per-

307 1561 500 1599 sonam
554 1548 959 1609 exsistentibus
1024 1550 1211 1604 Enoch
1269 1565 1335 1605 ex
1393 1549 1524 1607 Adae
1574 1550 1886 1606 substantia

306 1638 555 1706 quidem.
597 1656 708 1693 non
741 1651 927 1696 autem
985 1658 1052 1696 ex
1095 1657 1331 1711 persona
1364 1638 1491 1704 fuit,
1522 1643 1615 1697 sed
1649 1643 1716 1696 de
1755 1642 1887 1698 Cain

311 1732 428 1784 eota
487 1746 718 1801 persona
782 1735 1001 1803 genitus
1046 1744 1154 1788 est.
1199 1736 1408 1790 Veccus
1436 1745 1620 1790 autem
1647 1734 1747 1789 iste
1784 1736 1889 1789 hoc

314 1824 371 1880 in
434 1824 558 1879 ioco
619 1841 877 1883 asserens
919 1845 983 1883 ex
1013 1828 1138 1884 Filii
1167 1844 1400 1898 persona
1441 1830 1711 1900 Spiritum
1741 1844 1887 1904 esse,

308 1930 381 1979 eo
429 1919 578 1986 quod
640 1934 708 1973 ex
752 1921 875 1989 ejus
898 1921 1207 1976 substantia
1233 1938 1263 1976 a
1302 1922 1571 1993 theologis
1597 1938 1718 1977 esse
1750 1922 1890 1976 dici-

311 2018 426 2079 tur,
497 2025 660 2063 unam
718 2011 772 2065 in
831 2010 942 2067 Deo
998 2028 1291 2083 personam
1351 2015 1496 2068 sicut
1526 2014 1889 2071 substantiam

313 2116 434 2155 esse
479 2103 636 2171 ponit
662 2104 883 2176 Filium,
916 2117 1009 2160 aut
1034 2108 1250 2162 Patrem
1297 2108 1524 2162 omnino
1555 2123 1759 2179 negans
1792 2108 1894 2163 mi-

314 2214 425 2254 ser.
489 2198 734 2270 itemque
800 2217 829 2255 a
883 2204 1000 2257 solo
1047 2191 1189 2258 Filio
1220 2203 1464 2272 Spiritus
1504 2205 1679 2258 sancti
1704 2218 1895 2259 essen-

316 2291 444 2345 tiam
485 2308 607 2348 esse
662 2296 923 2350 ostendit.
971 2295 1151 2365 Atque
1203 2297 1272 2352 ab
1328 2312 1524 2353 eorum
1582 2296 1766 2361 dictis,
1799 2297 1890 2366 qui

313 2381 371 2434 in
430 2380 638 2437 divinis
697 2386 953 2453 perfectze
988 2386 1313 2442 substantia:
1342 2401 1465 2441 esse
1496 2387 1739 2446 Patrem,
1770 2401 1893 2456 per-

310 2471 585 2542 fectaeque
652 2476 851 2531 Filium
907 2487 964 2533 et
1025 2479 1286 2534 similiter
1334 2478 1607 2549 Spiritum
1637 2487 1894 2545 sanctum

311 2563 608 2631 aliirmant,
634 2583 740 2623 non
774 2569 1097 2626 siibstantire
1137 2571 1427 2637 unitatem,
1473 2587 1537 2626 ac
1579 2573 1742 2627 trium
1774 2587 1897 2641 per-

310 2672 577 2713 sonarum
636 2661 1253 2718 incommutabiiitutetn
1323 2664 1620 2736 intelligit,
1675 2664 1775 2719 sed
1838 2665 1894 2722 in

322 2751 518 2802 eadem
556 2748 827 2807 Trinitate
851 2753 1316 2823 multiplicitatem
1344 2753 1639 2823 quamdam
1691 2763 1747 2810 et
1784 2754 1893 2821 dif-

314 2841 606 2898 ferentiam
642 2845 973 2916 insipienter
997 2847 1271 2916 Specutari
1297 2856 1552 2907 conatur.

857 2938 1062 2995 Na'crrm'
1098 2922 1356 3013 defensio.

390 3026 560 3091 Quam
597 3029 800 3084 similia
848 3030 1161 3100 decoraque
1202 3030 1259 3105 in
1317 3029 1594 3101 theologia
1646 3030 1897 3102 exempla

321 3112 631 3171 iuduciiis?
688 3120 736 3171 id
792 3119 951 3183 vobis
995 3120 1306 3195 certissime
1341 3135 1502 3175 causa
1543 3121 1751 3177 erroris
1789 3133 1895 3177 est.

321 3208 478 3274 Quod
506 3208 574 3263 de
614 3209 815 3279 divinis
837 3211 1068 3303 perinde
1099 3227 1161 3265 ac
1194 3212 1261 3266 de
1298 3212 1555 3287 humanis
1585 3212 1794 3284 sapitis,
1841 3221 1898 3269 et
1923 3230 1971 3296 α
2002 3212 2149 3286 quod
2181 3214 2359 3269 veniat
2386 3212 2677 3284 vestigium

325 3311 496 3356 totam
535 3303 665 3375 hinc
705 3303 771 3373 ad
811 3320 876 3358 ea
923 3304 1347 3366 similitudinem
1391 3304 1635 3361 trahitis.
1665 3306 1736 3361 At
1763 3318 1898 3361 cave

323 3411 396 3467 ne
433 3395 499 3471 de
531 3394 797 3467 ineli'alriii
834 3396 924 3450 illa
969 3395 1245 3463 Trinitate
1274 3396 1427 3465 nefas
1457 3398 1530 3452 sit
1570 3398 1643 3453 ita
1670 3398 1895 3454 sentire.

323 3489 458 3557 Nam
500 3500 558 3562 ut
592 3489 642 3566 ei
672 3488 981 3545 divinitatis
1025 3491 1227 3556 unitas,
1258 3491 1341 3547 sic
1373 3506 1732 3560 personarum
1779 3491 1900 3546 Tri-

328 3586 475 3641 nitas
518 3586 609 3634 cst‘
653 3585 945 3650 servanda,
995 3599 1062 3640 ne
1123 3593 1237 3649 tres
1289 3599 1411 3640 esse
1471 3584 1607 3639 deos
1647 3600 1896 3642 asserere

326 3676 685 3747 cogeremini,
734 3686 792 3730 ut
835 3677 958 3731 istis
1001 3692 1096 3731 vos
1126 3678 1312 3733 verbis
1350 3677 1638 3732 manifeste
1688 3676 1893 3735 facitis.

324 3769 444 3843 Non
474 3769 620 3843 enim
650 3769 1111 3839 quemadmodum
1143 3780 1254 3825 tres
1276 3770 1527 3825 homines
1558 3769 1625 3824 ad
1659 3770 1897 3825 invicem

327 3876 678 3926 communem
733 3877 888 3916 suam
963 3861 1170 3915 habent
1254 3861 1644 3927 substantiam,
1719 3861 1792 3915 ita
1844 3872 1901 3918 et

326 3962 530 4017 sanctae
569 3950 856 4007 Trinitatis
888 3968 1139 4022 personui
1170 3953 1415 4007 divinam
1447 3954 1772 4007 essentiam‘.
1817 3952 1902 4009 Si-

327 4044 548 4122 quidem
576 4045 760 4115 specie
790 4045 919 4109 illis,
954 4062 1061 4100 non
1096 4060 1328 4101 numero
1359 4045 1550 4100 eadem
1589 4046 1903 4103 humanitas

326 4118 432 4207 est.
499 4135 711 4190 Sanctae
770 4152 902 4191 vero
947 4137 1204 4193 Trinitati
1259 4136 1450 4193 eadem
1516 4154 1748 4193 numero
1815 4145 1903 4193 est

326 4213 511 4307 divina
540 4229 816 4289 essentia.
851 4229 968 4284 sive
1000 4229 1261 4307 divinitas
1296 4247 1310 4284 :
1342 4240 1399 4285 et
1428 4231 1637 4286 idcirco
1666 4241 1777 4286 tres
1812 4229 1903 4301 ille

329 4304 577 4393 persona:
597 4330 651 4375 et
676 4336 782 4375 una
813 4304 1076 4388 essentia,
1101 4331 1158 4377 et
1195 4338 1340 4377 unus
1371 4321 1512 4378 Deus
1534 4330 1642 4378 est.
1676 4310 1904 4395 E't'haac

331 4396 554 4491 intidem
590 4410 768 4465 tribus
824 4411 1042 4466 substat
1096 4412 1297 4470 divinis
1340 4413 1618 4482 personis,
1670 4419 1727 4468 et.
1776 4427 1903 4466 cum

332 4503 567 4571 singulis
617 4518 806 4558 earum
842 4520 1011 4559 unum
1056 4504 1367 4561 subsistens
1420 4515 1526 4561 est.
1581 4504 1906 4573 Humanitas

1983 644 2136 684 mero
2165 628 2357 683 eadem
2410 630 2805 699 communique
2845 630 2919 685 sit
2968 628 3116 685 Patri
3166 641 3223 685 et
3257 627 3414 694 Filio,
3451 646 3560 685 non

1983 721 2166 789 specie
2188 721 2367 776 solum
2394 721 2700 777 secundum
2728 722 2863 777 illud
2897 722 3187 778 hominum
3213 722 3528 791 exemplum
3547 761 3563 786 ,

1982 822 2036 868 et
2084 814 2251 869 etiam
2294 796 2509 869 substet
2539 814 2748 869 divinis
2787 815 2876 869 his
2933 815 3211 884 personis,
3241 814 3560 885 paternitati

1983 906 2202 962 scilicet
2228 914 2284 960 et
2317 906 2589 961 filiationi.
2627 904 2814 976 Itaque
2869 905 3037 961 etiam
3063 922 3131 961 ex
3171 920 3271 960 sua
3299 906 3563 960 substan-

1986 1000 2059 1056 tia
2115 1015 2459 1069 personaque
2511 1009 2661 1056 esset
2710 998 2954 1071 Spiritus
2999 1010 3249 1065 sanctus,
3299 997 3408 1053 nisi
3453 1009 3567 1053 sine

1982 1093 2308 1165 praprietati
2353 1103 2703 1163 oppugnaret
2734 1111 2748 1147 :
2781 1108 2905 1148 cum
2937 1091 3125 1147 eadem
3158 1106 3395 1147 numero
3432 1090 3566 1144 sub-

1984 1184 2189 1240 stantia
2219 1183 2309 1238 iiia
2333 1198 2399 1238 eo
2428 1184 2596 1238 etiam
2633 1181 2986 1253 praedicetur.
3017 1197 3080 1237 ac
3117 1182 3172 1236 in
3213 1197 3279 1237 eo
3309 1180 3567 1235 similiter

1986 1278 2223 1334 substet.
2252 1277 2394 1343 Quid
2424 1275 2592 1346 igitur
2618 1276 2793 1332 velint
2824 1275 3115 1330 dissimilia
3152 1274 3429 1345 exempla,
3468 1281 3565 1327 aut

1986 1369 2120 1441 quid
2152 1384 2219 1424 ex
2241 1368 2328 1423 his
2365 1370 2469 1424 iste
2511 1368 2846 1423 concludere
2878 1368 3070 1438 possit,
3107 1367 3319 1422 nescio.
3363 1364 3565 1422 Verum

1986 1463 2078 1520 hic
2100 1473 2184 1521 est
2220 1462 2689 1518 contentiosorum
2719 1475 2858 1525 mos,
2890 1459 3035 1530 quod
3059 1461 3227 1515 etiam
3254 1457 3570 1514 manifestis

1986 1571 2047 1611 se
2078 1561 2386 1625 opponunt,
2418 1562 2475 1609 et
2502 1554 2721 1608 veritati
2751 1569 2913 1607 aures
2944 1551 3234 1617 claudunt,
3265 1567 3371 1606 nec
3409 1551 3570 1606 intel-

1987 1647 2167 1717 iigunt
2226 1662 2420 1717 magna
2469 1647 2635 1701 etiam
2688 1645 2993 1716 praecipitia
3049 1645 3223 1711 adire,
3269 1643 3570 1699 dummodo

1989 1750 2184 1795 contra
2214 1738 2341 1793 illos
2377 1737 2685 1807 quidquam
2728 1751 2891 1806 agerc
2917 1736 3157 1805 possint,
3199 1750 3340 1806 quos
3375 1744 3573 1804 putant

1991 1831 2096 1887 sibi
2127 1830 2471 1886 adversarios
2501 1846 2643 1886 esse.
2670 1828 2862 1896 Qualis
2887 1838 2943 1883 et
2968 1843 3213 1898 praesens
3242 1844 3426 1883 sermo
3462 1838 3565 1881 cst.

1993 1924 2096 1993 Qui
2132 1922 2422 1978 manifeste
2453 1922 2507 1976 in
2532 1937 2727 1976 eorum
2760 1922 2856 1992 qui
2912 1930 3026 1975 tres
3069 1921 3203 1975 deos
3239 1928 3452 1990 putant,
3484 1919 3571 1972 in-

1994 2018 2130 2072 cidit
2171 2017 2445 2071 haeresim.
2506 2016 2609 2071 llic
2668 2030 2799 2070 vero
2845 2030 3010 2085 quam
3061 2012 3576 2083 imprudentissime

1994 2127 2155 2166 suum
2187 2110 2353 2165 Deum
2382 2110 2433 2163 in
2464 2111 2600 2165 alios
2626 2108 2831 2164 inferre
2850 2116 3086 2163 conatur
3111 2127 3122 2163 :
3147 2116 3201 2161 et
3228 2107 3305 2162 illi
3329 2106 3574 2177 quidem,

1994 2202 2088 2273 qui
2123 2203 2275 2270 prius
2308 2200 2539 2270 Spiritui
2568 2211 2762 2254 sancto
2802 2199 3258 2261 adversabantur,
3319 2212 3388 2252 ex
3410 2196 3575 2252 Patre

1994 2297 2083 2351 vel
2130 2294 2270 2350 Filio
2315 2309 2440 2348 esse
2491 2309 2616 2348 cum
2664 2292 2979 2352 audientes.
3031 2289 3180 2360 quod
3232 2303 3299 2343 ex
3340 2303 3575 2358 persona

1996 2386 2219 2459 quidem
2261 2401 2451 2441 eorum
2481 2395 2649 2447 esset.
2688 2384 3030 2452 recipiebant
3066 2380 3251 2451 :quod
3295 2388 3480 2436 autem
3510 2397 3576 2434 ex

1998 2495 2192 2536 eorum
2226 2478 2560 2542 substantia,
2602 2476 2895 2546 negabant.
2944 2472 3103 2528 Nunc
3146 2486 3281 2528 vero
3335 2470 3576 2524 alterum

1996 2575 2037 2632 ii
2104 2572 2349 2629 atrocius
2400 2571 2608 2627 bellum
2652 2569 2919 2624 inferunt.
2977 2567 3279 2636 Recipiunt
3315 2563 3462 2620 enim
3513 2576 3579 2614 ex

1997 2651 2301 2727 substantia
2333 2678 2525 2719 eorum
2553 2677 2679 2716 eum
2712 2676 2866 2717 esse:
2902 2658 2997 2715 sed
3032 2674 3098 2713 ex
3127 2670 3320 2713 eorum
3348 2667 3581 2725 persona

1999 2758 2248 2814 minime.
2307 2757 2388 2809 lla
2453 2768 2736 2824 nunquam
2795 2750 3009 2806 desistit
3078 2748 3337 2805 Ecclesia)
3381 2754 3583 2800 sanctm

1955 2868 1967 2881 ο
2002 2849 2176 2904 hostis
2197 2845 2457 2903 scandala
2503 2844 2886 2900 disseminare.
2943 2841 3075 2909 Quae
3111 2838 3333 2910 quidem
3379 2845 3438 2891 ut
3486 2850 3583 2889 ve-

1998 2943 2158 2997 niant
2221 2953 2452 2996 necesse
2513 2949 2633 3003 est,
2704 2936 2799 2993 sed
2867 2951 2954 2990 vae
3032 2932 3245 2989 homini
3302 2931 3421 2992 illi.
3486 2943 3584 2999 per

1999 3046 2166 3103 quem
2223 3032 2480 3087 veniunt.
2544 3029 2874 3098 Quanquam
2926 3038 2983 3083 et
3046 3025 3155 3080 illis
3225 3023 3449 3094 quidem
3487 3036 3585 3074 vc-

2005 3124 2097 3179 nia
2159 3122 2393 3179 fortasse
2454 3121 2638 3192 aliqua
2689 3119 2869 3175 danda
2919 3125 3089 3177 esset.
3147 3116 3260 3170 imo
3302 3128 3433 3168 vero
3479 3113 3583 3167 aii-

2731 3228 2745 3265 :
2787 3225 2912 3266 cum
2949 3206 3200 3280 quaedam
3235 3207 3290 3260 in
3328 3207 3580 3260 testimo-

2000 3308 2155 3364 nium
2198 3305 2474 3363 adducere
2505 3303 2798 3369 haberent,
2826 3316 2948 3373 qua:
2978 3315 3046 3356 ex
3086 3296 3336 3370 personis
3381 3295 3584 3351 divinis

2001 3408 2212 3465 essent,
2238 3414 2351 3455 non
2377 3406 2562 3454 autem
2592 3412 2671 3454 er
2697 3394 3028 3458 substantia,
3059 3391 3207 3463 quod
3243 3390 3312 3446 de
3357 3399 3580 3444 creatu-

2001 3493 2080 3549 ris
2112 3499 2283 3563 patet.
2327 3491 2456 3547 latis
2496 3505 2632 3546 vero
2678 3503 2931 3562 quaenam
2971 3485 3255 3543 excusatio
3283 3483 3411 3549 erit,
3454 3496 3580 3535 cum

1998 3604 2065 3643 ex
2095 3587 2401 3644 substantia
2429 3600 2558 3642 eum
2592 3600 2714 3642 esse
2745 3583 3045 3649 fateantur,
3078 3596 3143 3648 es
3176 3592 3416 3650 persona
3448 3591 3583 3631 vero

2000 3680 2142 3751 ejus,
2186 3692 2257 3734 ex
2299 3678 2459 3750 cuius
2501 3677 2813 3734 substantia
2862 3676 3018 3733 illum
3067 3686 3190 3728 esse
3248 3668 3582 3735 concedunt,

2000 3778 2224 3842 negent.
2275 3769 2355 3825 ita
2421 3777 2478 3828 et
2533 3770 2636 3826 sibi
2707 3767 2842 3840 ipsis
2900 3774 2959 3822 et
3018 3761 3245 3821 veritati
3305 3762 3586 3832 contraria

2000 3862 2413 3936 pugnantiaque
2443 3862 2655 3931 dicunt.

2292 3955 2675 4011 Duodecimum
2709 3960 3086 4026 argumentum
3125 3949 3295 4008 Vacci.

2073 4047 2211 4105 Cum
2243 4048 2467 4120 quidam
2507 4048 2694 4102 dicere
2737 4045 2978 4102 audeant
3029 4045 3165 4100 illud
3206 4057 3468 4102 emanare
3503 4055 3571 4096 ex

2003 4141 2144 4198 Filio
2197 4139 2465 4210 Spiritum
2506 4148 2759 4195 sanctum
2787 4177 2803 4201 ,
2844 4136 3090 4207 prodire,
3159 4135 3451 4206 splendere
3499 4141 3586 4195 at-

2003 4251 2114 4307 que
2175 4232 2540 4296 manifestari,
2594 4247 2704 4286 non
2763 4229 3074 4302 significare
3142 4244 3269 4284 eum
3330 4227 3588 4282 substan-

2006 4326 2209 4388 tiaiiter
2262 4333 2319 4380 et
2378 4322 2740 4393 personaliter
2787 4337 2854 4377 ex
2910 4320 3050 4375 Filio
3112 4333 3257 4383 esse,
3315 4316 3409 4375 sed
3461 4332 3587 4386 gra-

2007 4421 2207 4478 tiarum
2262 4433 2330 4474 ex
2400 4432 2469 4473 eo
2535 4415 2907 4485 spiritualium
2958 4411 3254 4484 quamdam
3321 4410 3588 4465 tributio-

2007 4521 2171 4565 nem:
2217 4505 2285 4559 ad
2331 4518 2453 4563 eam
2499 4503 2818 4573 opinionem
2855 4500 3296 4572 redarguendam
3342 4499 3589 4555 collecte

332 4609 465 4649 vero
530 4613 709 4665 neque
772 4597 1204 4666 particularibus
1270 4598 1589 4665 hominibus
1669 4598 1903 4662 sub‘stat,
1932 4572 1985 4634 D
2011 4608 2143 4656 sunt
2167 4605 2471 4668 praesentes
2508 4572 2894 4665 auctoritates.
2925 4609 3046 4663 qute
3070 4592 3387 4662 splendere,
3433 4605 3588 4645 ema-

335 4676 515 4750 neque
543 4702 713 4739 unum
757 4686 1070 4742 subsistens
1102 4698 1185 4754 est
1214 4704 1339 4744 cum
1380 4689 1683 4761 individuis
1716 4690 1908 4760 singu-

337 4777 426 4830 iis.
476 4774 845 4841 Quamobrem
898 4779 1042 4848 quod
1091 4795 1155 4841 ex
1198 4797 1391 4836 eorum
1438 4784 1749 4838 substantia
1799 4794 1906 4849 est,

340 4869 765 4942 haudquaquam
829 4886 899 4936 es
983 4873 1228 4927 omnium
1284 4876 1447 4929 etiam
1503 4892 1740 4947 persona
1801 4885 1906 4933 est.

338 4958 472 5044 {tuin
505 4962 707 5031 quippe
739 4979 863 5019 cum
929 4979 992 5029 ex
1035 4966 1165 5020 Adae
1220 4977 1383 5038 atque
1426 4968 1558 5024 Abel
1602 4971 1908 5025 substantia

340 5042 649 5140 naturaque
677 5055 768 5137 sit,
799 5068 865 5109 ex
906 5056 1037 5131 Adae
1065 5057 1288 5125 quidem
1319 5060 1484 5113 etiam
1516 5076 1749 5129 persona
1792 5071 1908 5128 est;

338 5162 448 5225 non
482 5146 740 5229 quoniam
770 5150 839 5212 ex
882 5147 1031 5210 illitis
1056 5149 1360 5212 substantia
1392 5152 1512 5214 fuit,
1546 5153 1641 5208 sed
1671 5154 1796 5221 quia
1844 5169 1913 5207 ex

338 5241 455 5309 ejus
479 5228 708 5310 persiona
722 5228 825 5305 est,
853 5256 976 5313 cum
999 5241 1177 5311 ipsum
1202 5257 1420 5297 causam
1446 5244 1915 5313 habens.Ex[Abel

339 5343 519 5387 autem
542 5314 847 5397 substantia
868 5349 991 5413 cum
1011 5335 1102 5398 sit,
1128 5350 1236 5389 non
1261 5345 1440 5392 tamen
1458 5353 1523 5392 ex
1543 5337 1661 5411 eius
1681 5353 1913 5408 persona

337 5426 576 5497 cst,quia
599 5443 830 5497 persona
848 5429 982 5492 Abel
998 5445 1103 5495 non
1120 5431 1475 5493 numero,scd
1495 5432 1677 5503 specie
1702 5440 1915 5505 tantum

339 5519 467 5573 Adin
516 5521 838 5577 substantire
888 5523 1299 5595 communicat;
1363 5538 1540 5597 neque
1605 5524 1915 5591 subsisten-

340 5620 447 5665 tem
483 5610 537 5664 in
568 5626 627 5666 se
659 5611 826 5668 habet
870 5628 1031 5689 suam
1065 5613 1432 5669 substantiam
1462 5653 1477 5677 ,
1530 5628 1707 5682 neque
1746 5628 1915 5667 imum

340 5701 649 5759 subsistens
676 5719 801 5759 cum
836 5720 1076 5777 persona
1105 5706 1371 5761 secunda.
1408 5704 1477 5761 At
1508 5720 1642 5760 vero
1673 5706 1816 5776 quod
1848 5720 1917 5760 cx

345 5789 523 5844 Patris
569 5790 807 5862 Filiique
858 5782 1165 5867 substantia
1210 5806 1318 5858 est,
1389 5790 1454 5851 cx'
1502 5812 1691 5851 eorum
1748 5796 1914 5851 etiam

350 5897 586 5953 persona
636 5884 776 5941 nihil
826 5888 1080 5971 prohibet
1139 5876 1448 5962 quin'ilittd
1492 5891 1582 5946 ait.
1626 5890 1738 5965 into
1788 5905 1917 5961 vero

2009 4705 2143 4747 nare
2196 4699 2363 4758 atque
2383 4686 2723 4755 manifestari
2752 4687 2949 4742 Filium
2977 4701 3043 4740 ex
3070 4685 3233 4739 Patre
3261 4683 3588 4749 ostendunt.

2010 4780 2184 4836 Nemo
2233 4778 2381 4834 enim
2441 4795 2684 4848 unquam
2741 4778 2954 4832 diceret
3003 4792 3110 4831 non
3138 4781 3436 4838 ‘cmanare,
3479 4789 3591 4828 non

2012 4871 2352 4941 splendere,
2434 4885 2542 4925 non
2598 4868 2940 4924 nianit‘estari
3023 4865 3464 4929 substantialiter
3523 4880 3591 4919 ex

2013 4965 2171 5020 Patre
2198 4962 2425 5029 Filium,
2461 4962 2554 5017 sed
2586 4962 2707 5032 ejus
2731 4962 2956 5032 gratias,
2993 4968 3091 5015 aut
3112 4959 3278 5014 dona.

2483 5055 2724 5110 Palama:
2756 5055 3132 5117 contradictio.
3426 5114 3435 5121 ,

2084 5148 2242 5216 Quod
2267 5164 2333 5204 ex
2361 5148 2570 5217 aliquo,
2600 5157 2695 5202 aut
2715 5147 3096 5217 generatione.
3120 5153 3212 5200 aut
3235 5145 3595 5217 processione

2013 5242 2314 5299 essentiam
2347 5242 2532 5303 habet,
2564 5256 2634 5295 ex
2673 5255 2740 5295 eo
2782 5240 2949 5295 etiam
3008 5238 3254 5309 prodire.
3289 5246 3346 5294 et
3386 5236 3595 5300 emitti,

2019 5349 2076 5391 et
2133 5333 2431 5405 splendere
2487 5333 2711 5396 dicitur,
2773 5342 2830 5387 et
2882 5331 3199 5401 ejusmodi:
3238 5346 3350 5386 non
3409 5338 3593 5383 tamen

2015 5427 2286 5498 quidquid
2338 5425 2542 5497 prodit,
2599 5434 2695 5480 aut
2740 5425 3035 5489 emittitur,
3087 5433 3185 5478 aut
3228 5422 3483 5492 splendet
3523 5436 3593 5477 ex

2017 5520 2143 5591 alio,
2198 5519 2364 5573 habet
2409 5517 2575 5571 etiam
2645 5532 2712 5571 ex
2764 5516 2858 5570 ilio
2901 5531 2998 5586 per
3053 5513 3464 5585 generationem
3508 5510 3593 5565 vel

2017 5611 2431 5681 processionem
2492 5609 2814 5670 essentiam,
2852 5616 3016 5677 atque
3055 5607 3108 5661 in
3143 5604 3367 5675 propria
3408 5602 3596 5658 subsi-

2025 5703 2226 5758 stentia
2262 5709 2366 5757 est.
2417 5700 2486 5755 At
2517 5701 2642 5765 iste,
2673 5701 2767 5778 qui
2817 5700 2916 5754 bas
2961 5697 3185 5769 collegit
3211 5698 3595 5758 auctoritates,

2022 5793 2315 5864 impudens
2345 5795 2462 5864 ipsc
2488 5806 2551 5848 ac
2602 5789 2935 5848 temerarius
2966 5806 3089 5847 cum
3120 5789 3212 5855 sit,
3248 5785 3589 5844 temeritatis

2024 5887 2144 5965 illus
2180 5895 2419 5961 accusat,
2455 5886 2547 5954 qui
2600 5887 2685 5954 pic
2719 5901 2781 5939 ac
2826 5895 2972 5943 recte
3013 5884 3079 5939 dc
3121 5882 3323 5939 divinis
3347 5882 3588 5950 sapiunt.
