4124 6410
465 452 579 522 313

1559 445 1997 510 REFUTATIO
2038 442 2221 509 ΜΑΧ.
2260 438 2656 509 PLANUDJ‘J.

3613 441 3716 513 314

462 562 560 619 Cdo
592 562 876 633 ἑκάτερον,
907 562 1007 617 ὅσα
1036 563 1062 616 ὁ
1095 560 1310 631 Πατὴρ,
1344 557 1480 630 πλὴν
1508 558 1615 612 τῶν
1638 557 2035 627 ἀντικειμένων

2148 558 2285 610 niam
2327 571 2437 610 non
2482 558 2784 627 opponitur
2829 557 2948 629 ejus
2985 558 3208 614 rationi.
3250 559 3507 615 Omnium
3562 576 3712 614 eum:

463 654 631 725 αὐτῷ,
665 654 742 717 ὡς
780 654 1020 725 εἴρηται.
1067 656 1222 707 Ἐπεὶ
1250 651 1341 707 οῦν
1373 654 1400 706 ὁ
1429 653 1616 722 Πατὴρ
1664 651 1778 720 ἔχει
1807 649 1867 703 τὸ
1906 667 2037 717 προ-

466 748 685 802 ϐάλλειν
715 748 775 799 τὸ
806 747 1029 815 Πνεῦμα
1068 747 1128 797 τὸ
1158 747 1335 813 ἅγιον,
1362 744 1522 796 τοῦτο
1564 743 1620 796 δὲ
1650 743 1725 812 τῷ
1763 743 1857 794 τοῦ
1910 740 2035 795 Υἱοῦ

466 835 610 905 λόγῳ
639 835 739 887 οὐκ
779 835 1141 896 ἐναντιοῦται,
1177 837 1233 885 ὲν
1266 833 1342 902 τῷ
1378 832 1572 901 γεννᾷν
1604 832 1767 884 αὑτὸν
1808 832 2039 885 δέδωκεν

468 928 617 994 αὐτῷ
642 927 699 979 τὸ
723 927 782 991 ἐξ
813 925 980 979 αὐτοῦ
1012 925 1263 993 προϊέναι
1289 923 1347 977 τὸ
1380 921 1605 992 Πνεῦμα
1640 922 1699 972 τὸ
1731 920 1905 989 ἅγιον,
1945 922 2040 973 καὶ

469 1017 528 1079 ἐξ
556 1019 882 1087 ἀμφοτέρων
926 1016 1001 1080 ὡς
1034 1016 1143 1068 ἀπ’)
1191 1015 1308 1078 ἑνὶς
1353 1012 1489 1066 Θεοῦ
1537 1013 1631 1066 καὶ
1689 1013 1817 1081 μιᾶς
1861 1013 2042 1081 πηγῆς

467 1112 562 1163 καὶ
595 1112 765 1180 ἀρχῆς
800 1108 1221 1179 ἐκπορεύεσθαι.

2149 664 2271 719 qua:
2298 664 2405 702 non
2428 661 2784 719 opponuntur
2819 651 3013 706 rationi
3050 652 3407 722 proprietatis
3438 653 3713 722 ipsorum,

2145 756 2491 808 unaquaeque
2521 742 2709 795 divina
2738 758 2977 813 persona
3014 744 3294 814 particeps
3317 753 3422 807 est,
3442 754 3498 797 et
3531 745 3716 796 σιιιιιὶει

2142 832 2309 886 habet
2347 842 2582 901 utraque
2633 850 2890 903 persona,
2952 851 3073 905 qua:
3132 836 3297 890 habet
3335 836 3515 895 Pater.
3553 852 3712 889 exce-

2143 924 2273 991 ptis,
2310 941 2429 991 qua:
2461 926 2560 993 ipsi
2596 940 2972 993 opponuntur,
3000 928 3281 981 utdictum
3314 937 3416 981 est.
3446 926 3715 992 Quoniam

2149 1015 2315 1080 igitur
2358 1016 2519 1068 Pater
2567 1018 2734 1072 habet
2791 1019 3096 1086 producere
3139 1018 3405 1087 Spiritum
3438 1029 3714 1083 sanctum,

2154 1105 2258 1159 hoc
2291 1122 2422 1159 vero
2473 1108 2675 1161 rationi
2708 1108 2830 1161 Filii
2872 1125 2982 1163 non
3013 1110 3361 1175 adversatur,
3388 1112 3516 1164 dum
3550 1126 3717 1181 gene-

467 1212 549 1257 rat
588 1217 737 1267 eum,
766 1202 860 1254 dat
910 1198 1009 1270 ipsi
1056 1208 1114 1253 ut
1144 1215 1210 1254 ex
1274 1198 1393 1268 ipso
1431 1194 1811 1269 proﬁciscatur
1853 1192 2092 1265 Spiritus
2141 1203 2389 1260 sanctus,
2429 1203 2483 1248 et
2512 1210 2576 1249 ex
2619 1196 2886 1252 ambobus
2922 1207 3175 1269 tanquam
3204 1198 3272 1252 ab
3322 1214 3431 1252 uno
3493 1200 3718 1265 Deo,.et

470 1310 581 1349 uno
617 1295 771 1349 fonte
799 1304 854 1348 et
876 1291 1150 1362 principio
1191 1291 1474 1363 procedat.

1720 1381 2007 1454 Responsio
2040 1379 2187 1435 Petri
2224 1382 2462 1435 Arcm/ii.

539 1504 832 1560 Possemus
865 1504 1032 1558 etiam
1074 1513 1199 1557 cum
1240 1503 1548 1573 Augustino
1582 1516 1751 1556 serm.
1782 1517 1819 1555 ιι
1868 1500 1944 1554 De
1989 1498 2176 1554 verbis
2216 1500 2431 1553 Domini
2477 1510 2608 1555 tom.
2642 1500 2708 1563 Χ,
2746 1517 2795 1556 c.
2826 1503 2917 1567 20,
2960 1504 3014 1556 in
3054 1498 3159 1558 {ine
3184 1504 3538 1573 respondere.
3589 1504 3716 1560 Ideo

468 1596 702 1649 societas
729 1595 959 1649 unitatis
984 1594 1241 1649 Ecclesia:
1269 1595 1386 1657 Dei,
1413 1607 1565 1648 extra
1592 1609 1754 1662 quam
1791 1607 1901 1646 non
1937 1590 1995 1643 lit
2025 1590 2141 1661 ipsa
2182 1591 2435 1645 remissio
2472 1603 2847 1662 peccatbrum,
2879 1588 3134 1665 tauquam
3166 1599 3449 1666 proprium
3471 1606 3557 1650 est
3582 1613 3720 1667 opus

467 1687 708 1755 Spiritus
729 1688 930 1753 sancti,
973 1688 1133 1742 Patre
1154 1703 1285 1741 sane
1315 1697 1370 1741 et
1417 1686 1555 1741 Filio
1603 1686 2065 1755 cooperantibus;
2114 1684 2243 1755 quia
2267 1686 2498 1741 societas
2541 1698 2626 1743 est
2671 1689 3074 1758 quodammodo
3118 1678 3295 1744 Patris
3343 1701 3398 1745 et
3438 1691 3560 1743 Filii
3600 1692 3719 1759 ipse

468 1782 709 1849 Spiritus
745 1793 989 1836 sanetus.
1016 1781 1152 1836 Nam
1178 1782 1341 1835 Pater
1372 1797 1477 1834 non
1513 1780 1886 1834 communiter
1916 1780 2151 1832 habetur
2178 1777 2341 1831 Pater
2369 1796 2397 1831 a
2428 1781 2567 1835 Filio
2604 1796 2655 1836 et
2687 1782 2896 1852 Spiritu
2939 1793 3153 1848 sancto,
3187 1784 3314 1852 quia
3345 1799 3451 1837 non
3486 1796 3571 1838 est
3610 1785 3716 1838 Pa-

470 1885 550 1929 ter
579 1872 889 1926 amborum.
926 1874 993 1927 Et
1016 1872 1185 1928 Filius
1218 1892 1324 1928 non
1350 1876 1719 1928 communiter
1740 1873 1974 1926 habetur
2005 1870 2177 1926 Filius
2207 1887 2235 1924 a
2263 1870 2419 1924 Patre
2441 1882 2496 1927 et
2522 1873 2729 1942 Spiritu
2763 1884 2973 1941 sancto,
3000 1877 3127 1944 quia
3153 1892 3259 1931 non
3295 1889 3380 1932 est
3404 1879 3481 1932 Fil
3512 1894 3573 1931 us
3608 1894 3724 1930 am-

467 1964 688 2021 borum.
726 1967 973 2036 Spiritus
996 1981 1176 2023 autem
1209 1982 1434 2025 sanctus
1462 1969 1828 2024 communiter
1852 1968 2088 2021 habetur
2116 1981 2147 2020 a
2177 1959 2336 2020 Patre
2382 1976 2439 2021 et
2478 1967 2637 2032 Filio,
2662 1969 2789 2037 quia
2816 1970 3055 2041 Spiritus
3098 1982 3184 2025 est
3224 1987 3367 2025 unus
3403 1972 3720 2025 amborum.
3770 1958 3779 1971 ί

713 2062 989 2130 Μαξίμου
1028 2065 1446 2131 avsum-topic
1478 2062 1779 2130 δεύτερος.

540 2152 662 2204 Ἔτι
710 2154 744 2220 ἡ
783 2152 882 2221 μὲν
933 2154 1098 2223 μονὰς
1136 2155 1465 2221 ταυτότητός
1510 2157 1658 2206 ἐστιν
1704 2155 1874 2217 αἰτία,
1914 2152 1947 2221 η
1984 2148 2040 2204 δὲ

472 2243 598 2306 δυὰς
650 2244 992 2313 ἑτερότητος.
1026 2243 1189 2296 "006v
1235 2246 1262 2295 ὀ
1292 2244 1419 2307 Υἱὸς
1471 2253 1567 2297 καὶ
1604 2245 1664 2295 τὸ
1711 2242 1935 2311 Πνεῦμα
1979 2242 2039 2293 τὸ

474 2332 646 2400 ἅγιον,
678 2334 749 2395 ὡς
784 2335 883 2400 μὲν
915 2333 973 2397 ἐξ
1002 2334 1119 2395 ἑνὸ,
1154 2333 1246 2386 τοῦ
1278 2336 1489 2406 [ἰατρὸς
1530 2334 1681 2398 ὄντα,
1713 2333 1908 2386 ταυτὸν
1937 2332 2037 2401 τῆς

476 2424 690 2490 φύσεως
735 2423 983 2492 ἀλλήλοις
1032 2429 1125 2477 καὶ
1154 2426 1230 2494 τῷ
1276 2428 1452 2495 lla.th
1490 2426 1722 2494 ἔχουσιν
1756 2423 1830 2487 ὡς
1859 2424 1917 2476 δὲ
1942 2423 2038 2475 δύο

476 2516 639 2567 παλιν
666 2516 813 2580 ὄντα,
839 2516 1001 2586 ἕτερά
1025 2519 1171 2569 ἐστιν
1201 2517 1448 2587 ἀλλήλοις
1481 2520 1574 2570 καὶ
1596 2516 1672 2585 τῷ
1702 2515 1877 2584 lla.th
1902 2514 2043 2567 κατὰ

473 2606 567 2669 τὰς
606 2607 949 2673 ὑποστάσεις,
996 2607 1114 2662 ἀλλ’
1159 2610 1218 2660 οὐ
1268 2611 1366 2679 τὴν
1415 2608 1596 2678 φύσιν.
1634 2610 1709 2660 Ub
1760 2610 1869 2677 γὰρ
1916 2606 2042 2675 ὲνῆν

473 2702 643 2752 ταύτὰ
675 2701 775 2771 τὴν
807 2701 971 2769 φύσιν
1013 2702 1164 2767 ὄντα,
1198 2702 1296 2755 καὶ
1341 2702 1505 2771 ἕτερα
1550 2700 1713 2754 πάλιν
1759 2701 1901 2753 κατὰ
1947 2700 2043 2768 τὴν

473 2791 635 2859 φύσιν
669 2788 830 2847 εἶναι.
854 2793 919 2845 Εἰ
949 2794 1049 2863 μὲν
1077 2792 1171 2846 οὖν
1199 2796 1305 2865 ἄρα
1332 2793 1392 2858 ἐξ
1422 2794 1567 2858 ἐνὸς,
1592 2793 1841 2845 τουτέστι
1879 2790 2043 2861 μόνου

470 2884 565 2936 τοῦ
600 2885 813 2955 Πατρὺς
839 2891 931 2939 καὶ
958 2887 1016 2939 τὸ
1052 2885 1274 2953 Πνεῦμα
1301 2886 1647 2957 προέρχεται,
1681 2882 1740 2936 ἓν
1767 2884 1922 2935 ἔσται
1951 2880 2046 2934 καί

472 2974 672 3027 ταυτὸν
717 2975 850 3029 αὐτὸ
891 2976 1091 3045 ὲαυτῴο
1136 2977 1266 3030 εἰδὲ
1296 2978 1360 3029 ἐκ
1391 2976 1504 3039 δύο,
1537 2975 1783 3028 τουτέστι
1833 2970 2044 3041 Πατρὸς

472 3068 567 3118 καὶ
604 3065 756 3133 Υἱοῦ,
785 3067 972 3136 ἕτερον
1002 3067 1156 3120 ἔσται
1188 3067 1318 3121 αὐτὸ
1352 3067 1548 3138 ἑαυτῷ·
1580 3066 1653 3129 ὡς
1687 3066 1752 3119 ἂν
1779 3066 1905 3120 ἄλλο
1944 3064 2045 3132 μὲν

474 3156 532 3211 ὃν
561 3156 621 3211 τὺ
654 3160 718 3213 ἐκ
742 3159 834 3212 τοῦ
871 3161 1108 3231 Πατρὸς,
1141 3160 1269 3214 ἄλλο
1300 3160 1357 3214 δὲ
1397 3160 1455 3213 τὸ
1483 3161 1547 3212 ὲκ
1570 3158 1662 3213 τοῦ
1700 3157 1850 3211 Υἱοῦ.
1897 3155 2047 3208 Ἐπεὶ

476 3251 587 3320 γάρ
614 3251 774 3315 ἄλλος
804 3256 903 3321 μὲν
933 3255 960 3306 ὁ
989 3253 1196 3324 Πατὴρ,
1221 3253 1376 3313 ἄλλος
1404 3252 1461 3306 δὲ
1481 3255 1509 3305 ὀ
1540 3252 1688 3316 Υἱὸς,
1714 3250 1926 3317 ἀνάγκη
1952 3247 2045 3300 καὶ

487 3343 608 3395 Ι⁴ἰοῦ
639 3344 862 3413 Πνεῦμα
905 3346 1032 3401 ἄλλο
1063 3348 1156 3399 καὶ
1189 3345 1317 3401 ἄλλο
1347 3340 1509 3398 εἶναι’
1540 3342 1700 3395 τοῦτο
1733 3340 1788 3394 δὲ
1822 3340 2044 3392 ἄτοπον.

477 3436 541 3488 Εἰ
567 3436 624 3489 δὲ
660 3437 809 3504 λέγοι
835 3455 921 3502 τις
956 3438 1067 3502 πῶς
1102 3440 1163 3491 τὸ
1202 3438 1261 3503 ἐξ
1294 3438 1457 3493 ἄλλου
1489 3437 1585 3490 καὶ
1614 3435 1775 3488 ἄλλου
1804 3433 1898 3486 τοῦ
1936 3448 2045 3485 πα-

474 3531 603 3599 τρδς
630 3532 721 3584 καὶ
745 3531 840 3601 τῆς
867 3532 1075 3602 μητρὸς
1107 3532 1297 3585 τέκνον
1319 3531 1419 3583 ούκ
1441 3530 1571 3584 ἄλλο
1596 3530 1689 3582 καὶ
1720 3527 1849 3581 ἄλλο
1877 3526 2046 3588 ἐστὶν,

478 3622 595 3675 ἀλλ’
628 3622 719 3689 ἒνς
773 3624 1008 3694 ἐροῦμεν
1057 3625 1139 3677 ὅτι
1185 3625 1283 3693 οὐχ
1332 3624 1521 3685 ἁπλῶς
1571 3624 1719 3675 ἐστιν
1767 3619 1847 3686 ἓν,
1911 3617 2050 3671 ἀλλὰ

2468 2052 2691 2115 Maximi
2736 2064 3070 2133 syllogismus
3124 2066 3399 2120 secundus.

2217 2149 2487 2204 Praeterea
2534 2154 2720 2206 unitas
2782 2154 3002 2221 quidem
3055 2169 3221 2208 causa
3270 2165 3355 2209 est
3394 2155 3718 2219 identitat's,

2145 2238 2381 2295 dualitas
2406 2257 2537 2296 vero
2568 2242 2928 2298 diVersitatis.
2960 2243 3143 2309 Quare
3170 2244 3341 2298 Filius
3383 2256 3439 2298 et
3476 2246 3718 2314 Spiritus

2144 2341 2372 2387 sanctus
2400 2334 2470 2388 ab
2503 2349 2614 2388 uno
2642 2334 2800 2388 Patre
2826 2337 3178 2399 exsisteutes,
3229 2336 3573 2390 identitatem
3614 2352 3715 2389 na-

2143 2434 2277 2477 tura:
2311 2424 2379 2477 ad
2404 2425 2639 2479 invicem
2664 2434 2718 2479 et
2743 2440 2867 2480 cum
2903 2426 3064 2479 Patre
3089 2427 3315 2481 habent.
3352 2428 3420 2482 Ut
3442 2442 3574 2482 vero
3595 2443 3718 2480 rur-

2142 2531 2236 2569 sus
2262 2516 2373 2569 duo
2407 2524 2557 2580 sunt,
2585 2516 2815 2571 diversa:
2847 2525 2975 2571 sunt
3014 2518 3081 2571 ad
3121 2517 3355 2573 invicem
3378 2529 3432 2573 et
3461 2535 3583 2573 cmn
3618 2519 3720 2572 Ρίιδ

2144 2616 2225 2662 tre
2258 2610 2562 2663 secundum
2593 2610 2941 2681 hypostases,
2970 2627 3079 2665 non
3108 2614 3410 2666 secundum
3438 2622 3715 2666 naturam.

2142 2699 2259 2755 Non
2280 2703 2428 2756 enim
2449 2702 2667 2765 licebat,
2696 2719 2818 2758 cum
2853 2706 3049 2760 eadem
3084 2713 3277 2759 natura
3307 2715 3513 2770 essent,
3546 2706 3716 2759 etiam

2144 2791 2247 2843 alia
2276 2807 2496 2845 rursum
2527 2794 2831 2848 secundum
2887 2805 3141 2850 naturam
3198 2811 3343 2851 esse.
3376 2796 3432 2851 Si
3458 2797 3622 2867 igitur
3650 2813 3719 2851 ex

2144 2894 2254 2933 uno
2288 2881 2504 2936 scilicet
2544 2884 2661 2937 solo
2693 2881 2853 2938 Patre
2883 2886 3123 2953 Spiritus
3154 2887 3541 2953 proﬁciscitur,
3577 2903 3721 2940 unus

2142 2972 2252 3025 erit
2278 2982 2333 3026 et
2364 2974 2507 3028 idem
2530 2974 2645 3043 ipse
2679 2976 2811 3031 sibi.
2839 2977 2933 3031 Sin
2965 2992 3031 3031 ex
3060 2977 3298 3043 duobus,
3328 2978 3488 3033 Patre
3511 2980 3723 3033 scilicet

2144 3075 2200 3120 et
2225 3065 2384 3133 Filio,
2411 3067 2673 3123 aliuserit
2696 3069 2809 3138 ipse
2836 3070 2987 3136 sibi;
3023 3078 3282 3139 tanquam
3310 3072 3404 3140 qui
3424 3072 3567 3125 alius
3596 3072 3723 3140 qui-

2146 3157 2374 3211 dem'sit
2410 3174 2475 3214 ex
2511 3160 2692 3221 Patre,
2724 3162 2864 3215 alius
2896 3178 3026 3215 vero
3061 3162 3132 3216 sit
3159 3178 3223 3216 ex
3260 3163 3417 3217 Filio.
3450 3161 3724 3228 Quoniam

2146 3245 2292 3300 enim
2313 3247 2453 3301 alius
2478 3257 2561 3301 est
2592 3248 2777 3312 Pater,
2800 3250 2938 3303 alius
2963 3249 3154 3313 Filius,
3189 3254 3502 3307 necessario
3516 3263 3571 3305 et
3600 3252 3723 3321 Spi-

2150 3336 2291 3391 ritus
2321 3336 2442 3390 Filii
2464 3337 2604 3392 alius
2630 3350 2685 3392 et
2716 3341 2858 3394 alius
2879 3341 3052 3407 sit;id
3092 3358 3226 3396 vero
3261 3345 3559 3397 absurdum
3617 3354 3723 3396 cst.-

2148 3427 2303 3493 Quod
2335 3428 2381 3482 si
2407 3430 2608 3484 dixerit
2650 3432 2872 3501 aliquis,
2916 3436 3194 3502 quomodo
3228 3437 3322 3505 qui
3379 3452 3444 3490 ex
3487 3447 3639 3505 patre
3667 3448 3726 3490 et

2150 3531 2325 3576 matre
2374 3523 2539 3588 lilius,
2586 3540 2696 3579 non
2745 3528 2886 3580 alius
2927 3539 2984 3581 et
3030 3528 3174 3581 alius
3224 3538 3349 3592 est,
3403 3530 3499 3583 sed
3557 3545 3723 3592 unus,

2152 3618 2568 3681 respondemus,
2615 3616 2762 3684 quod
2801 3632 2910 3671 non
2954 3619 3276 3688 simpliciter
3304 3631 3386 3674 est
3430 3636 3591 3685 unus,
3625 3623 3723 3674 srd

479 3713 740 3766 σύνθετον
771 3714 834 3767 ἐκ
869 3731 923 3766 τε
954 3713 1047 3767 τοῦ
1106 3716 1422 3783 σπέρματοέ,
1451 3711 1545 3766 τοῦ
1576 3710 1781 3781 πατρὸς
1812 3709 1905 3761 καὶ
1935 3709 2043 3760 τῶν

2151 3706 2490 3775 compositus
2515 3723 2579 3761 ex
2603 3709 2811 3764 semine
2836 3710 3007 3774 patris
3049 3722 3104 3764 et
3127 3712 3484 3782 sanguimbus
3513 3713 3722 3767 matris.

477 3806 730 3877 αἱμάτων
762 3808 860 3876 τῆς
894 3807 1124 3878 μητρός.

950 3922 1282 3991 Ἀπόκρισις
1318 3922 1586 3989 δευτέρα.

549 4016 802 4087 Εἴρηται,
841 4018 922 4069 ὅτι
1020 4016 1184 4085 μονὰς
1214 4017 1308 4068 καὶ
1333 4015 1462 4077 Θεὸς
1488 4010 1567 4078 εἷς
1602 4017 1631 4068 ὁ
1677 4016 1864 4086 Πατὴρ
1896 4014 1988 4069 καὶ
2018 4015 2049 4068 6

482 4108 760 4175 Υἱὸς,“καὶ
801 4109 860 4163 τὸ
893 4109 1119 4178 Πνεῦμα
1164 4108 1490 4180 προάγουσιο
1524 4109 1616 4161 καὶ
1647 4110 1735 4163 διὰ
1777 4109 1933 4162 τοῦτο
1983 4110 2045 4162 οὐ

477 4198 696 4254 δύναται
746 4200 841 4251 καὶ
885 4199 1081 4251 ταυτὸν
1124 4198 1321 4251 ἑαυτοῦ
1373 4201 1467 4252 καὶ
1518 4197 1704 4266 ἕτερον
1743 4197 1942 4251 ἑαυτοῦ
1986 4197 2049 4250 τὸ

482 4291 704 4361 Πνεῦμα
731 4292 793 4343 τὸ
823 4290 999 4360 ἅγιον,
1023 4291 1159 4345 ἀλλὰ
1185 4292 1421 4361 ἀνάγκη,
1450 4290 1652 4360 μᾶλλον
1682 4286 1823 4344 εἶναι
1853 4291 2047 4344 ταυτὸν

479 4383 681 4452 ἑαυτῷ,
712 4383 801 4435 διὰ
826 4383 889 4435 τὸ
928 4386 1176 4453 προϊέναι
1212 4385 1277 4435 ὲκ
1316 4385 1519 4436 τούτων
1569 4382 1646 4446 ὡς
1697 4384 1761 4435 ὲκ
1793 4383 2044 4453 μονάδος.

479 4474 554 4525 Tb
592 4476 697 4544 γάρ
731 4474 917 4545 ἕτερον
951 4476 1168 4539 ἑαυτοῦ,
1219 4478 1314 4528 κοιί
1349 4474 1601 4527 σύνθετον
1636 4475 2048 4545 ὑπολαμϐάνειν

477 4569 540 4619 τὸ
572 4569 793 4638 Πνεῦμα
835 4570 897 4620 τὸ
926 4567 1103 4637 ἅγιον,
1137 4569 1223 4621 διὰ
1253 4569 1312 4621 τὸ
1341 4568 1469 4621 ἄλλο
1509 4568 1610 4638 μὲν
1657 4569 1767 4621 δεῖν
1799 4566 1937 4621 εἶναι
1987 4571 2048 4622 τὸ

478 4662 542 4711 ἐκ
573 4662 807 4728 Πατρὸς,
846 4660 976 4712 ἄλλο
1008 4660 1065 4712 δὲ
1111 4661 1171 4712 τὸ
1205 4661 1263 4725 ἐξ
1294 4659 1448 4723 Υἱοῦ,
1479 4659 1586 4713 τῶν
1616 4661 1758 4713 πάνυ
1806 4676 2050 4727 σωματι-

480 4747 591 4801 κῶν
623 4749 771 4801 ἐστιν
798 4750 1017 4815 ἐννοεῖν,
1052 4750 1147 4806 καὶ
1174 4750 1293 4804 λιαν
1319 4750 1518 4813 ὑλικῶς
1549 4766 1607 4804 τε
1635 4751 1729 4803 καὶ
1768 4751 2049 4821 σαρκικῶς

477 4842 543 4894 τὰ
567 4842 745 4894 ἐκεῖσε
784 4842 1105 4896 νοσούντων.
1138 4840 1213 4896 ού
1256 4842 1365 4914 γὰρ
1410 4838 1583 4906 οὕτως
1621 4843 1655 4913 ἡ
1697 4842 1793 4895 τοῦ
1836 4843 2050 4914 Πατρὸς

480 4938 729 5006 ἐνέργεια
760 4935 860 5005 τῆς
889 4936 983 4989 τοῦ
1011 4935 1137 4988 Υἰοῦ
1168 4936 1604 5006 ἀπεσχοίνισται,
1641 4935 1715 4997 ὡς
1753 4937 1786 5006 ἡ
1810 4935 1918 5005 ἐμὴ
1946 4934 2046 5001 τῆς

479 5029 598 5097 σῆςο
627 5027 737 5079 οὐδ’
778 5025 951 5089 οὕτως
986 5025 1147 5089 ἄλλος
1181 5029 1276 5079 καὶ
1301 5027 1463 5111 άλλος
1494 5027 1653 5090 εἰσὶν,
1692 5028 1768 5089 ὡς
1799 5025 1910 5095 ἐγὼ
1952 5028 2046 5079 καὶ
2076 5053 2124 5111 ι)

445 5119 566 5170 νοῦ.
612 5119 747 5170 Τότε
802 5119 911 5187 γὰρ
961 5118 1026 5169 ἂν
1078 5115 1239 5187 μόνον
1270 5110 1383 5183 εἶχε
1433 5116 1617 5189 χώραν
1645 5119 1678 5186 ἡ
1714 5118 1769 5169 ὲν
1801 5116 1879 5186 τῷ
1914 5116 2050 5170 ἀπο-

475 5209 775 5276 τελέσματι
809 5206 1080 5269 σύνθεο-ις’
1112 5210 1159 5259 ει
1190 5208 1300 5275 γὰρ
1331 5210 1424 5260 καὶ
1445 5208 1603 5269 ἄλλος
1631 5211 1724 5260 καὶ
1752 5206 1910 5269 ἄλλος
1935 5209 2048 5271 τοῖς

478 5305 797 5372 προσώποις
835 5302 991 5366 εἰσιν,
1023 5301 1141 5354 ἀλλ’
1168 5301 1324 5353 οὐδὲν
1360 5295 1524 5374 ἦττον
1553 5294 1634 5363 εἷς
1679 5302 1776 5353 καὶ
1809 5303 1837 5353 ὁ
1884 5301 2047 5364 αὑτός

476 5398 585 5449 εἰσὶ
623 5398 689 5467 τῇ
729 5396 971 5462 θεότητι,
1017 5394 1113 5447 καὶ
1154 5390 1236 5456 εἷς
1277 5393 1520 5463 ἀριθμῷ,
1551 5392 1628 5454 ὡς
1676 5391 1816 5446 εἶναι
1869 5392 2049 5446 αὐτῶν

476 5489 573 5540 καὶ
596 5490 727 5558 μίαν
758 5488 834 5557 τῷ
885 5486 1105 5557 ἀριθμῷ
1133 5487 1235 5554 τὴν
1265 5488 1569 5556 ἐνέργειαν.
1599 5477 1699 5537 Ὧν
1729 5485 1785 5537 δὲ
1818 5486 1850 5556 ή
1900 5487 2054 5557 ἐνέρ-

476 5596 602 5647 γεια
660 5580 782 5649 μία,
833 5580 951 5641 πῶς
999 5577 1059 5631 οὑ
1116 5580 1210 5631 καὶ
1259 5577 1319 5630 τὸ
1363 5579 1426 5629 ἐκ
1473 5575 1676 5643 ταύτης
1727 5574 1788 5629 ἓν
1837 5574 1902 5629 ἂν
1957 5575 2052 5629 καὶ

476 5672 686 5726 ἁπλοῦν
714 5672 825 5740 εἴη,
858 5671 953 5723 xa‘t
980 5671 1158 5741 πάντη
1200 5668 1520 5733 ἀσύνθετον,
1561 5667 1655 5721 καὶ
1701 5667 1762 5733 ἐξ
1802 5667 2054 5738 ἀνάγκης

476 5766 673 5819 ταυτὸν
708 5762 888 5834 ἐαυτῷ
907 5780 924 5829 ;

2658 3904 2941 3975 Responsio
2960 3907 3212 3960 secunda.

2228 3995 2444 4053 Dictum
2480 4006 2564 4051 est
2594 3998 2762 4067 quod,
2794 4009 3066 4061 quatenus
3099 4001 3300 4065 unitas,
3324 4010 3380 4053 et
3404 3999 3549 4054 Deus
3580 4016 3723 4054 unus

2148 4099 2255 4157 est,
2289 4090 2448 4144 Pater
2474 4099 2528 4142 et
2559 4088 2729 4143 Filius
2776 4091 3090 4158 producunt
3121 4092 3389 4160 Spiritum
3423 4103 3673 4148 sanctum
3706 4112 3721 4158 ;

2148 4192 2205 4238 et
2240 4192 2530 4253 propterea
2564 4198 2675 4237 non
2720 4192 2901 4251 potest
2933 4183 3175 4253 Spiritus
3215 4196 3459 4250 sanctus,
3492 4197 3550 4240 et
3581 4187 3724 4241 idem

2151 4276 2281 4340 sibi,
2310 4287 2368 4330 et
2405 4275 2548 4329 alius
2594 4290 2735 4342 esse,
2774 4277 2868 4330 sed
2902 4277 3073 4345 magis
3102 4292 3326 4331 necesse
3355 4287 3439 4331 est
3487 4291 3547 4332 ut
3580 4280 3722 4333 idem

2151 4370 2225 4424 sit
2257 4368 2388 4433 sibi,
2413 4383 2479 4422 eo
2508 4368 2654 4437 quod
2679 4370 2748 4423 ab
2769 4369 2903 4437 ipsis
2934 4380 3193 4439 tanquam
3223 4386 3290 4424 ex
3334 4372 3568 4426 monade
3598 4388 3725 4442 pro-

2152 4460 2324 4517 cedit.
2353 4460 2685 4516 Existimare
2715 4462 2860 4515 etiim
2898 4462 3165 4532 Spiritum
3213 4474 3461 4517 sanetum
3493 4466 3661 4518 alium
3694 4482 3722 4517 a

2150 4568 2210 4608 se
2239 4562 2294 4608 et
2320 4555 2708 4622 compositum,
2737 4569 2805 4607 eo
2837 4555 2982 4623 quod
3008 4554 3149 4608 alius
3187 4563 3441 4623 oporteat
3471 4570 3611 4619 esse,
3657 4572 3721 4609 ex

2152 4646 2334 4709 Patre,
2376 4646 2516 4700 alius
2559 4660 2626 4701 ex
2653 4646 2836 4712 ,Filio,
2884 4655 2969 4701 est
3006 4648 3311 4711 hominum,
3352 4646 3445 4716 qui
3482 4648 3723 4717 cogitant

2152 4752 2240 4792 res
2274 4737 2430 4792 valde
2476 4738 2813 4807 corporales,
2863 4746 2919 4792 et
2962 4739 3258 4793 admodum
3314 4739 3627 4792 materiales
3670 4750 3724 4792 et

2152 4829 2422 4894 carnales,
2483 4831 2688 4900 quique
2729 4831 2877 4886 circa
2931 4843 3019 4886 res
3049 4830 3300 4889 caelestes
3348 4833 3645 4900 desipiunt.
3674 4841 3727 4884 vt

2152 4922 2291 4977 vitio
2318 4923 2595 4977 laborant.
2628 4924 2747 4977 Non
2779 4925 2927 4978 enim
2955 4919 3134 4979 Patris
3163 4925 3412 4994 Operatio
3438 4924 3510 4976 ita
3534 4924 3730 4976 dividi-

2152 5026 2243 5071 tur
2271 5014 2341 5070 ab
2371 5015 2692 5085 operatione
2713 5014 2859 5080 Filii,
2888 5016 3352 5085 quemadmodum
3383 5032 3412 5070 a
3447 5025 3537 5069 tua
3573 5031 3686 5067 mea
3712 5030 3727 5077 ;

2153 5121 2333 5176 neque
2367 5106 2438 5160 ita
2471 5115 2601 5160 sunt
2649 5106 2792 5162 alius
2820 5117 2876 5162 et
2922 5108 3083 5173 alius,
3129 5115 3188 5162 ut
3225 5122 3327 5177 ego
3356 5116 3413 5161 et
3459 5117 3515 5160 tu
3549 5122 3563 5159 :
3601 5114 3731 5159 tune

2154 5200 2303 5255 enim
2336 5200 2511 5255 solum
2535 5199 2716 5254 locum
2737 5200 2969 5254 haberet
2990 5200 3316 5269 compositio
3338 5200 3392 5253 in
3419 5198 3729 5253 eﬂ'ectibus.

2155 5290 2419 5353 Quamvis
2452 5290 2598 5344 enim
2624 5290 2768 5344 alius
2796 5300 2853 5344 et
2885 5291 3028 5345 alius
3065 5290 3178 5344 sint
3212 5290 3483 5358 personis,
3522 5288 3614 5341 sed
3647 5289 3732 5339 ni-

2157 5381 2460 5437 hilominus
2500 5397 2640 5435 unus
2694 5392 2751 5435 et
2782 5381 2926 5436 idem
2968 5389 3098 5436 sunt
3123 5382 3345 5443 deitate,
3376 5388 3430 5433 et
3462 5394 3604 5433 unus
3634 5394 3732 5431 nu-

2155 5488 2333 5534 mero,
2371 5473 2511 5527 adeo
2564 5484 2624 5527 ut
2652 5473 2821 5526 etiam
2868 5487 3060 5528 eorum
3088 5472 3338 5543 Operatio
3388 5487 3492 5525 una
3524 5472 3596 5525 sit
3632 5485 3732 5523 nn-

2154 5578 2333 5619 mero.
2369 5565 2616 5630 Quoruin
2648 5575 2831 5619 autem
2875 5566 3119 5635 operatio
3163 5581 3267 5618 una
3296 5577 3403 5628 est,
3454 5565 3733 5634 quomodo
3800 5589 3803 5594 Α

2155 5657 2299 5725 quod
2329 5665 2396 5710 ex
2428 5657 2542 5724 ipsa
2584 5656 2842 5719 edicitur,
2891 5672 3000 5709 non
3033 5659 3103 5711 sit
3152 5670 3319 5709 unum
3376 5666 3433 5711 et
3479 5656 3731 5724 simplex,

2153 5757 2211 5802 et
2261 5747 2486 5801 omnino
2542 5748 2963 5817 compositionis
3013 5761 3249 5817 expers,
3305 5745 3733 5820 necessarioque"

2155 5840 2259 5896 sibi
2300 5840 2441 5896 idem
2458 5841 2481 5894 ἰ
