4124 6486
481 421 586 497 3'17'

1562 428 2020 493 REFUTATIO'
2043 415 2224 490 Max.
2265 413 2670 490 mamma.

3635 419 3740 486 318

479 552 566 604 λιν
595 547 778 619 μείνας
807 544 1012 610 οἰσίας.
1056 546 1334 600 Ἐντεῦθεν
1355 547 1445 601 καὶ
1474 547 1522 599 οἱ
1555 547 1773 600 Λατῖνοι
1801 547 2051 616 ἐλέγχον-

2161 555 2338 601 turam
2365 547 2659 602 humanam
2687 549 3007 618 assumpsit,
3032 563 3227 602 rursus
3267 547 3320 602 in
3374 549 3564 603 eadem
3599 550 3738 604 sub-

478 660 567 696 ται
596 643 724 710 περὶ
757 640 852 708 τῆς
881 640 977 693 τοῦ
1005 639 1160 708 ἁγίου
1197 640 1515 710 Πνεύματος
1545 639 1922 709 ἐκπορεύσεως
1953 641 2050 694 οὐκ

480 734 740 802 ἀσφαλῶς
772 733 1211 801 δογματίζοντες.
1259 733 1471 800 Ὠσπερ
1505 735 1612 803 γὰρ
1643 734 1700 784 τὸ
1725 733 1920 801 χρῶμα
1951 735 2051 786 οἰκ

477 827 540 877 ἐκ
562 825 658 894 τῆς
691 823 878 884 οὐσίας
904 823 1020 874 ἐστὶ
1054 823 1146 875 καὶ
1175 821 1270 874 τοῦ
1304 824 1602 892 σχήματος,
1633 822 1748 874 ἀλλ’
1782 825 1844 874 ἐκ
1879 824 2048 890 μόνης

475 919 572 984 τῆς
597 915 808 978 οὐσίας,
836 915 894 966 τὸ
937 914 991 967 δὲ
1040 915 1226 983 σχῆμα
1256 915 1349 967 καὶ
1414 916 1610 983 γρῶμα
1644 917 1700 964 ἑν
1756 917 1822 983 τῇ
1872 915 2052 984 οὐσίᾳ,

477 1007 617 1058 οὕτω
648 1007 744 1059 καὶ
793 1007 854 1057 τὸ
890 1006 1115 1074 Πνεῦμα
1146 1005 1205 1058 τὸ
1260 1005 1417 1072 ἅγιον
1469 1005 1568 1057 οὐκ
1597 1006 1660 1056 ἐκ
1698 1005 1908 1074 Πατρὶς
1957 1005 2052 1054 καὶ

481 1097 628 1162 Υίσῦ,
659 1097 776 1151 ἀλλ’
827 1099 887 1150 ἐκ
921 1099 1084 1166 μόνον
1121 1097 1214 1148 τοῦ
1267 1097 1480 1164 Πατρὶς
1514 1096 1912 1165 ἐκπορεύεσθαι
1964 1095 2052 1146 λέο

477 1206 654 1256 γεται.
691 1190 849 1242 Ἐστι
878 1191 1056 1242 τοίνυν
1090 1189 1149 1242 τὸ
1183 1189 1283 1259 μὲν
1316 1189 1514 1258 χρῶμα
1545 1190 1643 1258 τῆς
1675 1189 1916 1258 ὁράσεως
1955 1189 2053 1258 μὲ-

475 1300 595 1349 νης,
631 1285 766 1352 μόνη
793 1285 899 1352 γὰρ
931 1283 1176 1351 ήὸρασις
1209 1283 1340 1334 αὐτὸ
1365 1283 1653 1350 διακρίνει,
1689 1281 1746 1332 τὸ
1779 1281 1832 1334 δὲ
1871 1283 2050 1351 τλῆμα

477 1377 825 1446 καὶὸρσὶσεως
855 1377 947 1428 καὶ
971 1377 1134 1446 ἁφῆς.
1163 1375 1272 1428 Καὶ
1295 1377 1400 1446 γὰρ
1421 1375 1513 1427 ὑπ’
1535 1375 1862 1445 ἀμφοτέρων
1889 1393 2052 1429 κατα-

479 1467 835 1538 λαμϐάνεται,
865 1469 896 1538 ἡ
926 1467 980 1519 δὲ
1001 1469 1161 1519 οὐσία
1180 1468 1278 1536 τῆς
1298 1467 1441 1537 ἁφῆς
1461 1468 1628 1538 μόνης
1646 1468 1710 1521 ἂν
1729 1470 1837 1538 εἵηε

951 1559 1298 1626 Ἀπόκρισις
1323 1560 1593 1628 τετάρτη.

565 1654 652 1717 Ὠς
685 1655 901 1707 ἐοικότα
947 1652 1376 1723 παραδείγματα
1425 1653 1504 1715 είς
1557 1651 1655 1722 τὴν
1721 1651 2050 1721 Ἐκκλησίαν

479 1749 744 1815 εἰσάγεις,
780 1746 992 1816 ἀνδρῶν
1015 1745 1206 1814 ἄριστε
1237 1746 1332 1800 καὶ
1372 1733 1685 1814 σοφώτατεί
1741 1747 1849 1798 Καὶ
1876 1744 2050 1810 οὕτως

483 1840 774 1910 ἁρμοδίαις
802 1839 1009 1892 είκὸσιν
1039 1839 1282 1903 εἰκάζεις
1314 1839 1381 1892 τὰ
1418 1837 1558 1900 θεῖα,
1588 1837 1708 1908 ὕλῃ,
1741 1839 1835 1892 καὶ
1875 1837 2046 1908 ποσῷ,

478 1933 576 1985 καὶ
602 1930 760 2000 ποιῷ,
785 1930 885 2001 τὴν
914 1929 1076 1984 ἆῦλον
1107 1930 1324 1998 ἐκείνην
1359 1931 1454 1983 καὶ
1489 1929 1714 1994 ἄποτον,
1747 1929 1840 1983 καὶ
1880 1931 2052 2000 ἁσχη-
2085 1951 2127 2008 Β

479 2023 758 2092 μάτιστον,
795 2023 891 2076 καὶ
922 2023 1100 2093 ἀναφῆ
1145 2022 1310 2092 φύσιν
1351 2023 1628 2086 ὑποτιθεὶς
1673 2023 1768 2077 καὶ
1821 2023 2050 2093 συγκρί-

476 2133 608 2171 νων.
637 2117 702 2169 Τί
752 2115 844 2170 οὖν
882 2115 1056 2168 ταῦτα
1088 2116 1268 2172 πάντα
1309 2114 1378 2169 τὰ
1424 2116 1482 2168 ὲν
1508 2115 1735 2180 ταύταις
1783 2132 1878 2170 σου
1931 2120 2049 2182 ταῖς

476 2207 652 2262 εἰκόσι
681 2208 779 2263 καὶ
806 2207 1026 2261 ἐπὶτῶν
1054 2207 1430 2279 πρωτοτύπων
1461 2209 1770 2280 ζητήσομεν
1794 2227 1808 2276 ;
1835 2211 2049 2265 Οὐκοῦν

479 2298 596 2368 ὥρα
625 2299 717 2351 καὶ
746 2298 836 2352 τὸν
867 2297 994 2350 Υίὸν
1024 2297 1118 2353 καὶ
1150 2297 1210 2352 τὸ
1243 2301 1466 2367 Πνεῦμα
1497 2299 1606 2354 τῶν
1637 2303 1696 2354 ἐν
1739 2301 1883 2371 ἄλλῳ
1917 2302 2050 2370 ὑφε-

486 2392 788 2457 στηκότων,
813 2391 872 2444 ού
901 2389 1024 2443 καθ’
1054 2389 1223 2444 ἑαυτὰ
1264 2391 1324 2445 et
1353 2387 1492 2445 εῖναι
1542 2393 1778 2462 ἑχόντων
1811 2394 1962 2463 (ἵλεῳ
1995 2393 2052 2448 δὲ

484 2481 620 2550 ἡμῖν
649 2478 782 2548 εἶεν)
813 2479 1104 2535 πιστεύειν·
1139 2482 1220 2534 ἔτι
1247 2481 1357 2535 τῶν
1389 2483 1665 2554 μεριστῶν
1703 2485 1797 2538 καὶ
1831 2483 2055 2538 διαστα-

483 2571 592 2624 τῶν
637 2566 800 2636 εἶναι,
857 2573 950 2626 καὶ
993 2573 1094 2626 ὅσα
1145 2573 1278 2644 περὶ
1308 2573 1374 2627 τὰ
1421 2573 1707 2642 σωματικά
1754 2575 1924 2628 ταῦτα
1957 2576 2054 2627 καὶ

482 2664 666 2728 ὑλικὰ,
698 2667 792 2718 καὶ
835 2665 963 2734 ιπερὶ⁵
995 2667 1178 2719 ἐκεῖνα
1211 2665 1454 2735 ἀνάγειν.
1505 2665 1650 2718 Ἀ).λῖ
1676 2666 1866 2736 ὥσπερ
1897 2667 2055 2720 τοῦτο

477 2757 700 2823 ἄτοπον,
734 2755 876 2810 οὕτω
903 2757 999 2810 καὶ
1043 2759 1104 2809 τὸ
1135 2758 1386 2811 ἐντεῦθεν
1416 2757 1622 2810 οίεσθαί
1650 2775 1701 2810 τι
1747 2759 2054 2830 συμπεραί-

479 2865 589 2900 -.ειν
619 2849 917 2916 ἀναγκαῖον
951 2847 1182 2918 μάταιον
1209 2851 1303 2903 καὶ
1328 2851 1578 2920 ἀνόητον.
1612 2853 1802 2905 Καίτοι
1831 2869 1924 2905 σου
1959 2854 2054 2906 καὶ

479 2941 512 3009 ἡ
543 2941 707 2992 εἰκὼν
729 2940 868 3011 αὕτη
898 2940 1153 3003 Λατίνοις
1203 2943 1407 3010 μᾶλλον
1453 2941 1486 3012 ἢ
1541 2942 1622 2996 σοὶ
1657 2943 2050 3013 συμϐάλλεται.

491 3027 552 3084 ἸΙ
577 3033 800 3103 ποιότης
831 3033 960 3102 γὰρ,
987 3027 1021 3106 ᾖ
1059 3035 1120 3086 τὸ
1145 3031 1368 3104 Πνεῦμα
1397 3033 1558 3097 αὐτὸς
1583 3034 1826 3098 εἰκάζειν
1857 3033 2054 3105 ἠθέλη-

481 3141 602 3193 σας,
634 3127 738 3179 οὐκ
772 3125 837 3180 ἂν
868 3126 979 3194 εἰη,
1007 3125 1057 3178 εί
1109 3127 1276 3196 μήπω
1311 3127 1669 3195 σεσωσμένης
1699 3127 1912 3191 οὐσίας,
1940 3127 2053 3180 οὐδ’

477 3215 542 3267 ἂν
567 3217 724 3286 σχοίη
757 3215 817 3268 τὸ
845 3211 1008 3278 εἴναι,
1042 3217 1090 3267 εί
1123 3215 1199 3286 μὴ
1233 3217 1292 3268 ὲν
1340 3215 1499 3286 οὐσίᾳ
1533 3215 1794 3286 διαστατῇ
1822 3233 1930 3269 τινι
1957 3216 2052 3272 καὶ

2159 645 2359 698 stantia
2383 661 2630 698 mancus.
2655 644 2792 698 llinc
2815 644 2979 698 etiam
3003 643 3180 697 Latini
3213 643 3642 712 redarguuntur.
3667 643 3736 697 de

2159 737 2512 806 pret-cssione
2561 735 2802 806 Spiritus
2828 737 3000 789 sancti
3058 752 3166 788 non
3223 749 3420 789 secure
3467 735 3738 802 dogmati-

2159 839 2361 884 santcs.
2400 829 2468 884 Ut
2493 831 2636 882 enim
2662 830 2813 883 color
2863 845 2972 882 non
3017 845 3082 882 rx
3130 828 3435 882 substantia
3461 835 3543 880 est
3575 827 3734 880 ~imnl

2158 929 2214 974 et
2242 937 2307 974 ex
2343 921 2534 988 ﬁgura.
2573 920 2665 974 sed
2701 936 2769 973 ex
2797 920 2911 974 sola
2957 918 3287 982 substantia,
3349 917 3514 987 ﬁgura
3552 929 3732 969 autem

2159 1021 2215 1064 et
2240 1011 2388 1064 color
2411 1013 2463 1063 in
2498 1012 2802 1064 substantia
2828 1021 2958 1065 sunt
2997 1028 3010 1062 :
3042 1011 3114 1062 ita
3148 1020 3205 1063 et
3230 1011 3470 1076 Spiritus
3511 1019 3736 1061 sanctus

2159 1114 2268 1152 non
2297 1116 2364 1153 ex
2391 1099 2550 1153 Patre
2583 1109 2638 1154 et
2679 1100 2839 1157 Filio.
2865 1101 2958 1153 sed
2993 1115 3060 1153 ex
3090 1101 3208 1153 solo
3236 1100 3396 1154 Patre
3433 1098 3735 1168 prot-cdeie

2161 1191 2380 1245 dicitur.
2450 1193 2541 1244 Est
2611 1191 2778 1259 igitur
2820 1193 2972 1244 color
3005 1191 3228 1260 quidem
3255 1191 3427 1244 solius
3457 1203 3732 1259 aspectus,

2159 1286 2308 1339 solus
2331 1284 2476 1338 enim
2513 1285 2663 1337 visus
2693 1301 2818 1338 eum
2843 1284 3132 1348 discernit,
3159 1285 3332 1352 ﬁgura
3357 1297 3486 1335 vero
3523 1292 3736 1349 spectat

2158 1377 2226 1430 ad
2245 1376 2422 1429 visum
2439 1386 2492 1430 et
2521 1384 2747 1429 tactum.
2771 1375 2984 1444 Quippe
3002 1391 3066 1430 ex
3087 1375 3356 1429 ambobus
3375 1373 3732 1440 (-omprcltcn-
3809 1431 3814 1435 ,

2158 1467 2329 1532 ditur,
2366 1468 2671 1521 substantia
2701 1483 2830 1520 vero
2851 1468 3023 1522 solius
3069 1476 3244 1521 tactus
3266 1475 3410 1520 esset
3436 1467 3486 1520 ol
3505 1467 3732 1534 jectum.

2677 1555 2963 1628 Responsio
3007 1567 3218 1630 quarta.

2228 1649 2400 1716 Quam
2428 1651 2822 1704 convenientia
2855 1651 3103 1720 exempla
3141 1653 3192 1704 in
3223 1652 3522 1705 Ecclesiam
3559 1651 3734 1704 intro-

2158 1741 2334 1807 ducis,
2361 1742 2444 1796 vir
2503 1745 2708 1811 optime
2767 1757 2832 1795 ac
2890 1743 3336 1810 sapientissime!
3404 1743 3566 1798 Etsic
3590 1744 3736 1812 aptis

2157 1833 2429 1889 assimilas
2493 1834 2957 1889 similitudinibus
3021 1851 3108 1890 res
3149 1835 3403 1899 divinas,
3465 1838 3731 1902 materiae,

2158 1935 2214 1980 ct
2269 1926 2604 1997 quantitati,
2671 1927 3033 1995 qualitatique
3098 1928 3244 1981 illam
3290 1930 3734 1992 immaterialem,

2153 2021 2444 2089 omnisque
2495 2021 2819 2089 quantitatis
2869 2029 3180 2087 expertem,
3243 2027 3298 2073 et
3332 2019 3500 2089 ﬁgura
3530 2035 3729 2072 caren-

2159 2121 2290 2176 tem,
2336 2112 2755 2180 intactilemque
2788 2119 3037 2164 naturam
3071 2111 3388 2182 subjiciens,
3416 2120 3470 2164 ct
3501 2126 3622 2164 cum
3652 2110 3739 2164 his

2153 2206 2463 2260 conferens.
2511 2203 2652 2272 Quid
2707 2205 2898 2274 igitur,
2943 2215 3214 2260 cunctane
3252 2204 3376 2266 ista,
3403 2217 3526 2272 qua:
3552 2204 3605 2255 in
3645 2203 3734 2256 his

2154 2297 2632 2360 similitudinibus,
2679 2298 2846 2352 etiam
2895 2297 2951 2350 in
2997 2296 3408 2365 exemplaribus
3436 2296 3731 2366 tlttaarenda

2154 2391 2318 2446 sunt?
2354 2391 2527 2460 Igitur
2563 2391 2675 2461 jam
2722 2390 3060 2445 credendum
3113 2399 3200 2445 est
3233 2391 3368 2458 (sint
3397 2405 3532 2443 vero
3573 2391 3736 2444 nobis

2157 2481 2431 2551 propitii),
2472 2493 2525 2536 et
2578 2481 2802 2546 Filium,
2836 2490 2891 2535 ct
2927 2480 3192 2550 Spiritum
3227 2482 3280 2536 in
3308 2481 3415 2536 alio
3441 2483 3731 2544 exsistere,

2154 2589 2263 2627 non
2301 2589 2398 2642 per
2432 2589 2490 2629 se
2529 2573 2856 2628 subsistere.
2919 2575 3197 2628 Prarterea
3252 2590 3378 2630 esse
3417 2590 3484 2629 ex
3518 2576 3587 2630 iis
3613 2591 3736 2644 qua:

2156 2677 2349 2736 partes
2404 2667 2631 2732 habent,
2687 2679 2744 2722 et
2798 2667 3228 2730 dimensionem,
3286 2675 3344 2722 et
3387 2668 3574 2722 omnia
3609 2685 3734 2736 qua:

2163 2759 2312 2812 circa
2365 2760 2672 2828 corporalia
2728 2771 2784 2815 ct
2837 2762 3166 2827 materialia,
3240 2763 3304 2815 ad
3361 2761 3452 2816 illa
3501 2762 3735 2815 transfe-

2158 2847 2328 2902 renda
2387 2857 2536 2903 sunt.
2595 2849 2890 2916 Ca-terum,
2927 2849 3394 2920 quemadmodum
3466 2851 3569 2907 hoc
3633 2854 3734 2906 ab-

2161 2941 2390 2996 surdum
2447 2952 2554 3007 est,
2589 2945 2664 2998 ita
2692 2943 2854 2998 etiam
2914 2959 2980 2998 ex
3034 2959 3100 2998 eo
3128 2943 3336 3013 aliquid
3388 2945 3600 3013 cpinari
3633 2961 3734 2999 nc-

2162 3033 2464 3086 ccssarium
2524 3033 2889 3098 concludere,
2957 3049 3157 3086 vanum
3226 3043 3281 3087 et
3344 3035 3571 3089 stultum
3630 3045 3734 3089 est.

2165 3119 2492 3193 Quanquam
2547 3132 2602 3177 et
2645 3124 2953 3178 similitudo
2998 3133 3086 3178 tua
3118 3124 3234 3180 haec
3290 3123 3502 3180 Latinis
3556 3127 3743 3196 potius

2158 3228 2322 3284 quam
2378 3215 2475 3270 tibi
2516 3218 2806 3282 conferat;
2839 3217 3074 3286 qualitas
3147 3217 3293 3271 enim
3338 3218 3447 3288 (cui
3484 3218 3578 3272 tibi
3617 3221 3734 3288 pla-

478 3309 642 3376 ποσῇ.
686 3306 844 3360 Ἐπεὶ¹
877 3307 972 3360 καὶ
1014 3307 1205 3360 οὐσίαν
1256 3307 1387 3362 ἄνευ
1421 3307 1589 3361 ποσοῦ
1638 3309 1739 3362 οὐκ
1791 3307 1857 3362 ἂν
1889 3310 2051 3378 ἡμεῖς

2158 3305 2272 3361 cuit
2324 3305 2631 3360 assimilare
2693 3305 2984 3377 Spiritum)
3039 3307 3232 3375 utique
3287 3324 3396 3362 non
3423 3319 3587 3370 esset,
3625 3321 3734 3365 non’

479 3397 706 3465 εδοιμεν,
741 3396 844 3450 κᾶν
873 3398 1074 3468 χρῶμα
1098 3398 1267 3468 αὐτῆς
1292 3398 1638 3470 θεασώμεθα.
1661 3400 1724 3453 Et
1749 3396 1842 3454 οὖν
1872 3401 1973 3453 οὐκ
1993 3403 2053 3454 ὲν

479 3488 638 3559 οὐσίᾳ
669 3487 832 3558 μόνον
861 3489 1072 3555 ἁπλῶς,
1103 3488 1221 3542 ἀλλ’
1241 3492 1299 3543 ὲν
1333 3491 1596 3563 διαστατῇ
1627 3491 1786 3562 οὐσίᾳ
1814 3492 2052 3563 ύφέστηυ

480 3597 576 3633 κεν
606 3581 640 3649 ἡ
667 3581 912 3650 ποιότης,
942 3584 1037 3635 καὶ
1064 3581 1125 3636 τδ
1164 3582 1332 3636 ποσὸν
1361 3583 1470 3655 ἄρα
1511 3583 1587 3653 τῷ
1620 3586 1719 3654 τῆς
1765 3585 2054 3653 ποιότητος

480 3666 620 3725 εἶναι
645 3673 1034 3742 συμϐάλλεται.
1061 3674 1166 3726 Καὶ
1189 3672 1332 3727 οὕτω
1359 3675 1750 3746 συνηγορήσων
1775 3675 2050 3741 Λατίνοις,

481 3767 514 3838 ἢ
547 3766 782 3834 ἐλέγξων
813 3766 1100 3835 ἐλήλυθας,
1141 3767 1352 3837 ἀνδρῶν
1389 3766 1581 3838 ἄριστε
1619 3769 1714 3821 καὶ
1747 3767 2050 3836 σοφώτατε.

483 3861 556 3913 Οὐ
585 3861 693 3931 γὰρ
713 3862 778 3914 ἂν
808 3858 918 3927 ἐγώ
948 3875 1040 3912 σου
1071 3859 1402 3934 καταγνοίην
1433 3859 1926 3926 τούναντίον,οὓτω
1951 3863 2058 3914 πᾶ.-

481 3963 582 4005 σαν
604 3951 984 4022 ἐξησκημένον
1012 3950 1283 4015 παιδείαν,
1319 3949 1464 4003 οὕτω
1489 3951 1546 4004 δὲ
1573 3951 1964 4020 διαϐεϐηκότος
1997 3953 2054 4004 ἐν

480 4046 766 4116 φιλοσοφίᾳ
801 4046 896 4098 καὶ
921 4045 1148 4116 θεωρίᾳ,
1182 4045 1277 4098 καὶ
1301 4045 1391 4098 διὰ
1420 4044 1638 4098 πάντων
1665 4043 1766 4112 μὲν
1795 4043 2056 4116 μαθημά-

479 4147 586 4192 των
623 4137 966 4202 ὁδεύσαντος,
999 4137 1460 4208 εὐδοκιμήσαντος
1508 4135 1553 4188 δ’
1601 4138 1655 4190 ἐν
1687 4135 1884 4200 ἅπασι,
1915 4137 2054 4206 πρὸς

476 4232 534 4284 δὲ
561 4233 628 4300 τῇ
669 4231 880 4284 Ἐλλάδι
920 4231 1014 4283 καὶ
1047 4229 1146 4300 τὴν
1176 4229 1422 4283 Λατίνων
1473 4227 1724 4297 γλῶτταν
1773 4231 1830 4292 ὲς
1883 4229 2052 4300 ἄκρον

477 4322 890 4396 ἐξησκημένου,
941 4324 1038 4376 καὶ
1089 4324 1388 4394 περιουσίᾳ
1457 4321 1743 4390 δυνάμεως
1801 4321 1937 4375 ἄλλα
1997 4337 2054 4374 τε

479 4417 648 4495 πολλᾳ
681 4415 971 4486 θαυμαστὰ
1001 4417 1097 4469 καὶ
1128 4417 1188 4467 τὸ
1223 4413 1369 4484 μέγα
1393 4413 1531 4481 Περὶ
1557 4413 1804 4480 Τριάδος
1836 4414 1931 4466 τοῦ
1961 4431 2059 4481 με-

477 4509 646 4576 γάλου
681 4510 776 4562 καὶ
825 4507 1146 4577 θαυμαστοῦ
1197 4506 1567 4575 Αὑγουστίνου
1609 4504 1772 4575 ἔργον
1823 4509 1905 4569 εἰς
1953 4505 2056 4576 τὴν

479 4601 752 4672 ἡμετέραν
804 4601 1222 4670 μετενεγκόντος
1279 4598 1464 4668 φωνὴν
1521 4600 1579 4651 ὲν
1611 4591 1655 4666 ᾧ
1705 4598 1840 4668 πρὸς
1871 4598 2056 4661 ἄλλοις

2157 3407 2375 3454 servata
2430 3399 2762 3464 substantia,
2816 3414 2998 3467 neque
3051 3400 3278 3455 haberet
3324 3417 3468 3466 esse,
3525 3402 3628 3455 nisi
3681 3402 3744 3455 ἰη-

2155 3490 2505 3555 substantia,
2566 3491 2914 3546 dimensione
2969 3499 3156 3546 tamen
3217 3492 3398 3562 aliqua
3444 3500 3742 3547 constante"

2157 3589 2214 3637 et
2268 3591 2496 3652 quanta.
2555 3581 2824 3647 Quoaiam
2907 3598 3088 3652 neque
3169 3585 3532 3637 substantiam
3613 3586 3734 3638 sine

2157 3675 2470 3744 quantitate
2509 3689 2802 3744 possemus
2840 3689 2939 3728 nos
2973 3674 3244 3743 aspicere,
3297 3676 3550 3744 quamvis
3582 3677 3740 3728 colo-'

2155 3780 2272 3820 rem
2324 3767 2500 3835 ipsius
2534 3766 2844 3820 videamus.
2905 3765 2962 3820 Si
3013 3767 3314 3835 igiturnon
3343 3767 3395 3818 in
3426 3769 3738 3822 substantia-

2160 3865 2373 3911 tantum
2426 3855 2774 3924 simpliciter,
2827 3858 2921 3911 sed
2953 3855 3010 3909 in
3047 3857 3356 3910 substantia
3387 3859 3742 3913 dimensione

2157 3947 2356 4002 aﬂ‘ecta
2391 3947 2610 4003 exsistit
2660 3948 2919 4016 qualitas,
2981 3963 3112 4018 ergo
3165 3960 3219 4002 et
3277 3960 3544 4018 quantum
3583 3955 3736 4007 utsit

2160 4039 2399 4109 qualitas
2456 4038 2692 4092 confert.
2741 4039 2921 4109 Atque
2975 4040 3049 4093 ita
3103 4027 3339 4094 Latinas
3397 4042 3581 4109 potius
3643 4059 3736 4112 pa-

2161 4130 2399 4185 trocinio
2457 4130 2809 4194 defensurus,
2880 4147 3043 4201 quam
3097 4141 3280 4187 uteus
3317 4135 3612 4202 redarguas
3649 4141 3744 4186 ac:

2159 4227 2396 4292 cessisti,
2461 4227 2548 4281 vir
2603 4227 2812 4295 optime
2877 4233 3042 4294 atque
3100 4229 3532 4297 sapientissime.
3613 4230 3744 4284 Non’

2159 4317 2308 4373 enim
2367 4313 2618 4388 profecto
2658 4333 2758 4387 ego
2801 4319 3146 4374 contrarium
3169 4321 3237 4374 de
3275 4329 3326 4374 te
3351 4323 3608 4386 sentiam,
3639 4324 3732 4391 qui

2159 4412 2217 4466 in
2255 4411 2406 4465 omni
2464 4411 2884 4480 disciplinarum
2925 4413 3328 4483 exercitatione
3375 4425 3620 4468 Versatus
3653 4431 3732 4477 es,

2160 4501 2254 4571 qui
2309 4503 2448 4557 adeo
2511 4503 2568 4556 in
2621 4502 2971 4572 philosophia
3020 4514 3077 4558 et
3107 4504 3571 4573 contemplatione
3602 4521 3740 4574 prae-

2165 4603 2462 4658 tervectus,
2519 4605 2576 4648 et
2634 4595 2883 4648 omnium
2935 4596 3206 4650 bonarum
3234 4597 3435 4650 artium
3459 4599 3737 4654 curricula

479 4695 694 4757 πολλοῖς
725 4695 820 4747 καὶ
852 4695 884 4763 ἡ
911 4695 973 4745 ὲκ
997 4693 1210 4760 Πατρός
1245 4693 1340 4744 καὶ
1374 4691 1505 4745 Υἱοῦ
1555 4691 1649 4744 τοῦ
1684 4691 1841 4757 ἁγίου
1877 4691 2050 4744 Πνεύ-

2158 4703 2438 4754 emensus,
2493 4688 2550 4743 in
2603 4689 2822 4744 cunctis
2883 4690 3232 4760 splendorem
3297 4701 3583 4744 assecutus
3641 4708 3732 4756 es;

483 4803 652 4852 ματος
685 4787 803 4838 θεία
834 4786 897 4838 ὲκ
911 4785 1160 4854 πόρευσις
1188 4783 1387 4853 ἄριστά
1405 4801 1462 4836 τε
1489 4785 1582 4838 καὶ
1617 4783 1903 4851 σοφώτατα
1929 4783 2052 4836 θεο-

479 4877 718 4942 >.ο·;εῖται
745 4877 840 4928 καὶ
871 4876 1198 4928 ἐνθεώτατα·
1234 4867 1276 4941 ᾧ
1309 4875 1402 4927 καὶ
1433 4877 1548 4936 τοῖς
1584 4873 1860 4935 τοσούτοις
1885 4873 2052 4927 αὐτοῦ

478 4967 660 5031 λόγοις
688 4967 804 5028 πῶς
835 4967 901 5018 ἂν
932 4967 1094 5030 αὐτὸς
1137 4968 1518 5021 ἐναντιοῦσθαι
1551 4967 1755 5032 δύναιο,
1785 4968 2054 5037 τρόφιμος

478 5057 554 5113 ὢν
583 5061 778 5129 ἐκείνῳ
813 5066 904 5113 καὶ
933 5061 1166 5131 ἐραστής
1189 5075 1204 5092 ⁸
1239 5062 1333 5113 καὶ
1359 5059 1535 5114 ταῦτα
1562 5060 1774 5123 τούτοις
1817 5061 1932 5123 τοῖς
1965 5060 2054 5112 λό-

476 5169 618 5221 γοις,
653 5153 686 5222 ἢ
719 5151 1026 5221 ῥηματίοις,
1076 5150 1112 5206 ἃ
1153 5149 1258 5204 κᾶν
1302 5153 1431 5216 παῖς
1481 5152 1862 5220 ἐξελέγξειεν;
1909 5153 2054 5207 Ἀλλ’

476 5241 634 5314 οἶμαι
661 5242 739 5312 τῷ
765 5258 925 5295 τινων
959 5241 1115 5311 θυμῷ
1157 5243 1510 5312 χαρίσασθαι,
1552 5244 1584 5313 ἢ
1635 5245 1881 5297 ἐκκλῖναι
1927 5244 2053 5314 βου·-

477 5333 726 5403 λὸμενος,
763 5334 971 5403 ταύτην
999 5325 1160 5402 εὗρες
1183 5333 1322 5400 ὁδὸν,
1362 5337 1572 5387 ἐκεῖνόν
1613 5352 1670 5386 τε
1703 5322 1920 5403 φυγεῖν,
1955 5337 2051 5388 καὶ

475 5429 540 5494 τῇ
565 5423 800 5496 ἀληθείᾳ
833 5423 1034 5492 μᾶλλον
1071 5423 1275 5492 ἀμῦναι
1305 5427 1374 5494 τῇ
1408 5425 1668 5495 ἀσθενείᾳ
1714 5425 1822 5478 τῶν
1849 5425 2047 5493 λόγων,

471 5513 570 5585 τὴν
599 5513 818 5585 ἐκείνης
844 5514 1164 5586 περιουσίαν
1193 5513 1287 5565 καὶ
1312 5516 1422 5578 τοῖς
1453 5513 1530 5584 μὴ
1560 5515 1792 5584 συνορᾷν
1821 5515 2054 5586 δυναμέ-

473 5623 585 5670 νοις
618 5608 1038 5662 ἀνακαλύπτων.

2161 4779 2304 4833 ultra
2332 4794 2462 4834 vero
2486 4779 2727 4849 linguam
2784 4777 3052 4844 Graecam,
3085 4781 3251 4834 etiam
3283 4779 3532 4834 Latinam
3566 4785 3738 4836 excel-

2159 4869 2336 4925 lenter
2366 4870 2594 4940 adeptus
2619 4885 2812 4940 magna
2847 4869 3112 4925 facilitate
3137 4885 3263 4925 cum
3308 4871 3476 4925 multa
3505 4873 3610 4926 alia
3645 4873 3742 4925 ad-

2161 4961 2458 5017 miratione
2507 4963 2671 5033 digna
2717 4972 2830 5016 tum
2887 4977 3145 5032 magnum
3201 4979 3339 5033 Opus
3373 4963 3448 5018 De
3483 4963 3740 5018 Trinitate

2151 5054 2344 5124 magni
2407 5063 2462 5110 et
2529 5053 2840 5108 admirandi
2905 5056 3201 5126 Aatgttstini
3266 5057 3324 5110 in
3349 5069 3598 5112 nostram
3635 5059 3732 5110 lin-

2160 5161 2320 5214 guam
2383 5148 2740 5213 transtulisti,
2795 5151 2850 5204 in
2903 5165 3013 5219 quo
3047 5159 3248 5219 praeter
3280 5150 3386 5206 alia
3425 5151 3587 5205 etiam
3615 5150 3736 5220 Sp?-

2163 5237 2300 5292 ritus
2348 5239 2526 5293 sancti
2585 5255 2650 5293 ex
2710 5240 2872 5294 Patre
2925 5239 3178 5309 Filioque
3230 5241 3418 5297 divina
3459 5242 3746 5310 processio

2158 5328 2386 5397 optime,
2445 5329 2850 5398 sapientissime
2913 5327 3371 5401 diviniSsimeque
3430 5332 3740 5400 theologice'

2160 5420 2578 5475 demonstratur
2613 5438 2626 5475 :
2658 5424 2756 5476 cui
2800 5437 2936 5478 sane
2971 5437 3035 5478 ac
3080 5425 3252 5488 tantis
3272 5426 3394 5495 ejus
3426 5425 3742 5479 rationibus

2161 5514 2442 5582 quomodo
2483 5513 2600 5583 ipse
2659 5525 2711 5568 te
2767 5531 2956 5585 posses
2999 5531 3306 5586 opponere,
3333 5517 3631 5571 illiuscum
3663 5521 3740 5570 sis

2161 5609 2417 5664 alumnus
2445 5620 2502 5665 et
2529 5611 2834 5677 studiosus,
2872 5609 3184 5681 praesertim
3217 5613 3368 5667 hisce
3405 5612 3734 5676 rationibus,

471 5711 568 5754 seu
599 5700 860 5762 vei-bulis,
893 5715 1014 5770 qua:
1041 5697 1128 5753 vel
1169 5713 1309 5768 puer
1359 5697 1756 5768 redargueret?
1785 5698 2058 5755 Caeterum
2101 5717 2230 5755 reor
2277 5702 2370 5756 ira:
2435 5704 2802 5772 quorumdam
2835 5704 3134 5776 gratiﬁcari
3205 5703 3456 5765 studens.
3487 5720 3584 5760 seu
3615 5711 3740 5760 eam

473 5796 748 5850 declinare
781 5799 992 5861 volens,
1025 5797 1168 5850 hanc
1206 5807 1401 5851 nactus
1434 5806 1490 5850 et
1543 5805 1766 5850 Sucultls
1827 5813 1888 5852 cs
1949 5798 2113 5863 viam,
2147 5807 2207 5851 ut
2263 5807 2318 5853 et
2346 5799 2500 5853 illum
2540 5799 2765 5865 vitares,
2790 5809 2846 5854 et
2877 5799 3099 5855 veritati
3135 5801 3316 5872 magis
3343 5799 3736 5875 Opitulareris,

477 5885 699 5941 nimiam
755 5893 872 5959 ejus
935 5890 1041 5942 vim
1099 5901 1326 5942 cernere
1380 5903 1486 5942 non
1509 5885 1843 5953 valentibus,
1872 5889 2252 5947 imbecillitate
2290 5892 2576 5946 rationum
2603 5893 2970 5962 patefaciens.-
