4124 6424
516 335 628 418 923

516 555 679 611 nobis
712 552 983 625 postulas,
1017 566 1127 606 non
1162 560 1268 605 tam
1306 551 1445 606 forte
1466 560 1558 606 tua
1582 567 1768 617 causa,
1798 567 1963 621 quam
2000 565 2094 604 eo-

519 663 640 702 rum
659 645 754 716 qui
782 661 841 700 se
874 643 1231 714 pertinaciter
1253 642 1472 696 veritati
1502 656 1825 712 opponunt;
1852 657 1952 695 nos
1977 642 2096 711 qui-

517 741 666 803 dem,
696 736 894 807 partim
921 735 1069 805 quod
1095 736 1248 805 juxta
1283 735 1531 788 divinum
1563 734 1885 803 Apostolum
1917 734 2095 787 cuivis

515 830 827 901 petenti,de
884 846 945 885 ea
987 845 1108 898 qua:
1137 827 1189 881 in
1225 828 1385 882 nobis
1411 836 1518 889 est,
1567 826 1698 887 ﬁde,
1761 823 1994 879 reddere
2015 840 2099 877 ra-

516 926 721 978 tionem
759 934 1041 985 tenemur;
1070 920 1268 989 partim
1304 919 1470 973 etiam
1511 918 1659 988 quod
1698 918 1955 971 amicitia:
1980 915 2097 969 oili-

514 1014 1003 1084 ciisindulgemus,
1037 1012 1294 1065 mandata
1324 1020 1418 1064 tua
1446 1010 1839 1079 exseqnimur;
1883 1010 2094 1077 tibique

516 1101 790 1170 imprimis
843 1108 1160 1155 sanctorum
1195 1099 1417 1154 Patrum
1445 1108 1607 1167 atque
1631 1094 1919 1152 doctorum
1940 1096 2099 1153 (icci-

516 1192 819 1246 dentalium
853 1191 1156 1247 sententias
1188 1192 1483 1245 mittimus.
1510 1190 1729 1255 Quibus
1756 1206 1890 1261 sane
1919 1207 1984 1245 ex
2003 1190 2103 1244 Pa-

522 1294 607 1340 tre
642 1286 889 1351 Filioque
954 1285 1221 1354 Spiritum
1246 1290 1495 1341 sanctum
1546 1285 1868 1354 procedere,
1897 1286 2095 1354 Suique

522 1393 693 1431 unum
730 1378 1056 1446 principium
1107 1391 1342 1430 unamve
1376 1390 1593 1430 causam
1628 1376 1834 1429 habere
1883 1376 2100 1429 Patrem

522 1480 577 1524 et
606 1470 827 1535 Filium,
876 1470 962 1524 his
1004 1469 1138 1539 ipsis
1185 1468 1372 1524 verbis
1419 1470 1583 1539 plane
1644 1469 1976 1525 ostenditur.
2014 1469 2094 1523 Ex

525 1565 727 1634 quibus
758 1576 938 1617 tamen
970 1562 1279 1627 sententiis,
1302 1562 1446 1630 quod
1461 1569 1515 1616 et
1534 1561 1781 1631 plurimae
1808 1560 1937 1625 sint,
1967 1561 2101 1614 etin

526 1655 786 1711 omnibus
817 1669 1014 1709 eorum
1048 1654 1208 1708 libris
1238 1653 1500 1722 dispersae
1515 1662 1680 1722 atque
1708 1652 2101 1716 disseminata),

527 1763 732 1818 paucas
762 1762 862 1802 nos
896 1747 995 1800 tibi
1020 1746 1313 1809 mittimus,
1345 1743 1591 1816 ejusdem
1629 1743 1817 1797 fortine
1851 1752 1907 1797 et
1954 1744 2101 1812 ejus-

529 1838 653 1891 dem
689 1837 927 1908 generis,
969 1835 1199 1906 reliquis
1225 1848 1446 1906 quoque
1476 1834 1737 1889 omnibus
1779 1833 2099 1888 exsistenti-
2142 1821 2181 1874 Β

529 1931 655 1985 bus.
992 1971 999 1977 .

599 2023 678 2077 Ad
714 2022 831 2077 hate
852 2021 1154 2076 orationem
1186 2018 1479 2089 quamdam
1534 2028 1801 2085 nostram,
1851 2018 1939 2073 cui
2006 2017 2115 2072 Do-

527 2117 778 2185 gmutica,
818 2114 933 2168 sive
967 2114 1041 2166 De
1073 2114 1378 2176 concordia,
1407 2110 1688 2183 inscriptio
1718 2119 1825 2176 est,
1858 2110 1954 2165 tibi
1992 2111 2115 2164 mit-

530 2206 749 2261 tendam
808 2220 931 2260 esse
983 2205 1340 2259 censuimus:
1389 2218 1552 2271 quam
1603 2204 1767 2273 paulo
1817 2213 1947 2257 ante
1977 2218 2107 2256 san-

527 2297 824 2352 ctissimam
856 2297 1319 2367 coniunctionem,
1366 2295 1536 2349 veluti
1593 2303 1931 2363 postremam
1971 2308 2104 2347 sea-

528 2391 755 2445 tentiam
782 2391 976 2461 judicii
998 2390 1172 2443 nostri
1239 2399 1294 2443 et
1327 2388 1531 2443 mentis
1565 2388 1801 2441 edimus.
1840 2387 2107 2455 Eamque,

525 2497 649 2536 cum
685 2492 968 2552 postremo
1017 2496 1117 2550 per
1151 2495 1251 2534 nos
1303 2480 1450 2546 ipsos
1477 2476 1899 2532 considerantes
1922 2477 2111 2544 singu-

524 2572 708 2628 lorum
737 2572 1038 2627 sententias
1090 2570 1570 2639 investigaremus,
1610 2567 1967 2622 invictissiqu
2005 2567 2110 2619 im-

523 2664 769 2735 peratori
796 2674 1006 2727 nostro,
1036 2674 1093 2718 et
1144 2677 1303 2717 sacro
1325 2661 1654 2732 patriarcha:
1680 2670 1872 2714 coram
1900 2659 2109 2713 nostris

522 2758 808 2827 legendam
838 2757 1163 2811 obtulimus.

595 2851 655 2905 In
699 2865 807 2919 qua
873 2849 1092 2919 quidem
1176 2846 1445 2910 oratione,
1507 2844 1685 2913 quoad
1726 2843 1842 2898 ﬁeri
1901 2848 2106 2913 posset,

522 2950 593 2995 'ex
620 2943 753 3010 ipsis
790 2940 1165 2996 Orientalibus
1199 2939 1476 2999 Patrihus,
1509 2939 1644 2992 nihil
1672 2938 1899 3007 insuper
1951 2949 2109 2988 utens

526 3034 997 3096 Octidentalihus,
1100 3034 1438 3101 propositum
1495 3031 1787 3100 quaesitum
1847 3028 2103 3082 ostendo.

524 3130 768 3196 Eumque
810 3126 906 3179 tibi
938 3126 1081 3190 misi,
1107 3125 1411 3178 clarissime
1438 3123 1544 3186 vir,
1578 3122 1947 3192 magnanime,
1967 3136 2023 3174 et
2048 3121 2102 3174 in

525 3221 784 3274 Omnibus
815 3218 1289 3288 priestantissime,
1315 3216 1520 3285 quippe
1539 3230 1662 3284 quae
1726 3213 1824 3267 tibi
1861 3213 2099 3267 maxime

525 3311 796 3373 omnium,
835 3322 891 3363 et
925 3310 1101 3363 cuivis
1132 3309 1313 3372 alteri,
1346 3309 1440 3377 qui
1468 3323 1588 3361 eam
1619 3310 1760 3362 bona
1800 3322 1984 3362 mente
2009 3321 2103 3359 au-

525 3404 714 3467 dierit,
735 3404 1022 3456 maximam
1052 3403 1339 3455 utilitatem
1368 3403 1437 3456 sit
1461 3401 1715 3455 allatUra.

599 3498 663 3551 Et
714 3496 971 3566 quoniam
1026 3496 1080 3549 in
1112 3496 1194 3549 eis
1227 3496 1361 3549 nihil
1393 3496 1517 3548 neri
1570 3494 1627 3547 in
1661 3492 1951 3563 prmsentia
1990 3493 2104 3546 ela-

526 3590 884 3653 boravimhs,
944 3589 1230 3643 exstabant
1304 3588 1452 3641 enim
1504 3586 1665 3639 nobis
1690 3594 1849 3639 antea
1872 3585 2101 3652 scripta,

527 3695 676 3733 nunc
711 3689 892 3732 tamen
938 3693 1130 3746 parum
1181 3677 1385 3746 aliquid
1425 3677 1697 3738 laho'rarc,
1729 3683 1927 3743 praeter
1976 3676 2101 3739 ista,

526 3770 770 3824 animum
790 3769 1211 3838 applicavimus,
1247 3777 1303 3821 et
1324 3765 1529 3835 aliquid
1557 3765 1796 3834 amplius
1827 3776 1917 3818 tua
1936 3780 2102 3819 causa

525 3860 690 3915 edere
715 3861 1103 3931 judicavimus.
1124 3858 1470 3924 Quapropter
1494 3856 1699 3909 cursim
1747 3867 1803 3909 et
1851 3855 2103 3909 celeriter

527 3970 617 4009 res
648 3963 848 4007 nostra:
880 3949 1099 4021 synodi,
1125 3947 1600 4015 sanctissima-que
1623 3945 1955 4007 concordite,
1981 3946 2101 4012 tibi,

442 4061 447 4064 ‘
527 4046 833 4101 clarissime
893 4044 1000 4109 vir,
1037 4041 1297 4106 narrabo,
1337 4048 1396 4093 ut
1420 4054 1478 4094 se
1506 4038 1845 4101 habuerint;
1893 4039 2105 4092 addens

528 4154 747 4209 quoque
799 4139 1043 4191 rationes
1074 4134 1362 4204 quasdam,
1430 4132 1634 4202 quibus
1665 4130 1871 4199 aliquis
1901 4132 1966 4184 de
1997 4132 2103 4184 isto

528 4235 781 4302 dogmate
805 4239 1067 4301 prreterea
1104 4226 1278 4295 magis
1304 4224 1611 4279 adducatur
1649 4233 1708 4276 ut
1755 4221 1983 4276 credat:
2028 4223 2101 4276 ita

530 4324 749 4378 tandem
779 4313 1016 4374 orationi
1044 4319 1205 4371 tinem
1233 4318 1535 4385 imponam.

603 4417 910 4484 Antequam
934 4424 1066 4465 vero
1096 4410 1161 4464 de
1181 4408 1301 4463 istis
1342 4408 1609 4471 dicamus,
1632 4409 1855 4475 parvam
1900 4408 1956 4457 et
1983 4401 2101 4456 exi-

1482 330 2007 413 'B'ESSARIONIS
2034 352 2095 413 s.
2132 351 2205 416 ιι.
2242 349 2310 417 E.
2335 334 2810 416 CARDINALI‘S

592 464 795 517 Verum
835 458 1141 523 enimvero,
1171 459 1393 529 quando
1416 469 1470 514 et
1513 460 1723 531 aliquid
1778 461 2012 531 amplius
2059 476 2088 513 a
2118 466 2167 523 Λ

3642 335 3666 353 ⁸
3686 329 3795 415 ξξι

2268 464 2464 518 Ἐπειδ⁹
2479 466 2627 532 ὅμως
2651 465 2744 517 καί
2775 483 2826 517 τι
2851 463 3035 516 πλεῖον
3057 462 3228 527 αίτεῖς
3255 460 3386 532 παρ’
3408 463 3585 535 ἡμῶν,
3608 464 3669 516 ού
3699 464 3791 518 διὰ

2204 556 2406 610 σαυτὸν
2439 556 2589 621 ἴσως,
2617 555 2753 608 ἀλλὰ
2784 554 2875 608 διὰ
2908 554 3035 616 τοὺς
3070 553 3395 622 φιλονείκως
3438 556 3793 624 ἐναντιουμέ-

2206 661 2327 707 νους
2355 648 2420 714 τῇ
2442 645 2692 715 ἀληθείᾳ,
2725 645 2886 714 ἡμεῖς
2913 643 3032 712 ἁμα
3062 644 3160 713 μὲν
3182 643 3268 695 διὰ
3289 643 3350 695 τὸ
3384 643 3623 709 ὀφείλειν
3656 644 3796 696 ἁπο-

2204 736 2404 789 διδόναι
2442 736 2599 803 λόγον
2643 736 2773 805 περὶ
2805 736 2903 803 τῆς
2949 738 3007 787 ὲν
3056 737 3192 805 ἡμῖν
3224 738 3468 796 πίστεως
3520 735 3795 803 παντὶτῴ

2207 828 2476 893 αἰτοῦντι,
2507 828 2651 881 κατὰ
2682 827 2773 880 τὸν
2808 827 3317 890 ΟεῖονἋπόστολον,
3353 826 3469 895 ἅμα
3506 826 3561 879 δὲ
3595 828 3687 879 καὶ
3716 829 3797 897 τῷ

2210 919 2408 987 φιλικῴ
2461 919 2758 988 καθήκοντι
2807 920 3166 989 χαριζόμενοι
3228 924 3342 983 τοῖς
3404 922 3517 982 σοῖς
3570 922 3797 991 εἷκομεν

2210 1010 2443 1090 νεύμασι
2473 1028 2488 1041 ο
2524 1012 2619 1064 καί
2652 1028 2736 1063 σοι
2765 1011 2981 1081 πρῶτον
3015 1011 3118 1079 μὲν
3150 1011 3245 1075 τὰς
3273 1012 3380 1064 τῶν
3422 1013 3593 1080 ἁγίων
3624 1015 3801 1067 Πατέ-

2211 1114 2322 1174 ρων
2349 1103 2444 1156 καί
2478 1102 2824 1156 διδασκάλων
2851 1103 2958 1155 τῶν
2983 1092 3230 1157 Δυτικῶν
3255 1104 3551 1174 πέμπομεν
3583 1106 3797 1175 ῥήσεις,

2210 1196 2267 1248 αἳ
2296 1196 2483 1264 σαφῶς
2507 1197 2711 1249 οὑτωσὶ
2765 1199 2830 1249 ὲκ
2866 1197 3082 1267 Πατρδς
3112 1198 3206 1249 καὶ
3241 1196 3372 1249 Υίοῦ
3405 1199 3468 1249 τὸ
3522 1198 3677 1265 ἅγιον
3704 1198 3795 1250 ex;

2211 1288 2542 1356 πορεύεσθαι
2567 1288 2792 1355 λέγουσι
2821 1288 3068 1358 Πνεῦμα,
3094 1292 3187 1343 καὶ
3207 1287 3300 1343 τὸν
3330 1291 3552 1360 Πατέρα
3581 1294 3678 1343 καὶ
3701 1292 3796 1343 τον

2212 1378 2340 1430 Υἱὺν
2367 1378 2513 1448 ἔχειν
2546 1378 2740 1432 ἑαυτοῦ
2777 1380 2912 1448 μίαν
2945 1381 3123 1449 ἀρχὴν
3162 1381 3255 1433 καὶ
3285 1381 3485 1434 αἰτίαν.
3515 1374 3616 1434 Ὧν
3671 1382 3799 1434 πολὲ

2210 1468 2318 1522 λῶν
2349 1470 2548 1532 οὐσῶν,
2578 1476 2672 1524 καὶ
2700 1472 2836 1525 πᾶσι
2894 1470 3126 1542 βιϐλίοις
3181 1472 3363 1525 αὐτῶν
3409 1476 3797 1543 ἐγκατεσπαρο

2215 1562 2417 1629 μένων,
2448 1561 2640 1629 ὀλίγας
2667 1563 2829 1632 ἡμεῖς
2885 1578 2969 1615 σοι
3023 1563 3421 1633 πεπόμφαμεν,
3482 1562 3573 1616 τοῦ
3627 1562 3793 1616 αὑτοῦ

2212 1653 2386 1705 τύπου
2419 1654 2511 1707 καὶ
2547 1653 2643 1723 τῆς
2674 1653 2847 1724 αὐτῆς
2878 1653 3105 1723 ἀγωγῆς
3131 1656 3227 1710 καὶ
3278 1655 3387 1708 τῶν
3419 1654 3595 1710 ἄλλων
3616 1656 3799 1710 οὐσῶν

2216 1746 2329 1799 ἀπα
2339 1748 2465 1799 σῶν.

3774 1998 3787 2009 ς

2289 2015 2522 2069 Ἔπειτα
2546 2016 2600 2070 δὲ
2633 2016 2791 2085 λόγον
2821 2018 2944 2071 τινὰ
2965 2016 3256 2086 ἡμέτερον,
3354 2017 3739 2087 Δογματικὸς,
3758 2015 3795 2087 ἦ

2212 2107 2351 2176 Περὶ
2395 2108 2691 2175 ἐνώσεως,
2724 2110 2757 2179 ἠ
2790 2109 3097 2177 ἐπιγραφὴ,
3131 2109 3535 2179 ἐδοκιμάσαμεν
3576 2110 3798 2178 πέμψαι

2214 2219 2318 2257 σοι·
2347 2202 2405 2256 ὃν
2440 2203 2637 2273 μικρὸν
2671 2203 2892 2274 πρὸτῆς
2912 2202 3073 2269 ἁγίας
3108 2202 3356 2265 ὲνώσεως
3388 2202 3794 2271 ὲκδεδώκαμεν.

2211 2297 2399 2366 ὥσπερ
2434 2297 2554 2350 τινὰ
2586 2296 2908 2349 τελευταίαν
2941 2296 3043 2365 τῆς
3078 2296 3217 2367 ἐμῆς
3258 2297 3495 2359 διανοίας
3528 2299 3622 2350 καὶ
3651 2297 3799 2365 γνώο

2215 2406 2325 2460 μης
2347 2390 2645 2457 ἀπόφασιν.
2688 2392 2786 2443 Ὃν
2815 2389 2892 2459 τῷ
2927 2406 2987 2441 τε
3019 2390 3297 2460 κρατίστῳ
3323 2388 3537 2459 βασιλεί
3583 2392 3678 2444 καὶ
3708 2390 3798 2460 τῷ

2214 2483 2345 2553 ἱερῷ
2370 2483 2526 2551 ἡμῶν
2548 2483 2867 2553 πατριάρχη
2907 2484 2994 2536 ἐπ’
3031 2483 3151 2552 ὄψει
3194 2484 3416 2535 πάντων
3440 2483 3548 2537 τῶν
3593 2485 3799 2552 ἡμετέ-

2212 2591 2322 2644 ρων
2356 2576 2626 2638 ἐπέδωκα,
2660 2575 2824 2645 ἡνίκα
2851 2574 2914 2628 τὸ
2944 2575 3250 2627 τελευταῖον
3275 2576 3637 2644 σκεπτόμενοι
3668 2575 3795 2629 καθ’

2211 2663 2431 2727 αὐτοὺς,
2472 2664 2570 2726 τὰς
2602 2663 2849 2717 ἑκάστων
2887 2664 3116 2733 γνώμας
3163 2664 3578 2734 ἀνηρευνῶμεν.

2290 2845 2379 2901 Ἐν
2479 2838 2552 2909 ὥς
2582 2844 2699 2899 ἐνὸν
2720 2844 2779 2910 ἐξ
2800 2846 2980 2898 αὐτῶν
3000 2845 3108 2899 τῶν
3143 2830 3504 2900 Ἆνατολικῶν
3531 2847 3794 2919 Πατέριον

2212 2942 2303 2995 καὶ
2331 2940 2669 2996 διδασκάλων
2702 2939 2869 3009 μηδὲν
2899 2940 3012 3003 τοῖς
3065 2939 3375 3008 Ἑσπερίοις
3422 2941 3795 3010 προσχρώμε-

2210 3042 2318 3098 νος,
2352 3034 2413 3086 τὸ
2447 3034 2814 3104 προκείμενον
2846 3032 3103 3101 δείκνυμι
3144 3032 3464 3102 πρόϐλημα,
3510 3032 3569 3084 ὃν
3595 3032 3670 3096 ὠς
3704 3034 3792 3086 σοί

2208 3142 2267 3177 τε
2296 3124 2533 3193 μάλιστα
2561 3124 2804 3189 πάντων,
2864 3126 2955 3177 καὶ
3009 3124 3062 3176 εῐ
3087 3139 3170 3185 τις
3214 3123 3374 3187 ἄλλος
3426 3123 3791 3191 εὐγνωμόνως

2211 3217 2528 3282 ἀκούσεται,
2560 3219 2618 3271 ού
2647 3219 2853 3288 μικρᾶς
2876 3210 3148 3285 ὠφελείας
3186 3218 3447 3285 ἐσόμενον
3495 3218 3689 3281 αἴτιον,
3720 3219 3788 3287 τῇ

2215 3313 2281 3381 σῇ
2339 3310 2689 3381 λαμπρότητι
2748 3311 3035 3381 πέπομφα,
3090 3306 3651 3379 μεγαλοπρεπέα-’δαῖε
3694 3308 3793 3360 κιαι

2212 3406 2391 3456 πάντα
2422 3403 2611 3473 ἄριστε
2647 3403 2803 3467 ἄνερ.

2296 3498 2494 3551 Ἔπειθ’
2521 3497 2577 3548 ὲν
2604 3498 2813 3558 τούτοις
2844 3495 2997 3549 οὐδὲν
3025 3496 3080 3547 ἒν
3109 3494 3184 3564 τῷ
3216 3495 3447 3565 παρόντι
3479 3494 3795 3563 πεποιθήκὰ-

2216 3606 2315 3658 μεν
2342 3604 2354 3616 ·
2399 3584 2761 3658 προϋπῆρχον
2808 3587 2918 3656 γὰρ
2969 3588 3100 3657 ἡμῖν
3138 3587 3543 3657 γεγραμμέναο
3575 3588 3662 3640 διὰ
3690 3586 3792 3657 τὴν

2214 3682 2313 3751 σὴν
2343 3680 2399 3733 δὲ
2431 3681 2597 3732 τανῦν
2636 3680 2859 3748 ἀγάπην
2894 3682 3091 3750 μικρόν
3140 3697 3193 3731 τι
3232 3679 3582 3748 προσεθέμην
3618 3682 3789 3749 πο·αῆ-

2213 3792 2304 3828 σαι
2337 3774 2487 3842 παρὰ
2538 3772 2733 3839 ταῦτα,
2771 3774 2862 3827 καί
2896 3791 2946 3826 τι
2985 3774 3149 3827 πλέον
3198 3774 3440 3828 ἐκθεῖναι
3496 3775 3595 3843 σὴν
3624 3774 3793 3844 χάριν

2211 3866 2528 3934 ἐκρίναμεν.
2568 3851 2735 3920 δὈΟεν
2767 3865 3135 3936 ἐπιτροχάδην
3170 3867 3316 3928 ὅπως
3350 3882 3405 3917 τε
3440 3864 3507 3917 τὰ
3532 3868 3632 3935 τῆς
3666 3866 3793 3919 καθ’

2211 3960 2360 4027 ἡμᾶς
2399 3957 2523 4027 ἔσχε
2580 3958 2798 4010 συνόδου
2829 3958 2925 4009 xci.
2975 3957 3076 4026 τῆς
3133 3957 3295 4024 ἁγίας
3321 3956 3571 4021 ὲνὼσεως
3619 3960 3686 4026 τῇ
3718 3961 3791 4026 σῇ

2208 4051 2564 4121 λαμπρότητι
2617 4051 2956 4121 διηγήσομαι
2986 4068 3000 4083 ·
3056 4051 3150 4103 καί
3203 4067 3356 4115 τινας
3382 4052 3575 4118 λόγους
3612 4066 3793 4121 προσ-

2212 4141 2348 4203 θεὶς,
2387 4138 2468 4202 οἷς
2515 4139 2580 4192 ἄν
2614 4158 2696 4203 τις
2722 4143 2803 4194 ἔτι
2839 4140 3043 4209 μᾶλλον
3067 4131 3207 4213 ὑπὲρ
3239 4143 3330 4195 τοῦ
3364 4130 3633 4210 δόγματος
3667 4124 3793 4195 τού-

2211 4249 2305 4285 του
2350 4233 2624 4302 πεισθείη,
2652 4231 2795 4285 οὗτω
2831 4237 3174 4287 καταπαύσω
3206 4233 3295 4287 τὸν
3320 4232 3500 4301 λόγον.

2283 4406 2397 4481 Πρὸ
2423 4410 2480 4462 δὲ
2507 4408 2600 4461 τοῦ
2646 4409 2780 4479 περὶ
2831 4407 3035 4462 τούτων
3083 4410 3281 4474 εἰπεῖν,
3323 4409 3520 4477 μικρὸν
3556 4409 3657 4479 μὲν
3711 4414 3793 4477 τι,

530 4489 690 4573 guam
723 4502 1013 4570 quamdam
1047 4512 1186 4562 rem,
1217 4504 1327 4550 no’n
1372 4510 1537 4565 parva
1568 4503 1749 4547 tamen
1778 4493 2095 4547 considera-

2210 4501 2369 4570 λόγου
2426 4502 2486 4554 δὲ
2546 4501 2696 4568 ὅμως
2733 4497 2880 4564 ἄξιον
2941 4501 3001 4552 οὐ
3063 4500 3287 4570 μικροῦ,
3336 4502 3637 4571 προσθήσω
3671 4506 3793 4565 τοῖς

533 4596 681 4648 tione
717 4594 958 4660 dignam,
986 4588 1270 4657 protemiis
1291 4587 1516 4650 addam,
1551 4600 1678 4654 qua:
1718 4599 1851 4638 sane
1883 4584 1935 4636 in
1966 4594 2105 4652 prae-

533 4687 680 4739 dicta
705 4684 1011 4752 dogmatica
1043 4682 1293 4734 oratione
1317 4680 1703 4733 desideratur:
1748 4678 1892 4730 hanc
1940 4675 2106 4746 igitur

534 4777 625 4829 hic
648 4772 1041 4841 compensabo.
2016 4812 2031 4819 ,

598 4866 657 4920 lu
692 4878 757 4916 ea
772 4863 918 4916 enim
939 4862 1207 4926 oratione,
1228 4858 1440 4913 tametsi
1458 4875 1524 4912 ex
1552 4858 1684 4913 solis
1712 4857 1915 4913 sanctis
1930 4856 2078 4911 Patri

434 4972 441 4977 ‘
533 4960 637 5013 bus
658 4954 1034 5011 Orientalibus
1058 4956 1342 5007 veritatem
1374 4951 1538 5020 hujus
1567 4951 1891 5019 qua-stionis
1919 4959 2103 5003 osten-

533 5052 766 5105 dendam
829 5060 1245 5117 proposueram,
1299 5055 1481 5097 tamen
1523 5042 1732 5096 dictum
1799 5041 2103 5110 quoddam,

532 5142 681 5214 quod
728 5143 899 5195 instar
928 5140 1171 5191 omnium
1205 5137 1437 5191 aliorum
1470 5136 1561 5198 sit,
1581 5135 1691 5188 divi
1720 5136 1890 5203 patris
1916 5135 2095 5187 nostri

534 5234 717 5289 Basilii
750 5228 1097 5303 praetermisi,
1159 5238 1449 5298 prepterea
1477 5226 1624 5297 quod
1660 5236 1941 5294 utcunque
1968 5223 2104 5278 illud

514 5330 927 5399 ambigeretur,
961 5340 1072 5379 non
1105 5325 1251 5394 quod
1266 5339 1367 5395 ego
1396 5325 1560 5378 etiam
1580 5320 1647 5374 de
1676 5334 1743 5373 eo
1766 5318 2102 5382 dubitarem,

535 5422 764 5476 minime
785 5430 949 5483 vero;
978 5416 1074 5471 sed
1093 5420 1350 5486 quoniam
1392 5414 1642 5484 plerique
1684 5413 1737 5464 in
1787 5419 2105 5464 controver-

533 5516 671 5569 siam
695 5512 1047 5576 revocabant,
1085 5508 1343 5579 ambigua
1375 5522 1433 5561 re
1467 5506 1548 5560 uti
1575 5504 1749 5558 nolui.
1782 5501 1895 5557 Hoc
1921 5512 2105 5555 autem

535 5608 745 5662 dictum
764 5613 867 5669 est,
899 5617 1009 5672 quo
1041 5601 1134 5658 ille
1166 5602 1359 5657 beatus
1389 5598 1473 5653 vir
1516 5598 1574 5654 in
1600 5596 1765 5652 tertio
1816 5595 1957 5648 libro
1981 5607 2109 5647 sua-

535 5715 658 5755 rum
702 5699 882 5769 ignem
914 5698 1242 5768 spirantium
1292 5700 1563 5753 rationtim
1603 5694 1869 5748 adversus
1926 5686 2107 5743 Euno-

518 5794 707 5871 ‘mium
760 5806 890 5847 usus
915 5800 998 5847 est
1024 5808 1040 5849 :
1662 5776 1667 5779 i

1192 5903 1312 5913 ν-ας-η

2207 4593 2539 4665 προοιμίοις,
2573 4593 2711 4663 ὅπερ
2762 4590 2841 4661 τῷ
2891 4594 3282 4662 προειρημένῳ
3337 4610 3429 4662 μοι
3462 4594 3790 4663 δογιλατικῷ

2205 4686 2349 4754 λόγῳ
2387 4685 2651 4751 ἐλλείπει,
2684 4684 2839 4737 τοῦτο
2864 4683 3100 4737 ὲνταῦοα
3128 4684 3550 4755 ἀναπληρώσας.

2290 4867 2381 4921 Ἐν
2412 4866 2524 4936 γὰρ
2545 4864 2632 4937 ,τῷ
2663 4863 2809 4931 λόγῳ
2836 4861 3035 4932 τούτῳ,
3066 4864 3129 4915 ἐκ
3162 4861 3343 4932 μόνων
3377 4862 3485 4914 τῶν
3508 4861 3566 4928 ἐξ
3610 4862 3793 4934 Ἐᾠας

2208 4960 2379 5027 ἁγίων
2406 4959 2504 5027 τὴν
2537 4957 2633 5010 τοῦ
2671 4955 2881 5025 προϐλή
2894 4972 3058 5022 ματος
3092 4955 3282 5006 τούτου
3332 4955 3589 5025 ἀλήθειαν
3612 4956 3750 5019 δείξ.
3771 4974 3793 5007 ι

2208 5052 2571 5123 προθέμενος,
2607 5049 2666 5102 ’ἐν
2696 5066 2749 5101 τι
2808 5047 2973 5118 ῥητὸν
3022 5046 3118 5100 τοῦ
3175 5047 3321 5101 θείου
3364 5048 3577 5117 Πατρδς
3626 5049 3793 5116 ἡμῶν

2208 5141 2513 5205 Βασιλείου,
2549 5140 2768 5192 πάντων
2793 5140 2900 5190 τῶν
2930 5137 3106 5190 ἄλλων
3135 5137 3405 5203 ἀντάξιον,
3461 5137 3795 5206 παραλέλοι-

2212 5252 2308 5299 πα,
2344 5235 2430 5286 διὰ
2470 5233 2529 5285 τὸ
2576 5232 2724 5294 ὅπως
2782 5225 2876 5283 οὖν
2919 5229 3387 5299 ἁμφιϐἁλλεσοαι,
3435 5229 3537 5297 οὐχ
3569 5230 3651 5280 ὅτι
3689 5230 3788 5280 καὶ

2209 5324 2320 5391 ἐγὼ
2348 5322 2478 5391 περὶ
2503 5320 2697 5373 τούτου
2725 5320 3024 5387 ὲδίσταζον,
3058 5320 3307 5389 οὐδαμῶς
3332 5336 3346 5351 ⁸
3385 5319 3502 5373 ἀλλ’
3530 5321 3610 5373 ὅτι
3632 5321 3791 5386 παρὰ

2206 5419 2321 5477 τοῖς
2354 5415 2567 5477 πολλοῖς
2602 5413 2999 5483 ημριϐἀλλετο,
3030 5413 3319 5482 ἀμφιϐόλῳ
3352 5409 3660 5482 χρήσασθαι
3686 5412 3791 5462 οὐκ

2209 5507 2474 5577 ἠθέλησα.
2508 5504 2679 5559 Τοῦτο
2710 5505 2758 5559 δ’
2805 5506 2974 5573 ἐστὶν,
3025 5498 3069 5572 ᾧ
3100 5507 3159 5558 ὲν
3209 5503 3290 5573 τῷ
3318 5502 3486 5571 τρίτῳ
3522 5500 3632 5553 τῶν
3660 5498 3790 5555 κατ’

2210 5600 2476 5669 Εὑνομίου
2512 5598 2804 5667 πυρπνόων
2853 5596 3045 5650 ἑαυτοῦ
3074 5597 3247 5664 λόγων
3292 5594 3320 5647 ὁ
3353 5593 3542 5665 μάκαρ
3572 5593 3789 5657 ἐκεῖνος

2210 5672 2525 5763 ὲχρήσατοξ
2543 5689 2718 5759 λέγων
2737 5703 2754 5721 ⁸
