4124 6404
547 366 656 443 32."!

1507 368 2009 447 BESSARIONIS
2043 372 2102 449 s‘.
2139 384 2210 449 R.
2242 382 2310 447 Ε.
2343 372 2820 450 CARDINALIS

3697 380 3808 455 3‘23

550 509 661 547 non
713 500 860 547 esset
891 504 1069 546 annus
1126 491 1435 562 ascriptus:
1474 494 1613 549 alter
1639 511 1771 551 vero
1820 496 2112 552 bambace-

2226 497 2378 552 σίων.
2437 501 2844 568 Ἐνεγέγραπτο
2898 501 3006 569 γὰρ
3048 501 3104 553 ἐν
3139 500 3214 572 τῷ
3268 499 3410 555 τέλει
3446 502 3659 571 χρόνος,
3712 507 3809 574 ἀφ’

550 598 654 638 nus
702 598 873 638 annos
904 591 1030 637 ante
1054 591 1332 640 trecentos
1357 586 1598 656 scriptus
1627 599 1768 655 erat,
1823 589 1869 644 si
1897 590 2120 658 quidem

549 678 605 731 in
639 676 788 732 calce
833 675 1106 745 ascriptus
1163 684 1284 731 erat
1354 692 1557 747 annus,
1623 694 1690 735 ex
1737 696 1849 751 quo
1880 681 1933 736 id
1959 681 2120 737 facile

549 767 855 837 computari
881 776 1126 837 poterat:
1154 777 1210 823 et
1230 768 1362 823 libri
1391 769 1495 839 ipsi
1528 771 1713 828 adhuc
1743 782 1986 837 exstant,
2016 773 2121 826 nisi

546 859 690 916 forte
726 868 1013 930 postquam
1051 860 1183 914 mihi
1212 861 1416 916 ostensi
1438 862 1684 927 fuerunt,
1739 880 1904 935 opera
1926 881 2120 920 eorum

548 953 639 1021 qui
668 952 829 1007 facile
862 952 1045 1005 omnia
1077 951 1218 1005 mala
1248 953 1482 1022 prepriae
1516 954 1677 1009 saluti
1714 956 2117 1021 machinantur,

546 1044 900 1097 evanuerint.
936 1041 1001 1096 Hi
1029 1042 1138 1097 duo
1164 1043 1312 1108 libri,
1335 1045 1798 1113 quemadmodum
1830 1063 1929 1101 nos
1955 1064 2123 1117 expo-

545 1134 783 1196 suimus,
821 1134 1069 1187 Doctoris
1137 1136 1488 1200 sententiam,
1519 1136 1601 1190 sic
1652 1136 1802 1191 intus
1845 1136 2122 1204 habebant

547 1226 806 1295 scriptam
835 1241 849 1279 ι
890 1225 1058 1279 homo
1084 1238 1217 1279 vero
1245 1226 1489 1294 quidam,
1538 1215 1723 1283 animo
1776 1229 1996 1299 quidem
2023 1246 2122 1285 au-

548 1318 680 1382 dax,
696 1318 788 1372 sed
809 1333 969 1371 manu
993 1316 1173 1372 adhuc
1189 1318 1349 1387 longe
1363 1318 1645 1385 audacior,
1668 1320 1933 1376 adversus
1951 1338 2124 1377 mem-

550 1407 776 1461 branam
802 1407 947 1461 ferro
978 1417 1138 1461 utens
1165 1408 1448 1461 veritatem
1472 1409 1699 1465 abrasit.
1731 1408 1909 1466 Minus
1937 1408 2119 1468 tamen

549 1514 640 1553 res
659 1498 733 1553 illi
762 1500 1051 1568 processit.
1110 1497 1246 1553 Cum
1272 1499 1416 1554 enim
1446 1501 1599 1556 locus
1621 1516 1825 1557 vacuus
1842 1503 1932 1568 sit,
1966 1502 2123 1573 ipsa:-

2224 587 2285 639 οὗ
2321 588 2481 642 τοῦτο
2524 593 2703 662 ῥᾷστα
2759 591 3189 659 συλλογίσασθαι
3228 593 3428 648 ἔνεστι.
3463 594 3574 649 Καὶ
3615 595 3684 648 τά
3723 595 3809 665 βι-

2227 681 2353 736 ϐλία
2390 683 2643 749 μένουσιν
2679 684 2782 749 ἔτι,
2838 686 2886 739 εί
2928 688 3002 757 μή
3035 703 3137 740 που
3173 686 3312 755 μετά
3359 686 3459 757 τὴν
3503 688 3636 759 παρ’
3670 688 3809 758 ἐμοῦ

2224 775 2497 841 ἀνάδειξιν
2525 778 2824 847 ἠφάνισται
2879 781 3033 850 παρὰ
3061 779 3169 832 τῶν
3205 780 3386 834 πάντα
3423 780 3620 851 ῥᾳδίως
3663 782 3814 835 κατᾶ

2221 868 2322 938 τῆς
2378 869 2586 924 ἑαυτῶν
2635 870 2911 940 σωτηρίας
2967 872 3380 942 μηχανωμένων
3463 871 3637 926 ταῦτα
3711 874 3813 926 καὶ

2223 958 2391 1026 ἄμφω
2416 958 2491 1022 ὡς
2518 960 2684 1030 ἡμεῖς
2718 960 3017 1030 ὲξεθέμεθα
3051 963 3152 1031 τὴν
3181 962 3274 1015 τοῦ
3297 961 3627 1015 διδασκάλου
3647 964 3811 1033 ῥῆσιν

2223 1042 2370 1119 εἶχον
2401 1050 2849 1121 ἐγγεγραμμένα.
2867 1051 3035 1122 Ἀνὴρ
3066 1051 3121 1103 δέ
3149 1068 3231 1114 τις
3259 1041 3542 1121 τολμηρᾶς
3574 1051 3673 1118 μὲν
3700 1050 3810 1117 dau—

2224 1143 2345 1211 χῆς,
2369 1142 2551 1211 χειρὸς
2581 1142 2637 1195 δὲ
2658 1142 3092 1213 τολμηροτέρας,
3125 1144 3269 1196 κατὰ
3303 1142 3404 1213 μὲν
3430 1143 3523 1194 10-3
3549 1142 3810 1213 μεμϐρά-

2224 1250 2314 1286 νου
2340 1234 2547 1304 σιδήρῳ
2574 1236 2921 1306 χρησάμενος
2954 1237 3182 1301 ἀπέξεσε
3211 1234 3307 1307 τὴν
3329 1234 3586 1305 ἀλήθειαν
3607 1251 3623 1266 ο
3652 1233 3810 1287 οᾷδὲν

2221 1323 2265 1375 δ’
2293 1326 2441 1394 ὅμως
2467 1327 2616 1395 αύτῷ
2640 1326 2919 1395 προῦργου
2947 1331 3286 1397 ἀπήντηκεν.
3320 1326 3392 1381 ’Ὁ
3414 1344 3473 1380 τε
3495 1326 3604 1395 γάρ
3638 1326 3809 1389 τόπος

2224 1419 2377 1480 κενδς
2408 1416 2507 1481 ὢν,
2540 1418 2598 1470 αἴ
2625 1436 2683 1470 τε
2718 1419 2829 1471 τῶν
2862 1418 3145 1473 συλλαϐῶν
3172 1419 3395 1489 ἡμίσεις
3424 1419 3504 1472 ἐτι
3540 1417 3808 1488 φαινόμε-

2222 1524 2332 1567 ναι,
2372 1509 2433 1562 τό
2461 1527 2521 1561 τε
2551 1509 2811 1580 τόλμημα
2848 1512 3063 1565 ἐκείνου
3099 1511 3408 1580 ἐλέγχουσι,
3442 1511 3545 1579 τήν
3575 1527 3635 1563 τε
3671 1509 3807 1579 ἀλή-

549 1605 659 1658 que
684 1590 900 1661 syllaba:
917 1589 1161 1644 dimidim
1189 1592 1370 1646 adhuc
1391 1603 1715 1662 appareant,
1756 1603 1813 1648 et
1835 1594 2118 1649 audaciam

2223 1601 2378 1654 θειαν
2420 1602 2577 1655 οὐδὲν
2625 1599 2789 1672 ἦττον
2840 1603 3027 1670 σαφῶς
3060 1603 3390 1673 παριστῶσι.
3426 1601 3580 1655 Κατά
3611 1602 3667 1654 δὲ
3705 1602 3805 1654 τοῦ

547 1681 697 1736 illius
756 1692 1028 1751 arguunt,
1079 1694 1135 1737 et
1189 1683 1476 1738 veritatem
1531 1684 1704 1753 ipsam
1759 1684 2119 1739 nihilominus

2223 1693 2411 1764 ἑτέρου
2445 1694 2475 1763 β
2505 1694 2657 1749 σλίου
2691 1698 2862 1766 μέλαν
2892 1690 3118 1768 ὲπιχέις
3151 1696 3389 1765 ἐκάλυψε
3426 1696 3585 1749 τοῦτο
3609 1694 3669 1748 τὸ
3700 1697 3806 1765 μέδ

546 1774 695 1826 clare
740 1773 1077 1841 exprimunt.
1107 1773 1163 1827 In
1225 1775 1331 1828 alio
1384 1790 1513 1828 vero
1553 1775 1695 1829 libro
1721 1776 1886 1830 litura
1946 1785 2114 1831 totam

2226 1799 2317 1854 ρος
2335 1785 2427 1837 τοῦ
2448 1785 2613 1855 ῥητοῦ
2633 1780 2763 1850 πᾶν,
2782 1788 2809 1840 ὅ
2829 1805 2986 1858 φησι.
3006 1788 3150 1857 [Iap‘
3171 1788 3358 1843 αὐτοῦ
3374 1788 3438 1841 τὸ
3456 1769 3609 1840 εἶναι
3630 1787 3809 1854 ἔχον,-

550 1865 696 1917 illam
718 1874 925 1932 partem
955 1865 1240 1920 sententiae
1269 1867 1622 1932 oblitteravit,
1656 1883 1778 1937 qua:
1810 1868 1888 1922 sic
1915 1868 2114 1924 habet:

549 1957 624 2010 Ab
656 1957 769 2025 ipso
809 1955 1083 2008 habentem
1136 1971 1265 2017 esse,
1330 1966 1379 2008 et
1434 1957 1650 2009 omnino
1699 1955 1765 2009 ab
1822 1956 1920 2010 illa
1953 1973 2117 2010 causa

550 2049 947 2117 dependentem.
985 2049 1181 2103 \‘erum
1238 2048 1436 2102 deinde
1479 2057 1720 2116 tempore
1764 2048 2116 2118 procedente,

547 2143 885 2196 cntridoctus
910 2140 1001 2195 ille
1028 2139 1280 2210 Cydonea
1311 2139 1511 2194 librum
1550 2139 1605 2193 in
1643 2154 1838 2194 manus
1868 2140 2118 2209 accepis-

546 2243 650 2292 set.
683 2229 955 2285 sententia
991 2230 1186 2283 iterum
1231 2244 1360 2283 sana
1390 2229 1602 2283 reddita
1628 2241 1733 2293 est,
1764 2230 1878 2299 ipse
1944 2230 2118 2300 siqu-i-

547 2326 668 2375 stem
703 2321 917 2390 propria
945 2336 1108 2374 manu
1138 2330 1192 2373 et
1220 2321 1549 2375 sententiam
1582 2320 1636 2374 in
1659 2319 1803 2375 libro
1851 2321 2117 2391 integram

544 2411 816 2479 ascripsit,
850 2421 905 2464 et
957 2426 1082 2464 eum
1145 2411 1237 2478 qui
1275 2410 1325 2463 id
1370 2425 1537 2464 ausus
1562 2419 1729 2475 esset,
1777 2410 1913 2464 satis
1947 2410 2117 2480 digne

542 2501 806 2556 conviciis
836 2508 1185 2554 consectatus
1237 2508 1341 2553 est.

617 2592 675 2645 In
723 2600 926 2645 tantam
998 2592 1256 2644 nimirum
1317 2591 1672 2653 dementiam,
1750 2590 2021 2655 tenebras,
2063 2598 2119 2645 et

544 2684 908 2752 ignorantiam
938 2691 1213 2737 nostrates
1245 2683 1528 2736 contentio
1576 2682 1811 2751 impulit,
1834 2689 1890 2736 et
1912 2682 2118 2736 audent

543 2776 730 2828 dicere
748 2772 992 2836 Latinos,
1016 2782 1072 2826 et
1108 2773 1343 2827 Vuccum
1378 2774 1549 2827 libros
1574 2774 1889 2841 corrupisse
1914 2789 1929 2826 :
1990 2789 2115 2828 cum

546 2878 727 2918 tamen
748 2865 952 2918 dictum
977 2863 1121 2917 istud
1158 2873 1363 2917 tantam
1394 2864 1591 2918 habeat
1621 2864 2115 2933 pulchritudinem,

547 2966 809 3023 tantaque
866 2970 991 3011 eum
1049 2955 1382 3024 eloquentia,
1444 2956 1805 3020 rotunditate,
1841 2965 1898 3009 et
1947 2957 2116 3010 attica

551 3046 727 3115 gratia
783 3048 854 3101 sit
918 3047 1215 3116 prolatum,
1281 3056 1339 3099 ut
1402 3061 1512 3100 non
1568 3047 1744 3100 solum
1789 3046 1966 3101 Latini
2012 3048 2117 3102 tale

542 3140 824 3209 quidpiam
855 3139 1092 3202 edici-re,
1157 3150 1421 3208 tantaque
1455 3153 1577 3192 cum
1606 3139 1775 3207 gratia
1801 3139 1990 3194 Graece
2018 3141 2117 3193 ali-

2223 3153 2298 3221 μὴ
2322 3152 2581 3207 δύνασθαί
2612 3172 2741 3211 ποτε
2773 3155 3016 3212 τοιοῦτόν
3043 3177 3096 3213 τι
3122 3164 3217 3214 καὶ

542 3232 676 3300 quid
725 3232 1079 3286 conscribere
1121 3232 1346 3285 minime
1398 3231 1632 3300 possint,
1680 3231 1885 3299 quibus
1944 3242 2116 3301 patna

548 3325 752 3392 lingua,
792 3325 1064 3392 variaeque
1104 3326 1289 3393 ﬁgura:
1343 3333 1397 3377 ct
1445 3336 1715 3393 praecepta
1770 3323 1984 3378 diversa
2036 3324 2120 3378 di-

548 3419 731 3484 cendi,
761 3426 822 3472 ut
858 3417 1064 3485 aliquid
1101 3418 1158 3471 in
1214 3431 1461 3471 nostram
1513 3418 1753 3488 linguam
1784 3433 1909 3471 cum
1946 3419 2118 3483 gr..tia

542 3508 731 3574 edant,
785 3509 1178 3577 impedimento
1230 3519 1315 3562 est
1368 3526 1382 3562 :
1433 3510 1891 3579 quemadmodum
1922 3527 1953 3564 e
1983 3526 2118 3563 eun.

546 3602 739 3664 trario,
797 3610 859 3654 ut
922 3598 1093 3653 Graeci
1159 3600 1259 3669 ipsi
1311 3599 1504 3655 Latine
1554 3601 1757 3670 aliquid
1812 3618 1966 3671 aequa
1995 3619 2120 3672 gra»

544 3703 617 3747 tia
651 3693 967 3748 Latinorum
1001 3703 1352 3762 componant.
1387 3696 1539 3749 nullo
1580 3696 1742 3749 modo
1779 3698 1891 3750 licri
1916 3704 2116 3765 potest,

543 3787 916 3855 quamtumvis
930 3786 1149 3856 utrique
1171 3786 1407 3855 linguam
1428 3787 1657 3842 invicem
1677 3798 1989 3843 exerceant.
2012 3787 2122 3841 llos

539 3875 632 3943 jms
645 3889 775 3928 vero
797 3873 873 3927 rei
904 3873 1372 3943 locupletissimus
1398 3890 1499 3945 ego
1534 3875 1689 3930 testis
1714 3892 1835 3930 esse
1866 3892 2115 3946 possum,

543 3966 643 4034 qui
668 3964 919 4020 Latinam
938 3965 1176 4034 linguam
1206 3965 1376 4020 ferme
1401 3968 1707 4037 utquisquc
1724 3969 1863 4023 alius
1897 3968 2092 4023 Latino
2110 3998 2124 4011 -

544 4066 669 4111 r‘um
709 4058 800 4127 qui
835 4060 889 4111 in
912 4074 977 4112 ea
1000 4058 1231 4111 multum
1258 4058 1581 4126 elaborarit,
1615 4060 1807 4124 calleo,
1850 4070 1901 4114 et
1942 4064 2119 4131 perci-

541 4149 661 4220 pio,
684 4152 1030 4205 conscribere
1064 4165 1193 4204 vero
1248 4151 1453 4220 aliquid
1506 4152 1590 4205 vel
1643 4152 1904 4207 mediocri
1957 4154 2120 4210 laude

541 4246 767 4314 dignum
822 4242 1048 4297 minime
1076 4243 1251 4296 valeo.
1279 4238 1397 4297 Non
1419 4242 1594 4297 solum
1618 4244 1803 4313 igitur,
1827 4256 1884 4299 ut
1910 4246 2125 4299 dictum

540 4344 648 4401 est,
708 4334 824 4389 ﬁeri
888 4350 997 4387 non
1050 4343 1264 4403 poterat
1303 4343 1361 4387 ut
1406 4336 1547 4388 hanc
1602 4345 1930 4389 sententiam
1968 4348 2117 4392 tanta

2220 1873 2320 1927 καὶ
2339 1874 2491 1941 ὅλως
2511 1875 2754 1945 ἐκείνης
2775 1877 2886 1947 τῆς
2911 1882 2969 1933 al
2977 1881 3104 1946 τίας
3126 1879 3490 1949 ἐξημμένον.
3509 1880 3667 1932 Ἀλλά
3677 1879 3810 1949 χρό-

2219 1983 2295 2036 νῳ
2333 1964 2561 2039 ὕστερον
2615 1970 2709 2023 τοῦ
2742 1972 2911 2041 σοφοῦ
2952 1972 3180 2043 Κυδὼνη
3219 1973 3431 2026 ἑκείνου
3482 1974 3582 2043 τὴν
3615 1973 3803 2042 βίϐλον

2220 2058 2300 2121 είς
2332 2060 2519 2130 χεῖρας
2553 2061 2830 2127 λαϐόντος,
2866 2064 2925 2115 τὸ
2959 2058 3126 2132 ῥητὸν
3158 2065 3320 2118 πάλιν
3351 2064 3505 2133 ὑγιὲς
3537 2064 3803 2133 ἀπεδόθη.

2217 2151 2389 2215 Αὐτὸς
2419 2152 2527 2225 γάρ
2556 2154 2735 2227 οἰκείᾳ
2772 2156 2919 2227 χειρὶ
2963 2157 3023 2209 τό
3072 2173 3129 2209 τε
3185 2159 3349 2227 ῥητὸν
3393 2161 3451 2211 ἐν
3502 2160 3577 2229 τῷ
3613 2158 3804 2229 βιϐλίῳ

2218 2240 2512 2312 ὁλόκληρον
2540 2246 3066 2317 προσπαρέγραψεν,
3097 2245 3288 2319 ὕδρεσί
3319 2264 3378 2302 τε
3406 2250 3570 2316 ἀξίως
3599 2250 3805 2304 ἔπλυνε

2219 2332 2312 2387 τδν
2346 2335 2506 2390 τοῦτο
2533 2336 2931 2409 τετολμηκότα.

2293 2601 2388 2664 Εἰς
2415 2601 2683 2673 τοσαύτην
2713 2604 2973 2659 ἀπόνοιαν
3006 2607 3101 2660 καὶ
3130 2610 3323 2674 σκότος
3380 2613 3473 2663 καὶ
3506 2613 3729 2682 ἄγνοιαν

2170 2722 2177 2723 ί
2219 2692 2331 2761 ἔρις
2364 2694 2668 2764 ἡμετέρους
2697 2696 2969 2753 ἀπέωσεν.
3014 2693 3147 2753 Εἶτα
3184 2703 3365 2768 λέγειν
3397 2703 3689 2774 τολμῶσιν,
3723 2708 3803 2774 ὡς

2219 2784 2440 2836 Λατῖνοι
2490 2787 2583 2838 καὶ
2640 2785 2843 2851 Βέκκος
2877 2789 2977 2851 τὰς
3009 2788 3228 2858 βίᾶλους
3277 2793 3524 2848 ὲνόθευσε
3552 2812 3566 2827 ·
3622 2799 3804 2852 καίτοι

2218 2874 2472 2929 τοσοῦτον
2500 2876 2713 2947 ἔχοντος
2740 2877 2834 2931 τοῦ
2871 2881 3037 2959 ῥητοῦ
3068 2882 3257 2937 τούτου
3292 2887 3511 2950 κάλλος,
3540 2891 3636 2943 καὶ
3663 2893 3804 2960 μετά

2222 2968 2495 3037 τοσαύτης
2520 2970 2852 3037 εὖγλωττίας
2883 2975 2975 3026 καὶ
3006 2980 3470 3049 στρογγυλότητος
3518 2983 3806 3053 ἀπηγγελ-

2223 3060 2407 3128 μένου,
2440 3064 2531 3115 καὶ
2566 3064 2787 3132 χάριτος
2821 3064 3102 3137 Ἀττικῆς,
3130 3068 3206 3132 ὡς
3239 3069 3315 3142 μὴ
3348 3073 3608 3136 Λατίνους
3640 3078 3806 3145 μόνον

3248 3163 3389 3232 μετά
3406 3168 3672 3238 τοσαύτης
3702 3170 3803 3239 x5-

2223 3260 2371 3315 ριτος
2431 3244 2762 3317 Ἑλληνικῶς
2818 3268 2870 3303 τι
2927 3251 3288 3321 συγγράψαι,
3349 3249 3428 3320 οἷς
3479 3260 3510 3326 ἠ
3566 3260 3801 3328 πάτριος

2219 3335 2460 3402 γλῶσσα,
2494 3340 2589 3390 καὶ
2623 3339 2693 3392 τὰ
2738 3339 2976 3412 διάφορα
3035 3343 3294 3413 σχήματά
3320 3364 3378 3399 τε
3408 3350 3504 3401 καὶ
3556 3351 3800 3419 μέθοδοι,

2222 3427 2474 3495 ἐμποδὼν
2507 3430 2598 3482 τοῦ
2651 3432 2790 3501 μετά
2831 3434 3053 3503 χάριτος
3110 3435 3358 3490 ἐκδοῦναι
3412 3457 3536 3493 τινα
3567 3444 3648 3503 εἰς
3696 3447 3808 3514 τὴν

2220 3519 2493 3588 ἡμετέραν
2538 3522 2725 3589 φωνήν
2751 3537 2765 3552 ·
2808 3524 3004 3595 ὥσπερ
3034 3530 3096 3580 ὲκ
3132 3527 3226 3581 τοῦ
3263 3530 3505 3585 ἐναντίου
3541 3532 3801 3606 Ἕλλησιν

2219 3609 2478 3664 ἀδύνατον
2509 3613 2814 3677 Λατινικῶς
2848 3632 2900 3667 τι
2937 3618 3075 3685 μετὰ
3103 3621 3203 3689 τῆς
3251 3622 3374 3690 ίοης
3404 3624 3656 3690 Λατίνοις
3700 3629 3802 3698 χά-

2225 3717 2373 3770 ριτος
2421 3703 2876 3773 συγγράψασθαι,
2910 3707 3021 3761 κᾶν
3045 3709 3130 3778 ἐφ’
3177 3712 3376 3765 δπὸσον
3409 3713 3667 3785 ἑκάτεροι
3698 3720 3802 3788 τὴν

2219 3792 2466 3858 ἀλλήλων
2519 3795 2820 3865 ἀσκήσαιεν
2856 3799 3126 3867 γλῶτταν.
3192 3804 3302 3857 Καὶ
3346 3805 3536 3859 τούτου
3585 3809 3801 3880 μάρτυς

2219 3882 2379 3943 αὐτὸς
2427 3882 2769 3951 ἀξιόπιστοῆ
2808 3892 3009 3953 συνιεὶς
3055 3891 3152 3959 μὲν
3190 3893 3287 3963 τὴν
3316 3895 3564 3950 Λατίνων
3614 3900 3805 3968 φωνὴν

2226 3974 2413 4043 σχεδὸν
2443 3977 2516 4039 ὡς
2552 3977 2711 4040 ἄλλος
2744 3979 2852 4032 τῶν
2894 3981 3065 4036 πολλά
3102 3986 3538 4057 μεμοχθηκότων
3573 3993 3629 4043 ἐν
3658 3992 3803 4065 αὐτῇ

2221 4068 2493 4135 Λατίιων,
2520 4071 2944 4139 συγγράψασοαι
2970 4075 3026 4127 δὲ
3058 4077 3206 4143 ὅμως
3233 4079 3386 4132 οὐδὲν
3412 4081 3441 4133 ὅ
3460 4100 3509 4135 τι
3540 4084 3632 4136 καὶ
3650 4085 3805 4148 ἀξιον

2220 4158 2379 4222 λόγου
2406 4158 2814 4227 δυνάμενος.ού
2841 4164 3101 4228 Λατίνους
3127 4162 3222 4221 οὖν
3249 4169 3432 4237 μόνον,
3459 4171 3531 4234 ὡς
3556 4175 3801 4243 εῐρηται,

2220 4248 2281 4301 τὸ
2311 4250 2475 4320 ῥητὸν
2501 4250 2660 4303 τοῦτο
2696 4254 2837 4321 μετὰ
2868 4255 3135 4325 τοσαύτης
3166 4258 3413 4312 ἐκδοῦναι
3445 4262 3669 4331 χάριτος
3696 4264 3808 4317 οὐκ

2219 4335 2288 4410 ἦν
2322 4338 2567 4409 δυνατὸν,
2622 4346 2739 4399 ἀλλ’
2793 4350 2904 4402 οὐδ’
2942 4350 3217 4424 Ἑλλήνων
3249 4355 3425 4407 οὐδενὶ
3458 4357 3599 4427 πλὴν
3630 4358 3803 4414 αὐτοῦ

540 4444 667 4481 (ιιιιι
718 4426 890 4496 gratia
932 4425 1116 4481 Latini
1139 4426 1389 4493 ederent,
1439 4427 1533 4481 sed
1586 4441 1764 4496 neque
1799 4428 2111 4484 Graecorum

2224 4430 2536 4488 Βασιλείου.
2580 4436 2823 4491 Ἑκείνου
2875 4442 2984 4510 γὰρ
3024 4445 3056 4511 ἡ
3083 4444 3269 4511 είκὼν,
3299 4448 3509 4501 ἐκείνου
3540 4425 3634 4519 τῆς
3660 4468 3805 4522 γρα-

544 4521 712 4584 ullus,
743 4527 973 4585 excepto
1005 4518 1121 4586 ipso
1158 4518 1395 4585 Basilio;
1427 4520 1575 4574 illius
1602 4531 1687 4575 est
1733 4522 1879 4575 enim
1915 4525 2119 4593 imago,-

543 4610 692 4662 illius
721 4617 806 4661 est
851 4609 952 4660 hoc
1002 4623 1176 4677 genus
1206 4609 1517 4675 scribendi;
1588 4611 1631 4664 si
1663 4611 1786 4680 quis
1810 4612 2112 4680 plurimum

544 4698 687 4750 valet
718 4696 785 4750 ad
817 4697 1131 4750 orationum
1191 4699 1340 4752 ideas
1380 4698 1781 4768 dijudicandas,
1824 4704 1930 4756 scit
1969 4704 2119 4773 quod-

428 4824 442 4844 .
543 4791 1023 4859 dico;pr-.esertim
1087 4806 1210 4844 cum
1257 4800 1312 4843 et
1355 4792 1568 4847 'Vccrus
1633 4795 1743 4848 heri
1801 4802 1859 4847 ct
1914 4796 2118 4852 nudius

545 4878 743 4933 tertius
774 4878 1086 4944 exstiterit;
1147 4880 1273 4933 libri
1304 4896 1457 4945 vero,
1496 4897 1619 4935 cum
1661 4883 1821 4949 longe
1847 4887 2117 4940 vetustio-

546 4984 634 5024 res
666 4984 828 5039 quam
851 4969 938 5021 isti
969 4969 1099 5035 sint,
1129 4971 1291 5023 verba
1315 4985 1434 5025 csse
1459 4973 1663 5037 inania,
1686 4989 1998 5045 vanumque
2031 4992 2115 5030 re-

543 5065 777 5133 lugium,
817 5063 1084 5115 rationem
1129 5064 1288 5115 istam
1338 5075 1597 5133 arguunt.

615 5155 863 5225 Amplius
911 5155 1167 5208 etiamet
1248 5155 1469 5209 aliunde
1525 5157 1628 5211 hoc
1677 5157 1821 5211 idem
1899 5169 2115 5215 certum

544 5247 725 5303 facere
758 5254 942 5315 posset
995 5245 1215 5315 aliquis.
1250 5244 1374 5299 Fuit
1405 5249 1487 5299 vir
1545 5249 1794 5318 quidam,
1821 5266 1943 5305 cum
2001 5254 2117 5323 ple-

546 5343 732 5412 risque
781 5338 903 5393 aliis
943 5352 1148 5407 magum
1172 5341 1454 5407 sapit-nlla:
1490 5340 1634 5410 apud
1677 5324 1929 5409 Latinos,
1962 5344 2117 5415 llugo

542 5429 872 5501 appellatus,
903 5427 1324 5496 antiquissimus
1346 5440 1559 5493 auctor,
1579 5439 1637 5484 et
1656 5432 1750 5500 qui
1781 5436 1955 5489 multo
1980 5444 2118 5489 tem-

543 5537 676 5593 pore
713 5535 814 5575 nos
837 5517 1172 5573 anteceSsit:
1222 5533 1290 5571 ex
1318 5534 1425 5587 quo
1452 5520 1601 5574 enim
1642 5521 1769 5588 fuit,
1803 5540 1975 5595 prope
2004 5536 2117 5583 tre-
2158 5522 2167 5527 ’

540 5614 687 5666 centi
743 5620 872 5665 sunt
915 5610 1045 5663 anni
1094 5610 1288 5679 elapsi.
1344 5608 1435 5664 lllc
1466 5627 1591 5667 cum
1626 5612 1696 5666 de
1757 5619 2111 5682 processione

540 5701 781 5771 Spiritus
801 5704 976 5758 sancti
1017 5704 1246 5765 scribat,
1273 5703 1375 5757 hoc
1404 5705 1601 5774 ntagni
1633 5705 1823 5761 Basilii
1860 5708 2010 5763 dicto
2042 5709 2115 5764 ad

536 5794 887 5864 probandum
931 5797 1125 5851 utitur.
1161 5793 1319 5860 Quod
1355 5811 1484 5851 sane
1519 5813 1621 5867 ego
1654 5814 1759 5853 non
1801 5799 1977 5856 solum
2011 5799 2114 5858 La-

2223 4525 2330 4591 φῆς
2361 4525 2521 4579 τοῦτο
2549 4529 2607 4581 τὸ
2634 4525 2793 4594 εἶδος.
2822 4531 2986 4597 Εῖτις
3010 4535 3180 4597 δεινὸς
3203 4537 3374 4606 λόγων
3398 4540 3606 4610 κρίνειν
3632 4543 3809 4611 ἰδέας,

2219 4612 2361 4669 οἶδεν
2395 4618 2422 4669 ὃ
2456 4620 2512 4671 λέ
2526 4639 2599 4686 ξω
2623 4638 2636 4652 ·
2675 4623 2850 4689 ἄλλως
2884 4643 2942 4679 τε
2993 4629 3084 4681 τοῦ
3128 4629 3339 4685 Βέκκου
3368 4633 3497 4701 χθὲς
3547 4635 3639 4689 καὶ
3668 4637 3808 4703 πρό-

2221 4723 2382 4777 τριτα
2409 4715 2715 4780 γεγονότος,
2754 4717 2809 4768 αἱ
2849 4715 3025 4786 βίϐλοι
3057 4720 3235 4790 πολλῷ
3266 4723 3473 4777 τούτων
3506 4726 3803 4779 παλαιότεο

2225 4794 2527 4870 patro-50m,
2583 4808 2738 4874 λόγον
2770 4809 2945 4871 ἄλλως
2992 4809 3141 4875 ὄντα,
3188 4814 3282 4865 καὶ
3327 4816 3569 4883 ματαίαν
3631 4835 3805 4871 καταο

2221 4895 2422 4965 φυγὴν,
2464 4899 2556 4949 τὸν
2586 4900 2742 4966 λόγον
2767 4900 2956 4957 τοῦτον
2984 4904 3327 4975 ἐλέγχουσιν.

2295 5162 2416 5215 Ἔτι
2467 5163 2524 5217 δὲ
2555 5166 2649 5218 καὶ
2707 5166 2974 5238 ἑτέρωθεν
3031 5170 3190 5225 τοῦτο
3242 5172 3560 5228 πιστώσαιτ⁹
3589 5174 3659 5229 ἄν
3687 5192 3802 5239 τις.

2231 5256 2396 5325 Ἀνὴρ
2426 5256 2576 5327 παρὰ
2608 5259 2860 5323 Λατίνοις
2893 5263 2993 5317 σὺν
3014 5264 3199 5327 ἄλλοις
3230 5264 3444 5331 πολλοῖς
3479 5267 3672 5336 γέγονε
3702 5285 3807 5338 με-

2219 5347 2391 5415 γάλης
2430 5348 2644 5417 σοφίας,
2690 5348 2883 5419 Οὔγων
2935 5356 3271 5425 καλούμενος
3308 5358 3682 5423 παλαιότατος
3739 5378 3805 5416 τι

2219 5438 2311 5491 καὶ
2340 5439 2519 5510 χρόνῳ
2549 5441 2731 5512 πολλῷ
2761 5445 2976 5512 φθάσας
3019 5448 3166 5517 ἡμᾶς
3188 5464 3202 5479 ο
3261 5449 3541 5520 παρῆλθον
3567 5450 3680 5520 γάρ
3707 5454 3807 5519 ἑγ-

2217 5530 2318 5598 γὺς
2350 5532 2682 5601 τριακοσίων
2716 5536 2983 5591 ινιαυτῶν
3012 5539 3071 5603 ἐξ
3098 5539 3160 5592 οὖ
3189 5541 3437 5609 γέγονεν.
3469 5536 3639 5607 Οὗτος
3672 5546 3810 5612 περ)⁸

2216 5622 2315 5690 τῆς
2347 5622 2441 5675 τοῦ
2476 5624 2634 5692 ἁγίου
2668 5626 2989 5698 Πνεύματος
3040 5632 3424 5701 ἑκπορεύσεως
3473 5637 3803 5704 συγγραψά-

2220 5729 2401 5782 μενος,
2437 5717 2515 5784 τῷ
2540 5716 2688 5787 ρητῷ
2718 5718 2813 5772 τοῦ
2846 5722 3086 5791 μεγάλου
3113 5724 3400 5778 Βασιλείου
3427 5725 3560 5795 πρὸς
3585 5728 3804 5782 ἀπόδει-

2220 5805 2300 5869 ξιν
2333 5806 2614 5878 κέχρηται.
2652 5809 2819 5868 Τοῦτο
2841 5812 2886 5869 δ’
2911 5813 3021 5884 ἐγὼ
3051 5817 3110 5870 ού
3140 5818 3445 5882 Λατινικῶς
3481 5816 3603 5872 ίδὼν
3636 5819 3807 5890 μόνον
