4124 6468
334 447 450 513 329

1286 455 1389 519 DE
1424 459 1943 524 PllOCESSIONE
1985 465 2339 529 SPIRITUS
2369 466 2663 531 SANCTI.

3483 468 3590 530 333

342 566 477 635 ἡμῖν
529 563 870 633 ἀναγγέλλω,
924 565 1063 622 ἀλλά
1096 567 1198 622 κάν
1241 573 1310 642 τῇ
1347 572 1952 638 Κωνσταντινουπόλειη

2054 579 2140 634 ine
2176 579 2410 649 inspexi,
2439 581 2707 652 vobisque
2758 582 2961 649 refero,
2998 598 3185 638 verum
3240 581 3404 638 etiam
3443 580 3590 637 Cou-

357 656 689 728 Ἐλληνικῶς
740 661 1149 728 γεγραμμένον.
1212 664 1327 718 Οὐκ
1385 664 1554 718 αὑτοῦ
1590 665 1795 737 βιϐλίον
1823 667 1919 721 τοῦ

343 744 619 810 Οῦγωνος,
648 747 782 802 ἀλλά
838 749 1055 821 Νικῆτα
1102 754 1271 818 τινὸς,
1304 754 1379 818 ὡς
1409 752 1584 827 οἶμαι,
1622 761 1922 814 ἐπισκόπου

342 838 764 908 Θεσσαλονίκης,
819 843 927 914 πρδ
982 844 1277 900 διακοσίων
1325 850 1661 919 πεντήκοντα
1716 853 1923 923 χρόνων

344 933 739 1002 γεγενημένου,
790 935 1136 1004 ἀντιλογικὺν
1178 938 1317 1009 πρὸς
1352 941 1443 993 τὸν
1495 941 1752 1011 Οίίγωναι
1780 945 1836 997 ἐν
1879 936 1925 1013 ᾧ

344 1022 594 1091 φαίνεται
621 1024 799 1095 τούτῳ
833 1026 910 1097 τῷ
944 1029 1099 1099 ρητῷ
1129 1032 1156 1084 ὁ
1212 1029 1407 1099 Οΰγων
1442 1035 1819 1103 χρησάμενος,
1844 1038 1925 1100 είς

344 1114 485 1182 ἐμὰς
516 1114 669 1169 ἐλθὸν
703 1118 894 1190 χεῖρας
928 1119 1192 1189 ἀνέγνων.
1229 1122 1426 1176 Καίτοι
1465 1124 1927 1196 όθεσσαλονίκης

345 1199 498 1269 οὗτος
545 1207 623 1277 τῷ
670 1209 922 1264 Λατίνων
971 1215 1303 1284 προσέκειτο
1364 1217 1642 1287 δόγματι·
1709 1219 1769 1272 τὸ
1818 1220 1928 1289 γάρ

349 1298 723 1369 συμπέρασμα
775 1301 977 1372 ἀληθὲς
1027 1301 1169 1359 εἶναι
1234 1307 1525 1372 ἐδόξαζεν·
1582 1309 1819 1379 ἐμάχετο
1851 1309 1928 1373 δὲ,

347 1387 506 1442 τοῦτο
538 1390 600 1461 δὴ
620 1392 692 1457 ,τὸ
720 1393 1037 1463 λεγόμενον,
1065 1396 1205 1467 ὑπὲρ
1242 1398 1366 1451 ὄνου
1393 1401 1571 1466 σκιᾶς,
1603 1400 1679 1470 μὴ
1706 1401 1817 1454 δεῖν
1843 1401 1931 1454 λέ·

349 1496 463 1546 γων
494 1481 629 1550 μηδὲ
661 1482 869 1554 τάληθῆ
902 1485 978 1554 τῷ
1008 1487 1273 1559 Συμϐόλῳ
1310 1492 1648 1562 προσθεῖναι.
1688 1494 1931 1564 Πρᾶγμα

354 1571 601 1641 μεγάλης
631 1574 921 1639 εὐλαϐείας
945 1595 1002 1630 τε
1035 1581 1130 1633 καὶ
1180 1584 1409 1649 σοφίας·
1440 1584 1629 1653 ὅμοιον
1661 1584 1736 1648 ὡς
1766 1585 1820 1638 εἴ
1847 1603 1933 1648 τις

353 1662 526 1730 ἔλεγε,
558 1663 633 1734 μὴ
681 1665 789 1719 δεῖν
840 1669 1322 1743 παρρησιάζεσθαι
1357 1673 1455 1742 τὴν
1488 1674 1767 1745 ἀλήθειαν.
1822 1678 1933 1737 Καὶ

348 1756 525 1807 ταῦτα
550 1755 770 1822 statue;
805 1776 864 1811 τε
900 1762 994 1813 καὶ
1047 1762 1344 1831 ἐπλάτυνα,
1371 1766 1547 1831 δεῖξαι
1583 1767 1932 1838 βουλόμενος,

351 1846 427 1909 ὡς
459 1848 651 1915 γέγονε
696 1849 796 1917 μὲν
822 1851 881 1902 ἐν
910 1854 1025 1915 τοῖς
1057 1855 1288 1923 βιΰλίοις
1319 1857 1519 1928 φθορὰ,
1566 1859 1756 1926 γέγονε
1785 1860 1841 1913 δὲ
1872 1861 1932 1913 οὐ

2029 671 2391 742 stantinOpuli
2423 688 2547 729 cum
2585 675 2639 727 in
2668 688 2815 729 meas
2845 688 3041 731 manus
3064 675 3376 740 incidisset,
3405 673 3592 729 Graece

2024 764 2290 833 scriptum
2315 765 2441 834 legi.
2473 765 2600 836 Legi
2638 782 2771 821 vero
2791 776 2901 823 non
2920 767 3143 837 quidem
3176 767 3379 821 librum
3416 766 3594 834 ipsius

2023 854 2289 926 Hngonis,
2349 859 2443 912 sed
2478 858 2680 913 Niceten
2750 859 3041 928 cujusdam
3071 868 3261 914 contra
3293 858 3577 929 llugonem

2025 944 2224 999 librum
2269 946 2623 1019 antilogicum
2659 948 2787 1018 (hoc
2815 960 2921 1010 est,
2942 948 3412 1006 concertatorium
3442 962 3506 1001 ac
3528 946 3596 999 de

2025 1037 2393 1093 controversis
2418 1039 2729 1108 scriptum),
2767 1050 2828 1095 ut
2856 1056 2959 1111 ego
3030 1041 3313 1104 arbitrior,
3347 1039 3596 1108 episcopi

2027 1127 2557 1194 Thessalonicensis,
2592 1131 2687 1200 qui
2722 1131 2827 1186 fuit
2867 1140 2997 1186 ante
3024 1132 3292 1186 ducentos
3325 1130 3599 1199 quinqua-

2002 1264 2003 1269 η
2028 1221 2178 1291 ginta
2205 1236 2400 1279 annos.
2432 1224 2491 1278 in
2520 1238 2630 1294 quo
2671 1223 2892 1279 videtur
2922 1224 3022 1277 iste
3047 1222 3222 1292 Hugo,
3252 1222 3354 1277 hac
3378 1231 3598 1275 senten-

2033 1313 2107 1368 tia
2144 1330 2277 1368 usus
2304 1314 2496 1370 fuisse.
2533 1316 2698 1385 Atqui
2722 1316 2820 1369 iste
2851 1314 3357 1369 Thessalonicensis
3380 1312 3603 1368 Latino-

2033 1420 2155 1459 rum
2176 1406 2495 1462 atlltmrebat
2517 1407 2780 1478 dogmati:
2805 1409 3220 1463 conclusionem
3245 1406 3392 1461 enim
3418 1422 3599 1459 veram

2033 1513 2155 1553 esse
2208 1498 2578 1567 Opinabatur:
2612 1498 2981 1555 contendebat
3006 1514 3138 1553 vero
3162 1499 3220 1556 id
3246 1496 3393 1568 quod
3433 1507 3519 1551 est
3546 1496 3601 1549 iu

2042 1590 2360 1659 proverbio,
2412 1590 2481 1646 de
2513 1592 2705 1648 umbra
2745 1591 2887 1647 asini
2951 1610 2965 1646 :
3024 1607 3133 1645 non
3190 1601 3468 1661 oportere.
3518 1590 3605 1641 in-

2035 1682 2251 1751 quiens,
2289 1698 2392 1738 nec
2421 1682 2536 1753 ipsa
2568 1684 2793 1753 quidem
2816 1699 2942 1738 vera
2969 1683 3228 1754 Symbolo
3261 1681 3480 1736 addere.
3502 1678 3606 1731 Res

2038 1771 2249 1826 scilicet
2274 1787 2485 1842 magnze
2522 1774 2830 1843 religionis.
2872 1773 3141 1843 scrupuli,
3182 1788 3245 1828 ac
3278 1764 3601 1841 sapientiae:

2039 1877 2150 1915 non
2182 1878 2367 1927 secus,
2404 1878 2466 1917 ac
2489 1864 2533 1919 si
2562 1865 2763 1934 aliquis
2784 1864 3016 1928 diceret,
3048 1880 3153 1918 non
3183 1872 3440 1932 oportere
3469 1862 3609 1915 veri.—

353 1941 506 2009 παρά
530 1940 776 1995 Λατίνων
827 1947 917 1997 καὶ
945 1945 1054 1999 τῶν
1079 1951 1491 2019 προσκειμένων
1522 1951 1769 2018 ἐκείνοις,
1797 1950 1931 2006 ἀλλά

2054 1966 2207 2010 atem
2241 1956 2414 2011 libere
2451 1956 2718 2025 proﬁteri.
2745 1957 2923 2027 Atque
2958 1957 3072 2011 hrec
3094 1956 3212 2011 fuse
3241 1955 3511 2016 recensui,
3554 1963 3611 2006 et

353 2030 667 2085 τούναντίον
726 2036 925 2103 μᾶλλον
982 2042 1130 2110 ποιρά
1176 2041 1284 2094 τῶν
1316 2041 1608 2113 ἐριζόντων
1644 2045 1775 2114 πρὸς
1802 2049 1930 2110 τοὺς

355 2124 617 2187 Λατίνους
643 2141 658 2156 ·
696 2128 791 2180 καὶ
826 2131 853 2197 ἡ
885 2130 1063 2201 φθορά
1120 2133 1179 2185 οὐ
1232 2138 1373 2188 κατά
1424 2137 1767 2207 προσθήκην,
1800 2139 1938 2192 ἀλλά

354 2215 501 2268 σιατά
534 2218 831 2289 ἀφαίρεσιν
883 2224 1131 2291 γέγονεν.
1201 2226 1351 2280 Ὧστ⁹
1401 2229 1575 2291 οὐδεὶς
1608 2228 1687 2280 ἔτι
1715 2230 1942 2293 δικαίως

356 2304 565 2360 υέκκον
597 2310 629 2380 ἢ
663 2314 787 2375 τοὺς
813 2315 1033 2384 ὁμοίους
1063 2317 1391 2383 αἰτιάσεται,
1427 2319 1533 2371 τῶν
1561 2320 1782 2389 meum
1815 2321 1945 2373 πολ-

366 2395 445 2465 λῷ
475 2400 584 2467 πρὸ
616 2401 708 2453 τοῦ
748 2404 955 2459 Βὲκκου
986 2407 1236 2478 βοώντων
1264 2411 1362 2479 τὴν
1397 2410 1678 2480 ἀλήθειαν.

2038 2047 2293 2111 dilatavi,
2341 2049 2536 2103 volens
2586 2050 2877 2104 ostendere
2913 2048 3106 2103 factam
3131 2046 3353 2117 quidem
3383 2060 3505 2100 esse
3553 2044 3607 2097 iu

2035 2139 2646 2206 libriseorruptionem,
2680 2142 2875 2196 factam
2911 2150 3094 2195 tamen
3158 2154 3267 2193 non
3329 2154 3358 2193 a
3407 2137 3613 2192 Latinis

2039 2240 2095 2287 et
2117 2233 2335 2286 illorum
2374 2232 2708 2299 fautoribus,
2737 2235 2833 2289 sed
2861 2242 3051 2287 contra
3079 2232 3264 2302 potius
3292 2230 3363 2284 ab
3429 2229 3494 2283 iis
3519 2229 3612 2298 qui

2044 2324 2311 2379 adversus
2360 2323 2590 2379 Latinos
2618 2323 2974 2387 contendunt,
3001 2323 3284 2393 ipsamque
3313 2319 3616 2388 corruptio-

2047 2428 2174 2467 nem
2202 2428 2311 2468 non
2340 2414 2644 2469 secundum
2686 2414 3049 2477 additionem,
3085 2412 3179 2467 sed
3195 2409 3615 2467 diminutionem

363 2488 569 2549 factam
599 2513 739 2553 esse.
795 2501 877 2556 Ita
938 2513 997 2558 ut
1036 2520 1203 2560 nemo.
1273 2506 1329 2561 in
1372 2515 1652 2576 posterum
1721 2509 1984 2575 Vcccum,
2061 2510 2145 2571 vel
2208 2510 2417 2567 similes
2451 2511 2601 2582 justo
2652 2519 2899 2577 accuset,
2960 2509 3114 2572 libris
3160 2506 3619 2585 ipsisloageante

366 2588 603 2644 Veccum
636 2594 920 2649 veritatem
951 2596 1126 2666 ipsam
1157 2599 1545 2657 clamantibus.

434 2699 544 2753 Καὶ
573 2701 743 2756 ταῦτα
768 2706 868 2773 μὲν
891 2707 998 2759 ἀπὸ
1018 2708 1109 2760 τοῦ
1126 2711 1319 2781 χρόνου
1340 2716 1544 2782 σημεῖα
1586 2712 1759 2779 οὕτως
1783 2717 1944 2769 ἀναν.

363 2791 598 2863 τίρῤητά
654 2813 715 2849 τε
770 2800 864 2852 καὶ
904 2800 1219 2871 θαυμαστά.
1279 2806 1354 2859 Οὐ
1391 2808 1496 2876 μὴν
1529 2810 1667 2863 ἀλλά
1708 2812 1801 2863 καὶ
1844 2811 1940 2863 ἀπ’

363 2885 534 2985 αἰτῇς
563 2886 661 2954 τῆς
694 2890 972 2958 φράσεως,
1006 2895 1102 2947 καὶ
1141 2896 1235 2949 τοῦ
1277 2898 1504 2962 κάλλους
1559 2901 1659 2968 τῆς
1694 2918 1942 2971 συγγρα-

365 2978 501 3043 φῆς.
531 2978 743 3049 εἴρηται
773 2984 847 3052 μὴ
878 2984 987 3039 δεῖν
1017 2986 1205 3059 ἐτέρου
1235 2991 1531 3056 πιστεύειν,
1566 2994 1599 3064 ἢ
1641 2993 1736 3047 τοῦ
1767 2996 1941 3065 μάκα-

368 3085 463 3136 ρος
495 3071 777 3126 Βασιλείου
812 3079 993 3144 φωνὰς
1027 3076 1167 3136 εἶναι
1198 3082 1372 3137 ταῦτα
1403 3085 1470 3138 τὰ
1499 3087 1740 3156 ῥήματα.
1774 3089 1944 3145 Οὐδὲν

2124 2718 2194 2773 Ει
2216 2718 2330 2773 haec
2347 2719 2567 2789 quidem
2589 2737 2617 2775 a
2642 2729 2888 2790 tempore
2905 2720 3192 2790 desumpta
3204 2719 3319 2773 siut
3336 2716 3488 2786 signa
3510 2723 3619 2769 tam

2051 2812 2208 2878 tnira,
2262 2821 2319 2867 et
2369 2812 2677 2876 manifesta,
2716 2824 2772 2867 et
2828 2829 2949 2883 qum
2983 2811 3234 2865 convinci
3271 2809 3422 2863 nullo
3456 2807 3622 2861 modo

2049 2912 2274 2975 queant.
2310 2903 2819 2968 Verumenitm'ero,
2855 2913 2909 2959 et
2941 2896 3018 2959 εἰ
3039 2904 3153 2972 ipsa
3186 2902 3407 2972 quidem
3427 2900 3620 2954 elocu-

2050 2995 2222 3061 tione,
2248 3004 2301 3050 et
2330 2996 2755 3064 pulchri-tudine
2784 2996 3117 3065 scriptionis.
3136 2994 3344 3050 dictum
3366 3000 3472 3053 est,
3507 2991 3622 3044 lucc

2049 3087 2215 3141 verba
2256 3088 2458 3143 nullius
2484 3088 2711 3142 alterius
2754 3097 3006 3156 oportere
3035 3086 3279 3149 credere,
3304 3098 3464 3153 quam
3479 3083 3624 3138 beati

342 3210 343 3213 η
368 3160 435 3257 δε
462 3162 610 3232 ὅμως
639 3159 822 3235 ἦττον,
882 3172 979 3224 καὶ
1018 3172 1114 3224 ἀπ’
1145 3174 1316 3245 αὐτῆς
1340 3176 1440 3245 τῆς
1468 3180 1676 3245 ἐννοίας
1717 3186 1811 3239 καὶ
1846 3186 1944 3255 τῆς

2054 3178 2231 3235 Basilii
2264 3195 2384 3234 esse
2419 3195 2601 3235 voces.
2632 3179 3000 3234 Nihilominus
3026 3189 3207 3232 tamen
3247 3186 3301 3231 et
3335 3176 3402 3229 ab
3428 3175 3619 3229 eadem

348 3253 478 3345 cui»:
507 3258 827 3327 ἡγουμένων
852 3278 911 3314 τε
962 3264 1056 3318 καὶ
1090 3266 1373 3337 ἑπομένων
1403 3271 1751 3341 ἀκολουθίας,
1786 3277 1840 3329 εἴ
1866 3253 1949 3338 τις

370 3345 617 3436 ἀκριϐῶς
650 3352 965 3423 ἐπιστήσειε
997 3357 1073 3426 τῷ
1104 3360 1313 3432 σκοπῷ,
1374 3364 1436 3416 τὸ
1466 3364 1601 3419 αὐτὸ
1631 3367 1793 3421 τοῦτο
1848 3386 1949 3436 φα-

370 3435 620 3505 νήσεται.

447 3537 555 3590 Τοῦ
589 3539 856 3612 Εὑνομίου
908 3546 973 3599 ἐκ
1002 3548 1094 3600 τοῦ
1142 3549 1202 3602 τὸ
1261 3550 1487 3620 Πνεῦμα
1517 3552 1578 3607 τὸ
1612 3553 1767 3623 ἅγιον
1802 3556 1955 3627 παρὰ

370 3631 485 3684 τῶν
516 3635 689 3704 ἁγίων
730 3638 915 3707 τρίτον
950 3644 1016 3712 τῇ
1054 3643 1228 3707 τάξει,
1260 3646 1355 3698 καὶ
1386 3645 1464 3716 τῷ
1493 3646 1764 3717 ἀξιώματι
1794 3649 1919 3715 λέγε
1938 3680 1952 3688 -

376 3726 523 3792 σθαι,
564 3729 749 3791 τρίτον
778 3725 917 3786 εἶναι
943 3736 1008 3804 τῇ
1037 3735 1197 3803 φύσει
1234 3738 1584 3806 συνάγοντος,
1613 3742 1642 3794 ό
1685 3740 1828 3804 θεῖος
1853 3740 1958 3794 Ba.

377 3823 578 3886 σίλειος
610 3825 748 3894 πρὸς
778 3827 840 3879 τὺ
871 3828 1248 3898 συμπέρασμα
1291 3832 1682 3902 δυσχεραίνων,
1718 3835 1786 3887 τὰ
1815 3834 1959 3900 μέσα

376 3916 529 3983 ὅμως
557 3917 657 3972 οὐκ
679 3919 944 3990 ἀρνεῖται,
976 3921 1179 3991 δηλαδὴ
1202 3924 1263 3977 τὸ
1285 3925 1343 3977 τὸ
1365 3924 1589 3990 Πνεῦμα
1618 3926 1802 3993 τρίτον
1822 3921 1960 3981 εἶναι

372 4010 448 4079 ’τῇ
471 4010 619 4074 τάξει
648 4015 738 4063 καὶ
761 4011 840 4083 τῷ
868 4011 1163 4082 ἀξιώματι.
1207 4015 1266 4068 El
1298 4017 1406 4085 γάρ
1436 4018 1526 4069 καὶ
1550 4016 1740 4086 ὥσπερ
1770 4017 1962 4086 δυσχε-

382 4103 586 4173 ραίνων
615 4102 715 4175 βοᾷ
745 4104 927 4172 λέγων
956 4109 1077 4159 κατ’
1110 4106 1398 4175 Εὑνομίου,
1427 4110 1584 4171 Τίνες
1614 4109 1670 4162 δὲ
1698 4110 1748 4163 οί
1793 4109 1962 4178 ἅγιοι,

381 4194 480 4246 καὶ
514 4195 572 4248 ἐν
601 4198 775 4259 ποίοις
823 4196 1004 4265 λόγοις
1056 4197 1154 4268 τὴν
1204 4198 1553 4252 διδασκαλίαν
1614 4200 1965 4269 πεποίηνται,

383 4288 562 4341 εἰπεῖν
595 4287 696 4341 οὐκ
748 4287 886 4358 ἔχει,
928 4289 1031 4342 οὐκ
1066 4290 1418 4359 ἐνιστάμενος
1460 4292 1610 4361 ὅμως
1649 4290 1786 4362 πρὸς
1809 4289 1968 4346 τοῦτο

380 4378 561 4434 ταῦτά
592 4397 783 4451 φησιν,
831 4380 942 4434 οὐδ’
974 4381 1221 4452 ἀπαρνού
1232 4399 1392 4451 μενος
1438 4382 1500 4435 τὸ
1528 4380 1711 4453 τρίτον
1738 4379 1877 4435 εἶναι
1907 4383 1968 4435 τὸ

383 4473 614 4543 Πνεῦμα
641 4477 706 4547 τῇ
728 4474 904 4540 τάξει,
936 4475 968 4546 ἢ
993 4475 1246 4545 λέγεσθαι
1279 4478 1426 4547 παρά
1454 4477 1564 4529 τῶν
1593 4478 1782 4544 ἁγίων,
1809 4477 1885 4540 ὡς
1915 4477 1965 4530 oi

2055 3274 2169 3340 ipsa
2201 3272 2581 3341 intelligentia,
2603 3283 2659 3326 et
2694 3273 3136 3327 antecedentium
3172 3286 3237 3325 ac
3272 3269 3616 3336 subsequen-

2056 3366 2189 3418 tium
2232 3373 2514 3429 contextu,
2552 3364 2596 3417 si
2640 3365 2764 3433 quis
2792 3364 3081 3434 diligenter
3128 3376 3353 3431 scopum
3384 3374 3625 3429 perpetuo

2056 3454 2219 3516 derit,
2260 3451 2363 3506 hoc
2391 3452 2535 3506 idem
2567 3454 2871 3520 apparebit.

2132 3546 2273 3599 Cum
2308 3544 2634 3606 Eunomius,
2672 3560 2831 3605 exeo
2857 3544 3001 3612 quod
3039 3543 3280 3611 Spiritus
3343 3553 3564 3596 sanctus
3598 3558 3628 3595 a

2057 3637 2258 3692 sanctis
2290 3638 2486 3691 tctiius
2507 3636 2699 3691 ordine
2753 3652 2817 3691 ac
2847 3635 3121 3705 dignitate
3173 3636 3473 3697 diceretur,
3523 3643 3634 3687 ter-

2061 3730 2193 3783 tium
2227 3745 2447 3799 quoque
2470 3743 2595 3782 eum
2622 3743 2744 3783 esse
2766 3736 2954 3779 natura
2984 3726 3288 3795 colligeret,
3332 3724 3490 3777 divus
3524 3723 3633 3777 Bu-

2060 3821 2247 3883 silius,
2275 3820 2683 3875 conclusionem
2716 3818 2942 3879 nwleste
2967 3815 3165 3879 ferens,
3187 3831 3291 3869 non
3326 3823 3485 3884 negat
3524 3831 3638 3867 tne-

2060 3914 2169 3979 dia,
2195 3914 2476 3978 nimirum,
2508 3913 2774 3982 Spiritum
2823 3920 3070 3967 sanctum
3116 3910 3339 3963 tertium
3394 3924 3514 3962 esse
3549 3925 3640 3961 or-

2063 4008 2189 4061 dine
2218 4022 2280 4061 ac
2312 4005 2598 4077 dignitate.
2650 4003 2803 4058 Licet
2862 4002 3009 4057 enim
3047 4002 3211 4056 veluti
3250 4016 3390 4071 aegre
3434 4000 3636 4063 ferens,

2059 4102 2259 4155 clamet
2286 4098 2547 4153 adversus
2591 4094 3086 4160 Eunomiuszul
3147 4110 3273 4148 vero
3303 4092 3412 4147 sint
3439 4093 3636 4154 sancti,

2058 4201 2120 4246 et
2150 4191 2209 4245 in
2241 4190 2444 4261 quibus
2470 4187 2819 4243 sermonibus
2845 4186 2983 4239 hanc
3026 4187 3333 4240 doctrinam
3390 4184 3638 4247 fuerint,

2066 4283 2250 4338 dicere
2271 4282 2497 4351 nequit:
2529 4295 2636 4335 non
2669 4290 2849 4333 tamen
2890 4279 2943 4333 id
2977 4292 3179 4345 urgens
3202 4278 3315 4331 [nec
3340 4276 3435 4339 ait,
3463 4290 3641 4343 neque

2070 4389 2273 4444 negans
2305 4372 2528 4427 tertium
2554 4384 2675 4425 esse
2701 4368 2917 4430 ordine,
2946 4383 3011 4422 ac
3046 4367 3152 4422 ιίὶιςὶ
3181 4383 3209 4421 a
3253 4366 3458 4420 sanctis
3519 4364 3645 4434 Spi—

2071 4465 2264 4529 ritum,
2294 4460 2760 4534 quemadmodum
2795 4468 3067 4515 nostrates
3096 4459 3233 4513 male
3288 4458 3643 4522 existimant;

384 4566 650 4636 ἡμέτεροι
673 4567 859 4629 κακῶς
891 4565 1118 4631 οἴονται,
1149 4567 1291 4621 οὓτω
1314 4566 1422 4637 γὰρ
1447 4567 1514 4622 ἂν
1554 4571 1649 4621 καὶ
1674 4568 1851 4639 ἐαυτῷ
1874 4572 1952 4624 κα¹

2073 4558 2151 4612 sic
2185 4556 2330 4611 enim
2365 4555 2478 4625 ipse
2506 4554 2612 4610 sibi
2655 4569 2719 4610 ac
2757 4552 2976 4608 veritati
2999 4553 3388 4607 adversaretur
3413 4568 3425 4605 :
3452 4548 3545 4603 sed
3581 4550 3647 4602 ab

385 4659 456 4728 τῇ
491 4657 716 4730 ἀληθεία
775 4659 1131 4730 ἠναντιοῦτο·
1192 4659 1329 4713 ἀλλὰ
1392 4661 1526 4731 πρὸς
1562 4658 1660 4730 τὴν
1713 4661 1971 4716 ἀπόνοιαν

387 4751 763 4823 δυσχεραίνων
820 4752 917 4805 τοῦ
979 4752 1272 4823 Εὑνομίου,
1304 4753 1399 4807 καὶ
1433 4753 1735 4824 ἀχθόμενος
1780 4755 1870 4806 ἐπὶ
1894 4753 1972 4823 τῷ

392 4846 825 4914 συμπεράσματι
851 4844 927 4914 τῷ
953 4845 1136 4916 τρίτον
1171 4841 1308 4898 εἶναι
1348 4846 1442 4900 καὶ
1477 4849 1545 4917 τῇ
1578 4846 1740 4914 φύσει
1772 4845 1974 4916 δηλαδὴ

388 4936 451 4988 τὸ
485 4936 735 5006 Πνεῦμα,
754 4937 847 4989 καὶ
875 4936 970 5007 τὴν
998 4936 1426 5007 παρασιὼπησιν
1453 4936 1620 4991 αὐτοῦ
1648 4938 1976 5007 αἰτιώμενος

390 5022 426 5102 ᾖ
469 5027 782 5096 σεσιώπηκε
831 5030 958 5093 τοὺς
1016 5028 1179 5089 τοῦτο
1228 5029 1487 5099 λέγοντας
1523 5030 1734 5098 ἀγίους,
1770 5029 1975 5100 ταύτην

392 5110 649 5189 ἐξεσόησε
680 5124 782 5191 τὴν
813 5123 1019 5193 φωνήν·
1053 5122 1213 5188 Τίνες
1243 5122 1299 5175 δὲ
1330 5125 1377 5175 ol
1411 5124 1561 5191 ἅγιοι
1594 5123 1691 5176 καὶ
1718 5125 1776 5176 ἐν
1802 5123 1976 5186 ποίοις

392 5212 569 5279 λόγοις
596 5213 697 5281 τὴν
724 5213 1075 5273 διδασκαλίαν
1110 5213 1462 5284 πεποίηνται,
1490 5216 1667 5266 εἰπεῖν
1699 5215 1799 5267 οὐκ
1839 5213 1973 5283 ἔχει.

393 5304 564 5372 ᾼῆλον
590 5307 696 5374 γὰρ
713 5304 788 5367 ὡς
818 5308 868 5358 εί
889 5307 981 5369 τὰς
999 5307 1108 5360 τῶν
1142 5306 1314 5375 ἁγίων
1342 5306 1534 5377 ῥήσεις
1567 5305 1846 5376 ἐξέθηκεν,
1876 5309 1978 5360 οὐκ

395 5396 463 5455 ἂν
492 5393 636 5466 εἶχεν
675 5397 805 5460 ἴσως
865 5398 926 5451 τὸ
957 5399 1157 5452 ἄτοπον
1209 5400 1530 5466 ἐπαγαγεῖν,
1573 5399 1976 5468 συμπέρασμα.

401 5491 592 5557 Ἱσμεν
618 5488 726 5560 γὰρ
750 5491 825 5551 ὼς
852 5491 947 5544 καὶ
976 5492 1085 5545 ἀπὸ
1114 5491 1232 5553 ἐνὸς
1259 5507 1405 5553 τινος
1430 5491 1695 5559 ῥήματος,
1724 5491 1755 5563 ᾗ
1780 5489 1977 5553 λέξεως

404 5583 688 5646 πολλάκιςς
724 5586 749 5637 ό
789 5584 897 5647 πᾶς
936 5588 1139 5646 σκοπὸς
1173 5581 1266 5637 τοῦ
1298 5582 1767 5651 συγγραψαμένου
1819 5582 1915 5634 καὶ
1945 5582 1978 5652 ἡ

398 5678 610 5731 διάνοια
639 5682 911 5745 φαίνεται,
965 5676 1040 5740 ὠς
1077 5676 1153 5747 μὴ
1207 5674 1410 5740 ἐξεῖναί
1468 5690 1587 5726 τινα
1638 5672 1853 5727 οἴκοθεν
1879 5691 1981 5725 κα-

402 5775 682 5845 κουργεῖν,
713 5774 806 5824 sui
857 5772 1232 5842 συμπέρασμα
1284 5768 1565 5836 ἐπιφέρειν
1595 5768 1716 5830 ταῖς
1754 5765 1981 5821 ἐκείνων

401 5868 608 5936 φωναῖς
646 5865 719 5936 μὴ
753 5864 1077 5937 συμϐαῖνον.
1110 5861 1273 5917 Ὅθεν
1308 5862 1355 5916 εἰ
1389 5861 1483 5916 καὶ
1511 5859 1776 5931 Ε,)νόμιος
1811 5874 1981 5930 προσ-

2075 4651 2331 4708 Eunomii
2371 4650 2646 4705 dementia
2675 4648 3030 4705 vehementer
3052 4647 3383 4711 abhorrens,
3416 4654 3472 4699 et
3506 4644 3646 4699 imii-

2077 4765 2181 4818 gne
2217 4748 2400 4802 ferens
2458 4745 2894 4812 conclusionem,
2945 4745 3219 4798 nimirum
3276 4743 3499 4797 tertium
3526 4753 3649 4795 esse

2076 4840 2340 4912 Spiritum
2374 4840 2535 4895 etiam
2588 4849 2809 4905 natura,
2866 4848 2923 4893 et
2974 4838 3258 4893 silentium
3300 4837 3447 4891 illius
3485 4848 3652 4888 accu-

2077 4950 2225 4998 sans,
2257 4933 2404 5004 quod
2449 4935 2700 4997 tacuerit,
2759 4931 3097 5001 minimeque
3163 4930 3648 4986 indicaveritsau-

2077 5033 2197 5080 ctos
2262 5024 2354 5093 qui
2413 5024 2559 5079 istud
2618 5022 2906 5087 allirment,
2936 5022 2989 5075 in
3035 5023 3175 5076 hanc
3209 5035 3397 5075 vocem
3430 5019 3652 5087 erupit:

2076 5116 2182 5182 Qui
2212 5131 2340 5171 vero
2362 5118 2474 5172 sint
2500 5115 2698 5179 sancti,
2734 5124 2791 5169 et
2824 5114 3105 5184 inquibus
3132 5114 3482 5168 sermonibus
3516 5114 3657 5163 hanc

2079 5208 2389 5264 doctrinam
2448 5208 2798 5269 tradiderint,
2826 5206 3010 5261 dicere
3053 5205 3266 5274 nequit.
3300 5204 3652 5273 Perspicuum

2078 5301 2225 5355 enim
2290 5308 2394 5365 est,
2424 5304 2571 5368 quod
2610 5299 2653 5353 si
2704 5309 3019 5352 sanctorum
3069 5297 3429 5352 auctoritates
3484 5308 3656 5361 expo-

2081 5396 2303 5457 suisset,
2369 5393 2663 5455 absurdam
2726 5391 2959 5445 fortasse
3002 5389 3205 5444 inl'errc
3245 5386 3654 5442 conclusionem

2084 5488 2309 5543 minime
2334 5484 2626 5553 potuisset.
2671 5482 2890 5536 Scimus
2914 5481 3082 5541 enim,
3112 5477 3261 5549 quod
3290 5493 3355 5530 ex
3385 5490 3494 5528 uno
3524 5490 3656 5542 quo-

2082 5583 2226 5651 piam
2242 5576 2411 5631 verbo
2424 5592 2520 5631 seu
2542 5573 2807 5629 vocabulo
2822 5588 2962 5642 saepe
2994 5581 3140 5625 totus
3157 5583 3356 5638 scopus
3378 5566 3662 5635 scripturis

2084 5682 2139 5726 ct
2168 5685 2321 5724 utens
2349 5678 2595 5739 apparet,
2635 5666 2797 5719 alicui
2827 5667 2893 5719 de
2922 5679 3023 5720 suo
3046 5672 3104 5718 ut
3130 5658 3426 5716 non‘liceat
3457 5658 3661 5727 aliquid

2086 5760 2338 5816 addendo
2370 5759 2637 5813 malitiose
2670 5772 2851 5825 agere,
2895 5764 2949 5810 et
3001 5753 3410 5809 conclusionem
3467 5765 3660 5803 eurum

2086 5854 2248 5910 dictis
2277 5852 2501 5907 tninitne
2526 5857 2953 5905 consentaueam
2981 5834 3204 5903 inferre.
3240 5843 3376 5899 llinc
3432 5843 3490 5899 lit
3519 5852 3576 5899 ut
3614 5851 3667 5905 si
