4124 6410
443 431 546 498 an

1366 435 1464 496 DE
1507 433 2034 520 PROCESSIONE
2065 437 2428 497 SPlRiTUS
2468 435 2748 496 SANL'vr.

3577 418 3694 496 fil-1l

451 541 606 596 Ἐπεὶ
671 539 778 610 γὰρ
805 543 832 594 ό
867 540 1008 604 θεῖος
1057 540 1380 602 Ἀπόστολος
1429 543 1524 596 καὶ
1557 545 1584 596 ό
1617 543 1776 611 ἅγιος
1823 541 2006 596 Διονύ·
2035 549 2055 602 Α

2156 557 2390 600 ueretur.
2450 545 2718 612 Quoniam
2773 543 2929 600 enim
2981 539 3200 594 divinus
3257 535 3566 606 Apostolus.
3619 549 3694 587 ac.

441 650 559 696 σιος
587 632 768 702 πολλῷ
802 632 897 684 καὶ
925 631 1032 700 πρὸ
1059 632 1159 699 τῆς
1193 628 1235 700 β’
1269 635 1364 686 καὶ
1391 632 1491 700 τῆς
1523 633 1750 702 πρώτης
1787 633 2006 687 συνόδου

439 725 710 790 ἐγένοντο,
741 725 810 776 τὰ
847 723 986 792 ρητᾲ
1014 721 1191 776 ταῦτα
1221 723 1254 793 ἢ
1287 723 1347 776 τὸ
1376 723 1548 792 ψευδῆ
1596 725 1872 777 διδάσκειν
1901 743 2012 777 κω-

441 814 652 875 λύουσι,
695 813 789 866 καὶ
819 814 1038 869 ἐναντία
1069 816 1134 883 τῇ
1173 813 1374 877 πίστει,
1405 814 1436 882 ἢ
1468 815 1604 875 ὅλως
1637 817 1730 868 καὶ
1760 816 1967 885 τάληθῆ
1995 832 2010 847 ·

411 905 560 996 ,ἀλλ’
591 906 644 957 εί
681 906 778 973 μὲν
806 907 901 957 καὶ
931 904 1162 972 τάληθῆ,
1203 904 1309 958 ὑπὸ
1339 905 1585 974 ἀνάθεμα
1614 906 1712 974 μὲν
1753 907 1803 959 οἱ
1844 908 1942 974 τῆς
1971 905 2014 974 β’

447 998 668 1050 συνόδου
699 997 944 1066 Πατέρες
973 995 1267 1058 τοσαύταις
1296 995 1622 1064 προσθέσεσί
1653 1013 1712 1049 τε
1743 997 1838 1050 καὶ
1863 999 2019 1064 ἐφαι-

449 1089 631 1177 ρέσεσι
667 1088 728 1139 τὸ
759 1089 858 1156 τῆς
904 1087 1132 1156 πρώτης
1177 1087 1450 1156 σύμϐολον
1483 1089 1836 1158 ὲνηλλαχότες
1861 1106 1876 1120 ’
1910 1089 2020 1142 ὑπὸ

449 1179 698 1245 ἀνάθεμα
736 1179 792 1234 δὲ
817 1179 866 1230 οἱ
893 1179 992 1247 τῆς
1027 1177 1272 1248 πρώτης,
1299 1179 1359 1231 τδ
1392 1179 1500 1230 τῶν
1546 1181 1648 1250 πρὸ
1681 1181 1848 1250 αὐτῆς
1878 1180 2020 1248 Σύμ-

453 1271 608 1342 βολον
638 1273 696 1324 ἐν
720 1271 996 1334 πλείστοις
1027 1273 1536 1342 μεταποιήσαντεςν

539 1449 680 1504 Ἀλλ’
713 1450 762 1501 εί
809 1448 969 1508 τοῦτο
1009 1449 1104 1502 καὶ
1155 1451 1354 1504 ἐννοεῖν
1391 1450 1529 1512 ὅλως
1576 1449 1914 1518 βλάσφημον,
1956 1448 2025 1500 τὰ

456 1539 628 1608 ψευδῆ
659 1541 766 1610 ἄρα
791 1541 884 1598 καὶ
915 1541 1133 1600 ἐναντία
1161 1546 1227 1613 τῇ
1271 1543 1452 1595 πίστει
1483 1543 1754 1596 διδάσκειν
1789 1540 2028 1594 κωλύου-

461 1649 545 1683 σιν
579 1633 608 1684 δ
633 1649 690 1684 τε
724 1631 866 1692 θεῖος
898 1632 1246 1696 Ἀπόστολος,
1278 1633 1307 1685 ὅ
1350 1649 1408 1685 τε
1457 1632 1600 1701 ἱερλς
1638 1630 1935 1692 Διονύσιος.
1967 1629 2028 1682 Ei

458 1721 556 1790 οὖν
593 1725 660 1776 τά
689 1723 862 1792 ψευδῆ
902 1723 1230 1788 κωλύουσιν,
1264 1724 1424 1793 ἡμεῖς
1452 1723 1508 1776 δὲ
1545 1723 1612 1778 τὰ
1644 1722 1852 1776 τούτων
1888 1720 2030 1791 ρητά

462 1817 542 1876 εἰς
595 1815 900 1877 ίσοδύναμα
943 1817 1058 1877 τοῖς
1091 1815 1237 1887 ὅροις
1287 1815 1639 1886 ἐνομίζομεν,
1674 1817 1769 1868 καί¹
1821 1814 1871 1866 oi
1917 1814 2032 1881 ὅροι

461 1905 573 1972 ἄρα
606 1909 671 1960 τὰ
715 1907 882 1976 ψευδῆ
923 1907 1196 1966 κωλύουσι
1243 1909 1584 1978 προσθεῖναι,
1616 1909 1676 1961 ού
1711 1907 1893 1977 μέντοι
1937 1905 2034 1958 τά-

465 2000 624 2073 ληθῆ.
663 2001 768 2052 Καὶ
804 1999 977 2060 οὕτως
1007 2001 1064 2054 ὲν
1094 2001 1234 2072 αὐτῇ
1256 2003 1321 2071 τῇ
1354 1999 1547 2073 πρώτῃ
1581 2000 1766 2070 ἡμέρᾳ
1795 1998 2033 2069 ἡττήθη·

470 2109 570 2161 μεν
603 2093 692 2148 ἄν.

545 2183 688 2251 Ἐγὼ
717 2184 793 2249 δὲ,
816 2183 988 2237 ταῦτα
1018 2180 1162 2247 ἰδὼν,
1183 2181 1405 2245 τούτους
1434 2198 1490 2235 τε
1517 2182 1644 2240 τοὺς
1671 2181 1860 2248 λόγους
1889 2178 2036 2248 αὖτῷ

468 2276 836 2340 ἀνακαλύψας,
870 2277 1020 2345 μόλις
1053 2279 1214 2331 αὐτὸν
1243 2278 1456 2342 ἔπεισα,
1488 2277 1583 2330 καὶ
1615 2276 1806 2337 ἄλλους
1831 2277 1909 2336 είς
1939 2274 2038 2341 τὴν

472 2368 646 2430 πειθὼ
676 2369 1112 2438 προσλαϐόμενος
1153 2372 1471 2440 συνεργοὺς,
1520 2369 1660 2423 ὥστε
1690 2367 1861 2422 ταῦτα
1887 2369 2042 2436 ἀφεῖ-

475 2476 585 2538 ναι,
693 2461 786 2515 καὶ
823 2461 1062 2525 πεισθεὶς
1089 2461 1152 2528 οὐ
1180 2464 1524 2533 παρήγαγεν.

556 2642 654 2695 Ἐκ
709 2641 916 2694 τούτων
981 2642 1073 2696 οὖν
1133 2641 1282 2695 ἔστιν
1349 2642 1605 2712 ἐννοῆσαι
1665 2641 1764 2712 τὴν
1829 2639 2040 2693 ἐκείνου

473 2735 776 2806 λεπτότητα
807 2736 900 2798 τοῦ
927 2737 1140 2810 ἀνδρὸς,
1173 2737 1265 2806 καὶ
1300 2737 1366 2807 ῆν
1391 2736 1554 2788 αὑτὸν
1587 2735 1733 2795 six‘a;
1771 2735 1955 2803 κρίσιν
1987 2736 2044 2784 ὲν

475 2832 586 2892 τοῖς
639 2829 1088 2900 δυσχερεστέροις
1135 2831 1230 2884 καὶ
1285 2827 1640 2897 ὑψηλοτέροις
1689 2825 2046 2893 θεωρήμασιν

477 2921 644 2990 ἔχειν,
675 2925 786 2986 τοῖς
827 2926 954 2990 περὶ
984 2921 1076 2973 τοῦ
1106 2919 1375 2992 δόγματος
1399 2919 1562 2988 λέγω,
1601 2920 1649 2971 εί
1679 2917 1839 2971 τοῦτο
1869 2914 2048 2969 τοιοῦ-

477 3031 568 3075 sou
601 3012 659 3065 ὃν
691 3012 854 3065 αὑτὸν
883 3011 1095 3080 λέληθε.

551 3105 736 3159 Ταῦτα
762 3105 816 3157 δὲ
847 3107 992 3172 λέγω
1020 3105 1120 3158 οὐκ
1160 3106 1371 3166 ἐκεῖνον
1401 3104 1655 3178 διασῦραι
1689 3103 2047 3172 βουλόμενοςο

2116 649 2338 696 sanctus
2370 639 2678 710 Dionysius,
2721 635 2895 690 multo
2918 643 3043 688 ante
3067 629 3362 686 secundam
3389 627 3684 698 synodum,

2117 735 2226 788 imo
2256 749 2388 785 vero
2421 740 2472 784 et
2500 732 2726 800 primam
2783 728 3108 783 ﬂoruerunt,
3147 723 3260 776 haec
3289 735 3479 775 eorum
3516 719 3686 778 dicta,

2117 829 2200 882 νρι
2228 829 2358 882 falsa
2385 825 2630 880 docenda
2655 839 2774 877 esse
2798 821 3111 890 prohibent,
3135 827 3190 871 et
3215 815 3487 871 contraria
3523 813 3645 865 fidei
3671 830 3686 876 ;

2119 922 2204 975 vel
2230 920 2453 972 omnino
2475 927 2530 971 et
2563 932 2709 969 vera.
2746 913 2852 968 Sed
2885 917 2928 966 si
2951 922 3004 965 et
3035 925 3182 972 vera,
3213 909 3312 962 sub
3344 907 3690 959 anathemate

2120 1023 2282 1066 erunt
2313 1014 2501 1067 Patres
2531 1009 2780 1062 secundm
2812 1006 3024 1076 synodi,
3053 1003 3144 1072 qui
3181 1013 3255 1055 tot
3283 997 3695 1070 adliminentis,

2122 1113 2178 1159 et
2207 1101 2666 1158 diminutionibus
2709 1098 2894 1166 prima:
2935 1094 3249 1165 Symbolum
3288 1091 3686 1146 iimnntarunt:

2125 1197 2227 1252 sub
2263 1195 2610 1248 anathemate
2654 1207 2782 1244 vero
2822 1199 2876 1242 et
2911 1188 3098 1241 Patres
3139 1184 3327 1251 primm
3350 1179 3562 1250 synodi.
3599 1177 3700 1243 qui

2127 1290 2270 1344 idem
2298 1286 2614 1356 Symbolum
2647 1281 2788 1350 quod
2831 1289 2954 1332 ante
3011 1275 3241 1345 primam
3273 1272 3536 1342 synodum
3569 1269 3702 1345 fuit,

2129 1383 2182 1437 in
2227 1379 2413 1433 multis
2447 1377 2828 1429 immutarunt.

2199 1469 2352 1536 Quod
2399 1469 2440 1520 si
2477 1467 2531 1520 id
2563 1467 2640 1519 vel
2667 1465 2902 1530 uigilare
2937 1464 3166 1514 omnino
3195 1456 3346 1510 nefas
3371 1463 3474 1512 est.
3529 1453 3710 1512 igitur.

2132 1564 2287 1623 falsa,
2331 1558 2566 1626 ﬁdeique
2613 1553 2913 1614 contraria,
2965 1563 3080 1604 tum
3113 1547 3334 1600 divinus
3387 1543 3705 1617 Apostolus,

2134 1663 2246 1706 tum
2295 1663 2448 1704 sacer
2498 1646 2782 1715 Dionysius
2816 1645 3013 1698 dooere
3070 1640 3381 1710 prohibent.
3414 1634 3469 1689 Si
3533 1634 3702 1702 igitur

2134 1745 2294 1802 falsa.
2321 1757 2422 1795 nos
2455 1749 2636 1793 autem
2671 1738 2865 1790 horum
2913 1735 3058 1788 dicta
3090 1729 3320 1798 aequalia
3357 1741 3472 1780 esse
3507 1723 3704 1777 delini-

2138 1835 2400 1894 tionibus.
2425 1841 2586 1900 atque
2623 1831 2764 1883 idem
2802 1828 2984 1880 valere
3011 1823 3381 1879 arbitramur:
3415 1819 3582 1887 igitur
3611 1815 3709 1868 de-

2138 1928 2412 1982 ﬁnitiones
2441 1937 2660 1991 quoque
2693 1921 2844 1982 falsa,
2883 1935 2988 1972 non
3039 1924 3222 1970 autem
3269 1927 3397 1966 vera
3457 1907 3707 1962 addenda

2133 2034 2256 2072 esse
2308 2015 2624 2086 prohibent.
2675 2014 2854 2081 Atque
2915 2013 2990 2064 ita
3049 2008 3164 2076 ipsa
3211 2007 3387 2076 prima
3437 2003 3526 2056 die
3578 1998 3708 2053 \icti

2137 2111 2450 2164 fuissemus.

2207 2201 2321 2270 Ego
2382 2212 2514 2252 vero
2567 2197 2680 2250 lucc
2728 2209 2852 2249 cum
2905 2187 3438 2247 animadvertissem,
3501 2183 3712 2249 hasque

2139 2295 2376 2347 rationes
2403 2289 2480 2343 illi
2514 2288 2874 2356 aperuissem,
2913 2285 2999 2336 vix
3035 2278 3306 2351 persuasi,
3341 2275 3462 2330 aliis
3491 2285 3713 2342 quoque

2140 2381 2302 2436 sociis
2330 2377 2386 2434 et
2416 2375 2762 2447 adjutoribus
2793 2373 2857 2426 ad
2897 2371 2998 2440 ipsi
3026 2363 3466 2439 persuadendum
3499 2372 3712 2414 mecum

2141 2473 2407 2542 acceptis,
2439 2480 2498 2523 ut
2525 2485 2587 2522 ea
2617 2467 2782 2522 vellet
2817 2465 3095 2525 omittere,
3143 2474 3266 2528 qua:
3291 2456 3455 2511 etiam
3487 2461 3712 2521 persua-

2143 2581 2257 2625 sus.
2288 2581 2396 2617 non
2434 2561 2658 2616 adduxit
2689 2561 2788 2628 (l).

2215 2657 2294 2711 Ex
2319 2657 2403 2709 his
2429 2655 2592 2720 igitur
2628 2651 2932 2718 intelligere
2963 2648 3092 2702 licet
3144 2645 3290 2700 iilius
3319 2643 3418 2696 viri
3459 2651 3714 2702 acumen,

2145 2747 2401 2818 quodque
2457 2743 2726 2814 judicium
2762 2741 3066 2796 verisimile
3103 2746 3206 2801 est,
3237 2751 3362 2790 eum
3411 2733 3612 2786 habere
3660 2729 3716 2782 in

2148 2848 2312 2898 rebus
2337 2839 2761 2900 diliicilioribus,
2805 2847 2862 2890 et
2913 2832 3326 2890 sublimioribus
3363 2824 3719 2882 theoremati-

2151 2937 2276 3000 bus,
2307 2944 2363 2988 ct
2391 2935 2664 3002 dogmate,
2695 2931 2939 2999 inquam,
2980 2927 3024 2980 si
3057 2927 3158 2980 hoc
3189 2919 3460 2993 ejusmodi
3485 2933 3607 2970 cum
3629 2915 3723 2978 sit,

2149 3026 2330 3097 ipsum
2349 3024 2637 3094 eﬂugerat.

2226 3120 2352 3173 llaec
2384 3127 2564 3171 autem
2595 3114 2857 3169 dixerim.
2907 3125 3014 3164 non
3055 3107 3130 3162 illi
3167 3105 3391 3174 quidem
3431 3099 3724 3154 detrahere

483 3200 675 3270 πόρρω
703 3201 814 3268 γὰρ
844 3200 956 3266 ἐγὼ
997 3197 1105 3251 τῶν
1149 3199 1410 3256 τοιούτων
1437 3212 1451 3226 ·
1489 3197 1612 3250 ὅθεν
1645 3195 1898 3258 οὐδέποτε
1927 3193 2049 3246 κατ’

2161 3211 2383 3273 volens;
2423 3206 2738 3276 longissime
2761 3203 2907 3257 enim
2961 3216 2990 3253 a
3035 3199 3234 3252 talibus
3279 3194 3444 3248 rebus
3493 3191 3726 3244 al-sum:

483 3293 696 3353 ἐκείνου
747 3291 860 3344 οὒτ’
910 3290 1084 3354 εἷπον,
1123 3289 1245 3344 οὔτε
1289 3289 1402 3358 ὲρῶ
1459 3290 1622 3368 πλέον
1679 3287 1790 3340 τῶν
1837 3286 2055 3340 ἐνταυθὶ

486 3384 790 3454 εἰρημένων
811 3399 826 3414 ·
861 3384 995 3438 ἀλλά
1026 3384 1151 3443 τοὺς
1183 3381 1462 3454 ἀκροατὰς
1492 3379 1701 3445 διδάξαι
1732 3379 2058 3453 βουλόμενος

488 3477 595 3561 ἀπὸ
621 3477 730 3531 τῶν
762 3479 972 3531 ἐκείνου
1003 3476 1368 3548 φυλάττεσθαι
1395 3474 1592 3544 λόγων.

562 3667 982 3738 Προχωροῦντες
1015 3663 1110 3720 οὖν
1142 3666 1222 3728 είς
1266 3664 1424 3718 τοῦτο
1471 3665 1532 3717 τὸ
1563 3663 1805 3732 ζήτημα,
1839 3659 1920 3713 ἔτι
1963 3659 2063 3728 μὴν

492 3765 620 3830 περὶ
651 3764 749 3824 τὰς
793 3763 963 3834 ἀρχὰς
1008 3759 1159 3818 ὄντες
1194 3758 1288 3812 καὶ
1332 3757 1400 3810 τὰ
1445 3756 1730 3826 προοίμια,
1760 3753 1920 3824 ἡμεῖς
1951 3751 2065 3802 ἐδο-

493 3857 699 3924 κοῦμεν
730 3856 1062 3922 ἐπικρατεῖν,
1095 3853 1190 3914 καὶ
1219 3853 1387 3912 ὅντως
1415 3845 1830 3916 ἐπεκρατοῦμεν
1859 3860 1876 3875 ο
1913 3840 2066 3894 οὔπω

495 3953 603 4022 γὰρ
635 3953 767 4022 ἡμῖν
810 3949 962 4021 ἄξιόν
985 3964 1037 4000 τι
1069 3946 1229 4014 λόγου
1261 3945 1358 4006 καὶ
1401 3941 1534 4009 πρὸς
1567 3939 1697 3993 αὐτὸ
1740 3937 1800 3992 τὸ
1829 3937 2068 4006 πρᾶγμα

497 4044 650 4112 παρὰ
694 4043 803 4095 τῶν
836 4039 1084 4114 Λατίνων
1123 4039 1464 4105 ἀπήντηκεν,
1506 4031 1611 4096 ἔξω
1640 4031 1738 4084 τοῦ
1766 4028 2069 4100 προκειμέ-

457 4177 460 4180 λ
497 4153 590 4188 νου
621 4135 847 4187 ἐκείνων
890 4150 947 4186 τε
980 4129 1274 4198 λεγόντων,
1301 4126 1457 4197 ἡμῶν
1505 4141 1568 4176 τε
1618 4123 1754 4191 πρὸς
1800 4120 1977 4174 ταῦτα
2007 4121 2070 4172 ὲκ

497 4227 695 4280 πολλοῦ
724 4225 819 4278 τοῦ
844 4224 1126 4293 περιόντος
1153 4217 1565 4286 ἀνθισταμένων
1590 4231 1604 4246 ⁸
1638 4217 1727 4269 ὅτε
1761 4215 1856 4267 καὶ
1879 4211 2071 4284 θαρρῶ

499 4325 698 4390 λέγειν,
731 4320 857 4381 τοὺς
894 4315 1279 4384 ἰσχυροτέρους
1303 4311 1416 4364 τῶν
1451 4309 1604 4379 παρά
1633 4306 1882 4378 Γραικῶν
1921 4307 2076 4376 εἰρη-

503 4412 682 4480 μένων
709 4409 884 4476 λόγων
913 4405 1072 4467 αὐτὸς
1097 4400 1165 4475 ἦν
1199 4405 1225 4455 ὁ
1257 4403 1349 4454 καὶ
1372 4400 1545 4470 εὑρὼν
1575 4399 1672 4452 καὶ
1706 4395 1898 4452 εἰπών.
1926 4395 2074 4459 Ἕως

499 4503 593 4556 τὸν
631 4503 790 4569 λόγον
817 4499 1090 4562 διεδέξατο
1129 4497 1158 4549 ό
1209 4494 1366 4546 πάντ’
1395 4493 1619 4562 ἀριστος
1651 4490 1788 4560 ἀνὴρ
1819 4489 1913 4542 καὶ
1947 4487 2076 4540 θαυ-

2161 3302 2303 3356 utnle
2334 3299 2497 3352 etiam
2543 3309 2821 3363 nunquam
2857 3291 3119 3344 adversus
3159 3287 3312 3340 illum
3367 3298 3545 3352 neque
3592 3278 3729 3340 dixi,

2161 3405 2339 3462 neque
2375 3389 2551 3443 dicam
2585 3387 2841 3454 amplius,
2877 3383 2964 3436 his
3002 3377 3267 3446 exceptis,
3301 3390 3422 3444 qua:
3463 3372 3552 3424 hic
3586 3369 3730 3420 dicta

2161 3492 2310 3546 sunt,
2344 3479 2440 3535 sed
2472 3478 2751 3532 auditores
2789 3474 2987 3529 docere
3010 3472 3218 3532 volens,
3253 3467 3321 3521 ab
3357 3465 3502 3519 illius
3525 3474 3738 3516 sermo-

2163 3579 2328 3631 nibus
2347 3573 2650 3628 cavendum
2679 3587 2819 3626 esse.

2237 3665 2610 3724 Procedentes
2668 3665 2851 3732 itaque
2903 3661 2969 3715 ad
3007 3660 3149 3714 hanc
3179 3655 3558 3726 quaestionem,
3610 3665 3738 3704 cum

2169 3761 2348 3816 adhuc
2389 3761 2442 3813 in
2474 3763 2593 3827 ipso
2621 3757 2814 3810 limine
2842 3751 3161 3824 quzestionis
3209 3763 3480 3806 essemus,
3507 3743 3740 3797 videba-

2169 3869 2290 3907 mur
2315 3865 2413 3904 nos
2435 3849 2754 3916 superiores
2785 3859 2928 3906 esse,
2973 3853 3028 3896 et
3061 3855 3250 3894 revera
3284 3835 3600 3905 superiores
3623 3847 3744 3884 era-

2169 3957 2312 3996 mus.
2337 3939 2589 3996 Nondum
2619 3937 2767 3990 eniin
2799 3932 3006 4002 aliquid
3037 3930 3195 3984 nobis
3219 3925 3450 3995 alicujus
3480 3921 3742 3975 momenti

2170 4031 2416 4100 dignum,
2446 4037 2502 4082 et
2539 4026 2604 4079 ad
2637 4027 2811 4093 ipsam
2844 4037 2956 4076 rem
3005 4019 3234 4081 faciens,
3287 4015 3470 4069 Latini
3527 4011 3748 4080 objece-

2173 4130 2322 4186 rant;
2353 4133 2477 4172 cuin
2503 4125 2653 4170 extra
2684 4107 2798 4168 rem
2843 4113 2920 4166 illi
2965 4111 3238 4170 dicerent.
3271 4120 3482 4172 nosque
3527 4103 3744 4166 illorum

2171 4211 2402 4280 objectis
2451 4207 2668 4262 abunde
2729 4204 3150 4262 resisteremus;
3211 4195 3431 4266 quando
3481 4201 3534 4245 et
3567 4189 3748 4244 audeo

2172 4305 2357 4359 dicere
2381 4301 2648 4356 ﬁrmiores
2679 4296 2962 4351 rationesa
2987 4289 3188 4346 Graecis
3213 4287 3407 4348 dictas,
3430 4285 3548 4353 ipse
3571 4297 3747 4347 eram,

2175 4396 2268 4466 qui
2293 4403 2352 4448 et
2398 4394 2713 4447 inveneram
2745 4396 2802 4442 et
2830 4387 3094 4440 dixeram.
3151 4383 3330 4435 Donec
3377 4377 3590 4433 tandem
3621 4391 3752 4429 ora-

2179 4491 2380 4543 tionem
2414 4483 2656 4553 suscepit
2684 4483 2738 4536 in
2772 4479 3028 4536 omnibus
3061 4475 3546 4547 prmstantissimus
3573 4481 3630 4525 et
3659 4469 3754 4522 at!-

503 4593 720 4658 μάσιος,
749 4591 845 4643 καὶ
878 4589 968 4642 τοῦ
1001 4587 1244 4642 Λατίνων
1292 4585 1484 4652 γένους
1531 4583 1754 4652 ἄγαλμα
1775 4619 1790 4644 ,
1827 4579 1922 4633 καὶ
1954 4581 2055 4632 κόσ

2179 4579 2447 4636 mirabilis
2479 4575 2584 4640 vir,
2641 4573 3074 4639 Latinorumque
3125 4571 3304 4639 gentis
3341 4571 3752 4622 ornamentum,

508 4705 602 4754 μος
635 4687 734 4756 τῆς
761 4683 999 4754 φύσεως,
1032 4678 1322 4740 Ἰουλιανὸς
1353 4679 1382 4730 ό
1407 4678 1504 4746 τῆς
1554 4677 1714 4742 ἁγίας
1748 4673 2078 4744 Ἐκκλησίας

515 4779 803 4850 Ῥωμαίων
841 4773 1158 4847 καρδινάλις
1189 4771 1488 4836 ἀξιώτατος
1519 4785 1534 4802 ⁸
1585 4769 1642 4829 ὃς
1690 4767 1862 4821 πολλά
1893 4782 1952 4816 τε
1985 4763 2081 4818 καὶ

503 4873 648 4929 καλά
674 4871 867 4932 εἰπὼν,
900 4870 992 4924 καὶ
1037 4869 1172 4937 πρὸς
1207 4866 1340 4918 αὐτὸ
1382 4865 1442 4915 τὸ
1479 4861 1866 4930 προκείμενον,
1906 4857 2080 4920 οὕτως

405 4969 414 4976 ’
509 4966 759 5042 ἰσχυραῖς
789 4965 884 5018 καὶ
907 4959 1327 5029 ἀναντιρῥήτοις
1357 4953 1665 5015 ἀποδείξεσι
1692 4951 1753 5004 τὸ
1785 4948 2079 5020 πρόϐλημα

506 5041 980 5124 ἀπεξειργάσατο,
1039 5049 1216 5116 δείξας
1279 5047 1478 5112 ἐξεῖναι
1528 5045 1626 5112 τὴν
1682 5041 1938 5114 ἀλήθειαν
1994 5041 2083 5092 ἀεὶ

509 5148 860 5221 προστιθέναι
907 5147 986 5213 τῷ
1033 5144 1160 5211 θείῳ
1197 5140 1466 5212 Συμόόλῳ
1510 5137 1800 5198 συνοδικῶς
1838 5135 1931 5190 καὶ
1983 5153 2085 5187 κα-

509 5243 706 5310 λούσης
735 5239 1000 5306 ἀνάγκης.
1037 5236 1113 5296 ὡς
1161 5233 1327 5304 μηδὲν
1367 5234 1514 5301 ἡμᾶς
1570 5230 1662 5282 ἐπὶ
1695 5227 1915 5286 πολλαῖς
1943 5225 2084 5295 ήμέ-

515 5351 636 5405 ραις
658 5329 1097 5403 μεμελετηκότας
1117 5327 1252 5397 πρδς
1276 5323 1450 5377 ταῦτα
1471 5323 1746 5374 ἀντειπεῖν
1765 5317 2082 5386 δυνηθῆναι.

527 5433 530 5437 ’
581 5421 684 5478 ’Ὧν
729 5422 940 5476 πολλῶν
973 5419 1164 5483 ὄντων,
1194 5419 1296 5480 ὅσα
1343 5419 1436 5477 είς
1469 5415 1694 5484 μνήμην
1749 5410 1889 5478 ἐμὴν
1935 5409 2084 5478 ἣκει,

514 5515 735 5572 ἐνταυθὶ
781 5531 865 5567 σοι
914 5513 1154 5567 ἐκθεῖναι
1203 5509 1562 5576 πειράσομαι,
1605 5503 1682 5565 ὡς
1732 5502 1798 5554 ἂν
1843 5500 1939 5552 καὶ
1987 5503 2088 5568 τὴν

513 5613 646 5682 περὶ
677 5607 837 5662 τοῦτο
866 5606 926 5660 τὺ
955 5606 1120 5675 μέρος
1152 5600 1413 5671 ἀλήθειαν
1451 5600 1514 5650 ὲκ
1543 5595 1746 5665 μέρους
1771 5592 2088 5654 ἀκούσειας.

597 5737 675 5810 (1)
711 5737 843 5804 Quae
862 5735 956 5788 hic
991 5742 1183 5810 narrat
1219 5727 1510 5810 Bessarion
1534 5723 1828 5810 de‘lllarco
1852 5720 2092 5810 Ephesio

520 5793 671 5866 τοί-ιδ’
691 5793 812 5864 esse
845 5817 958 5860 tum
995 5803 1124 5857 inde
1149 5799 1370 5871 probari
1404 5803 1653 5871 possunt.
1685 5793 1840 5871 quod
1861 5794 1950 5871 ille
1975 5793 2092 5871 ipse

525 5861 800 5951 ᾐίιῐρείέιέ
821 5885 1036 5946 peracta
1069 5861 1416 5938 sacrosancta
1450 5865 1658 5946 synodo
1704 5861 1780 5920 ad
1811 5861 2090 5947 decipien-

2180 4681 2234 4726 et
2270 4680 2477 4725 natura:
2499 4667 2669 4721 decus
2697 4665 2968 4727 Julianus,
2988 4671 3189 4716 sancta:
3221 4659 3478 4712 Romana:
3498 4654 3756 4710 Ecclesia:

2183 4761 2480 4817 cardinalis
2531 4757 2926 4828 dignissimus:
2994 4755 3088 4823 qui
3144 4767 3268 4806 cum
3327 4751 3522 4812 multa,
3581 4761 3758 4815 eaque

2184 4855 2464 4924 prteclara,
2496 4861 2551 4906 et
2578 4851 2646 4905 ad
2678 4865 2792 4904 rem
2827 4849 3076 4911 dixisset,
3159 4847 3230 4899 ita
3262 4844 3437 4898 tinnis
3485 4853 3538 4896 et
3568 4840 3761 4909 exqui-

2183 4948 2303 5002 sitis
2335 4944 2643 5000 rationibus
2675 4943 2963 5010 quaasitum
3015 4939 3324 5008 perfectum
3359 4947 3415 4992 et
3447 4934 3758 4990 absolutum

2186 5043 2446 5103 reddidit,
2497 5040 2796 5096 ostendens
2853 5037 3115 5109 synodice
3173 5051 3236 5090 ac
3291 5032 3619 5088 neceSsitato
3669 5045 3758 5082 co-

2185 5143 2347 5204 gente
2405 5146 2622 5200 semper
2675 5131 2842 5184 licere
2896 5127 3090 5181 divino
3133 5124 3390 5194 Symbolo
3424 5135 3610 5174 verum
3663 5116 3762 5170 ad-

2186 5225 2365 5278 dere:
2419 5232 2481 5276 ut
2537 5237 2661 5275 cum
2698 5235 2795 5274 nos
2852 5218 3039 5271 multis
3095 5216 3294 5270 diebus
3343 5211 3759 5274 meditaremur,

2189 5315 2325 5370 nihil
2351 5317 2402 5369 ei
2439 5314 2504 5368 ad
2538 5313 2655 5366 barc
2686 5325 2968 5380 opponere
3005 5307 3369 5378 potuerimus.

2258 5407 2388 5472 Qum
2419 5419 2542 5459 cum
2571 5403 2739 5456 multa
2769 5402 2982 5464 sint,ea
3019 5407 3230 5452 tantum
3264 5395 3350 5447 hic
3371 5391 3468 5446 tibi
3487 5403 3764 5458 exponere

2189 5496 2455 5559 conabor,
2483 5507 2826 5562 qu.ecunque
2865 5489 3000 5543 mihi
3031 5489 3084 5542 in
3127 5489 3444 5540 memoriam
3495 5479 3764 5538 venerint.

2193 5588 2440 5644 utetiam
2476 5584 2762 5640 veritatem
2787 5582 2856 5636 ad
2897 5581 3048 5634 hunc
3089 5570 3270 5632 lucum
3295 5576 3663 5644 pertinentem
3695 5585 3762 5626 ex

2192 5719 2292 5774 dos
2323 5717 2539 5772 Graecos
2563 5715 2812 5768 incautos
2849 5711 3039 5766 eadem
3065 5711 3186 5764 loca
3209 5707 3348 5762 beati
3375 5705 3526 5762 Pauli
3563 5703 3760 5774 citare,

2193 5771 2358 5857 atque
2394 5787 2501 5840 illis
2524 5785 2821 5857 inculcare
2865 5799 2973 5857 non
3001 5782 3072 5857 sit
3120 5780 3351 5846 veritus,
3387 5787 3448 5834 ut
3480 5783 3625 5847 patet
3674 5771 3762 5827 le-

2196 5851 2449 5938 gentibus
2475 5854 2772 5932 cditioncm
2801 5867 2911 5908 suis
2945 5851 3092 5906 lidei.
