4124 6428
376 422 493 486 843
1341 425 1853 486 BESSARIONIS
1886 425 1948 486 S.

2085 424 2156 486 E.
2199 427 2671 488 CARDINALlS
3525 428 3637 503 3-H

375 546 533 607 parte
557 550 836 605 agnoscas.
890 535 1046 589 Prius
1091 544 1270 590 tamen
1304 537 1430 590 audi
1488 547 1800 592 nostrarum
1853 550 1946 601 0p-

2070 535 2170 605 Γιρδ
2232 535 2288 588 δὲ
2350 536 2559 590 τούτων
2632 538 2742 591 τῶν
2819 536 3101 608 ἡμετέρων
3162 538 3474 592 ινστάσεων
3540 543 3636 595 καὶ

376 627 710 694 positionum
756 636 810 678 et
827 626 1325 688 controversiarum
1342 639 1526 698 caput,
1552 629 1697 698 qttod
1721 630 1952 684 maxime

378 716 596 770 ﬁrmum
625 734 745 771 esse
783 718 1019 774 videtur.

457 807 512 859 In
538 806 685 861 calce
709 807 1091 862 definitionum
1121 810 1385 879 cujusque
1428 813 1643 882 synodi,
1678 824 1898 881 sumpto
1923 830 1950 866 ιι

377 895 538 947 tertia
570 896 749 957 initio.
783 898 896 951 haec
933 900 999 952 ad
1034 901 1260 955 verbum
1309 904 1414 958 lata
1440 914 1495 958 et
1522 906 1743 960 condita
1770 918 1900 962 snnt
1935 925 1947 960 :

381 985 476 1039 llis
519 986 676 1040 let-tis
726 991 914 1043 statuit
961 1005 1149 1046 sancta
1176 995 1432 1063 synodus.
1471 1015 1489 1047 ι
1525 997 1731 1050 nemini
1785 998 1953 1052 licere

376 1076 537 1129 aliam
576 1078 735 1132 [idem
770 1081 1039 1148 proferre,
1071 1095 1165 1138 aut
1205 1102 1558 1154 componere.
1594 1103 1690 1142 ant
1737 1105 1951 1158 sapere,

376 1179 470 1222 aut
520 1171 682 1225 aliter
715 1174 912 1228 docere
944 1192 957 1229 :
989 1192 1085 1230 eos
1133 1194 1263 1231 vero
1314 1181 1406 1246 qui
1454 1180 1681 1242 audent.
1724 1183 1956 1238 cler'cos

378 1262 600 1327 quidem
637 1265 993 1333 deponendos
1020 1284 1162 1333 esse,
1190 1270 1362 1325 laicos
1393 1280 1573 1327 autem
1607 1274 1953 1331 anathemate

379 1353 675 1409 feriendus.
731 1377 749 1408 ι

452 1447 625 1516 Hujus
676 1466 805 1505 sane
852 1469 1082 1517 sensus,
1115 1465 1171 1510 et
1220 1457 1417 1511 horum
1456 1457 1626 1512 ferme
1658 1459 1953 1514 verborum

380 1550 513 1593 suat
545 1544 726 1596 omnia
757 1545 1071 1601 interdicta.
1104 1548 1214 1603 Nos
1235 1549 1289 1603 in
1321 1551 1439 1605 istis
1472 1562 1725 1621 tauquam
1752 1552 1955 1606 ﬁrmis-

381 1634 555 1697 simis,
576 1646 629 1689 et
660 1652 782 1704 qua:
813 1640 980 1693 refelli
1018 1645 1951 1710 nequeant,nitebantur,dicentrs.

380 1740 489 1778 non
518 1738 797 1803 oportere,
835 1748 900 1785 ne
936 1735 1106 1800 ipsam
1142 1736 1359 1804 quidem
1391 1739 1675 1791 veritatem
1699 1738 1958 1808 Symbolo

382 1818 611 1885 addere,
637 1823 1081 1893 quandoquidem
1111 1829 1389 1895 praedictis
1424 1831 1604 1884 verbis
1632 1828 1681 1883 id
1720 1840 1954 1891 vetatur,

290 1944 297 1949 ι
384 1909 720 1980 minimeque
761 1915 909 1975 licet.
949 1917 1025 1970 Ad
1059 1934 1180 1986 qua!
1228 1933 1353 1975 cum
1386 1919 1540 1973 valde
1582 1920 1766 1973 multa:
1797 1922 1959 1974 tatio-

383 2017 485 2056 ncs
520 2020 547 2057 a
581 2004 788 2069 Latinis
837 2010 948 2077 sint
976 2011 1173 2078 allatae,
1232 2012 1376 2066 inter
1424 2013 1542 2067 illas
1590 2013 1753 2067 etiam
1803 2024 1959 2068 erant

384 2095 523 2153 istae.

494 2211 982 2271 Demonstrationrs
1012 2220 1151 2287 quod
1182 2219 1336 2273 liceat
1369 2233 1547 2272 verum
1582 2216 1831 2288 Symbolo

1075 2291 1288 2343 addere.

453 2373 784 2443 Concilium,
835 2395 929 2444 seu
965 2383 1221 2446 concilia,
1253 2397 1359 2436 non
1387 2382 1561 2436 solum
1597 2381 1757 2437 a!iam
1798 2380 1958 2433 [idem

383 2470 654 2536 proferre,
712 2488 899 2543 verum
981 2475 1145 2528 etiam
1201 2490 1533 2544 componere
1586 2485 1793 2529 vetant.
1841 2472 1959 2527 Jam

383 2574 535 2625 vero,
569 2562 612 2615 si
654 2564 957 2635 intelligant
985 2567 1144 2621 aliam
1181 2566 1342 2620 [idem
1389 2581 1739 2634 componere,
1772 2579 1871 2632 pro
1893 2579 1960 2619 eo

384 2654 530 2720 quod
550 2664 634 2706 est
657 2670 778 2710 esse
804 2657 928 2717 aliis
951 2658 1229 2713 vocabulis
1248 2657 1566 2728 Symbolum
1586 2657 1956 2716 enuntiatum,

384 2746 653 2814 contingit
680 2763 872 2802 omnes
893 2749 1230 2802 anathemati
1254 2750 1529 2818 subjectos
1549 2762 1691 2807 esse.
1723 2748 1814 2817 qui
1840 2746 1963 2801 aliis
2006 2752 2015 2761 ‘

384 2837 606 2904 quidem
640 2840 943 2911 vocabulis,
981 2840 1173 2899 eodem
1201 2855 1328 2893 vero
1357 2853 1521 2901 sensu
1557 2838 1697 2892 idem
1733 2837 1964 2908 Symbo-

380 2928 501 2982 lum
551 2929 865 2984 ediderunt.
895 2931 1050 2995 Quod
1084 2933 1199 2989 fere
1234 2945 1427 2989 omnes
1470 2929 1641 2984 sancti
1672 2929 1962 2986 fecerunt:

385 3019 481 3072 sed
513 3019 615 3073 hoc
649 3022 842 3073 l‘alsum
872 3031 1036 3089 atque
1069 3021 1445 3089 blasphemum
1500 3028 1603 3075 est.
1638 3019 1754 3073 Non
1797 3019 1964 3089 igitur

388 3110 745 3165 interdictum
776 3123 859 3165 est
888 3113 1008 3166 aliis
1042 3113 1226 3166 verbis
1249 3111 1464 3166 veritati
1488 3110 1963 3165 consentientibus

2056 627 2380 695 ἀντιλογιῶν
2409 629 2469 682 τὸ
2519 630 2814 699 κεφάλαιον
2864 631 2959 683 καὶ
3007 630 3245 700 μάλιστα
3291 631 3637 705 ἰσχυρότερον

2053 721 2310 774 ἄκουσον.
2911 748 2924 761 ο

2137 811 2227 866 Ἐν
2256 811 2333 881 τῷ
2368 814 2511 867 τέλει
2552 813 2663 866 τῶν
2694 816 2835 884 ὅρων
2861 814 3100 886 ἑκάστης
3126 816 3236 868 τῶν
3261 816 3498 869 συνόδων
3531 816 3634 871 ἀπὶ

2052 902 2154 972 τῆς
2192 907 2386 973 τρίτης
2428 909 2753 976 ἀρχομένων
2802 910 3011 961 κεῖνται
3069 907 3212 961 οὕτω
3258 909 3404 961 κατᾶ
3440 908 3635 977 ῥῆμα·

2062 1015 2081 1049 ι
2120 997 2340 1050 Τούτων
2390 1000 2872 1066 ἀναγνωσθέντων,
2908 1000 3109 1070 ὥρισεν
3144 1004 3176 1070 ή
3213 1000 3344 1068 ἁγία
3396 1000 3638 1067 σύνοδος,

2059 1091 2250 1159 μηδενὶ
2292 1092 2494 1156 ἐξεῖναι
2539 1092 2733 1160 ἑτέραν
2774 1092 2961 1144 πίστιν
3007 1092 3331 1162 προφέρειν,
3367 1093 3398 1162 ἢ
3458 1109 3612 1145 συντι

2057 1180 2228 1245 θέναι,
2258 1184 2290 1252 ἦ
2325 1186 2564 1253 φρονεῖν,
2596 1183 2628 1252 ἢ
2660 1184 2939 1236 διδάσκειν
2976 1184 3181 1249 ἑτέρως
3203 1200 3214 1213 ·
3262 1187 3391 1243 τοὺς
3421 1183 3476 1236 δὲ
3514 1182 3637 1235 1:0)—

2060 1273 2299 1341 μῶντας,
2346 1274 2644 1342 κληρικοὺς
2699 1276 2798 1343 μὲν
2854 1274 3260 1345 καθαιρεῖσθαι,
3297 1274 3523 1337 λαῖκοῦς
3578 1272 3636 1325 δὲ

2056 1364 2575 1430 ἀναθεματίζεσΰαι.
2613 1384 2631 1417 ι

2126 1455 2344 1523 Ταύτης
2375 1457 2474 1525 τῆς
2514 1457 2723 1520 ἑννοίας
2775 1458 2873 1511 καὶ
2923 1457 3133 1510 τούτοιν
3181 1458 3367 1527 σχεδὶν
3401 1457 3510 1510 τῶν
3544 1459 3640 1526 ρη-

2062 1545 2247 1613 μάτων
2276 1546 2385 1597 εἰσὶ
2407 1545 2474 1598 τὰ
2503 1547 2807 1617 κωλύματα
2842 1548 3044 1603 πάντα.
3076 1547 3206 1600 Ἐπὶ
3232 1547 3445 1607 τούτοις
3476 1548 3639 1614 ἡμεῖς

2059 1636 2135 1698 ὼς
2206 1639 2625 1708 ἀναντιρῤήτοις
2698 1639 3149 1709 διισχυριζόμεθα
3224 1638 3514 1705 λέγοντες,
3565 1638 3641 1707 μὴ

2060 1729 2171 1785 δεῖν
2214 1729 2294 1797 τῷ
2346 1729 2600 1800 συμϐόλῳ
2653 1730 2789 1800 μηδὲ
2839 1731 2936 1800 τὴν
2982 1729 3244 1799 ἀλήθειαν
3295 1728 3636 1799 προσθεῖναι.

2076 1820 2230 1872 Ἐπὶ
2275 1820 2365 1872 διὰ
2396 1820 2506 1872 τῶν
2538 1821 2961 1892 προειρημένων
3009 1821 3273 1891 ῥημάτων
3307 1820 3638 1882 κεκώλυται.

2062 1917 2153 1973 καί
2185 1915 2285 1966 οὒκ
2313 1912 2518 1979 sient.
2563 1915 2702 1983 llp‘u;
2732 1914 2766 1968 ἃ.
2797 1914 2939 1973 πάνυ
2970 1914 3182 1968 πολλῶν
3218 1915 3282 1966 ἑκ
3306 1911 3399 1964 τοῦ
3437 1911 3640 1983 μέρους

2062 2008 2305 2060 Λατίνων
2358 2007 2531 2075 λόγων
2581 2006 2887 2078 ῥηθέντων,
2943 2008 3001 2060 ἐν
3058 2005 3289 2069 ἐκείνοις
3348 2000 3491 2076 ἦσαν
3546 2007 3641 2059 καὶ

2059 2116 2257 2154 ταυτα.

2075 2213 2448 2283 Ἀποδείξεις
2495 2215 2614 2271 τῶν
2645 2215 2758 2282 τὴν
2801 2216 3093 2285 ἀλήθειαν
3133 2214 3264 2269 δεῖν
3292 2210 3643 2282 προσθεῖναι

2638 2288 2718 2351 τῷ
2749 2288 3055 2356 Συμϐόλῳ.

2143 2375 2205 2429 'H
2242 2375 2484 2436 σύνοδος.
2513 2376 2545 2447 ἢ
2577 2378 2635 2429 αἱ
2670 2375 2880 2431 σύνοδοι
2929 2378 2991 2430 οὐ
3039 2376 3101 2429 τὸ
3147 2376 3450 2446 προφέρειν
3480 2370 3647 2441 μόνον

2063 2469 2247 2521 πίστιν
2288 2469 2502 2535 ἑτέραν,
2537 2469 2672 2522 ἀλλὰ
2727 2470 2823 2523 καὶ
2873 2469 2933 2522 τὸ
2980 2467 3292 2521 συντιθέναι
3320 2466 3545 2518 κωλύει.
3580 2463 3643 2516 Ei

2060 2562 2117 2614 δὲ
2148 2562 2209 2614 τὸ
2256 2563 2450 2630 ἑτέραν
2506 2562 2694 2615 πίστιν
2750 2561 3061 2615 συντιθέναι
3114 2560 3235 2612 ἀντὶ
3287 2556 3384 2611 τοῦ
3430 2557 3644 2626 ἑτέραις

2062 2656 2237 2720 λέξεσι
2290 2654 2679 2725 πεφρασμένον
2735 2653 3006 2724 σύμϐολον
3071 2652 3278 2715 νοοῦσι,
3340 2650 3639 2716 συμϐαίνει

2063 2751 2147 2802 ὅτι
2192 2749 2399 2812 πάντες
2449 2751 2498 2802 οῑ
2543 2748 2760 2817 ἑτέραις
2812 2748 2911 2817 μὲν
2953 2746 3155 2810 λέξεσι,
3197 2746 3314 2807 τοῖς
3357 2744 3545 2803 αὐτοῖς
3587 2741 3644 2795 δὲ

2063 2844 2320 2911 νοήμασι,
2357 2841 2416 2893 τδ
2445 2840 2577 2894 αὐτὸ
2616 2841 2901 2909 ἑκθέμενοι
2942 2839 3237 2908 σύμϐολον,
3270 2839 3408 2907 ὅπερ
3461 2834 3646 2905 σχεδὸν
3742 2891 3765 2909 ο

2066 2936 2267 2997 παντες
2293 2936 2341 2987 oi
2376 2933 2524 3002 ἅγιοι
2561 2934 2935 3002 πεποιήκασιν
2997 2932 3255 3001 (ἕκαστος
3301 2931 3411 2999 γὰρ
3442 2926 3645 2990 αὐτῶν,

2064 3029 2097 3098 ἢ
2129 3030 2177 3082 οῖ
2222 3027 2489 3089 πλείονες,
2525 3028 2853 3098 ἐποιήσαντο
2899 3025 3136 3087 πίστεως
3190 3023 3434 3086 ἑκθέσεις
3463 3020 3647 3087 ἰδίας).

2067 3122 2172 3174 ὑπ’»
2218 3118 2469 3188 ἀνάθεμα
2510 3121 2670 3175 εἰσιν.
2738 3117 2899 3172 Ἀλλά
2960 3120 3067 3188 μὴν
3111 3114 3266 3169 τοῦτο
3313 3113 3503 3182 ψεῦδος
3551 3113 3650 3166 καὶ

386 3200 636 3254 eamdem
667 3201 824 3254 tidem
848 3218 1146 3269 exponere,
1169 3201 1263 3255 scd
1294 3202 1622 3267 contrariam
1651 3200 1811 3265 [idem
1829 3217 1961 3256 con-

2070 3214 2412 3285 βλάσφημον.
2446 3212 2559 3266 Οὐκ
2588 3211 2697 3281 ἄρα
2732 3209 3040 3264 κεκώλυται
3073 3209 3134 3261 τὸ
3184 3207 3399 3277 ἑτέροις
3433 3204 3646 3275 ῥήμασι

388 3288 652 3356 scribere,
687 3290 737 3345 id
762 3291 1103 3361 prohibitqu
1138 3301 1239 3361 est.

464 3563 740 3621 Secundo.
777 3564 984 3631 Quarta
1034 3565 1275 3637 synodus
1310 3566 1474 3624 etiam
1508 3581 1699 3635 sapere
1752 3581 1819 3624 ac
1870 3566 1969 3621 do-

378 3672 523 3713 cere
552 3658 730 3722 aliter,
757 3657 936 3717 eidem
965 3657 1186 3728 subjicit
1217 3658 1573 3712 anathemati.
1604 3657 1724 3712 1am
1763 3674 1889 3713 vero
1920 3660 1966 3713 si

395 3765 592 3819 sapere
634 3758 730 3805 aut
758 3750 961 3805 docere
1012 3749 1297 3804 vocabulis
1325 3750 1545 3818 quidem
1578 3752 1721 3814 aliis,
1755 3751 1966 3805 veritati

397 3852 578 3897 tamen
601 3842 1076 3898 consentientibus
1104 3843 1156 3896 id
1190 3843 1468 3912 prohibet,
1498 3842 1601 3898 sub
1623 3844 1971 3901 anathemate

395 3945 584 4001 erunt,
609 3935 700 4003 qui
736 3950 890 3989 suam
918 3934 1102 3996 (idem,
1140 3934 1342 4005 quibus
1389 3934 1568 3990 sortiti
1618 3943 1769 4000 sunt,
1804 3950 1972 3989 unus-

398 4026 632 4095 quisque
665 4025 942 4081 iocabulis
972 4028 1297 4080 docuerunt.
1338 4026 1548 4095 Singuli
1573 4025 1721 4079 enim
1753 4035 1971 4080 sancto-

399 4133 544 4181 rum,
574 4119 696 4173 aliis
730 4129 893 4187 atque
919 4118 1042 4173 aliis
1070 4118 1251 4173 verbis
1285 4120 1533 4173 eamdem
1569 4117 1732 4172 ﬁdem
1763 4117 1972 4172 docue-

402 4221 551 4266 runt.
586 4211 818 4266 Atenim
854 4212 958 4266 hoc
988 4211 1282 4267 absurdum
1301 4223 1416 4276 est;
1456 4227 1564 4265 non
1591 4210 1760 4281 igitur
1791 4226 1973 4274 voces,

363 4335 373 4349 η
399 4306 494 4359 sed
526 4304 760 4373 Oppositi
787 4320 983 4360 sensus
1021 4305 1281 4375 prohibiti
1323 4312 1484 4369 sunt;
1519 4303 1820 4371 praesertim
1850 4319 1972 4358 cum

400 4406 457 4451 et
484 4411 676 4466 sapere
709 4394 776 4450 ad
809 4412 1023 4464 sensus,
1051 4412 1158 4451 non
1197 4396 1265 4451 ad
1302 4396 1466 4450 verba
1498 4395 1790 4451 referatur.

474 4575 681 4631 Tertio.
716 4574 878 4629 Sexta
910 4572 1151 4645 synodus
1186 4574 1301 4628 haec
1328 4575 1516 4631 eadem
1551 4577 1735 4637 habet,
1769 4593 1890 4646 quae
1919 4589 1974 4631 et
2006 4558 2048 4612 θ

404 4679 621 4738 quarta.
641 4668 814 4721 Etiam
834 4668 939 4722 hoc
972 4668 1228 4735 amplius,
1262 4667 1470 4722 inhibet
1488 4683 1584 4722 eos
1615 4670 1705 4737 qui
1736 4670 1973 4740 aliquam

408 4777 603 4816 vocum
658 4761 979 4823 novitatem,
1030 4760 1134 4813 hoc
1181 4767 1265 4811 est
1296 4760 1544 4814 vocabuli
1576 4762 1970 4827 inventionem,

410 4850 680 4905 inducunt
710 4849 775 4903 ad
809 4850 1149 4905 eversionem
1186 4864 1374 4902 eorum
1402 4865 1520 4918 qua:
1540 4850 1608 4904 ab
1635 4850 1742 4906 illis
1770 4852 1977 4906 sancita

409 4951 560 5017 sunt.
621 4944 698 5000 Ex
726 4958 835 5012 quo
867 4951 1097 5011 apparet
1134 4942 1254 4997 illas
1286 4950 1496 4995 tantum
1565 4958 1728 4998 voces
1782 4946 1980 4998 vetitas

408 5051 552 5099 esse,
581 5050 703 5104 quae
732 5033 798 5088 ad
824 5034 1165 5087 eversionem
1218 5049 1409 5088 eorum
1446 5048 1568 5102 qua:
1612 5034 1681 5088 ab
1714 5035 1819 5089 illis
1876 5036 1978 5088 lata

408 5137 463 5181 et
492 5127 711 5180 condita
750 5134 912 5180 sunt:
968 5140 1075 5179 non
1103 5134 1286 5179 autem
1318 5140 1410 5178 eas
1438 5141 1558 5194 quae
1589 5141 1695 5180 non
1731 5127 1796 5181 ad
1827 5143 1985 5181 ever-

364 5260 367 5265 .
409 5222 642 5284 sionem,
682 5220 777 5275 sed
805 5218 1052 5273 eamdem
1080 5226 1298 5273 servant
1348 5218 1784 5287 intelligentiam,
1823 5219 1982 5273 indu-

409 5323 629 5367 cuntur.

485 5406 775 5461 Praeterea.
801 5406 981 5461 Tertia
1015 5408 1256 5478 synodus
1291 5408 1559 5472 decernit,
1596 5426 1703 5466 non
1730 5425 1984 5481 Oportere

413 5496 600 5556 aliam,
637 5508 836 5565 pruéter
870 5497 1162 5563 Nic-ainant,
1196 5499 1355 5553 [idem
1405 5500 1645 5569 proferre
1668 5519 1687 5557 :
1742 5503 1982 5572 alioquin

414 5589 517 5640 sub
546 5591 893 5644 anathemate
921 5605 1062 5653 esse,
1109 5591 1203 5657 qui
1258 5592 1308 5644 id
1356 5602 1538 5662 agant.
1574 5593 1816 5663 Symboli
1859 5611 1987 5649 vero

418 5677 669 5732 secunda:
724 5680 938 5749 synodi,
997 5698 1105 5749 quo
1137 5698 1238 5736 nos
1298 5683 1460 5737 modo
1496 5685 1720 5746 utimur,
1781 5685 1984 5738 nullam

422 5764 753 5818 mentionem
784 5765 930 5821 fecit.
952 5768 1008 5823 Si
1041 5769 1205 5839 igitur
1222 5770 1461 5841 Symboli
1492 5772 1745 5826 secunda:
1773 5773 1988 5841 synodi,

424 5869 684 5941 tanquam
711 5862 856 5932 quod
878 5864 1151 5920 diversum
1204 5864 1294 5931 sit,
1330 5864 1667 5933 alterumque
1701 5863 1924 5919 exsistat
1961 5882 1988 5919 ιι

2068 3303 2423 3374 συμφωνοῦσι
2458 3306 2524 3372 τῇ
2558 3303 2785 3375 ἀληθείᾳ
2810 3303 2910 3373 τὴν
2944 3302 3117 3370 αὐτὴν
3164 3300 3350 3353 πίστιν
3381 3296 3648 3359 ἑκθεῖναι,

2069 3398 2205 3451 ἀλλὰ
2255 3397 2317 3451 τδ
2358 3398 2609 3452 ἐναντίαν
2664 3397 2846 3450 πίστιν
2901 3392 3240 3465 συγγράψαι,
3277 3390 3435 3445 τοῦτο
3474 3387 3652 3443 κεκῶφ

2069 3489 2244 3543 λυται.

2144 3581 2267 3633 Ἔτι
2301 3582 2333 3650 ή
2364 3581 2406 3634 δ’
2436 3579 2654 3643 σύνοδος
2701 3579 2797 3633 καὶ
2839 3584 2902 3633 τὸ
2953 3578 3175 3648 φρονεῖν
3231 3575 3328 3629 καὶ
3374 3573 3652 3629 διδάσκειν

2071 3673 2318 3741 ἑτέρους,
2352 3672 2458 3725 ὑπὸ
2491 3672 2550 3725 τὸ
2600 3671 2731 3725 αὐτὸ
2784 3668 3076 3723 ὑποϐάλλει
3117 3668 3389 3737 ἀνάθεμα.
3418 3667 3480 3719 ΕΞ
3509 3656 3565 3719 δὲ
3591 3665 3652 3717 τὸ

2072 3767 2314 3836 φρονεῖν,
2344 3764 2377 3834 ἢ
2420 3763 2716 3830 διδάσκειν,
2753 3762 2969 3828 λέξεσιν
3010 3760 3228 3831 ἑτέραις
3262 3759 3384 3828 μὲν,
3421 3772 3649 3827 συμφω-

2072 3855 2226 3909 νοῦσι
2262 3856 2320 3909 δὲ
2374 3858 2440 3927 τῇ
2497 3855 2748 3925 ἀληθείᾳ,
2779 3854 2939 3907 τοῦτο
2988 3852 3212 3917 κωλύει,
3245 3852 3353 3904 ὑπὸ
3398 3851 3649 3919 ἀνάθεμα

2073 3950 2297 4015 πάντες,
2330 3950 2379 4000 οῖ
2429 3943 2517 4011 αἷς
2564 3949 2753 4018 ἔτυχεν
2801 3947 3035 4008 ἑκαστος
3065 3945 3247 4010 λέξεσι
3288 3944 3389 4014 τὴν
3438 3940 3651 3995 ἑαυτῶν

2074 4041 2258 4095 πίστιν
2306 4040 2670 4102 διδάσκοντες,
2722 4039 2995 4100 Ἕκαστος
3043 4038 3153 4108 γὰρ
3202 4039 3312 4090 τῶν
3350 4037 3522 4105 ἁγίων
3556 4037 3654 4091 ἀλ-

2073 4131 2195 4194 λαις
2231 4133 2327 4185 καὶ
2358 4131 2549 4194 ἄλλαις
2594 4131 2774 4195 λέξεσι
2815 4129 2916 4199 τὴν
2959 4129 3130 4198 αὐτὴν
3157 4128 3347 4180 πίστιν
3369 4126 3655 4181 διδάσκου.

2078 4241 2184 4280 σιν.
2223 4224 2386 4285 Ἀλλὰ
2427 4223 2532 4293 μὴν
2573 4223 2734 4276 τοῦτο
2779 4223 3000 4277 ἄτοπον.
3038 4224 3153 4275 Οὐκ
3189 4225 3297 4293 ἀρα
3328 4223 3425 4283 τὰς
3456 4220 3652 4284 λέξεις,

2076 4317 2210 4370 ἀλλὰ
2244 4316 2311 4376 τὰ
2358 4316 2711 4385 ἀντικείμενα
2761 4318 3011 4384 νοήματα
3048 4314 3453 4368 κεκωλύκασιν.
3502 4314 3657 4366 Ἐπεὶ

2077 4409 2171 4476 καὶ
2202 4405 2377 4471 ἄλλως
2414 4405 2472 4458 τὸ
2520 4408 2740 4475 φρονεῖν
2777 4408 2857 4468 εἰς
2891 4405 2959 4458 τὰ
3012 4405 3262 4475 νοήματα
3295 4403 3654 4474 ἀναφέρεται,

2078 4501 2195 4561 ἀλλ’
2221 4501 2324 4557 οὐκ
2359 4501 2439 4561 εἰς
2472 4500 2572 4562 τὰς
2602 4497 2805 4567 λέξεις.

2153 4594 2276 4647 ΙἹεῖτι
2311 4595 2342 4658 ή
2372 4592 2509 4665 ἕκτη
2553 4592 2623 4645 τὰ
2658 4592 2800 4645 αύτᾶ
2841 4606 2900 4643 τε
2953 4588 3126 4642 ταῦτα
3165 4592 3230 4659 τῇ
3262 4590 3304 4643 δ’
3340 4589 3519 4659 φησί’
3568 4588 3659 4641 καὶ

2078 4683 2158 4736 ἑτι
2189 4684 2385 4735 κωλύει
2409 4682 2533 4751 τοὺς
2568 4679 2956 4748 καινοιρωνίαν,
2981 4680 3103 4749 ἦτοι
3136 4680 3333 4749 λέξεως
3365 4678 3659 4749 ἑφεύρεσιν

2080 4776 2399 4842 εἰσάγοντας
2434 4774 2570 4845 πρὸς
2621 4771 2938 4842 ἀνατροπὴν
2972 4771 3084 4825 τῶν
3139 4773 3230 4825 ὑπ’
3277 4772 3455 4833 αὐτῶν
3486 4771 3656 4840 διοριο

2081 4868 2338 4921 σθέντων.
2401 4866 2522 4933 Ἀφ’
2582 4858 2645 4921 οὗ
2706 4865 2959 4935 φαίνεται
3011 4866 3224 4924 ὲκείνας
3292 4863 3399 4915 τῶν
3454 4863 3660 4930 λέξεων

2080 4957 2460 5023 κεκωλῦσθαι,
2513 4955 2570 5010 αἲ
2624 4956 2761 5026 πρὸς
2799 4954 3115 5025 ἀνατροπὴν
3160 4954 3269 5006 τῶν
3321 4953 3661 5020 ἐγκειμένων

2080 5054 2393 5119 εἰσάγονται
2422 5066 2436 5082 ·
2470 5051 2528 5103 ού
2565 5052 2673 5119 μὴν
2725 5049 2825 5113 τὰς
2864 5050 2940 5121 μὴ
2971 5047 3107 5119 πρὸς
3145 5045 3483 5116 ἀνατροπὴν,
3519 5045 3661 5113 ἀλλᾷ

2080 5144 2248 5200 ταυτδ
2272 5145 2453 5214 νόημα
2496 5141 2798 5206 σωζούσαις.

2156 5400 2276 5454 Ἔτι
2324 5400 2355 5469 ὴ
2416 5405 2464 5466 γ’
2516 5397 2735 5458 σύνοδος
2788 5396 3103 5466 διορίζεται,
3161 5394 3236 5466 μὴ
3298 5396 3413 5447 δεῖν
3463 5394 3660 5462 ἑτέραν

2084 5495 2268 5546 πίστιν
2322 5492 2621 5561 προφέρειν
2668 5489 2821 5557 παρὰ
2865 5489 2966 5555 τὴν
3003 5490 3061 5540 ἑν
3091 5487 3300 5557 Νικαίᾳ
3330 5503 3341 5514 ·
3369 5487 3418 5538 εί
3466 5486 3521 5537 δὲ
3556 5488 3661 5553 μὴ,

2087 5587 2191 5639 ὑπὸ
2231 5585 2478 5654 ἀνάθεμα
2517 5582 2659 5637 εἶναι
2709 5584 2837 5646 τοὺς
2877 5581 3038 5636 τοῦτο
3091 5579 3399 5641 ποιοῦντας.
3451 5580 3557 5631 Του
3605 5578 3660 5629 δὲ

2089 5678 2361 5747 συμϐόλου
2397 5680 2496 5748 τῆς
2543 5675 2589 5747 β’
2643 5676 2885 5739 συνόδου,
2920 5668 2964 5743 ᾧ
3016 5676 3176 5745 ἡμεῖς
3223 5672 3485 5742 χρώμεθα
3540 5669 3656 5727 νῦν.

2091 5769 2351 5838 οὐδεμίαν
2406 5772 2701 5838 ἐποιήσατο
2767 5768 2974 5837 μνείαν,
3012 5767 3072 5819 Ei
3126 5766 3224 5835 μὲν
3280 5761 3373 5816 οὖν
3406 5762 3561 5813 τοῦτο
3602 5761 3661 5811 τὸ

2090 5865 2187 5935 τῆς
2222 5863 2269 5932 β’
2323 5863 2539 5917 etv/779'.)
2585 5860 2875 5931 σύμϐολον,
2930 5860 3004 5923 ὡς
3049 5858 3307 5931 διαφέρον
3343 5856 3434 5911 καὶ
3475 5854 3660 5925 ἕτερον
3756 5902 3765 5905 ς
