4124 6410
396 406 507 477 345

1333 387 1447 462 'os
1486 398 2013 463 PROCESSIONE
2046 397 2407 459 SPIRITUS
2447 376 2740 458 sanari.

3562 371 3669 455 sit;

392 525 454 578 ὃν
504 522 599 578 τοῦ
634 522 732 591 τῆς
775 518 1024 591 πρώτης,
1052 518 1143 571 διά
1197 515 1357 570 τοῦτο
1405 515 1504 569 ούκ
1550 515 1709 584 ἔτυχε
1760 514 1980 583 μνήμης

2102 513 2342 583 5)ἰιιὶ)(›1‹›
2372 513 2579 581 primae,
2623 511 2694 563 ob
2737 526 2856 564 eam
2898 525 3117 565 causam
3167 525 3194 563 a
3255 490 3415 563 tertia
3460 510 3671 580 synodo

395 617 503 671 ὑπὸ
542 613 642 686 τῆς
673 614 865 684 τρίτης
898 611 1151 675 συνόδου,
1180 609 1573 679 ἁμαρτάνομεν
1616 609 1778 678 ἡμεῖς
1812 607 1981 672 ἀσύγ-

395 725 618 775 γνωστα
666 706 783 766 νῦν,
813 702 894 773 τῷ
934 702 1035 772 μὲν
1088 702 1190 771 τῆς
1245 702 1472 771 πρώτης
1523 700 1583 753 ού
1622 701 1919 769 χρώμενοι,
1950 697 1979 750 δ

395 803 492 855 καὶ
528 798 711 867 μένειν
747 795 1155 866 άμεταττοίητον
1195 794 1485 864 ἐκύρωσαν
1515 794 1566 845 οξ
1602 793 1865 861 Πατέρες,
1906 791 1984 861 τῷ

397 891 454 944 δὲ
489 889 594 957 τῆς
640 887 903 958 δευτέρας
935 885 1026 940 ἐπ’
1063 884 1396 954 Ἐκκλησίας
1426 901 1484 935 τε
1517 882 1611 935 καὶ
1649 882 1753 951 ἰδία
1783 883 1985 942 πάντες

400 981 872 1050 ἀναγινώσκοντες
906 979 1088 1049 μόνον.
1121 977 1230 1032 Καί
1277 979 1446 1046 ἐσμεν
1488 975 1633 1028 κατά
1665 974 1856 1027 τοῦτον
1891 973 1983 1027 τὸν

401 1074 559 1141 λόγον
589 1071 681 1126 ὑπ’
717 1072 984 1142 ἀνάθεμα.
1019 1071 1083 1123 Εἰ
1107 1069 1152 1123 δ’
1184 1070 1259 1132 ὡς
1301 1067 1496 1121 ταυτὸν
1522 1067 1581 1120 δν
1618 1067 1983 1135 σεσιώπηται,

403 1166 656 1234 φαίνεται
687 1163 882 1217 ταυτὸν
906 1162 965 1216 ὃν
992 1162 1051 1216 ού
1079 1164 1194 1225 τοῖς
1246 1161 1454 1230 ῥήμασι
1487 1159 1727 1228 (τούτοις
1756 1160 1863 1228 γὰρ
1893 1158 1988 1210 καὶ

404 1258 666 1325 πάμπολυ
717 1255 988 1327 διαφέρει,
1070 1253 1391 1328 προσθήκας
1446 1268 1502 1304 τε
1558 1250 1818 1311 πλείστας
1865 1250 1988 1319 ἔχον

406 1351 503 1404 καὶ
555 1350 898 1420 ἀφαιρέσεις)
926 1364 941 1379 ο
983 1347 1101 1401 ἀλλ’
1144 1348 1264 1399 ἔστι
1298 1345 1497 1398 ταυτδν
1556 1346 1671 1407 τοῖς
1725 1344 1985 1412 νοήμασι.

406 1443 496 1496 Διὸ
522 1444 615 1495 καὶ
641 1441 933 1512 ἀμφότερα
959 1441 1019 1494 τό
1048 1458 1107 1493 τε
1139 1441 1241 1510 τῆς
1274 1437 1526 1508 πρώτης,
1554 1438 1615 1490 τό
1641 1453 1700 1490 τε
1732 1437 1827 1506 τῆς
1865 1435 1991 1487 δευ-

404 1539 570 1607 τέρας
604 1537 903 1608 σύμϐολον,
935 1540 1009 1599 ὡς
1059 1537 1119 1589 ἓν
1149 1536 1426 1607 ἡγήσαντο
1454 1536 1504 1588 οἱ
1539 1535 1637 1604 τῆς
1682 1532 1732 1601 γ’
1765 1533 1987 1586 συνόδου

409 1632 671 1701 Πατέρες.
707 1632 871 1683 Ὥστε
921 1632 1015 1684 καὶ
1064 1633 1173 1685 πᾶν
1222 1630 1491 1701 σύμϐολον
1544 1628 1640 1699 τὴν
1691 1626 1863 1697 αὐτὴν
1910 1623 1993 1690 τῷ

407 1724 505 1791 τῆς
534 1723 759 1793 πρώτης
808 1723 1016 1776 ἔννοιαν
1053 1723 1224 1787 σῶζον
1280 1722 1369 1794 εἴη
1402 1723 1468 1775 ἂν
1501 1724 1735 1784 ἐκείνοις
1765 1719 1987 1772 ταυτόν.

408 1818 517 1871 Καὶ
541 1816 694 1869 οὐδὲν
726 1816 865 1886 πρὸς
895 1816 986 1869 τὸν
1017 1816 1194 1885 λόγον,
1224 1817 1354 1870 ὅταν
1403 1816 1635 1885 λέγηται
1669 1814 1745 1883 μὴ
1780 1813 1989 1883 τολμᾷν

408 1908 762 1979 παραδιδόναι
807 1908 997 1978 ἕτερον
1050 1908 1343 1975 σύμϐολον.
1386 1909 1615 1978 Ἕτερον
1670 1908 1778 1974 γάρ
1824 1905 1987 1956 ἀκου-

411 2002 567 2055 στέον
613 2000 675 2054 τὸ
704 2001 803 2070 τῆς
855 2000 1240 2071 ἀντικειμένης
1283 1999 1516 2063 ἐννοίας,
1542 1999 1635 2053 καὶ
1659 1997 1779 2066 οὐχὶ
1811 1997 1871 2049 τὸ
1900 1995 1987 2047 λέ-

409 2091 525 2165 ξεσι
551 2093 846 2161 διαφέρον·
882 2093 1203 2163 ἐπειδήπερ,
1240 2093 1315 2156 ὡς
1359 2092 1598 2162 εἴρηται,
1624 2090 1685 2141 τδ
1727 2089 1827 2155 τῆς
1868 2088 1989 2139 δευ-

408 2184 597 2252 τέρας,
621 2184 876 2235 πλεῖστον
903 2185 1023 2245 ταῖς
1061 2181 1242 2247 λέξεσι
1286 2181 1546 2248 διαφέρον
1574 2177 1668 2230 τοῦ
1708 2176 1808 2245 τῆς
1835 2172 1989 2241 πρώ-

410 2292 533 2344 της,
564 2277 663 2328 οὑκ
710 2274 971 2344 ἐνομίσθη
1031 2275 1222 2345 ἓτερον
1272 2270 1433 2327 εἶναι.
1463 2271 1629 2323 Ὥστε
1685 2263 1989 2337 συμπεραί-

415 2383 587 2430 νεται,
618 2367 698 2417 ὅτι
748 2367 814 2417 τά
843 2366 943 2437 τὴν
970 2366 1181 2418 ἔννοιαν
1227 2365 1469 2429 σώζοντα
1523 2362 1623 2432 τὴν
1676 2360 1847 2428 αὐτήν
1881 2359 1988 2408 εἶσι

417 2460 608 2522 ταυτα,
638 2457 742 2511 κᾶν
770 2460 888 2521 ταῖς
919 2457 1101 2523 λέξεσι
1141 2457 1499 2527 διαφέρωσιν,
1533 2453 1598 2507 δν
1633 2452 1838 2523 τρόπον
1870 2448 1989 2502 ἐστὶ

418 2554 512 2606 καὶ
541 2553 635 2621 τῆς
671 2549 715 2620 β’
740 2552 937 2605 ταυτὸν
973 2551 1049 2623 τῷ
1090 2551 1188 2620 τῆς
1215 2549 1457 2621 πρώτης.

2086 604 2233 657 nulla
2268 605 2406 657 facta
2433 614 2517 657 est
2551 605 2777 665 mentio,
2818 601 3149 671 inexpiabile
3176 602 3357 655 scelus
3381 616 3480 657 nos
3511 602 3673 657 modo

2086 697 2483 751 committimus
2533 696 2794 765 Symbolo
2831 694 3017 764 prima:
3069 710 3177 748 non
3209 693 3415 747 utendo
3460 713 3472 748 :
3524 695 3671 762 quod

2087 800 2148 844 ut
2177 798 2425 844 maneret
2458 789 2819 852 immutabile,
2858 789 3048 843 Patres
3083 797 3387 842 sanxerunt
3421 803 3436 839 :
3469 802 3670 842 secun-

2087 881 2171 935 dae
2196 897 2328 935 vero
2363 891 2575 934 tantum
2615 879 2932 951 Symbolum
2987 892 3101 934 tum
3144 880 3197 933 in
3230 879 3497 944 Ecclesia,
3556 889 3670 933 tum

2089 973 2342 1041 privatim
2374 988 2566 1028 omnes
2594 973 2897 1029 recitando.
2926 973 2991 1027 Et
3026 976 3329 1027 secundum
3381 972 3525 1027 hanc
3578 988 3670 1025 ra-

2092 1068 2294 1118 tionem
2330 1066 2431 1119 sub
2463 1065 2811 1119 anathemate
2868 1080 3076 1119 sumus.
3123 1063 3179 1117 Si
3226 1080 3355 1119 vero
3409 1073 3670 1133 tanquam

2091 1157 2235 1211 idem
2270 1159 2362 1220 sit,
2394 1158 2611 1212 silentio
2640 1157 2978 1227 praeteritum
2997 1165 3103 1219 est,
3133 1156 3276 1211 idem
3308 1171 3429 1211 esse
3455 1156 3672 1211 videtur

2090 1266 2200 1305 non
2241 1250 2425 1304 verbis
2455 1249 2562 1321 (his
2590 1252 2794 1303 etenim
2833 1250 3061 1303 tnnltttm
3117 1249 3410 1303 admodum
3463 1249 3671 1313 diﬁ‘ert,

2090 1344 2401 1398 alditioncs
2431 1342 2698 1412 plurimas
2728 1342 2958 1405 habens,
2988 1351 3044 1395 et
3098 1342 3497 1411 ademp:ionesl
3524 1360 3538 1408 ;
3575 1343 3672 1397 sed

2091 1446 2176 1491 est
2219 1437 2361 1490 idem
2410 1451 2573 1491 sensu
2625 1444 2682 1490 et
2729 1435 3109 1505 intelligentia.
3140 1434 3319 1501 Quare
3380 1444 3675 1505 utrumque

2095 1528 2414 1599 Symbolum
2450 1538 2561 1580 tum
2595 1528 2808 1597 prium,
2834 1537 2947 1579 tum
2976 1526 3249 1589 secundze,
3282 1525 3451 1579 veluti
3481 1542 3687 1590 unum,

2096 1620 2287 1675 Patces
2354 1620 2527 1675 tertiae
2571 1619 2763 1689 synodi
2821 1618 3072 1672 arbitrati
3126 1628 3278 1673 sunt.
3328 1618 3676 1687 QuaprOpter

2094 1715 2257 1768 etiam
2324 1728 2487 1768 omne
2542 1713 2861 1784 Symbolum
2920 1696 3168 1766 eamdem
3227 1712 3675 1782 intelligentiam,

2094 1824 2256 1877 quam
2286 1818 2340 1862 et
2365 1807 2680 1879 Symbolum
2714 1807 2901 1876 primae
2928 1821 3176 1868 servans,
3203 1805 3344 1859 idem
3375 1805 3481 1859 erit
3512 1814 3678 1874 atque

2092 1901 2207 1965 illa,
2240 1909 2296 1954 et
2336 1900 2473 1953 nihil
2507 1898 2640 1953 facit
2672 1898 2740 1952 ad
2777 1908 3161 1968 argumentum
3195 1908 3251 1952 et
3303 1899 3571 1951 rationem
3606 1896 3676 1950 il-

2093 1992 2272 2046 lorum
2304 1991 2401 2059 qui
2431 1990 2624 2043 dicunt
2676 2005 2783 2043 non
2817 1990 3131 2044 audendum
3172 1991 3320 2045 aliud
3355 1990 3676 2061 Symbolum

2098 2085 2348 2150 tradere;
2377 2085 2525 2138 aliud
2566 2085 2713 2138 enim
2754 2085 3214 2150 subaudiemtum,
3248 2088 3394 2157 quod
3444 2087 3516 2141 sit
3547 2103 3681 2141 eon-

2097 2177 2280 2229 traria:
2334 2175 2739 2244 intelligentiae,
2801 2192 2914 2230 non
2975 2187 3157 2231 autem
3210 2181 3355 2247 quod
3399 2179 3682 2232 vocabulis

2100 2264 2317 2319 dtﬂ‘erat
2345 2284 2357 2319 :
2392 2265 2862 2335 quandoquidem,
2902 2275 2957 2317 ut
2991 2267 3199 2321 dictum
3231 2278 3334 2331 est,
3362 2268 3678 2339 Symbolum

2098 2358 2352 2411 sec-undae
2381 2356 2594 2426 synodi,
2631 2373 2755 2412 cum
2794 2358 3030 2411 nmltum
3068 2358 3289 2413 diﬁ‘erat
3341 2362 3621 2415 vocabulis
3650 2377 3680 2415 a

2102 2448 2363 2518 Sytnbulo
2423 2447 2633 2518 primae,
2672 2463 2780 2502 non
2839 2461 3016 2504 tamen
3072 2450 3221 2503 aliud
3256 2465 3376 2506 esse
3405 2452 3685 2505 existima.-

2102 2548 2216 2592 tum
2247 2548 2350 2593 est.
2384 2539 2565 2605 Quare
2596 2541 2950 2595 concluditur
2986 2559 3000 2597 :
3031 2542 3163 2609 Quae
3194 2544 3442 2599 eamdem
3463 2560 3687 2619 servant

416 2643 1029 2713 intelligentiam,etiam
1064 2645 1107 2698 si
1132 2644 1313 2698 verbis
1339 2642 1818 2706 ditl‘erant,eadem
1843 2648 1984 2698 esse,
2026 2631 2487 2701 quemadmodum
2546 2641 2602 2690 et
2670 2635 2987 2707 Symbolum
3021 2637 3274 2693 secunda:
3304 2638 3682 2708 synodi,idem

417 2749 507 2795 est
538 2756 603 2795 ac
633 2741 953 2810 Symbolum
989 2741 1197 2810 prima}.

488 2832 610 2885 Ἔτι
654 2834 863 2904 ἑκάστη
916 2832 1133 2895 σύνοδος
1190 2830 1327 2901 μετά
1392 2830 1492 2898 τὴν
1539 2827 1850 2896 ἀνάγνωσιν
1896 2821 1993 2877 τοῦ

415 2927 537 2983 ὅλου
562 2927 761 2994 ἑαυτῆς
800 2930 949 2996 ὅρου,
978 2926 1039 2979 ού
1073 2925 1232 2995 μόνον
1260 2923 1353 2975 τοῦ
1381 2922 1659 2990 Συμϐόλου
1688 2962 1702 2985 ,
1739 2919 1873 2973 ἀλλὰ
1900 2917 1993 2970 τού

426 3020 733 3089 σύμπαντος
788 3020 938 3089 ὅρου,
997 3016 1172 3088 φησί·
1232 3015 1451 3068 Τούτων
1494 3013 1992 3079 ἀναγνωσθέντων,

419 3110 618 3180 ὥρισεν
647 3112 678 3181 ἠ
716 3108 849 3174 ἁγία
881 3109 1095 3171 σύνοδος
1130 3108 1320 3178 μηδενὶ
1346 3107 1545 3170 ἐξεῖναι
1576 3105 1771 3174 ἑτέραν
1805 3108 1994 3156 πίστιν

2176 2814 2407 2870 Rursus.
2443 2816 2794 2886 Unaquteque
2826 2817 3091 2888 synodus,
3114 2827 3235 2885 post
3274 2821 3559 2877 recitatatn
3594 2833 3683 2878 to-

2101 2918 2211 2964 tam
2254 2925 2408 2963 suam
2438 2909 2841 2973 deﬁnitionem,
2897 2926 3008 2964 non
3056 2919 3267 2965 tantum
3339 2914 3688 2985 Symbolum,

2102 3008 2219 3055 ait:
2265 3000 2360 3055 His
2410 3003 2593 3066 lectis,
2650 3002 2849 3057 statuit
2916 3015 3104 3059 sancta
3144 3006 3410 3073 synodus,
3475 3011 3687 3066 nemini

2101 3094 2269 3147 licere
2288 3094 2448 3147 aliam
2494 3094 2653 3148 ﬁdem
2675 3095 2951 3164 proferre.
2970 3096 3154 3161 Quare
3184 3097 3357 3153 illud:
3386 3099 3480 3154 His
3503 3101 3688 3168 lectis,

420 3203 745 3273 προφέρειν.
784 3201 949 3254 Ὥστε
996 3200 1078 3264 τὺ,
1108 3201 1314 3254 τούτων
1348 3197 1825 3265 ἀναγνωσθέντων,
1861 3201 1995 3265 πρδρς

2104 3188 2172 3238 al
2228 3197 2397 3239 totam
2458 3185 2841 3240 deﬁnitionem
2874 3188 3151 3257 refertur;
3197 3192 3364 3262 igitur
3425 3204 3483 3248 et
3534 3198 3686 3266 quod

418 3295 540 3348 ελον
593 3296 684 3347 τὸν
744 3294 869 3363 ὅρον
932 3294 1292 3362 ἀναφέρεται.
1322 3292 1429 3344 Καὶ
1488 3291 1547 3343 τὸ
1583 3290 1711 3359 ἑξῆς
1764 3292 1870 3359 ἄρα
1913 3291 1997 3356 τὸ,

432 3387 661 3457 Ἑτέραν
720 3387 905 3439 πίστιν
951 3387 1027 3456 μὴ
1079 3386 1280 3450 ἑξεῖναι
1331 3388 1653 3457 προφέρειν,
1714 3388 1851 3456 πρὸς
1910 3387 2003 3440 τὸν

421 3477 545 3545 ὅρον
588 3478 680 3529 καὶ
730 3475 860 3528 αὐτὸ
907 3475 1279 3544 ἀναφέρεται·
1317 3478 1439 3545 ἢτοι
1486 3476 1560 3545 μὴ
1610 3476 1813 3541 ἐξεῖναι
1864 3492 2003 3546 προ-

425 3570 613 3639 φέρειν
647 3567 816 3636 ἀλλην
876 3566 1060 3618 πίστιν
1122 3566 1277 3635 παρὰ
1310 3568 1410 3636 τὴν
1457 3568 1515 3618 ὲν
1547 3566 1624 3637 τῷ
1662 3567 1774 3635 apro
1818 3568 2002 3635 ὲγκει-

428 3668 597 3733 μένην
649 3660 727 3731 τῷ
776 3660 1025 3721 καθόλου,
1057 3659 1121 3713 ού
1158 3660 1318 3729 μόνον
1347 3663 1403 3711 ἐν
1429 3659 1507 3728 τῷ
1538 3660 1815 3731 Συμϐόλῳ.
1858 3654 2002 3713 Ἀλλ’

425 3759 549 3808 ὅσον
582 3755 723 3808 κατὰ
754 3755 824 3807 τά
874 3755 1096 3823 ῥήματα
1129 3755 1160 3823 ἡ
1190 3753 1231 3806 δ’
1263 3752 1508 3823 ἔγραψεν
1541 3753 1704 3822 ἕτερα
1735 3752 1839 3820 τῆς
1886 3752 2004 3820 τρί-

424 3864 546 3916 της.
583 3845 679 3897 καὶ
732 3845 768 3915 ἡ
818 3847 1044 3913 πέμπτη
1079 3844 1181 3914 τῆς
1223 3845 1285 3905 δ’.
1321 3847 1412 3897 καὶ
1442 3843 1614 3907 οὕτως
1655 3844 1806 3914 ἑξῆς.
1837 3845 2002 3897 ’Ὥστε

424 3940 554 4007 περὶ
586 3938 683 4006 τῆς
731 3937 964 3990 καθόλου
1010 3935 1247 3997 πίστεώς
1289 3938 1437 3988 ἐστιν
1476 3936 1503 3987 ὁ
1532 3936 1712 4003 λόγος,
1747 3938 1841 3988 καὶ
1873 3937 2003 4007 περὶ

421 4032 528 4084 τῶν
558 4030 867 4101 νοημάτων,
900 4030 960 4083 ού
991 4030 1119 4099 περὶ
1148 4028 1257 4081 τῶν
1290 4028 1492 4095 λέξεων
1518 4029 1723 4084 αὐτῶν.

496 4122 620 4172 Ἔτι
657 4121 687 4189 ή
719 4118 763 4183 ζ’
787 4118 1006 4180 σύνοδος
1038 4119 1159 4171 οὐδὲ
1189 4120 1431 4170 ποιεῖται
1459 4118 1596 4180 ὅλως
1640 4118 1830 4186 μνείαν
1865 4136 2003 4187 συμ-

427 4211 608 4273 ϐόλου,
636 4209 759 4263 οὔτε
785 4209 877 4262 τοῦ
905 4213 1004 4280 τῆς
1033 4209 1280 4278 πρώτης,
1303 4208 1430 4261 οὔτε
1464 4210 1555 4262 τοῦ
1592 4210 1690 4277 τῆς
1716 4210 2000 4279 δευτέρας,

424 4303 541 4356 ἀλλ’
599 4302 784 4364 ἁπλῶς
840 4302 967 4371 ὅρον
1022 4301 1223 4371 ἑαυτῆς
1279 4300 1572 4370 ἐκθεμένη,
1615 4300 1674 4351 ἐν
1729 4299 1806 4368 τῷ
1860 4300 2004 4352 τέλει

427 4396 579 4464 φησὶ,
614 4413 632 4446 ι
679 4393 902 4457 Τούτοις
929 4395 1029 4447 οὐκ
1083 4394 1197 4446 ἔστι
1232 4394 1569 4463 προσθεῖναι,
1601 4394 1695 4445 καὶ
1729 4392 1838 4444 ἀπὸ
1882 4392 2005 4446 τού-

428 4506 536 4540 των
562 4489 663 4540 οὐκ
690 4487 835 4539 ἔστιν
862 4488 1101 4553 ἀφελεῖν.
1135 4486 1197 4538 Εἰ
1228 4485 1285 4537 δέ
1316 4502 1398 4544 τις
1428 4484 1694 4555 προσθείη
1743 4485 1774 4554 ἠ
1810 4486 2004 4553 ἀφέλοι

2107 3277 2375 3346 deinceps
2425 3278 2706 3347 sequitur,
2758 3280 2924 3333 aliam
2980 3282 3140 3337 ﬁdem
3190 3301 3297 3339 non
3332 3287 3502 3343 licere
3554 3304 3688 3358 pro-

2104 3370 2273 3434 ferre.
2310 3372 2378 3425 ad
2415 3380 2581 3426 totam
2618 3374 2999 3430 deﬁnitionem
3025 3380 3407 3448 spectat;boc
3435 3392 3542 3447 est,
3575 3401 3687 3441 non

2104 3463 2272 3519 licere
2329 3466 2578 3533 proferre
2611 3467 2769 3521 aliam
2824 3469 2987 3525 ﬁdem
3016 3511 3030 3535 ,
3067 3486 3262 3540 praeter
3291 3493 3411 3532 eam
3448 3495 3572 3549 qute
3630 3480 3688 3535 in

2105 3557 2425 3612 deﬁnitione
2455 3558 2795 3627 universali,
2830 3578 2940 3615 non
2980 3564 3157 3618 solum
3196 3568 3248 3620 in
3279 3567 3535 3638 Sytnbolo
3557 3586 3692 3626 con-

2107 3649 2334 3704 tinetur.
2370 3649 2475 3703 Sed
2501 3650 2647 3720 quod
2672 3654 2956 3707 attinetad
2986 3660 3178 3721 verba,
3215 3672 3410 3727 qnarta
3445 3664 3692 3732 synodus

2105 3742 2211 3796 alia
2251 3742 2479 3812 scripsit
2532 3760 2560 3797 a
2601 3746 2780 3811 tertia,
2831 3756 2888 3801 et
2913 3749 3104 3817 quinta
3150 3766 3176 3802 a
3214 3764 3435 3820 quarta.
3487 3764 3545 3808 et
3606 3758 3687 3813 sic

2106 3834 2387 3902 deinceps.
2421 3832 2763 3903 Quapropter
2797 3840 2863 3890 de
2918 3842 3215 3895 universali
3274 3844 3377 3897 ﬁde
3428 3856 3515 3900 est
3569 3862 3690 3901 scr-

2109 3939 2217 3986 mo,
2256 3924 2434 3993 deque
2479 3926 2672 3979 iisdem
2727 3932 3046 3995 sententiis,
3093 3949 3201 3986 non
3239 3934 3307 3988 de
3362 3936 3494 4005 ipsis
3528 3954 3690 3994 voca-

2107 4014 2273 4069 bulis.

2176 4107 2444 4163 Praeterea
2475 4114 2705 4179 septima
2732 4114 2977 4185 synodus
3032 4130 3207 4184 neque
3252 4118 3481 4173 omnino
3514 4121 3685 4177 ullam

2107 4200 2236 4254 facit
2280 4205 2617 4259 mentionem
2643 4209 2892 4279 Symboli
2928 4226 3107 4280 neque
3140 4211 3353 4279 prima},
3390 4229 3570 4283 neque
3602 4232 3689 4271 se-

2106 4292 2342 4347 cundae:
2394 4296 2489 4358 sed
2526 4299 2863 4368 simpliciter
2915 4300 3241 4356 deﬁnitione
3288 4318 3386 4356 sua
3435 4305 3607 4373 edita,
3636 4319 3695 4364 et

2106 4385 2398 4453 explicata,
2438 4387 2493 4441 in
2528 4387 2633 4444 ﬁne
2666 4391 2833 4445 dicit:
2878 4411 2895 4442 ι
2936 4392 3031 4447 llis
3064 4409 3172 4447 non
3206 4395 3337 4449 licet
3376 4396 3605 4465 addere,
3632 4409 3690 4454 et

2108 4492 2173 4529 ex
2208 4476 2293 4532 his
2334 4495 2442 4533 non
2482 4481 2611 4535 licet
2653 4483 2922 4539 adimere.
2952 4486 3008 4539 Si
3050 4486 3175 4555 quis
3204 4503 3338 4542 vero
3385 4490 3690 4557 addiderit,

428 4585 538 4636 ἀπο
584 4581 791 4652 ταύτης
829 4584 924 4650 τῆς
980 4582 1235 4648 πίστεως,
1288 4580 1538 4648 ἀνάθεμα
1592 4580 1699 4650 εἴη.
1767 4598 1786 4631 ι
1842 4581 1997 4632 Ὥστε

2108 4581 2163 4624 et
2191 4570 2261 4625 ab
2278 4584 2339 4624 ea
2364 4571 2470 4625 ﬁde
2486 4573 2779 4641 ademerit,
2799 4576 3090 4630 anathema
3107 4578 3197 4631 sit.
3230 4597 3249 4631 ι
3277 4580 3453 4645 Quare
3474 4594 3695 4638 constat

428 4675 591 4741 δῆλον
633 4673 716 4725 ὅτι
769 4673 897 4738 περὶ
952 4673 1189 4734 πίστεως
1244 4669 1416 4738 λέγει,
1450 4671 1543 4722 καὶ
1593 4670 1692 4736 τῆς
1748 4670 1893 4722 κατά
1943 4672 2013 4723 τά

429 4769 682 4834 δὸγματα
715 4763 1111 4823 ἐναντιώσεως.
1142 4763 1216 4815 Οὐ
1249 4763 1357 4832 γάρ
1390 4761 1454 4831 δὴ
1503 4761 1818 4814 κεκώλυκεν
1850 4761 2012 4830 ὅρους

430 4862 531 4927 τὴν
562 4856 894 4925 Ἐκκλησίαν
934 4853 1370 4923 συγγράφεσθαι.

508 4949 651 5012 Ἔτι,
689 4949 756 4999 *Α
785 4951 849 5017 τῇ
883 4947 1082 5015 κ;·ρδία
1130 4945 1209 5006 εἰς
1241 4943 1591 5012 δ.καιοσύιην
1639 4943 2014 5013 πιστεύομεν,

432 5040 608 5094 ταῦτα
634 5043 728 5092 καὶ
758 5040 835 5110 τῷ
871 5041 1099 5108 στόματι
1128 5036 1417 5105 ὁμολογεῖν
1448 5038 1528 5099 είς
1558 5038 1839 5106 σωτηρίαν
1868 5036 2017 5103 ὀφεί-

432 5134 631 5199 λομενο
664 5132 790 5185 εἰδὲ
828 5132 923 5201 μὴ,
944 5130 1137 5200 ἀτελὴς
1169 5130 1300 5198 ἡμῖν
1333 5130 1510 5195 ἔσται,
1541 5131 1633 5181 καὶ
1667 5129 1726 5194 ἐξ
1752 5129 2015 5198 ἡμισείας

435 5222 470 5289 ἡ
506 5221 709 5283 πίστις.
742 5222 831 5270 Δεῖ
885 5218 991 5287 γὰρ
1048 5216 1337 5285 ὁμολογεῖν
1392 5216 1706 5286 ἔμπροσθεν
1751 5218 1862 5268 τῶν
1922 5217 2015 5267 άν-

437 5311 674 5381 θρώπων
728 5312 827 5379 τὴν
864 5310 1070 5373 πίστιν,
1105 5308 1155 5359 εί
1205 5307 1473 5377 μέλλομεν
1514 5310 1610 5361 καὶ
1653 5306 1807 5359 αὐτοὶ
1836 5311 2017 5375 τυχεῖν

437 5404 791 5474 ἀναρρησεως
846 5400 951 5453 ὑπὸ
1003 5400 1100 5453 τοῦ
1159 5400 1412 5468 Σωτῆρος
1461 5400 1555 5454 ἐπὶ
1613 5398 1707 5452 τοῦ
1762 5400 2016 5468 οὐρανίου

440 5492 672 5562 ιιατρδς,
719 5491 862 5543 κατὰ
908 5490 968 5543 τὸ
1021 5490 1201 5556 λόγιον
1254 5487 1444 5541 αὐτοῦ.
1507 5489 1668 5541 Ἀλλά
1718 5490 1787 5541 τὰ
1840 5478 2015 5558 ἀληθῆ

444 5590 661 5653 ἀνάγκη
698 5587 950 5653 φρονεῖν·
982 5585 1075 5635 καὶ
1118 5584 1332 5651 ἀνάγκη
1367 5581 1473 5650 άρα
1501 5581 1791 5650 ὁμολογεῖν
1813 5581 2013 5636 ταῦτα.

444 5679 609 5741 Ὥσιε
651 5676 688 5730 ἃ
738 5677 948 5745 ἀνάγκη
1001 5674 1301 5733 πιστεύειν.
1350 5672 1522 5725 ταῦτα
1574 5674 1674 5725 οὒκ
1724 5674 2017 5725 ἀνεύθυνον

444 5750 625 5841 μόνον,
661 5770 796 5823 ἀλλὰ
827 5774 920 5823 καί
950 5770 1167 5837 ἀνάγκη
1197 5767 1503 5836 ὁμολογεῖν.

513 5864 656 5928 Ἔτι,
690 5865 744 5918 έν
775 5864 885 5924 τοῖς
934 5862 1266 5933 ΙΙρακτικοζ
1304 5859 1400 5929 τῆς
1455 5860 1723 5930 τετάρτης
1771 5859 2019 5925 συνόδου,

2113 4677 2233 4717 eam
2261 4664 2327 4718 de
2347 4665 2452 4718 ﬁde
2479 4666 2685 4731 dicere,
2720 4676 2774 4721 et
2796 4667 2863 4722 de
2884 4683 2948 4723 ea
2980 4685 3099 4738 quae
3129 4669 3182 4724 in
3218 4671 3567 4741 dogmatibus
3583 4684 3695 4740 est,

2114 4756 2535 4812 contrarietate.
2565 4758 2685 4812 Non
2727 4760 2875 4814 enim
2908 4772 3058 4817 certe
3092 4762 3396 4818 Ecclesium
3436 4781 3466 4818 a
3488 4764 3692 4821 deﬁni-

2115 4846 2361 4900 tionibus
2390 4850 2808 4906 eouseribcndis
2851 4853 3056 4907 arcuit.

2185 4936 2454 5008 Insuper;
2492 4941 2624 5007 Quae
2654 4943 2820 4996 corde
2855 4944 2924 4996 ad
2945 4945 3217 5013 justitiam
3244 4947 3542 5010 credimus,
3580 4947 3699 5003 hare

2114 5031 2282 5084 etiam
2315 5048 2414 5086 ore
2463 5036 2715 5087 conﬁteri
2746 5036 2811 5088 ad
2845 5041 3080 5091 saluti-tn
3130 5039 3433 5094 debemus:
3471 5043 3555 5094 sin
3590 5044 3698 5095 mi-

2117 5136 2224 5175 nus
2270 5124 2591 5190 imper-lecta
2647 5125 2807 5179 nobis
2854 5128 3005 5191 erit,
3062 5138 3118 5182 et
3166 5146 3231 5183 ex
3280 5131 3511 5183 dimidio
3538 5129 3695 5184 ﬁdes.

2118 5212 2348 5283 Oportet
2379 5215 2526 5268 enim
2552 5232 2737 5270 coram
2782 5218 3102 5272 hominibus
3135 5220 3291 5275 ﬁdezn
3322 5222 3594 5283 conﬁteri,
3648 5224 3695 5275 si

2120 5320 2221 5358 nus
2256 5320 2472 5373 quoque
2501 5309 2756 5362 volumus
2798 5323 2984 5363 coram
3038 5312 3199 5367 Patre
3239 5313 3448 5366 emlesti
3487 5326 3700 5381 praeco-

2119 5398 2272 5449 nium
2335 5399 2599 5469 consequi
2658 5400 2983 5467 Salvat‘bris,
3043 5406 3348 5457 secundum
3411 5404 3696 5474 eloquium

2119 5490 2261 5559 ejus.
2294 5492 2454 5559 Atqui
2495 5507 2624 5545 vera
2659 5508 2852 5561 sapere
2875 5510 3100 5548 necesse
3128 5508 3248 5562 est;
3286 5497 3451 5566 igitur
3473 5512 3696 5552 necesse

2118 5593 2202 5636 est
2230 5583 2392 5635 etiam
2430 5599 2492 5635 ea
2526 5585 2800 5637 conﬁteri.
2828 5586 3029 5651 Quare,
3067 5603 3189 5656 qnte
3217 5592 3529 5644 necessario
3561 5602 3693 5646 sunt

2119 5673 2413 5734 credenda,
2463 5689 2525 5729 ea
2556 5691 2662 5727 non
2690 5676 2867 5729 solum
2906 5676 3150 5746 impune,
3185 5680 3282 5735 sed
3306 5683 3469 5735 etiam
3502 5699 3697 5739 net'cs—

2121 5769 2267 5819 sario
2296 5777 2421 5817 sunt
2454 5765 2789 5822 conﬁtenda.

2194 5860 2271 5912 Ad
2306 5859 2419 5913 inec
2442 5858 2495 5912 in
2527 5859 2678 5914 Actis
2701 5868 2909 5928 quartae
2941 5862 3159 5936 synodi,
3196 5867 3249 5922 in
3281 5871 3454 5937 prima
3479 5874 3701 5930 actione
