4124 6414
404 302 508 391 ζιιῆ
1387 304 1894 389 a’essantoms
1930 310 1967 388 s

2070 338 2099 392 ι.
2139 302 2210 390 Ε.
2238 299 2713 410 emimus

404 426 716 507 expositum
749 426 852 505 est,
882 426 1379 527 primumqnidcm
1413 438 1479 490 ab
1507 437 1805 507 Eutychcte
1829 435 1967 505 Sym-

2088 442 2145 491 ἐν
2182 443 2266 525 τῇ,
2296 426 2758 511 πρώτῃπράξει,
2804 438 3113 525 ἐκτέθειται.
3159 447 3258 515 μὲν
3304 447 3519 517 πρῶτον
3566 454 3662 507 ὑπ’

407 530 590 584 Loinm
631 533 929 586 Nicmnum.
987 522 1197 586 Deinde
1254 529 1421 583 infert
1482 528 1628 583 idem
1681 529 1977 583 hiereticus

405 606 715 692 iiutyches,
773 638 940 691 super
991 622 1133 675 hanc
1188 620 1372 686 ﬁdem,
1408 620 1621 674 scilicet
1675 619 1975 678 Nicamam,

402 710 777 765 dclinitioneni
815 712 1056 767 edidisse
1081 698 1376 781 Epliesiam
1408 710 1677 783 synodum
1721 710 1977 778 hujusce-

404 804 551 854 modi
586 821 599 856 :
662 802 822 866 Eum,
857 800 949 872 qui
1008 795 1208 873 printer
1250 799 1391 856 hanc
1425 801 1631 871 aliquid
1676 800 1973 865 addiderit,

403 894 486 946 vel
518 894 937 964 excogitaverit,
973 896 1057 948 v‘el
1099 894 1375 959 docuerit,
1424 892 1606 964 p'oenis
1658 888 1793 947 tunc
1851 893 1979 947 latis

400 978 716 1051 subjarcerc.
1312 1056 1315 1061 η

478 1077 751 1130 Eusebius
786 1070 917 1131 vero
958 1069 1259 1145 episcopus
1292 1066 1626 1147 Dorylensis,
1678 1075 1772 1145 qui
1813 1090 1979 1130 accu-

400 1182 552 1223 sator
581 1177 699 1223 erat
732 1168 977 1222 haeretici
1013 1166 1360 1236 Eutychetis,
1396 1169 1509 1221 haec
1542 1168 1773 1221 audiens
1800 1169 1981 1222 excla-

402 1263 607 1314 mavit:
638 1261 751 1313 Non
780 1269 865 1314 est
891 1258 1016 1314 talis
1050 1259 1335 1323 deﬁnitio;
1380 1274 1486 1312 non
1525 1269 1613 1313 est
1643 1260 1769 1314 talis
1798 1274 1975 1313 canon

401 1355 455 1406 id
488 1354 791 1421 prohibens
812 1392 827 1414 ,
856 1352 1121 1405 mentitus
1160 1359 1264 1405 est.
1301 1349 1557 1405 Sexcenti
1594 1350 1729 1405 vero
1754 1351 1977 1419 triginta

401 1443 766 1512 P;itres,"qui
826 1442 1176 1497 Chalcedone
1239 1438 1633 1502 fuerunt,hoc
1690 1441 1979 1496 audientes

403 1532 729 1590 tacuerunt:
780 1534 840 1587 'et
872 1534 1177 1603 Eutychen,
1209 1541 1396 1601 utpote
1423 1534 1515 1600 qui
1538 1548 1643 1586 non
1692 1541 1977 1601 pateretur

398 1626 566 1681 etiam
597 1625 700 1679 alia
726 1637 919 1693 sapere
954 1622 1151 1693 praeter
1173 1639 1236 1677 ea
1267 1639 1387 1692 qua:
1414 1623 1465 1675 in
1493 1621 1756 1693 Symholo
1788 1623 1977 1677 essent

401 1716 639 1779 Nicasno,
661 1715 765 1767 alia
788 1712 998 1768 ‘sciliCet
1026 1729 1276 1777 numero,
1295 1730 1402 1767 non
1431 1716 1687 1782 tauquam
1707 1713 1974 1781 opposita,

398 1808 857 1862 condemnarunt.
878 1806 1061 1870 Quare
1091 1805 1455 1859 ostenderunt
1478 1806 1597 1860 illas
1638 1817 1851 1859 tantum
1877 1819 1972 1858 νο·
2002 1786 2051 1847 Β

398 1914 492 1952 ces
532 1898 740 1964 vetari,
769 1906 893 1968 qua:
949 1906 1078 1952 sunt
1119 1899 1412 1952 contraria:
1467 1907 1525 1952 et
1561 1898 1827 1959 adversae,
1856 1912 1964 1951 non

399 1999 582 2044 autem
616 1992 1045 2044 consentientes.
1074 1990 1213 2043 Ecce
1251 1991 1397 2043 enim
1443 1990 1576 2043 illud
1632 2006 1695 2043 ex
1727 1988 1971 2050 duabus,

397 2090 456 2133 et
514 2082 567 2135 in
602 2080 816 2133 duabus
872 2082 1089 2133 naturis
1130 2080 1494 2133 inconitnistis
1534 2081 1813 2133 Christum
1849 2086 1973 2148 post

399 2174 475 2235 id,
518 2173 660 2242 quod
692 2172 862 2225 semel
905 2178 1300 2240 assuu'ipsera't,
1340 2170 1627 2237 mansisse,
1660 2170 1809 2225 aliud
1845 2187 1971 2225 cum

397 2264 473 2317 sit
508 2279 537 2316 a
570 2262 825 2333 Symbolo
868 2261 1106 2328 Nic-tene,
1140 2263 1287 2316 aliud
1332 2278 1462 2317 vero
1511 2264 1638 2317 dico
1665 2264 1970 2328 vocabulis,

398 2369 506 2404 non
540 2351 901 2421 intelligentia
931 2386 945 2415 ,
982 2362 1161 2404 tamen
1210 2352 1478 2421 cogebant
1515 2350 1801 2420 Eutychen
1836 2353 1971 2406 illud

395 2455 608 2508 sapere.
646 2438 798 2493 Unde
828 2449 1051 2507 apparet
1086 2439 1276 2493 Patres
1322 2448 1431 2493 non
1464 2440 1794 2510 simpliciter
1822 2441 1970 2496 aliud

395 2530 768 2598 prohibuisse,
796 2530 889 2583 sed
922 2532 1198 2599 apposita.

467 2620 601 2674 lilud
630 2637 795 2689 porro
826 2623 1116 2675 considera
1165 2623 1493 2692 diligenter:
1531 2624 1645 2678 haec
1673 2624 1823 2678 enim
1869 2641 1963 2681 ea-

392 2714 518 2769 dem
539 2716 701 2769 verba
735 2715 908 2769 tertiae
940 2714 1157 2785 synodi,
1186 2730 1307 2783 qua:
1347 2730 1450 2769 nos
1478 2717 1862 2784 producimus,
1889 2719 1973 2772 ni-

395 2807 595 2858 mirum
619 2805 824 2858 nemini
854 2805 1020 2858 licerc
1044 2804 1208 2857 aliam
1234 2805 1394 2860 tidem
1416 2807 1687 2875 proferre,
1720 2808 1836 2861 haec
1857 2808 1974 2877 ipsa

394 2911 495 2966 pro
528 2911 586 2950 se
624 2895 898 2966 Eutyches
934 2895 1294 2963 producebat.
1346 2896 1663 2967 Dorylensis
1702 2914 1834 2952 vero
1861 2899 1976 2964 cpi;

393 3001 626 3056 scopus,
666 3002 730 3041 ac
777 2995 889 3041 tota
919 2988 1185 3057 synodus,
1223 2988 1341 3043 Non
1391 3000 1476 3043 est
1513 2990 1656 3055 talis;
1690 2989 1970 3052 dixerunt,

393 3092 573 3131 canon
617 3078 671 3131 id
723 3089 947 3143 vetans;
991 3079 1087 3134 sed
1118 3094 1268 3144 eum,
1298 3082 1503 3149 quippe
1535 3081 1629 3149 qui
1681 3097 1845 3149 prave
1878 3098 1969 3136 ca-

396 3184 594 3222 nonem
631 3172 1121 3238 interpretaretur,
1152 3174 1614 3225 condemnarunt.
1646 3172 1969 3241 Expli'cabat

392 3262 541 3314 enim
575 3260 756 3329 ipsum
789 3276 1057 3315 canonem
1091 3262 1389 3331 Eutyches,
1420 3262 1881 3330 quemadmodum
1915 3272 1969 3317 et

395 3364 690 3415 nostrates,
729 3354 987 3406 nimirum
1022 3353 1346 3407 existimans
1395 3368 1558 3407 omne
1595 3354 1731 3408 illud
1761 3354 1969 3424 simpli-

393 3443 532 3498 citer
576 3444 882 3513 prohiberi,
921 3446 1065 3513 quod
1106 3445 1190 3497 vel
1224 3444 1338 3512 ipsa
1376 3446 1669 3499 verborum
1702 3446 1970 3499 varietate

392 3535 543 3588 aliud
579 3544 745 3590 esset.
770 3536 927 3602 Quod
976 3544 1155 3588 tamen
1201 3537 1436 3589 concilio
1488 3537 1711 3589 minime
1744 3537 1967 3606 placuit,

391 3626 466 3680 ob
519 3642 752 3695 eamque
797 3642 1017 3681 causam
1051 3643 1177 3681 eum
1212 3628 1566 3693 damnarunt;
1627 3645 1753 3682 cum
1802 3630 1965 3684 aliam

393 3719 554 3772 tidem
588 3720 992 3773 arbitrarentur
1027 3736 1152 3773 eam
1200 3735 1320 3788 qua:
1347 3731 1495 3774 esset
1522 3720 1820 3784 contraria,
1855 3738 1963 3775 non

388 3819 573 3862 autem
621 3824 742 3863 eam
795 3825 916 3878 quae
948 3811 1135 3864 verbis
1194 3809 1417 3879 quidem
1472 3811 1712 3876 differat,
1765 3811 1967 3865 intelli-

388 3901 569 3967 gentia
599 3916 729 3955 vero
768 3902 842 3955 sit
876 3905 1255 3958 consentiens.

460 3992 667 4047 Deinde
704 4010 807 4063 ego
836 3994 997 4048 etiam
1031 3996 1257 4049 memini
1296 3996 1348 4050 in
1374 3996 1736 4067 explicatione
1763 4000 1966 4055 Nemo.

384 4083 638 4149 canonis,
670 4098 792 4153 qua:
822 4085 882 4138 fit
917 4068 947 4139 a
982 4084 1216 4153 Zonara,
1247 4090 1456 4158 aliquid
1484 4091 1589 4142 tale
1620 4106 1705 4143 me
1736 4093 1962 4147 vidisse.

385 4176 447 4230 In
474 4192 540 4230 eo
571 4178 717 4232 enim
757 4178 1144 4234 Nomocanoue
1196 4181 1310 4234 haec
1344 4181 1600 4235 iuhibitio
1642 4185 1817 4237 tertiae
1870 4201 1963 4255 sy-

385 4270 539 4335 nodi,
572 4271 833 4325 nimirum
874 4286 889 4324 :
918 4269 1014 4326 llis
1044 4273 1208 4329 lectis
1239 4276 1434 4328 statuit
1471 4288 1658 4331 sancta
1698 4281 1964 4349 synodus,

381 4372 439 4415 et
462 4364 690 4431 reliqua,
726 4365 868 4419 inter
900 4366 1038 4419 alios
1062 4380 1305 4420 canones
1339 4371 1515 4422 tertiae
1563 4372 1756 4440 synodi
1784 4374 1961 4425 conti-

2085 520 2357 602 Εὐτυχόὗς
2386 535 2442 587 τὸ
2466 526 2576 588 τῶν
2604 537 2660 587 ἐν
2686 520 2890 607 Νικαίᾳ
2922 520 3218 606 Σύμϐολον.
3251 537 3385 594 Εἶτα
3408 543 3659 614 ἐπιφέρει

2081 628 2110 680 ὁ
2138 629 2297 691 αὐτὸς
2329 624 2603 696 αἱρετικδς
2638 631 2899 701 Εὐτυχὴς,
2921 632 3004 685 ὅτι
3034 634 3124 685 ἐπὶ
3151 633 3322 706 ταύτῃ
3356 637 3420 705 τῇ
3456 637 3664 701 πίστει,

2080 722 2323 791 δηλονότι
2351 726 2459 777 τῶν
2493 726 2551 777 ἐν
2586 722 2955 795 Νικαίᾳ.ὃλον
2985 727 3331 798 ὲξήνεγκενή
3362 730 3421 781 ἐν
3451 729 3662 800 Ἐφέσῳ

2085 814 2331 878 σύνοδος·
2378 818 2482 869 Τὸν
2518 810 2671 887 παρὰ
2717 818 2927 887 ταύτην
2988 820 3352 888 προστιθέντα
3382 838 3435 874 τι
3472 822 3504 893 ἢ
3544 824 3663 875 ἐπι-

2082 907 2307 961 νοοῦντα
2348 909 2381 976 ἧ
2420 898 2744 963 διδάσκοντα
2789 898 3092 980 ἐπιτιμίοις
3147 912 3263 974 τοῖς
3292 911 3416 964 τότε
3460 914 3665 984 ἐγγρα-

2082 1000 2266 1067 φεῖσιν
2296 1000 2640 1054 ὑποκεῖσθαι.
2714 1022 2723 1035 ι

2155 1091 2414 1152 Εὐσέϐιος
2436 1091 2493 1144 δὲ
2516 1074 2813 1155 ἐπίσκοπος
2836 1077 3155 1164 Δορυλαίου,
3171 1093 3232 1157 ὃς
3254 1087 3323 1164 ἦν
3349 1094 3659 1165 κατήγορος

2080 1183 2175 1236 τοῦ
2225 1184 2503 1255 αἰρετικοῦ
2555 1185 2851 1254 Εὐτυχοῦς,
2895 1184 3070 1241 ταῦτα
3121 1186 3357 1251 ἀκούσας
3405 1189 3654 1257 ἐὸόησενο

2081 1280 2194 1333 Ούκ
2256 1281 2405 1333 ἐστιν
2456 1282 2584 1350 ὅρος
2627 1282 2901 1348 τοιοῦτος,
2951 1272 3051 1358 οὐκ
3100 1282 3219 1337 ἐστι
3268 1284 3449 1337 κανὼν
3494 1282 3657 1336 τοῦτο

2079 1369 2435 1440 διαγορεύων,
2477 1372 2767 1442 ἐψεύσατο.
2820 1367 2885 1428 Οἱ
2941 1374 2999 1427 δέ
3042 1372 3316 1440 ἑξακόσιοι
3365 1376 3659 1445 τριάκοντα

2083 1465 2322 1535 Πατέρες
2360 1467 2409 1518 οἱ
2449 1468 2508 1519 ἐν
2538 1466 2863 1535 Χαλκηδόνι,
2897 1463 3060 1520 τοῦτο
3086 1461 3463 1528 ἀκούσαντες,
3497 1465 3655 1519 ἐσιώ-

2082 1575 2289 1627 πησαν,
2321 1560 2415 1611 καὶ
2443 1558 2812 1613 κατεδίκασαν
2841 1559 2936 1614 τὸν
2969 1554 3239 1629 Εὒτυχέα,
3270 1559 3345 1622 ὡς
3382 1561 3459 1629 μὴ
3487 1575 3652 1610 κατα-

2079 1650 2369 1721 δεχόμενον
2394 1654 2613 1721 φρονεῖν
2647 1651 2743 1705 καὶ
2771 1652 2907 1705 ἄλλα
2933 1636 3083 1723 παρὰ
3109 1644 3171 1704 τὸ
3196 1652 3252 1703 ἐν
3275 1651 3323 1704 Ν
3330 1650 3479 1721 male
3510 1648 3651 1732 σύμ-

2080 1744 2256 1809 ϐολον,
2286 1745 2424 1799 ἄλλα
2450 1745 2650 1816 δηλαδὴ
2681 1746 2759 1817 τῷ
2782 1744 3019 1817 ἀριθμῷ,
3045 1746 3143 1816 οὐχ
3170 1743 3245 1809 ὡς
3271 1734 3650 1815 ἀντικείμενᾶ.

2081 1838 2245 1890 Ὥστε
2298 1838 2507 1903 ἔδειξαν
2539 1840 2755 1911 ἐκείνας
2803 1843 2902 1903 τὰς
2957 1842 3273 1911 προσθήκας
3319 1824 3648 1915 κωλύεσθαι,

2074 1930 2136 1983 αἶ
2184 1933 2323 1983 εἰσιν
2368 1932 2606 1984 ἐναντίαι
2661 1932 2758 1985 καὶ
2806 1934 3200 2001 ἀντικείμεναι,
3232 1933 3292 1985 οὐ
3348 1934 3536 2000 μέντοι
3584 1932 3646 2005 γε

2073 2024 2173 2083 τὰς
2212 2023 2622 2090 ὁμοφωνούσας.
2658 2024 2788 2077 Ἰδοὺ
2822 2023 2931 2094 γὰρ
2969 2025 3029 2077 τὸ
3065 2026 3129 2077 ἐκ
3181 2024 3274 2077 δύο
3306 2024 3526 2094 φύσεων
3554 2026 3647 2077 καὶ

2075 2116 2132 2166 ἐν
2158 2115 2280 2169 δυσὶ
2314 2116 2541 2185 φύσεσιν
2589 2117 2920 2187 ἀσυγχύτοις
2951 2117 3040 2171 τὸν
3082 2118 3321 2185 Χριστὸν
3376 2119 3513 2187 μετὰ
3549 2118 3646 2188 τὴν

2076 2209 2385 2279 πρόσληψιν
2422 2214 2623 2279 μεῖναι,
2650 2211 2839 2280 ἕτερον
2890 2210 2948 2262 ὂν
2998 2210 3092 2263 τοῦ
3146 2212 3202 2264 ἐν
3253 2211 3456 2282 Νικαίᾳ
3508 2230 3645 2287 συμτ

2077 2296 2260 2366 ϐόλον,
2289 2302 2480 2370 ἕτερον
2523 2302 2577 2353 δὲ
2620 2302 2763 2369 λέγω
2807 2305 2925 2366 ταῖς
2951 2301 3185 2367 λέξεσιν,
3233 2303 3291 2354 ού
3328 2306 3393 2372 τῇ
3425 2303 3637 2374 ἐννείαο

2073 2390 2226 2463 ὅμως
2255 2393 2566 2463 ἠνάγκαζον
2597 2396 2686 2447 τὸν
2733 2395 2945 2465 Εὐτυχῆ
2984 2397 3256 2465 φρονῆσαι
3291 2396 3443 2448 αὐτό.
3481 2397 3643 2448 Ὥστε

2075 2489 2326 2556 φαίνεται
2374 2489 2449 2559 μὴ
2482 2490 2541 2541 τὸ
2588 2491 2776 2556 ἕτερον
2819 2490 3010 2554 ἁπλῶς
3058 2489 3183 2552 τοὺς
3236 2491 3491 2560 Ιιατέρας
3537 2510 3643 2546 κω-

2073 2579 2243 2659 λύειν,
2273 2580 2409 2633 ἀλλὰ
2439 2581 2505 2633 τὰ
2537 2582 2910 2649 ἀντικείμενα.

2144 2676 2343 2728 Σκόπει
2392 2675 2451 2728 δὲ
2494 2674 2652 2728 τοῦτο
2700 2675 2965 2742 ἀκριϐῶς.
3014 2673 3164 2726 Αὐτὰ
3196 2675 3304 2742 γαρ
3349 2673 3524 2726 ταῦτα
3570 2672 3639 2725 τὰ

2076 2770 2299 2838 ῥήματα
2349 2768 2447 2838 τῆς
2480 2768 2673 2838 τρίτης
2714 2770 2935 2822 συνόδου
2986 2749 3022 2823 ἆ
3067 2764 3420 2840 προφέρομεν
3461 2768 3643 2839 ἡμεῖς,

2074 2863 2132 2915 τὸ
2160 2846 2356 2932 μηδενὶ
2396 2848 2598 2926 ἐξεῖναι
2632 2847 2835 2932 δηλαδὴ
2871 2863 3174 2930 προφέρειν
3208 2861 3391 2912 πίστιν
3424 2860 3643 2930 ἑτέραν,

2075 2955 2215 3009 αὐτὰ
2248 2940 2422 3007 ταῦτα
2454 2954 2763 3024 προέφερεν
2794 2956 2821 3006 ὁ
2851 2952 3099 3023 Εὐτυχὴς
3132 2952 3272 3021 ὑπὲρ
3317 2950 3538 3003 ἐαυτοῦ.
3586 2942 3645 3033 Ὁ

2074 3047 2131 3099 δὲ
2185 3047 2477 3117 Δορυλαίου
2532 3047 2828 3109 ἐπίσκοπος
2889 3047 2984 3100 καὶ
3034 3049 3064 3116 ἡ
3120 3046 3337 3107 σύνοδος
3384 3043 3649 3113 ὃλη,οὐκ

2074 3141 2240 3203 ἐστιν,
2276 3139 2503 3207 ἔφασαν,
2546 3140 2793 3204 τοιοῦτος
2838 3144 3022 3197 κανὼν
3072 3143 3232 3196 τοῦτο
3268 3145 3605 3214 διαγορεύων
3632 3163 3645 3173 ·

2073 3232 2207 3286 ἀλλὰ
2259 3235 2622 3288 κατεδίκασαν
2675 3237 2840 3289 αὑτὸν
2890 3237 2964 3298 ὠς
3016 3237 3500 3308 παρεξηγούμενον
3548 3226 3640 3289 τὸν

2073 3326 2295 3376 κανόνα.
2328 3324 2605 3393 Ἐξηγεῖτο
2636 3328 2742 3396 γὰρ
2770 3328 2933 3381 αὑτὸν
2960 3333 2985 3381 ὁ
3016 3330 3280 3398 Εὐτυχὴς,
3314 3329 3504 3399 ὥσπερ
3543 3314 3642 3381 καὶ

2069 3417 2118 3468 οἱ
2169 3416 2448 3498 ἡμέτεροι,
2483 3412 2725 3487 δηλονότι
2777 3422 2886 3473 πᾶν
2929 3422 3118 3483 ἁπλῶς
3166 3426 3377 3495 ἓτερον,
3413 3430 3518 3481 κᾶν
3548 3427 3647 3501 ρηὲ

2074 3511 2280 3580 ματικὴ
2330 3511 2587 3581 ἑτερότης
2628 3509 2684 3585 ᾗ,
2713 3512 2951 3583 νομίζων
2985 3517 3317 3572 κωλύεσθαι.
3352 3521 3529 3592 Ὅπερ
3579 3528 3646 3593 τῇ

2074 3603 2277 3672 συνόδῳ
2307 3606 2577 3674 ἁπήρεσε,
2611 3611 2704 3660 καὶ
2738 3607 2825 3661 διὰ
2863 3609 3022 3663 τοῦτο
3052 3613 3215 3666 αὐτὸν
3251 3616 3641 3683 κατεδίκασαν,

2069 3696 2267 3766 ἑτέραν
2328 3687 2511 3752 πίστιν
2578 3703 2892 3770 νομίζοντες
2960 3705 3060 3774 τὴν
3121 3707 3489 3768 ἐναντίαι),ού
3545 3710 3647 3780 τὴν

2070 3788 2280 3856 ῥήμασι
2320 3788 2421 3858 μὲν
2452 3788 2845 3861 διαφέρουσαν,
2876 3781 2994 3859 ταῖς
3044 3794 3278 3861 ἐννοίαις
3321 3799 3377 3852 δέ
3414 3796 3647 3869 συμφω-

2068 3902 2286 3957 νουσαν.

2143 3979 2266 4030 Ἔτι
2321 3980 2623 4051 μέμνημαι⁵
2670 3982 2765 4035 καὶ
2813 3983 2923 4051 ἐγὼ
2973 3986 3032 4037 ἐν
3094 3989 3159 4057 τῇ
3222 3988 3488 4060 ἐξηγήσει
3543 3996 3640 4044 τοῦ

2068 4073 2298 4140 Ζωναρᾶ
2345 4077 2403 4125 ἐν
2449 4076 2527 4142 τῷ
2600 4072 2943 4145 Νομοκάνονι
2996 4081 3241 4134 τοιοῦτόν
3271 4100 3325 4134 τι
3364 4083 3512 4138 ἰδών.
3547 4085 3640 4138 Ἐν

2066 4169 2174 4235 γὰρ
2206 4168 2282 4235 τῷ
2311 4167 2657 4235 Νομοκάνονι
2694 4170 2852 4223 τοῦτο
2882 4171 2941 4223 τὸ
2987 4172 3217 4240 κώλυμα
3263 4174 3365 4243 τῆς
3409 4183 3459 4243 γ’
3488 4178 3645 4229 συνόέ

2065 4260 2180 4325 δου,
2231 4264 2310 4325 τὸ,
2369 4263 2587 4315 Τούτων
2638 4264 3099 4330 ἀναγνωσθέντων
3155 4266 3356 4337 ὥρισεν
3420 4273 3453 4341 ἡ
3509 4268 3641 4338 ἁγία

2068 4355 2310 4419 σύνοδος,
2347 4354 2443 4407 καὶ
2471 4358 2537 4407 τα
2562 4355 2746 4421 λοιπὰ,
2779 4361 2956 4410 κεῖται
2989 4360 3046 4410 ἐν
3084 4362 3195 4424 τοῖς
3229 4365 3413 4415 κανόσι
3456 4365 3554 4433 τῆς
3590 4371 3640 4431 γ’

358 4464 566 4535 _netur,
612 4458 990 4524 septimusque
1021 4469 1404 4512 enumeratur.
1442 4462 1583 4513 Ante
1617 4461 1781 4513 istum
1826 4478 1958 4516 vero

2070 4447 2304 4511 συνόδου,
2332 4446 2560 4515 ἕϐδομος
2590 4447 3010 4518 ἀριθμούμενος.
3041 4452 3154 4522 Πρὸ
3185 4454 3240 4506 δὲ
3270 4458 3459 4508 τούτου
3491 4459 3641 4511 ἐστιν

380 4553 469 4597 est
498 4544 640 4597 alius
677 4557 868 4599 sextus
922 4563 1099 4600 canon
1132 4550 1378 4617 ejusdem
1412 4552 1587 4604 tertiae
1619 4554 1813 4619 synodi
1860 4556 1953 4620 qui

380 4636 881 4689 cxcommunicatos
902 4637 1031 4689 facit
1052 4654 1149 4692 eos
1181 4642 1270 4707 qui
1302 4641 1507 4695 audent
1565 4643 1771 4710 aliquid
1802 4644 1954 4697 labe~

383 4724 588 4778 iactare
614 4742 679 4778 ex
708 4729 929 4781 statutis
972 4739 1136 4796 atque
1161 4731 1399 4785 decretis
1433 4749 1462 4785 a
1494 4737 1728 4804 synodo.
1766 4737 1823 4788 In
1848 4738 1954 4790 hoc

381 4826 566 4869 autem
625 4804 879 4887 septimo,
917 4822 1144 4886 scilicet,
1182 4822 1277 4877 llis
1314 4824 1497 4890 lectis,
1527 4830 1718 4881 statuit
1768 4837 1954 4883 sancta

381 4912 623 4983 synodus
656 4913 857 4965 nemini
893 4914 1058 4968 licere
1093 4916 1250 4968 aliam
1295 4917 1457 4971 fidem
1491 4920 1776 4987 proferre;
1826 4937 1954 4973 aua-

382 5006 624 5057 themate
684 5003 982 5069 l‘eriuntur,
1012 5008 1103 5073 qui
1133 5021 1399 5060 canonem
1445 5010 1950 5077 transgrediuntur.

385 5097 561 5149 Havet
584 5110 714 5165 ergo
747 5098 1101 5164 qttmstionem
1118 5097 1359 5152 Zonaras
1377 5104 1391 5164 ζ
1408 5101 1476 5168 Ι),
1496 5114 1596 5153 cur
1625 5103 1872 5171 synodus
1898 5104 1953 5156 in

376 5197 534 5239 sexto
551 5202 762 5240 canone
782 5190 1279 5242 excommunicatos
1299 5190 1628 5253 l'acitlaicos,
1646 5208 1697 5243 In
1718 5202 1953 5261 septimo

380 5294 476 5331 eos
505 5280 848 5332 anathemate
877 5280 1143 5347 percutit?
1170 5281 1401 5334 Solvens
1437 5292 1618 5335 autem
1648 5284 1949 5336 dubitatio-

380 5386 527 5433 nem,
558 5372 636 5425 sic
658 5372 821 5424 habet
847 5372 914 5425 ad
952 5372 1178 5426 verbum
1208 5390 1221 5426 :
1258 5372 1447 5441 Magna
1493 5385 1580 5427 est
1611 5374 1946 5438 ditl‘erentta,

378 5464 525 5529 quod
568 5464 788 5533 aliquis,
822 5476 1014 5519 contra
1058 5466 1299 5535 aliquam
1342 5483 1455 5520 rem
1490 5468 1635 5521 dtcat
1662 5507 1676 5533 ,
1709 5478 1763 5521 et
1804 5468 1948 5535 quod

453 5606 526 5674 (Ι)
562 5606 683 5662 llaec
737 5608 899 5664 hodie
953 5626 1059 5663 non
1110 5608 1459 5677 reperiuntur
1483 5606 1625 5676 apud
1676 5606 1945 5661 Zonaram

378 5674 514 5727 laets
539 5688 654 5740 ett.,
708 5680 799 5729 sed
840 5682 982 5749 apud
1020 5674 1390 5732 Balsainonem
1445 5674 1529 5730 in—
1556 5678 1946 5730 Nomocanone

380 5753 507 5796 dum
558 5751 1067 5811 ι’κμυιιὶιςιιηυηριιι
1122 5761 1335 5804 sextum
1377 5751 1592 5803 t'onctlzi
1661 5750 1940 5815 Ephesii".

2060 4541 2220 4603 ἄλλος
2277 4542 2436 4602 ἕκτος
2495 4540 2679 4592 κανὼν
2740 4543 2845 4611 1:31;
2903 4544 3077 4613 αὐτῆς
3134 4548 3327 4616 τρίτης
3388 4552 3637 4614 σύνοδον,

2058 4634 2456 4703 ἀκοινωνήτους
2494 4633 2665 4685 ποιῶν
2702 4636 2827 4697 τοὺς
2870 4636 3186 4702 τολμῶντας
3228 4643 3640 4709 παρασαλεύειν

2058 4740 2110 4775 τι
2141 4725 2249 4776 τῶν
2279 4725 2384 4777 ὑπὸ
2405 4729 2503 4794 τῆς
2534 4727 2756 4779 συνόδου
2799 4732 3231 4797 πεπραγμένων.
3257 4732 3345 4784 Ἐν
3375 4735 3430 4786 δὲ
3458 4736 3637 4805 τούτῳ

2058 4818 2135 4886 τῷ
2162 4817 2397 4887 ἑϐδόμῳ.
2432 4818 2534 4887 τῷ,
2566 4819 2787 4871 Τούτων
2840 4822 3326 4888 ἀναγνωσθέντων,
3365 4826 3567 4896 ὥρισεν
3602 4831 3635 4897 η

2058 4910 2191 4976 ἁγία
2222 4910 2436 4973 σύνοδος
2480 4912 2671 4982 μηδενὶ
2715 4913 2915 4974 ἐξεῖναι
2961 4915 3157 4983 ἐτέραν
3204 4918 3390 4970 πίστιν
3428 4924 3636 4988 προφέ-

2058 5021 2195 5073 ρειν,
2216 5006 2710 5073 ἁναθεματίζονται
2740 5010 2789 5062 oi
2820 5010 3255 5079 παραϐαίνοντες
3287 5015 3378 5067 τὸν
3407 5019 3633 5070 κανόνα.

2070 5097 2294 5165 ’Λπορεῖ
2315 5095 2405 5149 οὖν
2429 5102 2457 5151 ὁ
2487 5100 2771 5171 Ζωναρᾶς.
2827 5105 2970 5156 διατί
3013 5106 3044 5174 ἡ
3084 5105 3299 5167 σύνοδος
3328 5109 3386 5160 ἐν
3417 5108 3517 5176 μὶν
3556 5110 3635 5178 τῷ

2054 5189 2199 5257 ἕκτῳ
2227 5193 2409 5242 κανόνι
2441 5195 2838 5262 ἁκοινωνήτους
2869 5198 3010 5247 ποιεῖ
3038 5199 3163 5260 τοὺς
3198 5198 3418 5262 λαῖκούς
3444 5216 3458 5229 ·
3487 5204 3543 5254 ἐν
3573 5202 3635 5255 δὲ

2054 5281 2133 5348 τῷ
2182 5283 2395 5351 ἑϐδόμῳ
2437 5282 2824 5351 ἀναθεματίζει
2875 5287 3097 5349 αὐτούς.
3130 5290 3235 5342 Καὶ
3274 5292 3635 5359 ἑπιλυόμενος

2053 5378 2152 5442 τὴν
2210 5377 2445 5444 ἀπορίαν
2498 5378 2662 5445 φησὶν
2725 5377 2901 5441 οὕτως
2956 5380 3094 5432 κατὰ
3149 5384 3342 5452 ῥῆμα·
3397 5385 3631 5453 Μεγάλη

2053 5470 2170 5519 ἐστὶ
2217 5467 2455 5538 διαφορὰ
2484 5468 2579 5520 τοῦ
2620 5469 3026 5535 ἐναντιοῦσθαι,
3065 5474 3160 5524 καὶ
3206 5472 3302 5526 τοῦ
3351 5476 3633 5543 ἁμφιὸαλ-

2053 5608 2121 5659 At
2157 5605 2402 5659 fortassis
2431 5621 2552 5674 qure
2588 5607 2966 5663 attribuuntur
2996 5607 3048 5660 in
3092 5608 3308 5663 excusis
3338 5609 3490 5666 libris
3512 5610 3633 5664 Bal-

2052 5681 2262 5750 samoni
2292 5687 2421 5728 sunt
2452 5677 2695 5735 Zonarze.
2729 5683 2810 5730 Vel
2871 5680 3013 5730 istud
3048 5678 3334 5733 Balsamon
3362 5683 3574 5750 acrepit
3598 5697 3633 5734 ι

2050 5745 2289 5813 Zonara,
2315 5762 2439 5799 cum
2474 5761 2637 5800 etiam
2675 5761 2950 5817 posterior
2980 5752 3166 5803 luerit.

3558 309 3671 407 sta
