4124 6424
395 383 501 450 349

1327 352 1426 436 De
1469 342 1998 433 Paccassious
2037 340 2404 424 s‘mmrus‘
2444 337 2740 421 satiari.
2781 381 2790 388 ο

3559 345 3671 424 356

396 510 511 563 λειν
551 504 678 559 τινὰ
725 480 855 572 περί
893 501 1042 561 ’τινος
1082 494 1434 566 πράγματος.
1469 493 1583 546 Καὶ
1631 490 1721 543 διὰ
1765 487 1978 542 τοῦτοὸ

2091 479 2160 536 de
2186 496 2250 536 ea
2301 479 2539 535 dubitet.
2603 477 2671 532 Et
2725 471 3039 546 propterea,
3073 467 3168 544 qui
3221 473 3439 531 dubitat
3477 477 3544 532 de
3605 479 3674 532 iis

401 597 502 672 μὲν
529 597 891 670 άμφιϐάλλων
925 595 1054 661 περὶ
1084 589 1194 644 τῶν
1219 588 1320 658 ἥδη
1350 585 1536 648 καλῶς
1578 580 1976 651 προκυρωθένο

396 713 507 750 των
544 689 996 762 ἀφορισθήσεται,
1027 686 1216 738 ὁποῖον
1244 679 1445 749 δηλαδὴ
1473 677 1725 748 βούλεται
1762 677 1789 726 ὁ
1816 675 1980 735 ἕκτος

399 786 610 842 κανῶνο
639 786 668 837 ὁ
697 782 752 834 δὲ
777 771 1192 844 ἐναντιούμενος
1221 773 1454 844 τούτοις,
1476 771 1551 831 ὡς
1579 766 1977 833 ἐναντιόφρων,

391 871 990 944 άναθεματισθήσεται,
1015 868 1200 919 ὁποῖον
1229 864 1432 931 δηλαδὴ
1467 860 1722 929 βούλεται
1750 858 1778 909 ό
1807 856 1851 921 ζ’
1879 872 1977 908 κα-

397 967 532 1031 νὼν,
562 966 732 1034 ἠγουν
761 963 790 1014 ὁ
824 961 951 1027 ὄρος
995 949 1150 1016 οὗτος
1186 951 1280 1005 τοῦ
1316 949 1661 1017 κωλύματος.
1687 944 1852 996 ’Ὥστε
1885 943 1982 995 καὶ

393 1060 547 1119 οὗτος
595 1059 622 1110 ὁ
657 1051 931 1121 ἐξηγητὴς
967 1049 1164 1118 ἑτέραν
1216 1046 1406 1096 πίστιν
1440 1037 1678 1092 ἐνταῦθα
1730 1038 1789 1090 τὸ
1824 1037 1982 1088 ἐναν-

392 1152 642 1207 τιοῦσθαι
667 1148 763 1201 καὶ
795 1142 1238 1211 ἐναντιοφρονεῖν
1276 1134 1533 1206 ὀνομάζει
1572 1130 1760 1202 σαφῶς
1796 1147 1856 1184 τε
1887 1131 1984 1184 καὶ

395 1242 800 1313 ἀναμφιϐόλως.
1366 1271 1368 1273 ›

471 1338 593 1389 Ἔτι
649 1336 683 1404 ἡ
732 1336 788 1386 ἐν
845 1329 924 1401 τῷ
963 1325 1218 1397 Τρούλλφ
1263 1321 1480 1384 σύνοδος
1531 1321 1588 1372 ἐν
1641 1316 1719 1385 τῷ
1780 1314 1983 1384 πρώτῳ

401 1429 598 1496 ἑαυτῆς
624 1424 810 1478 κανόνι
845 1421 1014 1492 φησίν
1043 1434 1055 1448 ⁸
1107 1415 1398 1487 Ὀρίξομεν
1441 1407 1884 1477 ἀκαινοτόμητόν
1922 1423 1982 1458 τε

401 1520 496 1574 καὶ
534 1495 932 1586 άπαράτρωτον
962 1509 1259 1579 φυλάττειν
1294 1505 1394 1575 τὴν
1448 1499 1858 1572 παραδοθεῖσαν
1893 1495 1984 1548 πί-

405 1627 521 1664 στιν
549 1610 684 1678 ἡμῖν
715 1607 817 1660 ὑπό
848 1621 907 1657 τε
955 1605 1068 1656 τῶν
1100 1597 1389 1653 αὐτοπτῶν
1424 1596 1519 1648 κα)⁵
1562 1589 1858 1661 ὑπηρετῶν
1882 1586 1981 1640 τοῦ

400 1703 576 1769 Λόγου
623 1699 732 1753 τῶν
778 1696 1076 1766 θεοκρίτων
1131 1692 1471 1755 ἀποστόλων,
1503 1688 1585 1741 ἔτι
1619 1687 1676 1740 δὲ
1727 1685 1824 1737 καὶ
1872 1684 1983 1736 τῶν

398 1793 736 1862 τριακοσίων
783 1789 920 1841 δέκα
977 1785 1072 1840 καὶ
1111 1781 1258 1836 ὀκτὼ
1310 1779 1490 1846 ἁγίων
1543 1778 1640 1830 καὶ
1689 1772 1982 1843 μακαρίων

402 1884 663 1953 Πατέρων
694 1879 802 1933 τῶν
845 1879 903 1930 ἐν
945 1873 1153 1945 Νικαίᾳ
1202 1869 1596 1924 συνελθόντων.
1629 1865 1740 1918 Καὶ
1782 1862 1948 1932 ἐφεξῆ

397 1977 734 2049 καταριθμεῖ
761 1975 940 2037 πάσας
963 1971 1062 2034 τὰς
1091 1969 1370 2030 συνόδους,
1396 1963 1494 2017 καὶ
1533 1958 1858 2030 διορίζεται,
1893 1955 1981 2008 ἵνα

397 2073 498 2138 τὴν
547 2069 704 2139 παρὰ
758 2067 954 2120 πασῶν
1024 2061 1433 2132 παραδοθεῖσαν
1489 2057 1676 2110 πίστιν
1734 2051 1980 2122 ἄτρωτον

399 2163 784 2233 φυλάττωμεν.
846 2155 980 2211 Εἶτα
1033 2155 1350 2208 τελευταῖον
1406 2151 1645 2217 ἐπάγει³
1679 2147 1742 2198 Ei
1792 2145 1849 2197 δέ
1896 2160 1979 2205 τις

398 2257 509 2310 τῶν
565 2257 824 2310 ἁπάντων
873 2250 951 2321 μὴ
1007 2250 1076 2302 τὰ
1118 2244 1500 2317 προειρημένα
1542 2242 1642 2310 τῆς
1700 2235 1979 2297 εὐσεϐείας

399 2347 649 2416 δόγματα
697 2341 893 2412 κρατεῖ
940 2339 1037 2392 καὶ
1070 2334 1402 2398 ἀσπάζεται,
1430 2330 1543 2384 οὐδ’
1591 2327 1734 2381 οὕτω
1765 2323 1979 2388 δοξάζει

401 2442 495 2494 καὶ
551 2436 836 2506 κηρύττει,
904 2431 1019 2486 ἀλλ’
1093 2427 1155 2494 ἐξ
1215 2427 1470 2486 ἐναντίας
1557 2421 1696 2473 ίέναι
1765 2419 1975 2470 τούτων

399 2533 690 2602 ἐπιχειρεῖ,
722 2528 863 2582 ἔστω
897 2523 1170 2592 ἀνάθεμα,
1207 2519 1349 2573 κατὰ
1398 2517 1489 2569 τὸν
1529 2514 1628 2585 ἤδη
1679 2510 1977 2564 ἐκτεθέντα

397 2628 522 2698 ὅρον
547 2624 651 2677 {mo
689 2621 799 2674 τῶν
834 2613 1296 2688 προδηλωθέντων
1347 2608 1522 2677 ἁγίων
1553 2607 1650 2658 καὶ¹
1687 2603 1978 2674 μακαρίων

398 2714 660 2787 Πατέρων
680 2731 693 2745 ·
725 2716 820 2768 καὶ
844 2709 941 2765 τοῦ
969 2702 1361 2779 Χριστιανικοῦ
1386 2700 1690 2766 καταλόγου
1718 2698 1793 2758 ὡς
1826 2695 1978 2747 ἀλλό-

399 2784 562 2879 τριος*
597 2802 911 2872 ἐξωθείσθω
945 2800 1043 2852 καὶ
1075 2795 1412 2851 ἐκπιπτέτω.
1466 2792 1658 2859 Ἡμεῖς
1710 2791 1819 2856 γάρ
1854 2784 1978 2838 οὒτε

403 2897 753 2970 προστιθέναι
778 2907 854 2961 τι,
881 2892 1006 2946 οὔτε
1046 2889 1154 2959 μὴν
1187 2887 1442 2956 ὑφαιρεῖν
1471 2880 1614 2936 κατὰ
1655 2884 1724 2932 τα
1757 2894 1980 2948 προορι-

433 2994 594 3047 θὲντα
637 2987 917 3050 παντελῶς
965 2982 1426 3050 διαγινώσκομεν,
1462 2977 1496 3046 ἢ
1530 2973 1655 3028 κλθ*
1687 2972 1978 3026 ὁντιναοῦν

409 3083 738 3154 δεδυνήμεθα
771 3081 952 3147 λόγον.

469 3175 635 3238 Οὗτος
669 3177 696 3226 ὁ
730 3173 910 3225 κανών
941 3173 1056 3223 ἐστι
1085 3166 1275 3236 σαφῶς
1302 3165 1568 3234 ἐξήγησις
1592 3160 1688 3213 τοῦ
1719 3160 1848 3230 ὅρου
1878 3160 1976 3229 τῆς
2006 3199 2054 3258 c

406 3271 588 3337 τρίτης
644 3265 864 3318 συνόδου
910 3264 1004 3315 καὶ
1053 3261 1163 3313 τῶν
1212 3258 1414 3318 ἄλλων,
1451 3254 1549 3308 τοῦ
1596 3253 1976 3324 διοριζομένου

405 3364 591 3432 ῖτέραν
619 3359 800 3411 πίστιν
837 3357 1032 3426 μηδενὶ
1063 3352 1264 3419 ἐξεῖναι
1301 3349 1624 3420 προφέρειν.
1658 3345 1826 3413 Λέγει
1867 3346 1976 3412 γὰρ

397 3459 500 3521 3st,
538 3455 718 3506 Ἔστω
745 3449 1022 3517 ἀνάθεμα,
1051 3445 1212 3507 εἴτις
1243 3445 1301 3508 ἐξ
1339 3441 1589 3502 ἐναντίας
1631 3439 1743 3491 τῶν
1778 3452 1978 3505 πατρι-

399 3551 509 3602 κῶν
540 3546 828 3616 δογμάτων
872 3541 1009 3595 ἱέναι
1041 3538 1337 3607 ἐπιχειρεῖ,
1377 3533 1522 3588 κατὰ
1552 3532 1645 3584 τὸν
1691 3531 1792 3600 ἠδη
1820 3531 1977 3582 ἐκτε-

398 3641 560 3692 θέντα
604 3639 750 3705 ὅρον,
801 3631 992 3686 τοῦτον
1041 3627 1265 3698 δηλαδὴ,
1319 3626 1413 3678 τὸν
1475 3623 1572 3678 τοῦ
1629 3622 1976 3690 κωλύματος.

401 3734 561 3784 Ὥστε
600 3730 755 3792 οὗτος
785 3730 812 3780 ό
839 3729 963 3794 ὅρος
999 3725 1060 3776 τὸ
1090 3722 1311 3776 ἐναντία
1359 3722 1580 3790 φρονεῖν
1614 3718 1835 3772 κωλύει.
1865 3715 1978 3769 Καὶ

401 3823 484 3886 τὸ,
521 3821 710 3889 Ἡμεῖς
729 3818 784 3869 δὲ
805 3815 930 3869 οὗτε
959 3811 1345 3883 προστίθεμεν,
1382 3807 1506 3860 οὔτε
1529 3806 1872 3876 ἀφαιροῦμεν
1901 3822 1975 3867 τι,

397 3915 454 3966 ἐν
485 3917 551 3984 τῇ
594 3913 782 3964 πίστει
814 3907 1020 3978 δηλαδὴ
1048 3905 1196 3971 λέγει
1238 3902 1315 3971 μὴ
1362 3898 1704 3971 προσθεῖναι,
1755 3901 1846 3949 καὶ
1880 3896 1974 3948 ἀπ’

397 4008 566 4075 αὑτῆς
616 4004 715 4056 ούκ
763 3999 1039 4068 ἀφαιρεῖν,
1071 3997 1173 4048 οὐκ
1203 3993 1311 4046 ἀπὸ
1361 3991 1658 4061 συμϐόλου.
1697 3989 1978 4057 Σύμϐολον

399 4104 510 4170 γὰρ
543 4094 777 4151 ἐνταῦθα
800 4095 901 4145 οὐκ
929 4093 1139 4156 ἀνέγνω
1166 4089 1196 4157 ἡ
1234 4085 1470 4145 σύνοδος.
1515 4081 1678 4134 Ἀλλὰ
1706 4097 1834 4150 περι
1867 4081 1976 4133 τῶν

399 4193 685 4261 δογμάτων
739 4184 972 4239 εἰποῦσα
1045 4181 1156 4235 τῶν
1223 4177 1483 4236 συνόδων,
1544 4175 1766 4241 ἐπάγει,
1829 4173 1969 4226 Οῠτε

400 4281 750 4353 προστιθέναι
783 4275 910 4329 οὔτε
955 4273 1211 4342 ἀφαιρεῖν
1255 4285 1309 4321 τι
1350 4265 1823 4335 διαγινώσκομενο
1881 4263 1977 4317 καὶ

400 4375 686 4434 συνάπτει,
717 4368 874 4423 Κατὰ
918 4368 986 4419 τά
1038 4359 1460 4435 προορισθέντα,
1496 4358 1602 4410 ὑπὸ
1649 4357 1759 4410 τῶν
1803 4358 1977 4410 Πατέ-

401 4483 508 4536 ρων
537 4462 758 4534 δηλαδή.
795 4459 954 4510 Ὥστε
984 4455 1078 4509 καὶ
1104 4457 1152 4506 el
1183 4453 1293 4522 πρὸ
1323 4451 1504 4504 αὐτῶν
1548 4449 1818 4530 Πατέρες,
1845 4449 1975 4502 ὅεαν

1955 1835 2058 1924 ςΒ

2084 588 2206 643 quae
2230 573 2340 644 jam
2376 579 2526 627 recte.
2558 578 2690 623 sunt
2711 568 2855 623 sanei
2869 577 2943 631 ta,
2965 558 3538 622 excommunicatione
3572 585 3672 638 pu-

2080 666 2321 721 niendus
2355 667 2502 730 erit,
2543 665 2691 734 quod
2729 663 2995 718 nimirum
3027 662 3197 732 exigit
3227 669 3414 715 sextus
3453 676 3668 715 canon:

2080 758 2175 826 qui
2205 773 2340 812 vero
2369 767 2562 812 contra
2611 757 2728 810 haec
2754 755 2912 820 dicit,
2951 765 3210 824 tanquam
3249 755 3530 807 contraria
3579 768 3670 808 sa-

2082 851 2240 920 piens
2262 849 2617 903 anathemate
2655 841 2926 913 ferietur;
2963 846 3109 916 quod
3160 845 3376 900 scilicet
3427 844 3671 911 postulat

2082 943 2353 1011 septimus
2383 957 2588 1004 canon,
2622 931 2903 1002 videlicet,
2947 938 3194 1017 definitio
3243 937 3346 991 ista
3380 937 3669 991 inhibitio-

2084 1038 2190 1091 nis.
2227 1035 2407 1102 Quare
2433 1044 2488 1089 et
2516 1035 2620 1089 iste
2651 1027 2947 1104 interpres,
2973 1015 3137 1088 aliam
3169 1033 3256 1088 hic
3295 1033 3457 1086 ﬁdem
3489 1031 3670 1086 inani-

2082 1126 2240 1189 feste,
2286 1143 2350 1181 ac
2402 1128 2519 1181 sine
2565 1127 2671 1181 ulla
2718 1125 3060 1180 dubitatione
3090 1134 3247 1179 vocat
3275 1123 3351 1188 id,
3410 1122 3554 1193 quod
3587 1131 3671 1177 cst
3758 1178 3772 1189 _

2085 1221 2429 1275 contrarium
2452 1235 2594 1281 esse,
2629 1228 2685 1273 ct
2710 1217 2986 1272 contraria
3023 1232 3236 1286 sapere.

2156 1313 2467 1377 Postremo,
2530 1313 2790 1367 Trullana
2835 1297 3078 1381 synodus
3117 1309 3170 1362 in
3203 1309 3378 1378 primo
3417 1322 3518 1362 suo
3575 1323 3671 1361 ca-

2087 1418 2230 1458 none
2258 1405 2335 1458 ait
2370 1422 2382 1456 :
2447 1404 2748 1459 Deﬁnimus
2785 1404 2947 1459 ﬁdem
2982 1403 3143 1458 nobis
3189 1403 3445 1457 traditam
3483 1403 3550 1455 ab
3586 1401 3672 1455 in-

2085 1497 2452 1565 spectoribus,
2481 1507 2537 1551 et
2564 1496 2786 1551 famulis
2803 1497 2954 1551 verbi
2980 1512 3010 1550 a
3038 1481 3148 1550 Deo
3168 1495 3359 1550 electis
3385 1493 3671 1563 apostolis,

2086 1587 2330 1657 itemque
2371 1606 2400 1644 a
2432 1590 2692 1644 trecentis
2724 1590 2912 1644 decem
2936 1598 2992 1644 et
3022 1600 3149 1644 octo
3173 1589 3379 1641 sanctis
3414 1596 3470 1641 et
3497 1589 3672 1640 beatis

2085 1681 2359 1745 Patribus,
2392 1683 2487 1752 qui
2521 1683 2713 1738 Nicma:
2761 1697 3094 1748 convenere,
3139 1681 3348 1751 absque
3382 1680 3488 1734 ulla
3515 1681 3674 1734 novi-

2088 1787 2200 1830 tate
2239 1776 2645 1831 invulneratam
2683 1776 3110 1845 inviolatamque
3155 1772 3480 1828 servandam
3524 1788 3670 1828 esse.

2083 1870 2161 1923 Ac
2181 1869 2442 1939 deinceps
2464 1884 2657 1923 omnes
2689 1869 2930 1941 synodos
2964 1877 3292 1930 enumerat,
3324 1876 3486 1935 atque
3540 1864 3676 1919 deﬁ-

2084 1962 2188 2027 nit,
2228 1971 2286 2014 ut
2313 1962 2470 2014 fidem
2494 1962 2561 2014 ab
2587 1961 2847 2015 omnibus
2875 1958 3375 2032 synodistraditam
3405 1957 3671 2027 integrant

2083 2054 2735 2109 custodiamus.Tandem
2764 2064 3040 2123 postremo
3077 2049 3356 2106 infert:Si
3381 2048 3506 2113 quis
3540 2063 3674 2102 vero

2083 2146 2330 2199 omnium
2361 2147 2614 2215 praedicta
2663 2145 2880 2214 pietatis
2932 2143 3186 2214 dogmata
3235 2157 3345 2197 non
3414 2148 3563 2194 tenet
3612 2147 3672 2194 et

2083 2241 2450 2308 amplet'lllltl',
2468 2253 2646 2308 neque
2671 2238 2744 2293 ita
2775 2237 2945 2292 sentit
2973 2246 3026 2291 et
3055 2235 3336 2304 praedicat.
3358 2233 3451 2288 sed
3480 2241 3669 2286 contra

2085 2335 2165 2386 ire
2229 2343 2481 2394 enitatur,
2535 2332 2823 2384 anathema
2857 2330 2948 2391 sit,
3003 2329 3156 2398 juxta
3207 2327 3512 2396 expositam
3556 2325 3668 2393 jam

2081 2423 2458 2480 deﬁnitionem
2483 2439 2514 2476 α
2535 2422 2808 2491 ρτιειηειὶε
2835 2420 3041 2474 sanctis
3081 2428 3138 2473 et
3168 2418 3341 2473 beatis
3374 2416 3627 2470 Patribus
3648 2453 3666 2479 ,

2081 2529 2138 2573 et.
2175 2533 2204 2570 e
2233 2516 2674 2571 Christianorum
2726 2517 2973 2583 catalogo
3016 2523 3271 2581 tanquam
3304 2510 3516 2563 alienus
3573 2521 3670 2559 cx-

2083 2611 2332 2680 pcllatnr.
2354 2619 2409 2660 et
2440 2605 2802 2661 excidat.Nos
2820 2606 2966 2658 enim
2991 2617 3166 2672 neque
3201 2601 3405 2656 addere
3434 2599 3668 2670 aliquid,

2083 2717 2261 2771 neque
2292 2716 2421 2754 sane
2454 2700 2720 2764 adimere,
2755 2698 3056 2752 secundum
3091 2711 3156 2750 ea
3196 2710 3318 2765 qua:
3364 2703 3489 2748 ante
3536 2692 3670 2747 deﬁ-

2081 2795 2194 2847 nita
2229 2802 2373 2845 sunt.
2414 2806 2639 2860 prorsus
2695 2788 3052 2853 intendimus,
3080 2787 3168 2861 vel
3211 2799 3540 2855 quacunque
3584 2799 3672 2840 ra-

2084 2889 2230 2942 tione
2267 2887 2572 2956 potuimus.

2158 3162 2263 3216 lste
2289 3175 2464 3214 canon
2525 3157 2817 3228 perspicue
2860 3158 3256 3225 interpretatur
3292 3153 3670 3208 deﬁnitionem

2090 3255 2263 3309 tertia:
2309 3251 2499 3322 synodi
2552 3260 2607 3304 et
2659 3251 2888 3303 aliarum
2930 3247 3403 3317 praescribentem,
3447 3261 3515 3300 ne
3578 3244 3671 3299 cui

2085 3347 2246 3402 liceat
2283 3346 2442 3399 aliain
2499 3344 2659 3396 fidem
2697 3342 2962 3411 proferre.
3012 3341 3152 3395 Dicit
3201 3340 3373 3404 enim,
3422 3337 3508 3394 Sit
3541 3355 3674 3393 ana-

2089 3441 2292 3493 thema.
2318 3438 2360 3492 si
2383 3438 2507 3506 quis
2553 3436 2816 3489 adversus
2847 3434 3018 3500 patria
3053 3434 3302 3503 dogmata
3332 3433 3416 3486 ire
3439 3442 3676 3486 conatur

2081 3535 2233 3604 juxta
2278 3532 2580 3599 expositam
2635 3529 2745 3597 jam
2799 3527 3204 3590 deﬁnitionem,
3238 3525 3378 3579 hanc
3433 3524 3670 3584 scilicet.

2088 3623 2454 3676 iuliibitionis.
2489 3619 2670 3684 Quare
2725 3620 2827 3672 ista
2857 3617 3107 3671 definitio
3150 3616 3426 3671 contraria
3476 3629 3672 3684 sapere

2084 3726 2264 3784 vetat;
2315 3725 2368 3770 et
2399 3715 2569 3768 illud:
2614 3712 2722 3767 Nos
2770 3727 2899 3765 vero
2955 3724 3132 3777 nepte
3183 3709 3434 3763 addimus
3493 3723 3672 3776 neque

2086 3811 2360 3864 adiiniuus
2389 3807 2632 3872 aliquid;
2671 3805 2926 3859 nimirum
2958 3803 3024 3857 ad
3053 3802 3234 3867 fidem,
3265 3801 3440 3858 aiunt.
3469 3815 3527 3853 se
3555 3815 3666 3853 non

2088 3903 2315 3960 addere,
2361 3902 2430 3952 ab
2476 3914 2649 3974 eaque
2681 3913 2788 3950 non
2823 3895 3097 3957 adimere;
3139 3908 3247 3946 non
3278 3907 3308 3946 a
3365 3890 3667 3959 Sytnbolo;

2087 3993 2403 4063 Symbolum
2462 3989 2606 4042 enim
2663 3988 2752 4042 hic
2797 4003 2902 4039 non
2936 3985 3184 4039 recitavit
3233 3983 3496 4054 synodus.
3561 3982 3668 4036 Sed

2085 4101 2210 4140 cum
2253 4085 2319 4137 de
2355 4079 2702 4150 dogmatibus
2753 4077 3088 4149 synodorum
3153 4075 3402 4139 dixisset,
3458 4073 3666 4128 infert:

2084 4179 2271 4246 Neque
2301 4175 2503 4230 addere
2561 4189 2738 4241 neque
2777 4171 3016 4224 adimere
3046 4169 3252 4236 aliquid
3295 4167 3669 4230 intendimus;

2086 4281 2140 4325 et
2177 4268 2487 4338 subiungit:
2523 4264 2833 4320 Secundum
2864 4276 2927 4315 ea
2963 4276 3084 4330 quae
3109 4268 3238 4313 ante
3268 4258 3492 4314 deﬁnita
3515 4267 3666 4322 sunt,

2085 4362 2342 4416 videlicet
2367 4376 2394 4412 a
2428 4356 2706 4411 Patribus.
2733 4355 3101 4422 Quapropter,
3155 4358 3210 4404 et
3239 4350 3334 4419 qui
3385 4364 3482 4402 eos
3515 4359 3670 4402 ante~

2083 4461 2369 4508 cesserunt
2402 4451 2613 4512 Patres,
2649 4461 2772 4499 cum
2825 4446 3039 4508 dicunt,
3074 4442 3190 4498 Non
3262 4451 3517 4510 Oportere
3569 4441 3670 4493 ad-

396 4532 598 4626 λέγωσι
633 4558 710 4624 μὴ
745 4552 1063 4622 προσθεῖναι
1101 4547 1134 4618 ἢ
1166 4545 1386 4614 ἀφελεῖν
1412 4545 1545 4607 δεῖν,
1567 4543 1630 4596 ού
1657 4542 1974 4614 ῥηματικὰς

2084 4545 2214 4598 dere
2251 4543 2336 4595 vel
2394 4540 2661 4598 adimere.
2699 4551 2807 4591 non
2842 4535 3214 4590 additamenta
3261 4542 3318 4586 et
3346 4532 3670 4585 diminutio-

399 4651 737 4722 προσθήκας,
798 4645 891 4697 καὶ
947 4640 1291 4709 ἀφαιρέσεις,
1348 4636 1487 4690 ἀλλὰ
1554 4637 1656 4706 τὴν
1714 4638 1976 4691 ἐναντίων

397 4742 688 4812 νοημάτων
731 4740 788 4790 ἐν
839 4738 908 4806 τῇ
946 4735 1130 4786 πίστει
1173 4729 1498 4800 προσθήκην
1544 4729 1838 4783 κωλύουσι.
1877 4732 1976 4784 Δια

401 4835 593 4888 τούτου
623 4827 714 4882 οὖν
746 4827 914 4894 μόνου
947 4818 1270 4889 σαφέστατά
1303 4835 1364 4870 τε
1392 4819 1487 4870 καὶ
1519 4817 1887 4888 καθαρώτατα
1917 4819 1977 4870 τὸ

395 4928 618 4998 ζήτημα
672 4920 859 4974 λύεται
926 4917 1041 4977 τοῖς
1103 4912 1440 4981 φιλονεικεῖν
1513 4911 1614 4963 ούκ
1673 4912 1971 4965 ἐθέλουσιν.

404 5016 740 5085 Ἐϐουλόμην
784 5008 1045 5065 δύνασθαι
1084 5003 1408 5076 γράφειν,ἢ
1453 5002 1600 5074 ἔχειν
1645 5003 1976 5073 προχείρους

394 5113 624 5171 πάντας,
655 5105 749 5166 οὒς
779 5102 905 5172 περὶ
932 5097 1124 5150 τούτου
1156 5095 1250 5148 τοῦ
1283 5095 1606 5164 ζητήματος
1639 5094 1696 5160 ἐξ
1725 5095 1978 5157 ἐναντίας

395 5207 528 5275 ἡμῖν
561 5203 610 5254 oi
639 5198 858 5253 Λατῖνοι
903 5192 1282 5264 προεκόμισαν
1311 5187 1538 5254 λόγους·
1580 5181 1722 5247 εἶδες
1755 5186 1864 5255 γάρ
1912 5187 1979 5238 ἂν

395 5299 492 5350 καὶ
521 5293 656 5346 πολὺ
689 5289 890 5358 πλῆθος
922 5282 1376 5353 ἐπιχειρημάτων
1403 5279 1500 5332 καὶ
1542 5279 1789 5348 μεγάλην
1820 5279 1978 5348 ἐχόν-

394 5406 505 5440 των
538 5386 692 5453 ter/5w
721 5383 818 5432 καὶ
851 5376 1134 5446 ἀλήθειαν.

471 5477 616 5541 Πλὴν
652 5469 841 5543 ἐπειδὴ
890 5470 985 5522 καὶ
1043 5467 1111 5520 τὰ
1163 5464 1432 5536 εἰρημένα
1483 5461 1631 5516 οὕτω
1691 5461 1880 5530 σαφῶς
1916 5461 1979 5515 τὸ

398 5572 623 5640 ζήτημα
666 5567 986 5634 τέμνουσιν,
1014 5560 1090 5622 ῶς
1133 5557 1211 5628 τῷ
1247 5559 1346 5627 μὲν
1383 5555 1520 5625 πρὸς
1564 5554 1662 5626 τὴν
1711 5554 1976 5625 ἀλήθειαν

299 5669 311 5674 ’
397 5662 696 5733 ἀφορῶντι,
739 5659 831 5710 καὶ
868 5654 996 5709 ἄνευ
1041 5649 1375 5720 φιλονεικίας
1407 5664 1466 5700 τε
1517 5649 1612 5700 καὶ
1645 5646 1977 5717 προλήψεως

398 5753 508 5806 τῶν
541 5751 850 5820 λεγομένων
897 5743 1177 5809 ἀκούοντι,
1210 5741 1308 5795 καὶ
1336 5740 1510 5793 ταῦτα
1541 5738 1735 5807 ἀρκεῖν
1763 5753 1775 5766 ο
1811 5737 1890 5806 τῷ
1920 5739 1977 5790 δὲ

401 5846 540 5918 πρὸς
592 5846 707 5916 εριν
757 5844 852 5897 καὶ
900 5837 1238 5908 λογομαχίας
1295 5831 1800 5906 παρεσκευασμένῳ
1857 5831 1977 5885 om:

2085 4651 2184 4690 nes
2213 4633 2529 4689 verborum.
2585 4629 2679 4684 sed
2711 4627 3115 4682 contrariorum
3163 4625 3217 4678 in
3262 4623 3368 4677 ﬁde
3405 4639 3668 4678 sensuum

2083 4726 2438 4782 interdicunt.
2474 4722 2550 4775 E1
2575 4724 2676 4774 hoc
2710 4721 2872 4788 igitur
2915 4718 3034 4772 solo
3073 4715 3361 4770 manifeste
3403 4730 3465 4769 ac
3517 4715 3672 4768 lucu-

2085 4819 2262 4873 lenter
2291 4818 2523 4871 solvitur
2556 4815 2623 4869 iis
2647 4812 3066 4883 quwsitum,qui
3088 4810 3284 4863 nolunt
3308 4808 3666 4863 contendere.

2084 4910 2226 4965 Sane
2259 4911 2450 4964 vellem
2492 4909 2737 4963 scribere
2798 4919 2959 4976 posse
2984 4942 3000 4968 ,
3051 4904 3138 4958 vel
3191 4902 3348 4966 mihi,
3380 4911 3440 4955 ut
3475 4916 3669 4955 omnes

2082 5013 2270 5058 essent
2295 5003 2538 5055 rationes
2557 5007 2844 5069 promptae,
2886 5010 3023 5062 quas
3079 4995 3132 5048 in
3185 4993 3517 5049 contrarium
3544 5008 3670 5062 par-

2085 5102 2195 5146 tem
2229 5093 2386 5146 nobis
2415 5091 2590 5143 Latini
2620 5089 2874 5142 attulere.
2924 5085 3168 5139 Vidisses
3213 5085 3360 5138 enim
3388 5091 3444 5136 et
3497 5081 3669 5135 maxi-

2085 5201 2228 5238 mam
2263 5184 2478 5252 copiam
2507 5190 2980 5249 argumentorum,
3033 5184 3088 5232 et
3145 5189 3394 5245 magnam
3433 5173 3540 5228 vim
3574 5175 3669 5226 lia-

2086 5276 2357 5337 bentium,
2384 5284 2548 5340 atque
2579 5273 2886 5328 veritatem.

2156 5458 2380 5521 Verum,
2411 5453 2860 5526 quandoquidem
2903 5451 3068 5507 etiam
3107 5449 3365 5521 praedicta
3396 5446 3477 5502 sic
3525 5460 3665 5502 eno-

2083 5547 2208 5602 datc
2259 5545 2520 5600 decidunt
2577 5545 2974 5614 quaestionem,
3015 5552 3076 5594 ut
3118 5543 3399 5594 veritatem
3431 5539 3655 5606 quidem

2086 5638 2420 5709 inspicienti,
2474 5652 2538 5692 ac
2583 5639 2703 5690 sine
2741 5633 3112 5698 contentione,
3149 5641 3206 5686 et
3261 5630 3655 5699 anticipatiOne

2085 5752 2172 5801 ea,
2205 5748 2326 5803 quae
2349 5733 2628 5792 dicuntur,
2661 5726 2903 5780 audienti
2940 5726 3022 5778 Vel
3058 5725 3171 5777 haec
3211 5722 3323 5776 sola
3351 5723 3483 5775 satis
3503 5722 3612 5777 sint
3648 5737 3664 5789 ;

2090 5831 2139 5884 ei
2183 5842 2312 5882 vero
2339 5823 2431 5893 qui
2472 5820 2538 5875 ad
2573 5821 2744 5875 rixam
2773 5828 2828 5872 et
2875 5815 3318 5871 concertationes
3363 5817 3667 5869 verborum
