  <div class='ocr_page' id='page_1' title='image "/cluster/home/n/w/nwhite01/storage/ocr_20150623/161/coo.31924054870666/265.png"; bbox 0 0 4124 6428; ppageno 0'>
   <div class='ocr_carea' id='block_1_1' title="bbox 503 363 602 443">
    <p class='ocr_par' dir='ltr' id='par_1_1' title="bbox 503 363 602 443">
     <span class='ocr_line' id='line_1_1' title="bbox 503 363 602 443; baseline -0.01 -1"><span class='ocrx_word' id='word_1_1' title='bbox 503 363 602 443; x_wconf 76' lang='lat'><strong>351</strong></span> 
     </span>
    </p>
   </div>
   <div class='ocr_carea' id='block_1_2' title="bbox 1462 352 2780 442">
    <p class='ocr_par' dir='ltr' id='par_1_2' title="bbox 1462 352 2780 442">
     <span class='ocr_line' id='line_1_2' title="bbox 1462 352 2780 442; baseline 0 -5"><span class='ocrx_word' id='word_1_2' title='bbox 1462 352 1964 437; x_wconf 73' lang='lat' dir='ltr'><strong>&#39;nESSAiitoNts</strong></span> <span class='ocrx_word' id='word_1_3' title='bbox 2006 354 2183 441; x_wconf 57' lang='lat' dir='ltr'><strong>Sin.</strong></span> <span class='ocrx_word' id='word_1_4' title='bbox 2214 376 2280 442; x_wconf 70' lang='grc' dir='ltr'><strong>Ε.</strong></span> <span class='ocrx_word' id='word_1_5' title='bbox 2308 354 2780 438; x_wconf 63' lang='lat' dir='ltr'><strong>CARﬁlNALIS</strong></span> 
     </span>
    </p>
   </div>
   <div class='ocr_carea' id='block_1_3' title="bbox 3658 379 3765 442">
    <p class='ocr_par' dir='ltr' id='par_1_3' title="bbox 3658 379 3765 442">
     <span class='ocr_line' id='line_1_3' title="bbox 3658 379 3765 442; baseline 0.019 -2"><span class='ocrx_word' id='word_1_6' title='bbox 3658 379 3765 442; x_wconf 75' lang='lat'><strong>352</strong></span> 
     </span>
    </p>
   </div>
   <div class='ocr_carea' id='block_1_4' title="bbox 501 458 2056 565">
    <p class='ocr_par' dir='ltr' id='par_1_4' title="bbox 501 458 2056 560">
     <span class='ocr_line' id='line_1_4' title="bbox 501 458 2056 560; baseline -0.001 -16"><span class='ocrx_word' id='word_1_7' title='bbox 501 480 720 560; x_wconf 80' lang='lat' dir='ltr'><strong>paratus</strong></span> <span class='ocrx_word' id='word_1_8' title='bbox 777 480 879 552; x_wconf 83' lang='lat' dir='ltr'><strong>est,</strong></span> <span class='ocrx_word' id='word_1_9' title='bbox 916 507 982 545; x_wconf 91' lang='lat' dir='ltr'><strong>ne</strong></span> <span class='ocrx_word' id='word_1_10' title='bbox 1011 458 1265 544; x_wconf 43' lang='lat' dir='ltr'><strong>sex&#39;lcenta</strong></span> <span class='ocrx_word' id='word_1_11' title='bbox 1318 488 1538 557; x_wconf 81' lang='lat' dir='ltr'><strong>quidem</strong></span> <span class='ocrx_word' id='word_1_12' title='bbox 1573 489 1699 543; x_wconf 83' lang='lat' dir='ltr'><strong>talia</strong></span> <span class='ocrx_word' id='word_1_13' title='bbox 1755 488 2056 543; x_wconf 76' lang='lat' dir='ltr'><strong>sniliciant:</strong></span> 
     </span>
    </p>
   </div>
   <div class='ocr_carea' id='block_1_5' title="bbox 2162 458 3766 565">
    <p class='ocr_par' dir='ltr' id='par_1_5' title="bbox 2174 474 3766 565">
     <span class='ocr_line' id='line_1_5' title="bbox 2174 474 3766 565; baseline 0.003 -25"><span class='ocrx_word' id='word_1_14' title='bbox 2174 488 2435 557; x_wconf 81' lang='grc' dir='ltr'><strong>μυριάκις</strong></span> <span class='ocrx_word' id='word_1_15' title='bbox 2480 486 2744 550; x_wconf 79' lang='grc' dir='ltr'>τοσαῦτα,</span> <span class='ocrx_word' id='word_1_16' title='bbox 2777 486 2836 540; x_wconf 65' lang='lat' dir='ltr'><strong>EI</strong></span> <span class='ocrx_word' id='word_1_17' title='bbox 2890 486 3053 557; x_wconf 84' lang='grc' dir='ltr'>μόνον</span> <span class='ocrx_word' id='word_1_18' title='bbox 3107 474 3369 557; x_wconf 68' lang='grc' dir='ltr'>προσθεὶς</span> <span class='ocrx_word' id='word_1_19' title='bbox 3416 475 3766 565; x_wconf 62' lang='grc' dir='ltr'>ἓπιχείρημα</span> 
     </span>
    </p>
   </div>
   <div class='ocr_carea' id='block_1_6' title="bbox 499 579 2061 651">
    <p class='ocr_par' dir='ltr' id='par_1_6' title="bbox 499 579 2061 651">
     <span class='ocr_line' id='line_1_6' title="bbox 499 579 2061 651; baseline -0.001 -16"><span class='ocrx_word' id='word_1_20' title='bbox 499 600 666 637; x_wconf 89' lang='lat' dir='ltr'><strong>unum</strong></span> <span class='ocrx_word' id='word_1_21' title='bbox 710 593 914 637; x_wconf 89' lang='lat' dir='ltr'><strong>tantum</strong></span> <span class='ocrx_word' id='word_1_22' title='bbox 943 583 1150 637; x_wconf 85' lang='lat' dir='ltr'><strong>addens</strong></span> <span class='ocrx_word' id='word_1_23' title='bbox 1179 580 1497 635; x_wconf 79' lang='lat' dir='ltr'><strong>Latinorum</strong></span> <span class='ocrx_word' id='word_1_24' title='bbox 1550 591 1958 651; x_wconf 76' lang='lat' dir='ltr'><strong>argumentum,</strong></span> <span class='ocrx_word' id='word_1_25' title='bbox 1993 579 2061 634; x_wconf 89' lang='lat' dir='ltr'><strong>de</strong></span> 
     </span>
    </p>
   </div>
   <div class='ocr_carea' id='block_1_7' title="bbox 496 673 1214 731">
    <p class='ocr_par' dir='ltr' id='par_1_7' title="bbox 496 673 1214 731">
     <span class='ocr_line' id='line_1_7' title="bbox 496 673 1214 731; baseline -0.004 -1"><span class='ocrx_word' id='word_1_26' title='bbox 496 677 583 731; x_wconf 87' lang='lat' dir='ltr'><strong>his</strong></span> <span class='ocrx_word' id='word_1_27' title='bbox 617 676 782 730; x_wconf 85' lang='lat' dir='ltr'><strong>rebus</strong></span> <span class='ocrx_word' id='word_1_28' title='bbox 816 675 974 729; x_wconf 81' lang='lat' dir='ltr'><strong>finem</strong></span> <span class='ocrx_word' id='word_1_29' title='bbox 1001 673 1214 729; x_wconf 81' lang='lat' dir='ltr'><strong>faciam.</strong></span> 
     </span>
    </p>
   </div>
   <div class='ocr_carea' id='block_1_8' title="bbox 564 756 2067 834">
    <p class='ocr_par' dir='ltr' id='par_1_8' title="bbox 564 756 2067 834">
     <span class='ocr_line' id='line_1_8' title="bbox 564 756 2067 834; baseline -0.003 -13"><span class='ocrx_word' id='word_1_30' title='bbox 564 769 660 822; x_wconf 86' lang='lat' dir='ltr'><strong>Est</strong></span> <span class='ocrx_word' id='word_1_31' title='bbox 697 777 880 820; x_wconf 88' lang='lat' dir='ltr'><strong>autem</strong></span> <span class='ocrx_word' id='word_1_32' title='bbox 936 766 1101 820; x_wconf 90' lang='lat' dir='ltr'><strong>etiam</strong></span> <span class='ocrx_word' id='word_1_33' title='bbox 1160 770 1262 819; x_wconf 90' lang='lat' dir='ltr'><strong>hoc</strong></span> <span class='ocrx_word' id='word_1_34' title='bbox 1299 756 1705 834; x_wconf 71' lang='lat' dir='ltr'><strong>graviesimum,</strong></span> <span class='ocrx_word' id='word_1_35' title='bbox 1739 774 1795 819; x_wconf 91' lang='lat' dir='ltr'><strong>et</strong></span> <span class='ocrx_word' id='word_1_36' title='bbox 1833 762 2067 818; x_wconf 81' lang='lat' dir='ltr'><strong>fortissi-</strong></span> 
     </span>
    </p>
   </div>
   <div class='ocr_carea' id='block_1_9' title="bbox 496 850 2066 929">
    <p class='ocr_par' dir='ltr' id='par_1_9' title="bbox 496 850 2066 929">
     <span class='ocr_line' id='line_1_9' title="bbox 496 850 2066 929; baseline 0 -18"><span class='ocrx_word' id='word_1_37' title='bbox 496 877 666 921; x_wconf 86' lang='lat' dir='ltr'><strong>mum,</strong></span> <span class='ocrx_word' id='word_1_38' title='bbox 688 860 945 929; x_wconf 83' lang='lat' dir='ltr'><strong>quodque</strong></span> <span class='ocrx_word' id='word_1_39' title='bbox 968 854 1285 912; x_wconf 81' lang='lat' dir='ltr'><strong>nostrorum</strong></span> <span class='ocrx_word' id='word_1_40' title='bbox 1324 850 1522 911; x_wconf 84' lang='lat' dir='ltr'><strong>evertit</strong></span> <span class='ocrx_word' id='word_1_41' title='bbox 1550 856 1603 910; x_wconf 91' lang='lat' dir='ltr'><strong>in</strong></span> <span class='ocrx_word' id='word_1_42' title='bbox 1633 858 1735 911; x_wconf 89' lang='lat' dir='ltr'><strong>hac</strong></span> <span class='ocrx_word' id='word_1_43' title='bbox 1764 858 2066 925; x_wconf 69' lang='lat' dir='ltr'><strong>quaestione</strong></span> 
     </span>
    </p>
   </div>
   <div class='ocr_carea' id='block_1_10' title="bbox 484 948 1858 1019">
    <p class='ocr_par' dir='ltr' id='par_1_10' title="bbox 484 948 1858 1019">
     <span class='ocr_line' id='line_1_10' title="bbox 484 948 1858 1019; baseline -0.001 -15"><span class='ocrx_word' id='word_1_44' title='bbox 484 952 781 1014; x_wconf 66' lang='lat' dir='ltr'><strong>fallaciam,</strong></span> <span class='ocrx_word' id='word_1_45' title='bbox 816 951 1093 1019; x_wconf 82' lang='lat' dir='ltr'><strong>perpende</strong></span> <span class='ocrx_word' id='word_1_46' title='bbox 1121 964 1273 1009; x_wconf 86' lang='lat' dir='ltr'><strong>vero.</strong></span> <span class='ocrx_word' id='word_1_47' title='bbox 1311 963 1517 1017; x_wconf 67' lang='lat' dir='ltr'><strong>quaeso,</strong></span> <span class='ocrx_word' id='word_1_48' title='bbox 1544 948 1858 1018; x_wconf 76' lang='lat' dir='ltr'><strong>diligenter.</strong></span> 
     </span>
    </p>
   </div>
   <div class='ocr_carea' id='block_1_11' title="bbox 562 1040 2065 1108">
    <p class='ocr_par' dir='ltr' id='par_1_11' title="bbox 562 1040 2065 1108">
     <span class='ocr_line' id='line_1_11' title="bbox 562 1040 2065 1108; baseline -0.003 -12"><span class='ocrx_word' id='word_1_49' title='bbox 562 1041 671 1096; x_wconf 84' lang='lat' dir='ltr'><strong>Nos</strong></span> <span class='ocrx_word' id='word_1_50' title='bbox 702 1043 1090 1096; x_wconf 70' lang='lat' dir='ltr'><strong>contendimus</strong></span> <span class='ocrx_word' id='word_1_51' title='bbox 1127 1042 1266 1095; x_wconf 88' lang='lat' dir='ltr'><strong>hanc</strong></span> <span class='ocrx_word' id='word_1_52' title='bbox 1310 1040 1694 1095; x_wconf 90' lang='lat' dir='ltr'><strong>inhibitionem</strong></span> <span class='ocrx_word' id='word_1_53' title='bbox 1727 1056 1756 1093; x_wconf 91' lang='lat' dir='ltr'><strong>a</strong></span> <span class='ocrx_word' id='word_1_54' title='bbox 1789 1040 1947 1093; x_wconf 91' lang='lat' dir='ltr'><strong>tertia</strong></span> <span class='ocrx_word' id='word_1_55' title='bbox 1978 1054 2065 1108; x_wconf 87' lang='lat' dir='ltr'><strong>sy-</strong></span> 
     </span>
    </p>
   </div>
   <div class='ocr_carea' id='block_1_12' title="bbox 388 1126 2067 1203">
    <p class='ocr_par' dir='ltr' id='par_1_12' title="bbox 388 1126 2067 1203">
     <span class='ocr_line' id='line_1_12' title="bbox 388 1126 2067 1203; baseline -0.004 -16"><span class='ocrx_word' id='word_1_56' title='bbox 388 1158 393 1161; x_wconf 29' lang='lat'><strong><em>»</em></strong></span> <span class='ocrx_word' id='word_1_57' title='bbox 492 1134 637 1187; x_wconf 87' lang='lat' dir='ltr'><strong>nodo</strong></span> <span class='ocrx_word' id='word_1_58' title='bbox 666 1135 902 1203; x_wconf 89' lang='lat' dir='ltr'><strong>primum</strong></span> <span class='ocrx_word' id='word_1_59' title='bbox 951 1134 1332 1202; x_wconf 78' lang='lat' dir='ltr'><strong>excogitatam,</strong></span> <span class='ocrx_word' id='word_1_60' title='bbox 1369 1141 1428 1184; x_wconf 92' lang='lat' dir='ltr'><strong>ut</strong></span> <span class='ocrx_word' id='word_1_61' title='bbox 1459 1143 1513 1187; x_wconf 90' lang='lat' dir='ltr'><strong>et</strong></span> <span class='ocrx_word' id='word_1_62' title='bbox 1562 1135 1718 1184; x_wconf 81' lang='lat' dir='ltr'><strong>antea</strong></span> <span class='ocrx_word' id='word_1_63' title='bbox 1760 1130 1869 1182; x_wconf 71' lang='lat' dir='ltr'><strong>dixi</strong></span> <span class='ocrx_word' id='word_1_64' title='bbox 1906 1147 1918 1183; x_wconf 92' lang='lat'>:</span> <span class='ocrx_word' id='word_1_65' title='bbox 1950 1126 2067 1182; x_wconf 80' lang='lat' dir='ltr'><strong>dixi</strong></span> 
     </span>
    </p>
   </div>
   <div class='ocr_carea' id='block_1_13' title="bbox 492 1222 2065 1293">
    <p class='ocr_par' dir='ltr' id='par_1_13' title="bbox 492 1222 2065 1293">
     <span class='ocr_line' id='line_1_13' title="bbox 492 1222 2065 1293; baseline -0.001 -18"><span class='ocrx_word' id='word_1_66' title='bbox 492 1243 625 1280; x_wconf 64' lang='lat' dir='ltr'><strong>vero</strong></span> <span class='ocrx_word' id='word_1_67' title='bbox 679 1237 806 1280; x_wconf 90' lang='lat' dir='ltr'><strong>tunc</strong></span> <span class='ocrx_word' id='word_1_68' title='bbox 851 1234 925 1279; x_wconf 78' lang='lat' dir='ltr'><strong>et&#39;</strong></span> <span class='ocrx_word' id='word_1_69' title='bbox 958 1241 1201 1288; x_wconf 64' lang='lat' dir='ltr'><strong>causam,</strong></span> <span class='ocrx_word' id='word_1_70' title='bbox 1242 1225 1389 1293; x_wconf 84' lang='lat' dir='ltr'><strong>quod</strong></span> <span class='ocrx_word' id='word_1_71' title='bbox 1442 1222 1701 1276; x_wconf 83' lang='lat' dir='ltr'><strong>nimirum</strong></span> <span class='ocrx_word' id='word_1_72' title='bbox 1753 1222 2065 1277; x_wconf 84' lang='lat' dir='ltr'><strong>videremus</strong></span> 
     </span>
    </p>
   </div>
   <div class='ocr_carea' id='block_1_14' title="bbox 494 1313 2068 1389">
    <p class='ocr_par' dir='ltr' id='par_1_14' title="bbox 494 1313 2068 1389">
     <span class='ocr_line' id='line_1_14' title="bbox 494 1313 2068 1389; baseline -0.004 -16"><span class='ocrx_word' id='word_1_73' title='bbox 494 1319 790 1373; x_wconf 82' lang='lat' dir='ltr'><strong>secundam</strong></span> <span class='ocrx_word' id='word_1_74' title='bbox 819 1317 1085 1389; x_wconf 78' lang='lat' dir='ltr'><strong>synodum</strong></span> <span class='ocrx_word' id='word_1_75' title='bbox 1119 1317 1376 1387; x_wconf 86' lang='lat' dir='ltr'><strong>Symbolo</strong></span> <span class='ocrx_word' id='word_1_76' title='bbox 1431 1318 1614 1383; x_wconf 71' lang='lat' dir='ltr'><strong>primae</strong></span> <span class='ocrx_word' id='word_1_77' title='bbox 1666 1313 1832 1368; x_wconf 88' lang='lat' dir='ltr'><strong>multa</strong></span> <span class='ocrx_word' id='word_1_78' title='bbox 1886 1314 2068 1367; x_wconf 87' lang='lat' dir='ltr'><strong>detra-</strong></span> 
     </span>
    </p>
   </div>
   <div class='ocr_carea' id='block_1_15' title="bbox 495 1405 2064 1477">
    <p class='ocr_par' dir='ltr' id='par_1_15' title="bbox 495 1405 2064 1477">
     <span class='ocr_line' id='line_1_15' title="bbox 495 1405 2064 1477; baseline -0.004 -14"><span class='ocrx_word' id='word_1_79' title='bbox 495 1413 657 1473; x_wconf 74' lang='lat' dir='ltr'><strong>xisse,</strong></span> <span class='ocrx_word' id='word_1_80' title='bbox 692 1413 819 1463; x_wconf 91' lang='lat' dir='ltr'><strong>item</strong></span> <span class='ocrx_word' id='word_1_81' title='bbox 853 1409 1024 1462; x_wconf 84' lang='lat' dir='ltr'><strong>multo</strong></span> <span class='ocrx_word' id='word_1_82' title='bbox 1063 1409 1217 1477; x_wconf 86' lang='lat' dir='ltr'><strong>plura</strong></span> <span class='ocrx_word' id='word_1_83' title='bbox 1264 1407 1560 1460; x_wconf 84' lang='lat' dir='ltr'><strong>addidisse.</strong></span> <span class='ocrx_word' id='word_1_84' title='bbox 1615 1405 1794 1472; x_wconf 86' lang='lat' dir='ltr'><strong>Quare</strong></span> <span class='ocrx_word' id='word_1_85' title='bbox 1826 1409 1929 1459; x_wconf 79' lang='lat' dir='ltr'><strong>ndn</strong></span> <span class='ocrx_word' id='word_1_86' title='bbox 1966 1421 2064 1458; x_wconf 86' lang='lat' dir='ltr'><strong>au-</strong></span> 
     </span>
    </p>
   </div>
   <div class='ocr_carea' id='block_1_16' title="bbox 494 1492 2063 1568">
    <p class='ocr_par' dir='ltr' id='par_1_16' title="bbox 494 1492 2063 1568">
     <span class='ocr_line' id='line_1_16' title="bbox 494 1492 2063 1568; baseline -0.001 -15"><span class='ocrx_word' id='word_1_87' title='bbox 494 1505 760 1557; x_wconf 84' lang='lat' dir='ltr'><strong>debamus</strong></span> <span class='ocrx_word' id='word_1_88' title='bbox 816 1502 1000 1556; x_wconf 88' lang='lat' dir='ltr'><strong>dicere</strong></span> <span class='ocrx_word' id='word_1_89' title='bbox 1049 1510 1174 1554; x_wconf 87' lang='lat' dir='ltr'><strong>ante</strong></span> <span class='ocrx_word' id='word_1_90' title='bbox 1227 1499 1524 1554; x_wconf 82' lang='lat' dir='ltr'><strong>secundam</strong></span> <span class='ocrx_word' id='word_1_91' title='bbox 1596 1492 1863 1568; x_wconf 84' lang='lat' dir='ltr'><strong>synodum</strong></span> <span class='ocrx_word' id='word_1_92' title='bbox 1921 1496 2063 1551; x_wconf 87' lang='lat' dir='ltr'><strong>hanc</strong></span> 
     </span>
    </p>
   </div>
   <div class='ocr_carea' id='block_1_17' title="bbox 494 1587 2058 1648">
    <p class='ocr_par' dir='ltr' id='par_1_17' title="bbox 494 1587 2058 1648">
     <span class='ocr_line' id='line_1_17' title="bbox 494 1587 2058 1648; baseline -0.006 -1"><span class='ocrx_word' id='word_1_93' title='bbox 494 1596 691 1648; x_wconf 51' lang='lat' dir='ltr'><strong>factam</strong></span> <span class='ocrx_word' id='word_1_94' title='bbox 724 1593 890 1647; x_wconf 78' lang='lat' dir='ltr'><strong>fuisSe</strong></span> <span class='ocrx_word' id='word_1_95' title='bbox 917 1588 1389 1645; x_wconf 82' lang='lat' dir='ltr'><strong>inhibitionem.Si</strong></span> <span class='ocrx_word' id='word_1_96' title='bbox 1417 1590 1561 1642; x_wconf 88' lang='lat' dir='ltr'><strong>enim</strong></span> <span class='ocrx_word' id='word_1_97' title='bbox 1588 1590 1690 1642; x_wconf 89' lang='lat' dir='ltr'><strong>hoc</strong></span> <span class='ocrx_word' id='word_1_98' title='bbox 1725 1587 2058 1648; x_wconf 76' lang='lat' dir='ltr'><strong>diceremus,</strong></span> 
     </span>
    </p>
   </div>
   <div class='ocr_carea' id='block_1_18' title="bbox 493 1676 2062 1752">
    <p class='ocr_par' dir='ltr' id='par_1_18' title="bbox 493 1676 2062 1752">
     <span class='ocr_line' id='line_1_18' title="bbox 493 1676 2062 1752; baseline -0.006 -13"><span class='ocrx_word' id='word_1_99' title='bbox 493 1689 817 1739; x_wconf 87' lang='lat' dir='ltr'><strong>alterutrum</strong></span> <span class='ocrx_word' id='word_1_100' title='bbox 848 1682 1003 1752; x_wconf 86' lang='lat' dir='ltr'><strong>sequi</strong></span> <span class='ocrx_word' id='word_1_101' title='bbox 1038 1682 1265 1736; x_wconf 84' lang='lat' dir='ltr'><strong>necesse</strong></span> <span class='ocrx_word' id='word_1_102' title='bbox 1296 1692 1468 1734; x_wconf 83' lang='lat' dir='ltr'><strong>esset:</strong></span> <span class='ocrx_word' id='word_1_103' title='bbox 1489 1681 1569 1733; x_wconf 85' lang='lat' dir='ltr'><strong>vel</strong></span> <span class='ocrx_word' id='word_1_104' title='bbox 1599 1679 1789 1733; x_wconf 86' lang='lat' dir='ltr'><strong>Patres</strong></span> <span class='ocrx_word' id='word_1_105' title='bbox 1805 1676 2062 1731; x_wconf 67' lang='lat' dir='ltr'><strong>secundm</strong></span> 
     </span>
    </p>
   </div>
   <div class='ocr_carea' id='block_1_19' title="bbox 494 1769 2062 1846">
    <p class='ocr_par' dir='ltr' id='par_1_19' title="bbox 494 1769 2062 1846">
     <span class='ocr_line' id='line_1_19' title="bbox 494 1769 2062 1846; baseline -0.004 -16"><span class='ocrx_word' id='word_1_106' title='bbox 494 1777 683 1846; x_wconf 78' lang='lat' dir='ltr'><strong>synodi</strong></span> <span class='ocrx_word' id='word_1_107' title='bbox 736 1786 928 1829; x_wconf 80' lang='lat' dir='ltr'><strong>contra</strong></span> <span class='ocrx_word' id='word_1_108' title='bbox 984 1773 1131 1843; x_wconf 73' lang='lat' dir='ltr'><strong>leges</strong></span> <span class='ocrx_word' id='word_1_109' title='bbox 1164 1771 1382 1834; x_wconf 89' lang='lat' dir='ltr'><strong>fecisse,</strong></span> <span class='ocrx_word' id='word_1_110' title='bbox 1431 1780 1488 1826; x_wconf 88' lang='lat' dir='ltr'><strong>et</strong></span> <span class='ocrx_word' id='word_1_111' title='bbox 1530 1785 1652 1826; x_wconf 90' lang='lat' dir='ltr'><strong>esse</strong></span> <span class='ocrx_word' id='word_1_112' title='bbox 1702 1769 1805 1824; x_wconf 90' lang='lat' dir='ltr'><strong>sub</strong></span> <span class='ocrx_word' id='word_1_113' title='bbox 1832 1769 2062 1823; x_wconf 82' lang='lat' dir='ltr'><strong>anathe-</strong></span> 
     </span>
    </p>
   </div>
   <div class='ocr_carea' id='block_1_20' title="bbox 495 1861 2065 1933">
    <p class='ocr_par' dir='ltr' id='par_1_20' title="bbox 495 1861 2065 1933">
     <span class='ocr_line' id='line_1_20' title="bbox 495 1861 2065 1933; baseline -0.006 -11"><span class='ocrx_word' id='word_1_114' title='bbox 495 1878 637 1922; x_wconf 84' lang='lat' dir='ltr'><strong>mate</strong></span> <span class='ocrx_word' id='word_1_115' title='bbox 666 1884 682 1933; x_wconf 85' lang='lat'><strong>;</strong></span> <span class='ocrx_word' id='word_1_116' title='bbox 713 1867 797 1921; x_wconf 86' lang='lat' dir='ltr'><strong>vel</strong></span> <span class='ocrx_word' id='word_1_117' title='bbox 829 1866 873 1919; x_wconf 76' lang='lat' dir='ltr'><strong>si</strong></span> <span class='ocrx_word' id='word_1_118' title='bbox 914 1866 1016 1919; x_wconf 91' lang='lat' dir='ltr'><strong>hoc</strong></span> <span class='ocrx_word' id='word_1_119' title='bbox 1045 1865 1197 1918; x_wconf 81' lang='lat' dir='ltr'><strong>nefas</strong></span> <span class='ocrx_word' id='word_1_120' title='bbox 1221 1874 1306 1918; x_wconf 87' lang='lat' dir='ltr'><strong>est</strong></span> <span class='ocrx_word' id='word_1_121' title='bbox 1342 1863 1531 1917; x_wconf 90' lang='lat' dir='ltr'><strong>dicere</strong></span> <span class='ocrx_word' id='word_1_122' title='bbox 1552 1900 1567 1924; x_wconf 92' lang='lat'><strong>,</strong></span> <span class='ocrx_word' id='word_1_123' title='bbox 1612 1873 1721 1915; x_wconf 91' lang='lat' dir='ltr'><strong>non</strong></span> <span class='ocrx_word' id='word_1_124' title='bbox 1758 1861 1924 1930; x_wconf 76' lang='lat' dir='ltr'><strong>igitur</strong></span> <span class='ocrx_word' id='word_1_125' title='bbox 1946 1869 2065 1913; x_wconf 82' lang='lat' dir='ltr'><strong>ver-</strong></span> 
     </span>
    </p>
   </div>
   <div class='ocr_carea' id='block_1_21' title="bbox 495 1952 2066 2021">
    <p class='ocr_par' dir='ltr' id='par_1_21' title="bbox 495 1952 2066 2021">
     <span class='ocr_line' id='line_1_21' title="bbox 495 1952 2066 2021; baseline -0.004 -8"><span class='ocrx_word' id='word_1_126' title='bbox 495 1961 690 2014; x_wconf 88' lang='lat' dir='ltr'><strong>borum</strong></span> <span class='ocrx_word' id='word_1_127' title='bbox 718 1958 1178 2019; x_wconf 83' lang='lat' dir='ltr'><strong>additamentum,</strong></span> <span class='ocrx_word' id='word_1_128' title='bbox 1208 1955 1301 2009; x_wconf 89' lang='lat' dir='ltr'><strong>sed</strong></span> <span class='ocrx_word' id='word_1_129' title='bbox 1337 1953 1643 2010; x_wconf 74' lang='lat' dir='ltr'><strong>centrarias</strong></span> <span class='ocrx_word' id='word_1_130' title='bbox 1669 1952 2066 2021; x_wconf 81' lang='lat' dir='ltr'><strong>intelligentias</strong></span> 
     </span>
    </p>
   </div>
   <div class='ocr_carea' id='block_1_22' title="bbox 495 2043 2065 2123">
    <p class='ocr_par' dir='ltr' id='par_1_22' title="bbox 495 2043 2065 2123">
     <span class='ocr_line' id='line_1_22' title="bbox 495 2043 2065 2123; baseline -0.004 -19"><span class='ocrx_word' id='word_1_131' title='bbox 495 2051 867 2123; x_wconf 80' lang='lat' dir='ltr'><strong>impedivisse.</strong></span> <span class='ocrx_word' id='word_1_132' title='bbox 899 2050 980 2103; x_wconf 89' lang='lat' dir='ltr'><strong>0b</strong></span> <span class='ocrx_word' id='word_1_133' title='bbox 1021 2049 1072 2103; x_wconf 90' lang='lat' dir='ltr'><strong>id</strong></span> <span class='ocrx_word' id='word_1_134' title='bbox 1117 2048 1456 2109; x_wconf 82' lang='lat' dir='ltr'><strong>dicebamus,</strong></span> <span class='ocrx_word' id='word_1_135' title='bbox 1494 2056 1616 2114; x_wconf 89' lang='lat' dir='ltr'><strong>post</strong></span> <span class='ocrx_word' id='word_1_136' title='bbox 1644 2043 1941 2099; x_wconf 81' lang='lat' dir='ltr'><strong>secundant</strong></span> <span class='ocrx_word' id='word_1_137' title='bbox 1980 2059 2065 2113; x_wconf 80' lang='lat' dir='ltr'><strong>sy-</strong></span> 
     </span>
    </p>
   </div>
   <div class='ocr_carea' id='block_1_23' title="bbox 492 2137 2062 2207">
    <p class='ocr_par' dir='ltr' id='par_1_23' title="bbox 492 2137 2062 2207">
     <span class='ocr_line' id='line_1_23' title="bbox 492 2137 2062 2207; baseline -0.005 -8"><span class='ocrx_word' id='word_1_138' title='bbox 492 2146 697 2200; x_wconf 88' lang='lat' dir='ltr'><strong>nodum</strong></span> <span class='ocrx_word' id='word_1_139' title='bbox 759 2145 857 2197; x_wconf 87' lang='lat' dir='ltr'><strong>huc</strong></span> <span class='ocrx_word' id='word_1_140' title='bbox 891 2144 1232 2196; x_wconf 89' lang='lat' dir='ltr'><strong>ohstaculum</strong></span> <span class='ocrx_word' id='word_1_141' title='bbox 1287 2140 1489 2193; x_wconf 85' lang='lat' dir='ltr'><strong>factum</strong></span> <span class='ocrx_word' id='word_1_142' title='bbox 1527 2139 1716 2203; x_wconf 88' lang='lat' dir='ltr'><strong>fulsse,</strong></span> <span class='ocrx_word' id='word_1_143' title='bbox 1753 2137 1900 2207; x_wconf 90' lang='lat' dir='ltr'><strong>quod</strong></span> <span class='ocrx_word' id='word_1_144' title='bbox 1933 2146 2062 2192; x_wconf 86' lang='lat' dir='ltr'><strong>ante</strong></span> 
     </span>
    </p>
   </div>
   <div class='ocr_carea' id='block_1_24' title="bbox 492 2229 2064 2304">
    <p class='ocr_par' dir='ltr' id='par_1_24' title="bbox 492 2229 2064 2304">
     <span class='ocr_line' id='line_1_24' title="bbox 492 2229 2064 2304; baseline -0.004 -15"><span class='ocrx_word' id='word_1_145' title='bbox 492 2237 663 2304; x_wconf 85' lang='lat' dir='ltr'><strong>ipsam</strong></span> <span class='ocrx_word' id='word_1_146' title='bbox 690 2250 795 2289; x_wconf 91' lang='lat' dir='ltr'><strong>non</strong></span> <span class='ocrx_word' id='word_1_147' title='bbox 830 2241 969 2287; x_wconf 85' lang='lat' dir='ltr'><strong>erat.</strong></span> <span class='ocrx_word' id='word_1_148' title='bbox 1006 2233 1206 2297; x_wconf 87' lang='lat' dir='ltr'><strong>Quare.</strong></span> <span class='ocrx_word' id='word_1_149' title='bbox 1267 2230 1312 2283; x_wconf 92' lang='lat' dir='ltr'><strong>si</strong></span> <span class='ocrx_word' id='word_1_150' title='bbox 1344 2232 1469 2299; x_wconf 86' lang='lat' dir='ltr'><strong>quis</strong></span> <span class='ocrx_word' id='word_1_151' title='bbox 1498 2244 1529 2283; x_wconf 90' lang='lat' dir='ltr'><strong>e</strong></span> <span class='ocrx_word' id='word_1_152' title='bbox 1559 2229 1838 2283; x_wconf 89' lang='lat' dir='ltr'><strong>contrario</strong></span> <span class='ocrx_word' id='word_1_153' title='bbox 1874 2238 2064 2283; x_wconf 87' lang='lat' dir='ltr'><strong>osten-</strong></span> 
     </span>
    </p>
   </div>
   <div class='ocr_carea' id='block_1_25' title="bbox 491 2320 2068 2391">
    <p class='ocr_par' dir='ltr' id='par_1_25' title="bbox 491 2320 2068 2391">
     <span class='ocr_line' id='line_1_25' title="bbox 491 2320 2068 2391; baseline -0.006 -10"><span class='ocrx_word' id='word_1_154' title='bbox 491 2328 636 2382; x_wconf 89' lang='lat' dir='ltr'><strong>derit</strong></span> <span class='ocrx_word' id='word_1_155' title='bbox 673 2339 796 2380; x_wconf 88' lang='lat' dir='ltr'><strong>ante</strong></span> <span class='ocrx_word' id='word_1_156' title='bbox 823 2324 1118 2379; x_wconf 86' lang='lat' dir='ltr'><strong>secundam</strong></span> <span class='ocrx_word' id='word_1_157' title='bbox 1150 2322 1420 2391; x_wconf 84' lang='lat' dir='ltr'><strong>synodum</strong></span> <span class='ocrx_word' id='word_1_158' title='bbox 1448 2323 1654 2377; x_wconf 90' lang='lat' dir='ltr'><strong>factum</strong></span> <span class='ocrx_word' id='word_1_159' title='bbox 1691 2320 1865 2375; x_wconf 81' lang='lat' dir='ltr'><strong>fuisse</strong></span> <span class='ocrx_word' id='word_1_160' title='bbox 1901 2321 2068 2374; x_wconf 87' lang='lat' dir='ltr'><strong>inter-</strong></span> 
     </span>
    </p>
   </div>
   <div class='ocr_carea' id='block_1_26' title="bbox 490 2412 2066 2488">
    <p class='ocr_par' dir='ltr' id='par_1_26' title="bbox 490 2412 2066 2488">
     <span class='ocr_line' id='line_1_26' title="bbox 490 2412 2066 2488; baseline -0.003 -17"><span class='ocrx_word' id='word_1_161' title='bbox 490 2421 719 2485; x_wconf 84' lang='lat' dir='ltr'><strong>dictum,</strong></span> <span class='ocrx_word' id='word_1_162' title='bbox 754 2420 901 2488; x_wconf 89' lang='lat' dir='ltr'><strong>quod</strong></span> <span class='ocrx_word' id='word_1_163' title='bbox 937 2418 1097 2472; x_wconf 88' lang='lat' dir='ltr'><strong>tertia</strong></span> <span class='ocrx_word' id='word_1_164' title='bbox 1130 2414 1375 2487; x_wconf 83' lang='lat' dir='ltr'><strong>synodus</strong></span> <span class='ocrx_word' id='word_1_165' title='bbox 1405 2414 1567 2478; x_wconf 78' lang='lat' dir='ltr'><strong>dixit,</strong></span> <span class='ocrx_word' id='word_1_166' title='bbox 1607 2424 1663 2467; x_wconf 89' lang='lat' dir='ltr'><strong>et</strong></span> <span class='ocrx_word' id='word_1_167' title='bbox 1699 2412 1894 2466; x_wconf 76' lang='lat' dir='ltr'><strong>iisdem</strong></span> <span class='ocrx_word' id='word_1_168' title='bbox 1932 2412 2066 2480; x_wconf 83' lang='lat' dir='ltr'><strong>ipsis</strong></span> 
     </span>
    </p>
   </div>
   <div class='ocr_carea' id='block_1_27' title="bbox 490 2503 2067 2574">
    <p class='ocr_par' dir='ltr' id='par_1_27' title="bbox 490 2503 2067 2574">
     <span class='ocr_line' id='line_1_27' title="bbox 490 2503 2067 2574; baseline -0.004 -10"><span class='ocrx_word' id='word_1_169' title='bbox 490 2514 660 2565; x_wconf 84' lang='lat' dir='ltr'><strong>ferme</strong></span> <span class='ocrx_word' id='word_1_170' title='bbox 685 2511 906 2572; x_wconf 80' lang='lat' dir='ltr'><strong>verbis,</strong></span> <span class='ocrx_word' id='word_1_171' title='bbox 941 2510 1197 2562; x_wconf 88' lang='lat' dir='ltr'><strong>alterum</strong></span> <span class='ocrx_word' id='word_1_172' title='bbox 1231 2510 1299 2560; x_wconf 82' lang='lat' dir='ltr'><strong>e&#39;x</strong></span> <span class='ocrx_word' id='word_1_173' title='bbox 1345 2504 1620 2574; x_wconf 62' lang='lat' dir='ltr'><strong>priedictis</strong></span> <span class='ocrx_word' id='word_1_174' title='bbox 1652 2503 1868 2557; x_wconf 84' lang='lat' dir='ltr'><strong>duobus</strong></span> <span class='ocrx_word' id='word_1_175' title='bbox 1915 2503 2067 2557; x_wconf 84' lang='lat' dir='ltr'><strong>colli-</strong></span> 
     </span>
    </p>
   </div>
   <div class='ocr_carea' id='block_1_28' title="bbox 490 2594 2064 2673">
    <p class='ocr_par' dir='ltr' id='par_1_28' title="bbox 490 2594 2064 2673">
     <span class='ocr_line' id='line_1_28' title="bbox 490 2594 2064 2673; baseline -0.005 -19"><span class='ocrx_word' id='word_1_176' title='bbox 490 2606 655 2673; x_wconf 79' lang='lat' dir='ltr'><strong>gitur.</strong></span> <span class='ocrx_word' id='word_1_177' title='bbox 684 2601 746 2656; x_wconf 88' lang='lat' dir='ltr'><strong>Et</strong></span> <span class='ocrx_word' id='word_1_178' title='bbox 778 2600 1037 2671; x_wconf 89' lang='lat' dir='ltr'><strong>quoniam</strong></span> <span class='ocrx_word' id='word_1_179' title='bbox 1065 2613 1158 2652; x_wconf 90' lang='lat' dir='ltr'><strong>eos</strong></span> <span class='ocrx_word' id='word_1_180' title='bbox 1189 2598 1292 2651; x_wconf 88' lang='lat' dir='ltr'><strong>sub</strong></span> <span class='ocrx_word' id='word_1_181' title='bbox 1318 2596 1666 2649; x_wconf 81' lang='lat' dir='ltr'><strong>anathemate</strong></span> <span class='ocrx_word' id='word_1_182' title='bbox 1690 2609 1846 2656; x_wconf 89' lang='lat' dir='ltr'><strong>.esse,</strong></span> <span class='ocrx_word' id='word_1_183' title='bbox 1899 2594 2064 2647; x_wconf 82' lang='lat' dir='ltr'><strong>male-</strong></span> 
     </span>
    </p>
   </div>
   <div class='ocr_carea' id='block_1_29' title="bbox 488 2687 2064 2764">
    <p class='ocr_par' dir='ltr' id='par_1_29' title="bbox 488 2687 2064 2764">
     <span class='ocr_line' id='line_1_29' title="bbox 488 2687 2064 2764; baseline -0.006 -17"><span class='ocrx_word' id='word_1_184' title='bbox 488 2710 596 2764; x_wconf 87' lang='lat' dir='ltr'><strong>que</strong></span> <span class='ocrx_word' id='word_1_185' title='bbox 629 2693 825 2748; x_wconf 81' lang='lat' dir='ltr'><strong>fecisse</strong></span> <span class='ocrx_word' id='word_1_186' title='bbox 876 2706 985 2746; x_wconf 89' lang='lat' dir='ltr'><strong>non</strong></span> <span class='ocrx_word' id='word_1_187' title='bbox 1020 2689 1288 2743; x_wconf 85' lang='lat' dir='ltr'><strong>audemus</strong></span> <span class='ocrx_word' id='word_1_188' title='bbox 1340 2687 1552 2749; x_wconf 90' lang='lat' dir='ltr'><strong>dicere,</strong></span> <span class='ocrx_word' id='word_1_189' title='bbox 1576 2699 1829 2755; x_wconf 86' lang='lat' dir='ltr'><strong>superest</strong></span> <span class='ocrx_word' id='word_1_190' title='bbox 1869 2701 2064 2740; x_wconf 88' lang='lat' dir='ltr'><strong>secun-</strong></span> 
     </span>
    </p>
   </div>
   <div class='ocr_carea' id='block_1_30' title="bbox 488 2778 2065 2849">
    <p class='ocr_par' dir='ltr' id='par_1_30' title="bbox 488 2778 2065 2849">
     <span class='ocr_line' id='line_1_30' title="bbox 488 2778 2065 2849; baseline -0.006 -8"><span class='ocrx_word' id='word_1_191' title='bbox 488 2788 643 2848; x_wconf 91' lang='lat' dir='ltr'><strong>dum,</strong></span> <span class='ocrx_word' id='word_1_192' title='bbox 671 2786 930 2839; x_wconf 90' lang='lat' dir='ltr'><strong>nimirum</strong></span> <span class='ocrx_word' id='word_1_193' title='bbox 963 2781 1110 2838; x_wconf 87' lang='lat' dir='ltr'><strong>istud</strong></span> <span class='ocrx_word' id='word_1_194' title='bbox 1142 2778 1619 2849; x_wconf 85' lang='lat' dir='ltr'><strong>impedimentum,</strong></span> <span class='ocrx_word' id='word_1_195' title='bbox 1657 2790 1765 2831; x_wconf 89' lang='lat' dir='ltr'><strong>non</strong></span> <span class='ocrx_word' id='word_1_196' title='bbox 1798 2779 1942 2831; x_wconf 90' lang='lat' dir='ltr'><strong>hunc</strong></span> <span class='ocrx_word' id='word_1_197' title='bbox 1972 2783 2065 2831; x_wconf 85' lang='lat' dir='ltr'><strong>ha-</strong></span> 
     </span>
    </p>
   </div>
   <div class='ocr_carea' id='block_1_31' title="bbox 488 2866 2062 2941">
    <p class='ocr_par' dir='ltr' id='par_1_31' title="bbox 488 2866 2062 2941">
     <span class='ocr_line' id='line_1_31' title="bbox 488 2866 2062 2941; baseline -0.009 -8"><span class='ocrx_word' id='word_1_198' title='bbox 488 2881 618 2933; x_wconf 90' lang='lat' dir='ltr'><strong>bere</strong></span> <span class='ocrx_word' id='word_1_199' title='bbox 647 2889 889 2938; x_wconf 87' lang='lat' dir='ltr'><strong>sensum,</strong></span> <span class='ocrx_word' id='word_1_200' title='bbox 917 2887 1079 2941; x_wconf 88' lang='lat' dir='ltr'><strong>quem</strong></span> <span class='ocrx_word' id='word_1_201' title='bbox 1112 2869 1284 2923; x_wconf 85' lang='lat' dir='ltr'><strong>nostri</strong></span> <span class='ocrx_word' id='word_1_202' title='bbox 1316 2868 1683 2930; x_wconf 88' lang='lat' dir='ltr'><strong>arbitrantur,</strong></span> <span class='ocrx_word' id='word_1_203' title='bbox 1722 2866 1816 2920; x_wconf 90' lang='lat' dir='ltr'><strong>sed</strong></span> <span class='ocrx_word' id='word_1_204' title='bbox 1841 2875 2062 2920; x_wconf 81' lang='lat' dir='ltr'><strong>contra-</strong></span> 
     </span>
    </p>
   </div>
   <div class='ocr_carea' id='block_1_32' title="bbox 488 2955 2064 3026">
    <p class='ocr_par' dir='ltr' id='par_1_32' title="bbox 488 2955 2064 3026">
     <span class='ocr_line' id='line_1_32' title="bbox 488 2955 2064 3026; baseline -0.006 -8"><span class='ocrx_word' id='word_1_205' title='bbox 488 2967 624 3018; x_wconf 88' lang='lat' dir='ltr'><strong>riam</strong></span> <span class='ocrx_word' id='word_1_206' title='bbox 685 2962 845 3016; x_wconf 89' lang='lat' dir='ltr'><strong>fidem</strong></span> <span class='ocrx_word' id='word_1_207' title='bbox 890 2971 1097 3014; x_wconf 87' lang='lat' dir='ltr'><strong>vetare.</strong></span> <span class='ocrx_word' id='word_1_208' title='bbox 1142 2957 1256 3011; x_wconf 84' lang='lat' dir='ltr'><strong>Hoc</strong></span> <span class='ocrx_word' id='word_1_209' title='bbox 1321 2956 1487 3026; x_wconf 77' lang='lat' dir='ltr'><strong>igitur</strong></span> <span class='ocrx_word' id='word_1_210' title='bbox 1534 2955 1696 3010; x_wconf 86' lang='lat' dir='ltr'><strong>nobis</strong></span> <span class='ocrx_word' id='word_1_211' title='bbox 1758 2957 2064 3024; x_wconf 89' lang='lat' dir='ltr'><strong>probarunt</strong></span> 
     </span>
    </p>
   </div>
   <div class='ocr_carea' id='block_1_33' title="bbox 487 3047 2059 3118">
    <p class='ocr_par' dir='ltr' id='par_1_33' title="bbox 487 3047 2059 3118">
     <span class='ocr_line' id='line_1_33' title="bbox 487 3047 2059 3118; baseline -0.004 -9"><span class='ocrx_word' id='word_1_212' title='bbox 487 3055 687 3109; x_wconf 87' lang='lat' dir='ltr'><strong>Latini.</strong></span> <span class='ocrx_word' id='word_1_213' title='bbox 720 3053 1010 3108; x_wconf 84' lang='lat' dir='ltr'><strong>Ostensuin</strong></span> <span class='ocrx_word' id='word_1_214' title='bbox 1042 3052 1188 3104; x_wconf 90' lang='lat' dir='ltr'><strong>enim</strong></span> <span class='ocrx_word' id='word_1_215' title='bbox 1225 3057 1311 3105; x_wconf 92' lang='lat' dir='ltr'><strong>est</strong></span> <span class='ocrx_word' id='word_1_216' title='bbox 1348 3049 1417 3103; x_wconf 91' lang='lat' dir='ltr'><strong>ab</strong></span> <span class='ocrx_word' id='word_1_217' title='bbox 1472 3047 1605 3118; x_wconf 92' lang='lat' dir='ltr'><strong>ipsis</strong></span> <span class='ocrx_word' id='word_1_218' title='bbox 1651 3048 1794 3102; x_wconf 85' lang='lat' dir='ltr'><strong>hanc</strong></span> <span class='ocrx_word' id='word_1_219' title='bbox 1854 3049 2059 3102; x_wconf 85' lang='lat' dir='ltr'><strong>inhibi-</strong></span> 
     </span>
    </p>
   </div>
   <div class='ocr_carea' id='block_1_34' title="bbox 487 3138 2058 3213">
    <p class='ocr_par' dir='ltr' id='par_1_34' title="bbox 487 3138 2058 3213">
     <span class='ocr_line' id='line_1_34' title="bbox 487 3138 2058 3213; baseline -0.003 -15"><span class='ocrx_word' id='word_1_220' title='bbox 487 3149 693 3199; x_wconf 90' lang='lat' dir='ltr'><strong>tionem</strong></span> <span class='ocrx_word' id='word_1_221' title='bbox 732 3144 907 3213; x_wconf 87' lang='lat' dir='ltr'><strong>primo</strong></span> <span class='ocrx_word' id='word_1_222' title='bbox 936 3142 1211 3197; x_wconf 67' lang='lat' dir='ltr'><strong>Nieaenam</strong></span> <span class='ocrx_word' id='word_1_223' title='bbox 1267 3139 1536 3210; x_wconf 81' lang='lat' dir='ltr'><strong>synodum</strong></span> <span class='ocrx_word' id='word_1_224' title='bbox 1568 3138 1802 3209; x_wconf 86' lang='lat' dir='ltr'><strong>primam</strong></span> <span class='ocrx_word' id='word_1_225' title='bbox 1864 3138 2058 3193; x_wconf 82' lang='lat' dir='ltr'><strong>fecisse</strong></span> 
     </span>
    </p>
   </div>
   <div class='ocr_carea' id='block_1_35' title="bbox 487 3232 2059 3302">
    <p class='ocr_par' dir='ltr' id='par_1_35' title="bbox 487 3232 2059 3302">
     <span class='ocr_line' id='line_1_35' title="bbox 487 3232 2059 3302; baseline -0.003 -11"><span class='ocrx_word' id='word_1_226' title='bbox 487 3237 681 3291; x_wconf 89' lang='lat' dir='ltr'><strong>iisdem</strong></span> <span class='ocrx_word' id='word_1_227' title='bbox 710 3235 913 3299; x_wconf 79' lang='lat' dir='ltr'><strong>verbis,</strong></span> <span class='ocrx_word' id='word_1_228' title='bbox 944 3232 1146 3302; x_wconf 90' lang='lat' dir='ltr'><strong>quibus</strong></span> <span class='ocrx_word' id='word_1_229' title='bbox 1196 3242 1253 3288; x_wconf 89' lang='lat' dir='ltr'><strong>et</strong></span> <span class='ocrx_word' id='word_1_230' title='bbox 1314 3232 1511 3301; x_wconf 59' lang='lat' dir='ltr'><strong>tertiaﬂ,</strong></span> <span class='ocrx_word' id='word_1_231' title='bbox 1547 3240 1600 3286; x_wconf 90' lang='lat' dir='ltr'><strong>et</strong></span> <span class='ocrx_word' id='word_1_232' title='bbox 1629 3247 1750 3300; x_wconf 74' lang='lat' dir='ltr'><strong>qua:</strong></span> <span class='ocrx_word' id='word_1_233' title='bbox 1799 3232 2059 3300; x_wconf 85' lang='lat' dir='ltr'><strong>deinceps</strong></span> 
     </span>
    </p>
   </div>
   <div class='ocr_carea' id='block_1_36' title="bbox 486 3324 2060 3393">
    <p class='ocr_par' dir='ltr' id='par_1_36' title="bbox 486 3324 2060 3393">
     <span class='ocr_line' id='line_1_36' title="bbox 486 3324 2060 3393; baseline -0.004 -9"><span class='ocrx_word' id='word_1_234' title='bbox 486 3329 795 3384; x_wconf 68' lang='lat' dir='ltr'><strong>subsecuta:</strong></span> <span class='ocrx_word' id='word_1_235' title='bbox 818 3326 1063 3381; x_wconf 89' lang='lat' dir='ltr'><strong>fuerunt.</strong></span> <span class='ocrx_word' id='word_1_236' title='bbox 1094 3326 1152 3380; x_wconf 91' lang='lat' dir='ltr'><strong>ld</strong></span> <span class='ocrx_word' id='word_1_237' title='bbox 1194 3340 1324 3379; x_wconf 90' lang='lat' dir='ltr'><strong>vero</strong></span> <span class='ocrx_word' id='word_1_238' title='bbox 1364 3324 1436 3378; x_wconf 86' lang='lat' dir='ltr'><strong>ita</strong></span> <span class='ocrx_word' id='word_1_239' title='bbox 1465 3325 1849 3388; x_wconf 90' lang='lat' dir='ltr'><strong>ostenderunt,</strong></span> <span class='ocrx_word' id='word_1_240' title='bbox 1869 3340 2060 3393; x_wconf 89' lang='lat' dir='ltr'><strong>quem-</strong></span> 
     </span>
    </p>
   </div>
   <div class='ocr_carea' id='block_1_37' title="bbox 484 3415 2056 3487">
    <p class='ocr_par' dir='ltr' id='par_1_37' title="bbox 484 3415 2056 3487">
     <span class='ocr_line' id='line_1_37' title="bbox 484 3415 2056 3487; baseline -0.003 -13"><span class='ocrx_word' id='word_1_241' title='bbox 484 3420 779 3474; x_wconf 87' lang='lat' dir='ltr'><strong>admodum</strong></span> <span class='ocrx_word' id='word_1_242' title='bbox 846 3427 901 3472; x_wconf 89' lang='lat' dir='ltr'><strong>tu</strong></span> <span class='ocrx_word' id='word_1_243' title='bbox 953 3433 1198 3487; x_wconf 82' lang='lat' dir='ltr'><strong>quoque,</strong></span> <span class='ocrx_word' id='word_1_244' title='bbox 1229 3415 1528 3470; x_wconf 81' lang='lat' dir='ltr'><strong>clarissime</strong></span> <span class='ocrx_word' id='word_1_245' title='bbox 1575 3417 1682 3481; x_wconf 85' lang='lat' dir='ltr'><strong>vir,</strong></span> <span class='ocrx_word' id='word_1_246' title='bbox 1705 3417 1798 3485; x_wconf 85' lang='lat' dir='ltr'><strong>qui</strong></span> <span class='ocrx_word' id='word_1_247' title='bbox 1830 3417 2056 3469; x_wconf 89' lang='lat' dir='ltr'><strong>istorum</strong></span> 
     </span>
    </p>
   </div>
   <div class='ocr_carea' id='block_1_38' title="bbox 484 3507 2058 3578">
    <p class='ocr_par' dir='ltr' id='par_1_38' title="bbox 484 3507 2058 3578">
     <span class='ocr_line' id='line_1_38' title="bbox 484 3507 2058 3578; baseline -0.004 -11"><span class='ocrx_word' id='word_1_248' title='bbox 484 3513 726 3567; x_wconf 90' lang='lat' dir='ltr'><strong>virorum</strong></span> <span class='ocrx_word' id='word_1_249' title='bbox 756 3511 1127 3565; x_wconf 83' lang='lat' dir='ltr'><strong>familiaritate</strong></span> <span class='ocrx_word' id='word_1_250' title='bbox 1162 3510 1354 3573; x_wconf 89' lang='lat' dir='ltr'><strong>uteris,</strong></span> <span class='ocrx_word' id='word_1_251' title='bbox 1386 3509 1590 3578; x_wconf 88' lang='lat' dir='ltr'><strong>optime</strong></span> <span class='ocrx_word' id='word_1_252' title='bbox 1623 3509 1793 3563; x_wconf 86' lang='lat' dir='ltr'><strong>nosti.</strong></span> <span class='ocrx_word' id='word_1_253' title='bbox 1820 3507 1898 3561; x_wconf 89' lang='lat' dir='ltr'><strong>lta</strong></span> <span class='ocrx_word' id='word_1_254' title='bbox 1928 3518 2058 3562; x_wconf 90' lang='lat' dir='ltr'><strong>sunt</strong></span> 
     </span>
    </p>
   </div>
   <div class='ocr_carea' id='block_1_39' title="bbox 483 3603 2056 3675">
    <p class='ocr_par' dir='ltr' id='par_1_39' title="bbox 483 3603 2056 3675">
     <span class='ocr_line' id='line_1_39' title="bbox 483 3603 2056 3675; baseline 0 -16"><span class='ocrx_word' id='word_1_255' title='bbox 483 3607 538 3659; x_wconf 90' lang='lat' dir='ltr'><strong>in</strong></span> <span class='ocrx_word' id='word_1_256' title='bbox 570 3607 685 3659; x_wconf 85' lang='lat' dir='ltr'><strong>suis</strong></span> <span class='ocrx_word' id='word_1_257' title='bbox 720 3605 886 3675; x_wconf 78' lang='lat' dir='ltr'><strong>gestis</strong></span> <span class='ocrx_word' id='word_1_258' title='bbox 931 3604 1163 3659; x_wconf 83' lang='lat' dir='ltr'><strong>studiosi</strong></span> <span class='ocrx_word' id='word_1_259' title='bbox 1195 3618 1260 3658; x_wconf 91' lang='lat' dir='ltr'><strong>ac</strong></span> <span class='ocrx_word' id='word_1_260' title='bbox 1306 3603 1623 3671; x_wconf 76' lang='lat' dir='ltr'><strong>diligentes,</strong></span> <span class='ocrx_word' id='word_1_261' title='bbox 1650 3615 1713 3659; x_wconf 93' lang='lat' dir='ltr'><strong>ut</strong></span> <span class='ocrx_word' id='word_1_262' title='bbox 1740 3622 1847 3661; x_wconf 92' lang='lat' dir='ltr'><strong>non</strong></span> <span class='ocrx_word' id='word_1_263' title='bbox 1879 3606 2056 3659; x_wconf 88' lang='lat' dir='ltr'><strong>solum</strong></span> 
     </span>
    </p>
   </div>
   <div class='ocr_carea' id='block_1_40' title="bbox 483 3696 2055 3768">
    <p class='ocr_par' dir='ltr' id='par_1_40' title="bbox 483 3696 2055 3768">
     <span class='ocr_line' id='line_1_40' title="bbox 483 3696 2055 3768; baseline 0 -15"><span class='ocrx_word' id='word_1_264' title='bbox 483 3699 538 3753; x_wconf 91' lang='lat' dir='ltr'><strong>in</strong></span> <span class='ocrx_word' id='word_1_265' title='bbox 570 3697 735 3752; x_wconf 88' lang='lat' dir='ltr'><strong>rebus</strong></span> <span class='ocrx_word' id='word_1_266' title='bbox 764 3697 1198 3762; x_wconf 86' lang='lat' dir='ltr'><strong>divinis,verum</strong></span> <span class='ocrx_word' id='word_1_267' title='bbox 1223 3696 1388 3750; x_wconf 83' lang='lat' dir='ltr'><strong>etiam</strong></span> <span class='ocrx_word' id='word_1_268' title='bbox 1418 3698 1713 3752; x_wconf 88' lang='lat' dir='ltr'><strong>mundanis</strong></span> <span class='ocrx_word' id='word_1_269' title='bbox 1741 3711 1795 3753; x_wconf 91' lang='lat' dir='ltr'><strong>et</strong></span> <span class='ocrx_word' id='word_1_270' title='bbox 1815 3699 2055 3768; x_wconf 88' lang='lat' dir='ltr'><strong>politicis</strong></span> 
     </span>
    </p>
   </div>
   <div class='ocr_carea' id='block_1_41' title="bbox 482 3787 2055 3859">
    <p class='ocr_par' dir='ltr' id='par_1_41' title="bbox 482 3787 2055 3859">
     <span class='ocr_line' id='line_1_41' title="bbox 482 3787 2055 3859; baseline -0.001 -17"><span class='ocrx_word' id='word_1_271' title='bbox 482 3789 617 3843; x_wconf 88' lang='lat' dir='ltr'><strong>nihil</strong></span> <span class='ocrx_word' id='word_1_272' title='bbox 646 3804 741 3843; x_wconf 85' lang='lat' dir='ltr'><strong>eos</strong></span> <span class='ocrx_word' id='word_1_273' title='bbox 772 3788 1115 3856; x_wconf 87' lang='lat' dir='ltr'><strong>antiquitatis</strong></span> <span class='ocrx_word' id='word_1_274' title='bbox 1142 3788 1335 3859; x_wconf 67' lang='lat' dir='ltr'><strong>fugiat.</strong></span> <span class='ocrx_word' id='word_1_275' title='bbox 1385 3787 1567 3853; x_wconf 87' lang='lat' dir='ltr'><strong>Quare</strong></span> <span class='ocrx_word' id='word_1_276' title='bbox 1609 3798 1664 3840; x_wconf 93' lang='lat' dir='ltr'><strong>et</strong></span> <span class='ocrx_word' id='word_1_277' title='bbox 1716 3787 1770 3841; x_wconf 92' lang='lat' dir='ltr'><strong>in</strong></span> <span class='ocrx_word' id='word_1_278' title='bbox 1830 3790 2055 3842; x_wconf 88' lang='lat' dir='ltr'><strong>urbibus</strong></span> 
     </span>
    </p>
   </div>
   <div class='ocr_carea' id='block_1_42' title="bbox 480 3874 2054 3949">
    <p class='ocr_par' dir='ltr' id='par_1_42' title="bbox 480 3874 2054 3949">
     <span class='ocr_line' id='line_1_42' title="bbox 480 3874 2054 3949; baseline -0.006 -14"><span class='ocrx_word' id='word_1_279' title='bbox 480 3883 536 3935; x_wconf 90' lang='lat' dir='ltr'><strong>iu</strong></span> <span class='ocrx_word' id='word_1_280' title='bbox 592 3880 705 3934; x_wconf 88' lang='lat' dir='ltr'><strong>suis</strong></span> <span class='ocrx_word' id='word_1_281' title='bbox 760 3877 997 3949; x_wconf 86' lang='lat' dir='ltr'><strong>publicis</strong></span> <span class='ocrx_word' id='word_1_282' title='bbox 1047 3876 1357 3941; x_wconf 84' lang='lat' dir='ltr'><strong>tabulariis,</strong></span> <span class='ocrx_word' id='word_1_283' title='bbox 1416 3880 1635 3945; x_wconf 77' lang='lat' dir='ltr'><strong>egregia</strong></span> <span class='ocrx_word' id='word_1_284' title='bbox 1686 3874 1825 3928; x_wconf 89' lang='lat' dir='ltr'><strong>facta</strong></span> <span class='ocrx_word' id='word_1_285' title='bbox 1871 3876 2054 3927; x_wconf 85' lang='lat' dir='ltr'><strong>omnia</strong></span> 
     </span>
    </p>
   </div>
   <div class='ocr_carea' id='block_1_43' title="bbox 479 3966 2056 4039">
    <p class='ocr_par' dir='ltr' id='par_1_43' title="bbox 479 3966 2056 4039">
     <span class='ocr_line' id='line_1_43' title="bbox 479 3966 2056 4039; baseline -0.003 -16"><span class='ocrx_word' id='word_1_286' title='bbox 479 3971 675 4025; x_wconf 91' lang='lat' dir='ltr'><strong>litteris</strong></span> <span class='ocrx_word' id='word_1_287' title='bbox 700 3969 1046 4039; x_wconf 73' lang='lat' dir='ltr'><strong>consignata,</strong></span> <span class='ocrx_word' id='word_1_288' title='bbox 1102 3966 1291 4036; x_wconf 86' lang='lat' dir='ltr'><strong>ibique</strong></span> <span class='ocrx_word' id='word_1_289' title='bbox 1325 3976 1599 4021; x_wconf 78' lang='lat' dir='ltr'><strong>reservata</strong></span> <span class='ocrx_word' id='word_1_290' title='bbox 1638 3966 1904 4035; x_wconf 84' lang='lat' dir='ltr'><strong>reperies,</strong></span> <span class='ocrx_word' id='word_1_291' title='bbox 1933 3979 2056 4032; x_wconf 71' lang='lat' dir='ltr'><strong>qua:</strong></span> 
     </span>
    </p>
   </div>
   <div class='ocr_carea' id='block_1_44' title="bbox 476 4055 2051 4128">
    <p class='ocr_par' dir='ltr' id='par_1_44' title="bbox 476 4055 2051 4128">
     <span class='ocr_line' id='line_1_44' title="bbox 476 4055 2051 4128; baseline -0.004 -13"><span class='ocrx_word' id='word_1_292' title='bbox 476 4078 505 4114; x_wconf 91' lang='lat' dir='ltr'><strong>a</strong></span> <span class='ocrx_word' id='word_1_293' title='bbox 550 4059 910 4128; x_wconf 86' lang='lat' dir='ltr'><strong>temporibus,</strong></span> <span class='ocrx_word' id='word_1_294' title='bbox 966 4056 1034 4110; x_wconf 90' lang='lat' dir='ltr'><strong>de</strong></span> <span class='ocrx_word' id='word_1_295' title='bbox 1071 4057 1274 4125; x_wconf 86' lang='lat' dir='ltr'><strong>quibus</strong></span> <span class='ocrx_word' id='word_1_296' title='bbox 1331 4055 1474 4108; x_wconf 89' lang='lat' dir='ltr'><strong>nulla</strong></span> <span class='ocrx_word' id='word_1_297' title='bbox 1530 4067 1708 4108; x_wconf 79' lang='lat' dir='ltr'><strong>exstat</strong></span> <span class='ocrx_word' id='word_1_298' title='bbox 1760 4059 2051 4119; x_wconf 87' lang='lat' dir='ltr'><strong>memoria,</strong></span> 
     </span>
    </p>
   </div>
   <div class='ocr_carea' id='block_1_45' title="bbox 474 4145 2053 4221">
    <p class='ocr_par' dir='ltr' id='par_1_45' title="bbox 474 4145 2053 4221">
     <span class='ocr_line' id='line_1_45' title="bbox 474 4145 2053 4221; baseline -0.003 -18"><span class='ocrx_word' id='word_1_299' title='bbox 474 4151 768 4221; x_wconf 79' lang='lat' dir='ltr'><strong>gesserint.</strong></span> <span class='ocrx_word' id='word_1_300' title='bbox 797 4148 909 4202; x_wconf 92' lang='lat' dir='ltr'><strong>lloc</strong></span> <span class='ocrx_word' id='word_1_301' title='bbox 939 4148 1123 4215; x_wconf 84' lang='lat' dir='ltr'><strong>itaque</strong></span> <span class='ocrx_word' id='word_1_302' title='bbox 1174 4145 1409 4200; x_wconf 80' lang='lat' dir='ltr'><strong>maxime</strong></span> <span class='ocrx_word' id='word_1_303' title='bbox 1441 4146 1691 4199; x_wconf 89' lang='lat' dir='ltr'><strong>omnium</strong></span> <span class='ocrx_word' id='word_1_304' title='bbox 1746 4157 1799 4199; x_wconf 89' lang='lat' dir='ltr'><strong>et</strong></span> <span class='ocrx_word' id='word_1_305' title='bbox 1856 4147 1910 4198; x_wconf 89' lang='lat' dir='ltr'><strong>in</strong></span> <span class='ocrx_word' id='word_1_306' title='bbox 1964 4162 2053 4199; x_wconf 80' lang='lat' dir='ltr'><strong>ca-</strong></span> 
     </span>
    </p>
   </div>
   <div class='ocr_carea' id='block_1_46' title="bbox 478 4238 2053 4308">
    <p class='ocr_par' dir='ltr' id='par_1_46' title="bbox 478 4238 2053 4308">
     <span class='ocr_line' id='line_1_46' title="bbox 478 4238 2053 4308; baseline -0.004 -11"><span class='ocrx_word' id='word_1_307' title='bbox 478 4241 677 4297; x_wconf 81' lang='lat' dir='ltr'><strong>tholica</strong></span> <span class='ocrx_word' id='word_1_308' title='bbox 708 4240 946 4295; x_wconf 86' lang='lat' dir='ltr'><strong>Ecclesia</strong></span> <span class='ocrx_word' id='word_1_309' title='bbox 967 4240 1258 4308; x_wconf 75' lang='lat' dir='ltr'><strong>diligenter</strong></span> <span class='ocrx_word' id='word_1_310' title='bbox 1291 4238 1620 4293; x_wconf 81' lang='lat' dir='ltr'><strong>observatur</strong></span> <span class='ocrx_word' id='word_1_311' title='bbox 1659 4247 2053 4292; x_wconf 85' lang='lat' dir='ltr'><strong>:asservantur</strong></span> 
     </span>
    </p>
   </div>
   <div class='ocr_carea' id='block_1_47' title="bbox 475 4336 2052 4407">
    <p class='ocr_par' dir='ltr' id='par_1_47' title="bbox 475 4336 2052 4407">
     <span class='ocr_line' id='line_1_47' title="bbox 475 4336 2052 4407; baseline -0.003 -14"><span class='ocrx_word' id='word_1_312' title='bbox 475 4341 530 4393; x_wconf 89' lang='lat' dir='ltr'><strong>in</strong></span> <span class='ocrx_word' id='word_1_313' title='bbox 565 4338 705 4393; x_wconf 89' lang='lat' dir='ltr'><strong>hanc</strong></span> <span class='ocrx_word' id='word_1_314' title='bbox 733 4352 908 4407; x_wconf 90' lang='lat' dir='ltr'><strong>usque</strong></span> <span class='ocrx_word' id='word_1_315' title='bbox 954 4337 1099 4390; x_wconf 89' lang='lat' dir='ltr'><strong>diem</strong></span> <span class='ocrx_word' id='word_1_316' title='bbox 1140 4336 1325 4390; x_wconf 90' lang='lat' dir='ltr'><strong>omnia</strong></span> <span class='ocrx_word' id='word_1_317' title='bbox 1376 4346 1548 4406; x_wconf 76' lang='lat' dir='ltr'><strong>gesta,</strong></span> <span class='ocrx_word' id='word_1_318' title='bbox 1585 4348 1886 4403; x_wconf 86' lang='lat' dir='ltr'><strong>omnesque</strong></span> <span class='ocrx_word' id='word_1_319' title='bbox 1936 4338 2052 4388; x_wconf 82' lang='lat' dir='ltr'><strong>fere</strong></span> 
     </span>
    </p>
   </div>
   <div class='ocr_carea' id='block_1_48' title="bbox 472 4425 1862 4499">
    <p class='ocr_par' dir='ltr' id='par_1_48' title="bbox 472 4425 1862 4499">
     <span class='ocr_line' id='line_1_48' title="bbox 472 4425 1862 4499; baseline -0.003 -15"><span class='ocrx_word' id='word_1_320' title='bbox 472 4431 720 4499; x_wconf 77' lang='lat' dir='ltr'><strong>epistola:</strong></span> <span class='ocrx_word' id='word_1_321' title='bbox 757 4430 1110 4496; x_wconf 85' lang='lat' dir='ltr'><strong>antiquorum</strong></span> <span class='ocrx_word' id='word_1_322' title='bbox 1140 4441 1484 4481; x_wconf 87' lang='lat' dir='ltr'><strong>summorum</strong></span> <span class='ocrx_word' id='word_1_323' title='bbox 1516 4425 1862 4495; x_wconf 78' lang='lat' dir='ltr'><strong>pontiﬁcum.</strong></span> 
     </span>
    </p>
   </div>
   <div class='ocr_carea' id='block_1_49' title="bbox 2177 569 3576 651">
    <p class='ocr_par' dir='ltr' id='par_1_49' title="bbox 2177 569 3576 651">
     <span class='ocr_line' id='line_1_49' title="bbox 2177 569 3576 651; baseline 0.003 -18"><span class='ocrx_word' id='word_1_324' title='bbox 2177 581 2441 647; x_wconf 86' lang='grc' dir='ltr'>Λατίνων,</span> <span class='ocrx_word' id='word_1_325' title='bbox 2466 578 2562 632; x_wconf 82' lang='grc' dir='ltr'>τοῦ</span> <span class='ocrx_word' id='word_1_326' title='bbox 2592 581 2722 651; x_wconf 76' lang='grc' dir='ltr'>περὶ</span> <span class='ocrx_word' id='word_1_327' title='bbox 2756 580 2964 632; x_wconf 85' lang='grc' dir='ltr'>τούτων</span> <span class='ocrx_word' id='word_1_328' title='bbox 3001 569 3163 648; x_wconf 84' lang='grc' dir='ltr'>λόγου</span> <span class='ocrx_word' id='word_1_329' title='bbox 3194 581 3576 651; x_wconf 83' lang='grc' dir='ltr'>πεπαύσομαι.</span> 
     </span>
    </p>
   </div>
   <div class='ocr_carea' id='block_1_50' title="bbox 2250 757 3763 831">
    <p class='ocr_par' dir='ltr' id='par_1_50' title="bbox 2250 757 3763 831">
     <span class='ocr_line' id='line_1_50' title="bbox 2250 757 3763 831; baseline 0.003 -17"><span class='ocrx_word' id='word_1_330' title='bbox 2250 762 2411 815; x_wconf 79' lang='grc' dir='ltr'>Ἔστι</span> <span class='ocrx_word' id='word_1_331' title='bbox 2460 761 2519 813; x_wconf 80' lang='grc' dir='ltr'>δὲ</span> <span class='ocrx_word' id='word_1_332' title='bbox 2545 760 2642 813; x_wconf 72' lang='grc' dir='ltr'>καὶ</span> <span class='ocrx_word' id='word_1_333' title='bbox 2682 758 2844 812; x_wconf 78' lang='grc' dir='ltr'>τοῦτο</span> <span class='ocrx_word' id='word_1_334' title='bbox 2875 757 2985 812; x_wconf 86' lang='grc' dir='ltr'><strong>τῶν</strong></span> <span class='ocrx_word' id='word_1_335' title='bbox 3034 760 3180 814; x_wconf 87' lang='grc' dir='ltr'>πάνυ</span> <span class='ocrx_word' id='word_1_336' title='bbox 3233 760 3612 831; x_wconf 80' lang='grc' dir='ltr'><strong>ἰσχυροτάτων</strong></span> <span class='ocrx_word' id='word_1_337' title='bbox 3665 765 3763 818; x_wconf 74' lang='grc' dir='ltr'>καὶ</span> 
     </span>
    </p>
   </div>
   <div class='ocr_carea' id='block_1_51' title="bbox 2175 851 3767 926">
    <p class='ocr_par' dir='ltr' id='par_1_51' title="bbox 2175 851 3767 926">
     <span class='ocr_line' id='line_1_51' title="bbox 2175 851 3767 926; baseline -0.002 -20"><span class='ocrx_word' id='word_1_338' title='bbox 2175 852 2596 923; x_wconf 84' lang='grc' dir='ltr'>ἁνατρεπτικῶν</span> <span class='ocrx_word' id='word_1_339' title='bbox 2626 852 2728 921; x_wconf 80' lang='grc' dir='ltr'>τῆς</span> <span class='ocrx_word' id='word_1_340' title='bbox 2759 851 2870 904; x_wconf 85' lang='grc' dir='ltr'>τῶν</span> <span class='ocrx_word' id='word_1_341' title='bbox 2905 851 3195 922; x_wconf 63' lang='grc' dir='ltr'><strong>⁴ἡμετέρων</strong></span> <span class='ocrx_word' id='word_1_342' title='bbox 3224 856 3355 923; x_wconf 74' lang='grc' dir='ltr'>περὶ</span> <span class='ocrx_word' id='word_1_343' title='bbox 3386 854 3481 906; x_wconf 77' lang='grc' dir='ltr'><strong>τοῦ</strong></span> <span class='ocrx_word' id='word_1_344' title='bbox 3514 852 3767 926; x_wconf 75' lang='grc' dir='ltr'>ζητήμα.</span> 
     </span>
    </p>
   </div>
   <div class='ocr_carea' id='block_1_52' title="bbox 2175 945 3513 1016">
    <p class='ocr_par' dir='ltr' id='par_1_52' title="bbox 2175 945 3513 1016">
     <span class='ocr_line' id='line_1_52' title="bbox 2175 945 3513 1016; baseline 0 -16"><span class='ocrx_word' id='word_1_345' title='bbox 2175 963 2269 1009; x_wconf 90' lang='grc' dir='ltr'><strong>τος</strong></span> <span class='ocrx_word' id='word_1_346' title='bbox 2291 946 2485 999; x_wconf 88' lang='grc' dir='ltr'>τούτου</span> <span class='ocrx_word' id='word_1_347' title='bbox 2514 945 2733 1011; x_wconf 81' lang='grc' dir='ltr'><strong>ἀπάτης</strong></span> <span class='ocrx_word' id='word_1_348' title='bbox 2761 961 2775 976; x_wconf 76' lang='grc' dir='ltr'><strong>ο</strong></span> <span class='ocrx_word' id='word_1_349' title='bbox 2819 945 3123 1015; x_wconf 70' lang='grc' dir='ltr'>ἐπίστησον</span> <span class='ocrx_word' id='word_1_350' title='bbox 3155 945 3212 999; x_wconf 82' lang='grc' dir='ltr'>δὲ</span> <span class='ocrx_word' id='word_1_351' title='bbox 3242 947 3513 1016; x_wconf 78' lang='grc' dir='ltr'>ἀκριϐῶς.</span> 
     </span>
    </p>
   </div>
   <div class='ocr_carea' id='block_1_53' title="bbox 2256 1037 3762 1114">
    <p class='ocr_par' dir='ltr' id='par_1_53' title="bbox 2256 1037 3762 1114">
     <span class='ocr_line' id='line_1_53' title="bbox 2256 1037 3762 1114; baseline 0.003 -24"><span class='ocrx_word' id='word_1_352' title='bbox 2256 1039 2453 1107; x_wconf 80' lang='grc' dir='ltr'>Ἡμεῖς</span> <span class='ocrx_word' id='word_1_353' title='bbox 2482 1037 2907 1108; x_wconf 78' lang='grc' dir='ltr'>ίσχυριζόμεθα,</span> <span class='ocrx_word' id='word_1_354' title='bbox 2941 1039 3025 1092; x_wconf 85' lang='grc' dir='ltr'>ὅτι</span> <span class='ocrx_word' id='word_1_355' title='bbox 3047 1039 3208 1091; x_wconf 83' lang='grc' dir='ltr'>τοῦτο</span> <span class='ocrx_word' id='word_1_356' title='bbox 3229 1038 3287 1091; x_wconf 85' lang='grc' dir='ltr'>τὸ</span> <span class='ocrx_word' id='word_1_357' title='bbox 3318 1039 3550 1110; x_wconf 81' lang='grc' dir='ltr'><strong>κώλυμα</strong></span> <span class='ocrx_word' id='word_1_358' title='bbox 3568 1043 3762 1114; x_wconf 84' lang='grc' dir='ltr'>πρώτη</span> 
     </span>
    </p>
   </div>
   <div class='ocr_carea' id='block_1_54' title="bbox 2174 1128 3759 1209">
    <p class='ocr_par' dir='ltr' id='par_1_54' title="bbox 2174 1128 3759 1209">
     <span class='ocr_line' id='line_1_54' title="bbox 2174 1128 3759 1209; baseline 0.004 -27"><span class='ocrx_word' id='word_1_359' title='bbox 2174 1128 2209 1194; x_wconf 76' lang='grc' dir='ltr'><strong>ἠ</strong></span> <span class='ocrx_word' id='word_1_360' title='bbox 2236 1129 2394 1200; x_wconf 83' lang='grc' dir='ltr'>τρίτη</span> <span class='ocrx_word' id='word_1_361' title='bbox 2432 1130 2651 1192; x_wconf 76' lang='grc' dir='ltr'><strong>σύνοδος</strong></span> <span class='ocrx_word' id='word_1_362' title='bbox 2692 1132 3015 1199; x_wconf 72' lang='grc' dir='ltr'>ἐπενόησεν,</span> <span class='ocrx_word' id='word_1_363' title='bbox 3049 1131 3131 1209; x_wconf 89' lang='grc' dir='ltr'><strong>ώς</strong></span> <span class='ocrx_word' id='word_1_364' title='bbox 3153 1132 3249 1185; x_wconf 81' lang='grc' dir='ltr'>καὶ</span> <span class='ocrx_word' id='word_1_365' title='bbox 3281 1133 3552 1203; x_wconf 88' lang='grc' dir='ltr'>πρότερον</span> <span class='ocrx_word' id='word_1_366' title='bbox 3582 1130 3759 1189; x_wconf 80' lang='grc' dir='ltr'>εἷπον.</span> 
     </span>
    </p>
   </div>
   <div class='ocr_carea' id='block_1_55' title="bbox 2177 1220 3761 1298">
    <p class='ocr_par' dir='ltr' id='par_1_55' title="bbox 2177 1220 3761 1298">
     <span class='ocr_line' id='line_1_55' title="bbox 2177 1220 3761 1298; baseline 0.004 -23"><span class='ocrx_word' id='word_1_367' title='bbox 2177 1222 2424 1293; x_wconf 76' lang='grc' dir='ltr'>Εῖρημαι</span> <span class='ocrx_word' id='word_1_368' title='bbox 2447 1222 2504 1275; x_wconf 79' lang='grc' dir='ltr'>δὲ</span> <span class='ocrx_word' id='word_1_369' title='bbox 2528 1223 2650 1275; x_wconf 91' lang='grc' dir='ltr'>τότε</span> <span class='ocrx_word' id='word_1_370' title='bbox 2681 1220 2777 1275; x_wconf 68' lang='grc' dir='ltr'>καὶ</span> <span class='ocrx_word' id='word_1_371' title='bbox 2802 1224 2903 1288; x_wconf 81' lang='grc' dir='ltr'>τὴν</span> <span class='ocrx_word' id='word_1_372' title='bbox 2938 1224 3143 1285; x_wconf 73' lang='grc' dir='ltr'>αἰτίαν,</span> <span class='ocrx_word' id='word_1_373' title='bbox 3181 1226 3265 1279; x_wconf 85' lang='grc' dir='ltr'>ὅτι</span> <span class='ocrx_word' id='word_1_374' title='bbox 3312 1226 3512 1297; x_wconf 81' lang='grc' dir='ltr'>δηλαδὴ</span> <span class='ocrx_word' id='word_1_375' title='bbox 3542 1228 3761 1298; x_wconf 82' lang='grc' dir='ltr'>ὁρῶμεν</span> 
     </span>
    </p>
   </div>
   <div class='ocr_carea' id='block_1_56' title="bbox 2173 1310 3755 1387">
    <p class='ocr_par' dir='ltr' id='par_1_56' title="bbox 2173 1310 3755 1387">
     <span class='ocr_line' id='line_1_56' title="bbox 2173 1310 3755 1387; baseline 0.006 -24"><span class='ocrx_word' id='word_1_376' title='bbox 2173 1310 2274 1383; x_wconf 73' lang='grc' dir='ltr'>τὴν</span> <span class='ocrx_word' id='word_1_377' title='bbox 2303 1313 2568 1384; x_wconf 74' lang='grc' dir='ltr'>δευτέραν</span> <span class='ocrx_word' id='word_1_378' title='bbox 2604 1312 2825 1366; x_wconf 82' lang='grc' dir='ltr'>σύνοδον</span> <span class='ocrx_word' id='word_1_379' title='bbox 2853 1316 2963 1367; x_wconf 80' lang='grc' dir='ltr'>ἀπὸ</span> <span class='ocrx_word' id='word_1_380' title='bbox 2996 1315 3090 1368; x_wconf 81' lang='grc' dir='ltr'>τοῦ</span> <span class='ocrx_word' id='word_1_381' title='bbox 3126 1316 3226 1386; x_wconf 86' lang='grc' dir='ltr'>τῆς</span> <span class='ocrx_word' id='word_1_382' title='bbox 3272 1317 3501 1387; x_wconf 79' lang='grc' dir='ltr'>πρώτης</span> <span class='ocrx_word' id='word_1_383' title='bbox 3532 1319 3755 1372; x_wconf 84' lang='grc' dir='ltr'>συνόδου</span> 
     </span>
    </p>
   </div>
   <div class='ocr_carea' id='block_1_57' title="bbox 2179 1401 3755 1480">
    <p class='ocr_par' dir='ltr' id='par_1_57' title="bbox 2179 1401 3755 1480">
     <span class='ocr_line' id='line_1_57' title="bbox 2179 1401 3755 1480; baseline 0.006 -24"><span class='ocrx_word' id='word_1_384' title='bbox 2179 1405 2453 1474; x_wconf 76' lang='grc' dir='ltr'>συμϐόλου</span> <span class='ocrx_word' id='word_1_385' title='bbox 2514 1407 2826 1475; x_wconf 79' lang='grc' dir='ltr'>ἀφελοῦσαν</span> <span class='ocrx_word' id='word_1_386' title='bbox 2856 1401 3110 1470; x_wconf 76' lang='grc' dir='ltr'>πλεῖστα,</span> <span class='ocrx_word' id='word_1_387' title='bbox 3166 1402 3257 1463; x_wconf 74' lang='grc' dir='ltr'>καὶ</span> <span class='ocrx_word' id='word_1_388' title='bbox 3303 1411 3647 1480; x_wconf 81' lang='grc' dir='ltr'>προσθεῖσαν</span> <span class='ocrx_word' id='word_1_389' title='bbox 3676 1412 3755 1465; x_wconf 77' lang='grc' dir='ltr'>ἔτι</span> 
     </span>
    </p>
   </div>
   <div class='ocr_carea' id='block_1_58' title="bbox 2175 1498 3747 1573">
    <p class='ocr_par' dir='ltr' id='par_1_58' title="bbox 2175 1498 3747 1573">
     <span class='ocr_line' id='line_1_58' title="bbox 2175 1498 3747 1573; baseline 0.004 -22"><span class='ocrx_word' id='word_1_390' title='bbox 2175 1498 2421 1554; x_wconf 77' lang='grc' dir='ltr'>πλείονα.</span> <span class='ocrx_word' id='word_1_391' title='bbox 2460 1500 2550 1552; x_wconf 78' lang='grc' dir='ltr'><strong>Διὸ</strong></span> <span class='ocrx_word' id='word_1_392' title='bbox 2603 1500 2664 1552; x_wconf 85' lang='grc' dir='ltr'><strong>ού</strong></span> <span class='ocrx_word' id='word_1_393' title='bbox 2695 1501 2992 1570; x_wconf 85' lang='grc' dir='ltr'>τολμῶμεν</span> <span class='ocrx_word' id='word_1_394' title='bbox 3044 1501 3254 1570; x_wconf 83' lang='grc' dir='ltr'>λέγειν,</span> <span class='ocrx_word' id='word_1_395' title='bbox 3305 1503 3389 1556; x_wconf 85' lang='grc' dir='ltr'>ὅτι</span> <span class='ocrx_word' id='word_1_396' title='bbox 3442 1504 3547 1573; x_wconf 74' lang='grc' dir='ltr'>πρὸ</span> <span class='ocrx_word' id='word_1_397' title='bbox 3578 1504 3678 1569; x_wconf 76' lang='grc' dir='ltr'>τῆς</span> <span class='ocrx_word' id='word_1_398' title='bbox 3704 1503 3747 1573; x_wconf 76' lang='grc' dir='ltr'><strong>β’</strong></span> 
     </span>
    </p>
   </div>
   <div class='ocr_carea' id='block_1_59' title="bbox 2176 1587 3756 1664">
    <p class='ocr_par' dir='ltr' id='par_1_59' title="bbox 2176 1587 3756 1664">
     <span class='ocr_line' id='line_1_59' title="bbox 2176 1587 3756 1664; baseline 0.004 -22"><span class='ocrx_word' id='word_1_399' title='bbox 2176 1589 2391 1644; x_wconf 75' lang='grc' dir='ltr'>συνόδου</span> <span class='ocrx_word' id='word_1_400' title='bbox 2413 1587 2481 1661; x_wconf 83' lang='grc' dir='ltr'>ἦν</span> <span class='ocrx_word' id='word_1_401' title='bbox 2515 1592 2675 1645; x_wconf 83' lang='grc' dir='ltr'>τοῦτο</span> <span class='ocrx_word' id='word_1_402' title='bbox 2708 1592 3118 1662; x_wconf 75' lang='grc' dir='ltr'>κεκωλυμένον.</span> <span class='ocrx_word' id='word_1_403' title='bbox 3170 1595 3233 1647; x_wconf 85' lang='lat' dir='ltr'><strong>El</strong></span> <span class='ocrx_word' id='word_1_404' title='bbox 3268 1594 3378 1664; x_wconf 72' lang='grc' dir='ltr'><strong>γὰρ</strong></span> <span class='ocrx_word' id='word_1_405' title='bbox 3410 1595 3571 1647; x_wconf 82' lang='grc' dir='ltr'>τοῦτο</span> <span class='ocrx_word' id='word_1_406' title='bbox 3602 1594 3756 1648; x_wconf 68' lang='grc' dir='ltr'>εἴποι</span> 
     </span>
    </p>
   </div>
   <div class='ocr_carea' id='block_1_60' title="bbox 2179 1678 3753 1756">
    <p class='ocr_par' dir='ltr' id='par_1_60' title="bbox 2179 1678 3753 1756">
     <span class='ocr_line' id='line_1_60' title="bbox 2179 1678 3753 1756; baseline 0.003 -24"><span class='ocrx_word' id='word_1_407' title='bbox 2179 1697 2298 1749; x_wconf 77' lang='grc' dir='ltr'>μεν,</span> <span class='ocrx_word' id='word_1_408' title='bbox 2330 1681 2439 1734; x_wconf 82' lang='grc' dir='ltr'>τῶν</span> <span class='ocrx_word' id='word_1_409' title='bbox 2468 1683 2564 1735; x_wconf 84' lang='grc' dir='ltr'><strong>δύο</strong></span> <span class='ocrx_word' id='word_1_410' title='bbox 2592 1685 2806 1752; x_wconf 80' lang='grc' dir='ltr'>ἀνάγκη</span> <span class='ocrx_word' id='word_1_411' title='bbox 2841 1678 2982 1738; x_wconf 82' lang='grc' dir='ltr'>εἶναι</span> <span class='ocrx_word' id='word_1_412' title='bbox 3013 1685 3075 1737; x_wconf 81' lang='grc' dir='ltr'>τὸ</span> <span class='ocrx_word' id='word_1_413' title='bbox 3122 1684 3311 1753; x_wconf 71' lang='grc' dir='ltr'>ἕτερον</span> <span class='ocrx_word' id='word_1_414' title='bbox 3331 1701 3346 1716; x_wconf 77' lang='grc' dir='ltr'><strong><em>ο</em></strong></span> <span class='ocrx_word' id='word_1_415' title='bbox 3381 1685 3412 1753; x_wconf 73' lang='grc' dir='ltr'><strong>ἢ</strong></span> <span class='ocrx_word' id='word_1_416' title='bbox 3451 1687 3536 1737; x_wconf 84' lang='grc' dir='ltr'>ὅτι</span> <span class='ocrx_word' id='word_1_417' title='bbox 3582 1682 3753 1756; x_wconf 64' lang='grc' dir='ltr'>παραὲ</span> 
     </span>
    </p>
   </div>
   <div class='ocr_carea' id='block_1_61' title="bbox 2173 1773 3749 1846">
    <p class='ocr_par' dir='ltr' id='par_1_61' title="bbox 2173 1773 3749 1846">
     <span class='ocr_line' id='line_1_61' title="bbox 2173 1773 3749 1846; baseline 0.003 -23"><span class='ocrx_word' id='word_1_418' title='bbox 2173 1773 2352 1841; x_wconf 76' lang='grc' dir='ltr'>νόμως</span> <span class='ocrx_word' id='word_1_419' title='bbox 2374 1773 2641 1842; x_wconf 71' lang='grc' dir='ltr'>ἐποίησαν</span> <span class='ocrx_word' id='word_1_420' title='bbox 2670 1776 2719 1827; x_wconf 86' lang='grc' dir='ltr'>οἱ</span> <span class='ocrx_word' id='word_1_421' title='bbox 2742 1774 2843 1844; x_wconf 83' lang='grc' dir='ltr'>τῆς</span> <span class='ocrx_word' id='word_1_422' title='bbox 2876 1773 2921 1845; x_wconf 85' lang='grc' dir='ltr'><strong>β’</strong></span> <span class='ocrx_word' id='word_1_423' title='bbox 2948 1774 3168 1828; x_wconf 77' lang='grc' dir='ltr'>συνόδου</span> <span class='ocrx_word' id='word_1_424' title='bbox 3201 1774 3466 1846; x_wconf 75' lang='grc' dir='ltr'>Πατέρες,</span> <span class='ocrx_word' id='word_1_425' title='bbox 3489 1775 3583 1829; x_wconf 87' lang='grc' dir='ltr'><strong>καί</strong></span> <span class='ocrx_word' id='word_1_426' title='bbox 3611 1777 3749 1829; x_wconf 87' lang='grc' dir='ltr'>είσιν</span> 
     </span>
    </p>
   </div>
   <div class='ocr_carea' id='block_1_62' title="bbox 2170 1860 3750 1938">
    <p class='ocr_par' dir='ltr' id='par_1_62' title="bbox 2170 1860 3750 1938">
     <span class='ocr_line' id='line_1_62' title="bbox 2170 1860 3750 1938; baseline 0.004 -24"><span class='ocrx_word' id='word_1_427' title='bbox 2170 1863 2276 1915; x_wconf 82' lang='grc' dir='ltr'><strong>ὑπὸ</strong></span> <span class='ocrx_word' id='word_1_428' title='bbox 2306 1864 2596 1934; x_wconf 75' lang='grc' dir='ltr'><strong>ἀνάθεμα·</strong></span> <span class='ocrx_word' id='word_1_429' title='bbox 2633 1865 2664 1935; x_wconf 79' lang='grc' dir='ltr'>ἦ</span> <span class='ocrx_word' id='word_1_430' title='bbox 2702 1868 2752 1918; x_wconf 85' lang='grc' dir='ltr'>εἰ</span> <span class='ocrx_word' id='word_1_431' title='bbox 2806 1867 2967 1919; x_wconf 83' lang='grc' dir='ltr'>τοῦτο</span> <span class='ocrx_word' id='word_1_432' title='bbox 3013 1867 3343 1938; x_wconf 68' lang='grc' dir='ltr'>βλάσφημον</span> <span class='ocrx_word' id='word_1_433' title='bbox 3392 1867 3593 1935; x_wconf 74' lang='grc' dir='ltr'>λέγειν,</span> <span class='ocrx_word' id='word_1_434' title='bbox 3649 1860 3750 1922; x_wconf 73' lang='grc' dir='ltr'>οὐκ</span> 
     </span>
    </p>
   </div>
   <div class='ocr_carea' id='block_1_63' title="bbox 2168 1953 3749 2027">
    <p class='ocr_par' dir='ltr' id='par_1_63' title="bbox 2168 1953 3749 2027">
     <span class='ocr_line' id='line_1_63' title="bbox 2168 1953 3749 2027; baseline 0.003 -22"><span class='ocrx_word' id='word_1_435' title='bbox 2168 1953 2279 2019; x_wconf 76' lang='grc' dir='ltr'>ἄρα</span> <span class='ocrx_word' id='word_1_436' title='bbox 2312 1953 2629 2023; x_wconf 75' lang='grc' dir='ltr'>ῥηματικὴν</span> <span class='ocrx_word' id='word_1_437' title='bbox 2656 1957 3005 2027; x_wconf 79' lang='grc' dir='ltr'>προσθήκην,</span> <span class='ocrx_word' id='word_1_438' title='bbox 3056 1956 3197 2011; x_wconf 80' lang='grc' dir='ltr'>ἀλλά</span> <span class='ocrx_word' id='word_1_439' title='bbox 3224 1958 3324 2021; x_wconf 82' lang='grc' dir='ltr'>τὰς</span> <span class='ocrx_word' id='word_1_440' title='bbox 3373 1958 3623 2021; x_wconf 70' lang='grc' dir='ltr'>ἐναντίας</span> <span class='ocrx_word' id='word_1_441' title='bbox 3656 1958 3749 2009; x_wconf 83' lang='grc' dir='ltr'><strong>ὲν-</strong></span> 
     </span>
    </p>
   </div>
   <div class='ocr_carea' id='block_1_64' title="bbox 2167 2039 3747 2120">
    <p class='ocr_par' dir='ltr' id='par_1_64' title="bbox 2167 2039 3747 2120">
     <span class='ocr_line' id='line_1_64' title="bbox 2167 2039 3747 2120; baseline 0.004 -25"><span class='ocrx_word' id='word_1_442' title='bbox 2167 2039 2316 2105; x_wconf 83' lang='grc' dir='ltr'>νοίας</span> <span class='ocrx_word' id='word_1_443' title='bbox 2360 2044 2654 2099; x_wconf 79' lang='grc' dir='ltr'>κωλύουσι.</span> <span class='ocrx_word' id='word_1_444' title='bbox 2715 2048 2815 2100; x_wconf 81' lang='grc' dir='ltr'>Διά</span> <span class='ocrx_word' id='word_1_445' title='bbox 2854 2048 3013 2101; x_wconf 84' lang='grc' dir='ltr'>τοῦτο</span> <span class='ocrx_word' id='word_1_446' title='bbox 3072 2049 3305 2118; x_wconf 76' lang='grc' dir='ltr'>λέγομεν</span> <span class='ocrx_word' id='word_1_447' title='bbox 3351 2052 3433 2103; x_wconf 85' lang='grc' dir='ltr'>ὅτι</span> <span class='ocrx_word' id='word_1_448' title='bbox 3483 2050 3623 2120; x_wconf 87' lang='grc' dir='ltr'><strong>μετά</strong></span> <span class='ocrx_word' id='word_1_449' title='bbox 3648 2051 3747 2119; x_wconf 75' lang='grc' dir='ltr'>τὴν</span> 
     </span>
    </p>
   </div>
   <div class='ocr_carea' id='block_1_65' title="bbox 2165 2132 3743 2207">
    <p class='ocr_par' dir='ltr' id='par_1_65' title="bbox 2165 2132 3743 2207">
     <span class='ocr_line' id='line_1_65' title="bbox 2165 2132 3743 2207; baseline 0.006 -24"><span class='ocrx_word' id='word_1_450' title='bbox 2165 2132 2424 2202; x_wconf 80' lang='grc' dir='ltr'>δευτέραν</span> <span class='ocrx_word' id='word_1_451' title='bbox 2463 2133 2682 2186; x_wconf 82' lang='grc' dir='ltr'>σύνοδον</span> <span class='ocrx_word' id='word_1_452' title='bbox 2718 2136 2777 2187; x_wconf 78' lang='grc' dir='ltr'><strong>τὸ</strong></span> <span class='ocrx_word' id='word_1_453' title='bbox 2819 2136 3048 2207; x_wconf 84' lang='grc' dir='ltr'>κώλυμα</span> <span class='ocrx_word' id='word_1_454' title='bbox 3071 2137 3233 2191; x_wconf 78' lang='grc' dir='ltr'>τοῦτο</span> <span class='ocrx_word' id='word_1_455' title='bbox 3269 2138 3489 2206; x_wconf 76' lang='grc' dir='ltr'>γέγονε,</span> <span class='ocrx_word' id='word_1_456' title='bbox 3523 2141 3616 2192; x_wconf 75' lang='grc' dir='ltr'>καὶ</span> <span class='ocrx_word' id='word_1_457' title='bbox 3644 2140 3743 2192; x_wconf 78' lang='grc' dir='ltr'>οὐκ</span> 
     </span>
    </p>
   </div>
   <div class='ocr_carea' id='block_1_66' title="bbox 2167 2219 3743 2304">
    <p class='ocr_par' dir='ltr' id='par_1_66' title="bbox 2167 2219 3743 2304">
     <span class='ocr_line' id='line_1_66' title="bbox 2167 2219 3743 2304; baseline 0.005 -28"><span class='ocrx_word' id='word_1_458' title='bbox 2167 2219 2235 2292; x_wconf 84' lang='grc' dir='ltr'>ἦν</span> <span class='ocrx_word' id='word_1_459' title='bbox 2256 2226 2362 2296; x_wconf 72' lang='grc' dir='ltr'><strong>πρὸ</strong></span> <span class='ocrx_word' id='word_1_460' title='bbox 2391 2226 2580 2295; x_wconf 79' lang='grc' dir='ltr'>αὐτῆς.</span> <span class='ocrx_word' id='word_1_461' title='bbox 2623 2227 2785 2280; x_wconf 81' lang='grc' dir='ltr'>’Ὥστε</span> <span class='ocrx_word' id='word_1_462' title='bbox 2818 2229 2914 2283; x_wconf 76' lang='grc' dir='ltr'>ἐάν</span> <span class='ocrx_word' id='word_1_463' title='bbox 2967 2246 3053 2292; x_wconf 88' lang='grc' dir='ltr'><strong>τις</strong></span> <span class='ocrx_word' id='word_1_464' title='bbox 3079 2232 3145 2283; x_wconf 87' lang='grc' dir='ltr'>ὲκ</span> <span class='ocrx_word' id='word_1_465' title='bbox 3176 2230 3270 2283; x_wconf 79' lang='grc' dir='ltr'><strong>τοῦ</strong></span> <span class='ocrx_word' id='word_1_466' title='bbox 3303 2231 3548 2284; x_wconf 72' lang='grc' dir='ltr'>ὲναντίου</span> <span class='ocrx_word' id='word_1_467' title='bbox 3572 2232 3743 2304; x_wconf 60' lang='grc' dir='ltr'>δείξῃς</span> 
     </span>
    </p>
   </div>
   <div class='ocr_carea' id='block_1_67' title="bbox 2170 2310 3741 2395">
    <p class='ocr_par' dir='ltr' id='par_1_67' title="bbox 2170 2310 3741 2395">
     <span class='ocr_line' id='line_1_67' title="bbox 2170 2310 3741 2395; baseline 0.006 -28"><span class='ocrx_word' id='word_1_468' title='bbox 2170 2315 2251 2368; x_wconf 81' lang='grc' dir='ltr'>ὅτι</span> <span class='ocrx_word' id='word_1_469' title='bbox 2293 2316 2402 2387; x_wconf 76' lang='grc' dir='ltr'><strong>πρὸ</strong></span> <span class='ocrx_word' id='word_1_470' title='bbox 2440 2316 2541 2386; x_wconf 85' lang='grc' dir='ltr'>τῆς</span> <span class='ocrx_word' id='word_1_471' title='bbox 2570 2318 2615 2388; x_wconf 80' lang='grc' dir='ltr'><strong>β’</strong></span> <span class='ocrx_word' id='word_1_472' title='bbox 2645 2319 2865 2372; x_wconf 77' lang='grc' dir='ltr'>συνόδου</span> <span class='ocrx_word' id='word_1_473' title='bbox 2901 2317 2967 2390; x_wconf 76' lang='grc' dir='ltr'>ἦν</span> <span class='ocrx_word' id='word_1_474' title='bbox 2995 2322 3055 2374; x_wconf 76' lang='grc' dir='ltr'><strong>τὺ</strong></span> <span class='ocrx_word' id='word_1_475' title='bbox 3094 2322 3227 2374; x_wconf 82' lang='grc' dir='ltr'>αὐτὸ</span> <span class='ocrx_word' id='word_1_476' title='bbox 3259 2322 3512 2392; x_wconf 70' lang='grc' dir='ltr'>κώλυμα,</span> <span class='ocrx_word' id='word_1_477' title='bbox 3538 2325 3673 2395; x_wconf 76' lang='grc' dir='ltr'>ὅπερ</span> 
     </span>
    </p>
   </div>
   <div class='ocr_carea' id='block_1_68' title="bbox 2165 2407 3733 2484">
    <p class='ocr_par' dir='ltr' id='par_1_68' title="bbox 2165 2407 3733 2484">
     <span class='ocr_line' id='line_1_68' title="bbox 2165 2407 3733 2484; baseline 0.006 -26"><span class='ocrx_word' id='word_1_478' title='bbox 2165 2407 2324 2477; x_wconf 89' lang='grc' dir='ltr'>τρίτη</span> <span class='ocrx_word' id='word_1_479' title='bbox 2352 2407 2571 2472; x_wconf 79' lang='grc' dir='ltr'>σύνοδος</span> <span class='ocrx_word' id='word_1_480' title='bbox 2599 2408 2727 2481; x_wconf 75' lang='grc' dir='ltr'>ἔφη,</span> <span class='ocrx_word' id='word_1_481' title='bbox 2777 2412 2870 2465; x_wconf 56' lang='grc' dir='ltr'><strong>καὶ⁸</strong></span> <span class='ocrx_word' id='word_1_482' title='bbox 2897 2415 3009 2475; x_wconf 85' lang='grc' dir='ltr'>τοῖς</span> <span class='ocrx_word' id='word_1_483' title='bbox 3042 2414 3229 2475; x_wconf 82' lang='grc' dir='ltr'>αὐτοῖς</span> <span class='ocrx_word' id='word_1_484' title='bbox 3273 2414 3460 2484; x_wconf 76' lang='grc' dir='ltr'>σχεδὸν</span> <span class='ocrx_word' id='word_1_485' title='bbox 3504 2415 3733 2484; x_wconf 73' lang='grc' dir='ltr'>ῥήματι,</span> 
     </span>
    </p>
   </div>
   <div class='ocr_carea' id='block_1_69' title="bbox 2168 2498 3739 2576">
    <p class='ocr_par' dir='ltr' id='par_1_69' title="bbox 2168 2498 3739 2576">
     <span class='ocr_line' id='line_1_69' title="bbox 2168 2498 3739 2576; baseline 0.004 -26"><span class='ocrx_word' id='word_1_486' title='bbox 2168 2498 2461 2567; x_wconf 76' lang='grc' dir='ltr'>συνάγεται</span> <span class='ocrx_word' id='word_1_487' title='bbox 2513 2501 2622 2555; x_wconf 89' lang='grc' dir='ltr'><strong>τῶν</strong></span> <span class='ocrx_word' id='word_1_488' title='bbox 2673 2505 3101 2574; x_wconf 68' lang='grc' dir='ltr'>προειρημένων</span> <span class='ocrx_word' id='word_1_489' title='bbox 3147 2505 3240 2558; x_wconf 87' lang='grc' dir='ltr'><strong>δύο</strong></span> <span class='ocrx_word' id='word_1_490' title='bbox 3272 2506 3333 2559; x_wconf 82' lang='grc' dir='ltr'>τὸ</span> <span class='ocrx_word' id='word_1_491' title='bbox 3384 2507 3595 2576; x_wconf 84' lang='grc' dir='ltr'>ἓτερον.</span> <span class='ocrx_word' id='word_1_492' title='bbox 3631 2504 3739 2557; x_wconf 79' lang='grc' dir='ltr'><strong>Καὶ</strong></span> 
     </span>
    </p>
   </div>
   <div class='ocr_carea' id='block_1_70' title="bbox 2166 2589 3737 2662">
    <p class='ocr_par' dir='ltr' id='par_1_70' title="bbox 2166 2589 3737 2662">
     <span class='ocr_line' id='line_1_70' title="bbox 2166 2589 3737 2662; baseline 0.003 -21"><span class='ocrx_word' id='word_1_493' title='bbox 2166 2590 2354 2659; x_wconf 73' lang='grc' dir='ltr'>ἐπειδὴ</span> <span class='ocrx_word' id='word_1_494' title='bbox 2394 2590 2499 2643; x_wconf 83' lang='grc' dir='ltr'><strong>ὑπὸ</strong></span> <span class='ocrx_word' id='word_1_495' title='bbox 2528 2593 2782 2662; x_wconf 81' lang='grc' dir='ltr'>ἀνάθεμα</span> <span class='ocrx_word' id='word_1_496' title='bbox 2811 2595 3010 2657; x_wconf 76' lang='grc' dir='ltr'>αὐτοὺς</span> <span class='ocrx_word' id='word_1_497' title='bbox 3042 2589 3207 2656; x_wconf 78' lang='grc' dir='ltr'>εἶναι,</span> <span class='ocrx_word' id='word_1_498' title='bbox 3233 2597 3324 2647; x_wconf 75' lang='grc' dir='ltr'>καὶ</span> <span class='ocrx_word' id='word_1_499' title='bbox 3362 2596 3550 2656; x_wconf 81' lang='grc' dir='ltr'>κακῶς</span> <span class='ocrx_word' id='word_1_500' title='bbox 3581 2594 3737 2661; x_wconf 59' lang='lat' dir='ltr'><strong>steti-4</strong></span> 
     </span>
    </p>
   </div>
   <div class='ocr_carea' id='block_1_71' title="bbox 2168 2676 3733 2755">
    <p class='ocr_par' dir='ltr' id='par_1_71' title="bbox 2168 2676 3733 2755">
     <span class='ocr_line' id='line_1_71' title="bbox 2168 2676 3733 2755; baseline 0.003 -23"><span class='ocrx_word' id='word_1_501' title='bbox 2168 2697 2279 2745; x_wconf 84' lang='grc' dir='ltr'>σαι,</span> <span class='ocrx_word' id='word_1_502' title='bbox 2320 2682 2380 2735; x_wconf 83' lang='grc' dir='ltr'><strong>ού</strong></span> <span class='ocrx_word' id='word_1_503' title='bbox 2428 2685 2721 2755; x_wconf 82' lang='grc' dir='ltr'>τολμῶμεν</span> <span class='ocrx_word' id='word_1_504' title='bbox 2772 2676 2971 2750; x_wconf 76' lang='grc' dir='ltr'>είπεῖν,</span> <span class='ocrx_word' id='word_1_505' title='bbox 3026 2687 3274 2741; x_wconf 85' lang='grc' dir='ltr'>λείπεται</span> <span class='ocrx_word' id='word_1_506' title='bbox 3329 2690 3391 2740; x_wconf 83' lang='grc' dir='ltr'>τὸ</span> <span class='ocrx_word' id='word_1_507' title='bbox 3442 2687 3733 2755; x_wconf 76' lang='grc' dir='ltr'>δεύτερονο</span> 
     </span>
    </p>
   </div>
   <div class='ocr_carea' id='block_1_72' title="bbox 2165 2772 3734 2849">
    <p class='ocr_par' dir='ltr' id='par_1_72' title="bbox 2165 2772 3734 2849">
     <span class='ocr_line' id='line_1_72' title="bbox 2165 2772 3734 2849; baseline 0.003 -26"><span class='ocrx_word' id='word_1_508' title='bbox 2165 2772 2283 2842; x_wconf 73' lang='grc' dir='ltr'>ἦτοι</span> <span class='ocrx_word' id='word_1_509' title='bbox 2316 2775 2375 2825; x_wconf 77' lang='grc' dir='ltr'>τὸ</span> <span class='ocrx_word' id='word_1_510' title='bbox 2400 2775 2632 2844; x_wconf 77' lang='grc' dir='ltr'>κώλυμα</span> <span class='ocrx_word' id='word_1_511' title='bbox 2661 2776 2821 2830; x_wconf 81' lang='grc' dir='ltr'>τοῦτο</span> <span class='ocrx_word' id='word_1_512' title='bbox 2866 2777 2944 2849; x_wconf 74' lang='grc' dir='ltr'>μὴ</span> <span class='ocrx_word' id='word_1_513' title='bbox 2982 2777 3170 2831; x_wconf 80' lang='grc' dir='ltr'>τοῦτον</span> <span class='ocrx_word' id='word_1_514' title='bbox 3200 2777 3345 2847; x_wconf 80' lang='grc' dir='ltr'>ἔχειν</span> <span class='ocrx_word' id='word_1_515' title='bbox 3372 2778 3464 2831; x_wconf 68' lang='grc' dir='ltr'><strong>τὸν</strong></span> <span class='ocrx_word' id='word_1_516' title='bbox 3497 2778 3635 2840; x_wconf 77' lang='grc' dir='ltr'><strong>νοῦν,</strong></span> <span class='ocrx_word' id='word_1_517' title='bbox 3677 2776 3734 2829; x_wconf 82' lang='grc' dir='ltr'>ὃν</span> 
     </span>
    </p>
   </div>
   <div class='ocr_carea' id='block_1_73' title="bbox 2163 2866 3734 2951">
    <p class='ocr_par' dir='ltr' id='par_1_73' title="bbox 2163 2866 3734 2951">
     <span class='ocr_line' id='line_1_73' title="bbox 2163 2866 3734 2951; baseline -0.002 -29"><span class='ocrx_word' id='word_1_518' title='bbox 2163 2866 2213 2916; x_wconf 86' lang='grc' dir='ltr'>οἱ</span> <span class='ocrx_word' id='word_1_519' title='bbox 2241 2866 2503 2936; x_wconf 81' lang='grc' dir='ltr'>ἡμέτεροι</span> <span class='ocrx_word' id='word_1_520' title='bbox 2535 2870 2765 2935; x_wconf 72' lang='grc' dir='ltr'>οἴονται,</span> <span class='ocrx_word' id='word_1_521' title='bbox 2800 2870 2935 2923; x_wconf 87' lang='grc' dir='ltr'><strong>ἀλλά</strong></span> <span class='ocrx_word' id='word_1_522' title='bbox 2981 2870 3080 2951; x_wconf 71' lang='grc' dir='ltr'>τὴν</span> <span class='ocrx_word' id='word_1_523' title='bbox 3121 2871 3376 2923; x_wconf 67' lang='grc' dir='ltr'>ἐναντίαν</span> <span class='ocrx_word' id='word_1_524' title='bbox 3408 2870 3590 2923; x_wconf 84' lang='grc' dir='ltr'>πίστιν</span> <span class='ocrx_word' id='word_1_525' title='bbox 3623 2885 3734 2921; x_wconf 86' lang='grc' dir='ltr'>κω-</span> 
     </span>
    </p>
   </div>
   <div class='ocr_carea' id='block_1_74' title="bbox 2163 2961 3733 3038">
    <p class='ocr_par' dir='ltr' id='par_1_74' title="bbox 2163 2961 3733 3038">
     <span class='ocr_line' id='line_1_74' title="bbox 2163 2961 3733 3038; baseline 0.001 -23"><span class='ocrx_word' id='word_1_526' title='bbox 2163 2962 2337 3020; x_wconf 84' lang='grc' dir='ltr'>λύειν.</span> <span class='ocrx_word' id='word_1_527' title='bbox 2370 2965 2545 3018; x_wconf 81' lang='grc' dir='ltr'>Τοῦτο</span> <span class='ocrx_word' id='word_1_528' title='bbox 2576 2961 2669 3020; x_wconf 73' lang='grc' dir='ltr'>οὖν</span> <span class='ocrx_word' id='word_1_529' title='bbox 2695 2966 2908 3034; x_wconf 77' lang='grc' dir='ltr'>ἔδειξαν</span> <span class='ocrx_word' id='word_1_530' title='bbox 2962 2969 3096 3038; x_wconf 76' lang='grc' dir='ltr'>ἡμῖν</span> <span class='ocrx_word' id='word_1_531' title='bbox 3126 2968 3177 3020; x_wconf 84' lang='grc' dir='ltr'><strong>οί</strong></span> <span class='ocrx_word' id='word_1_532' title='bbox 3206 2968 3425 3021; x_wconf 86' lang='grc' dir='ltr'>Λατῖνοι</span> <span class='ocrx_word' id='word_1_533' title='bbox 3453 2982 3469 2998; x_wconf 80' lang='grc' dir='ltr'><strong><em>ο</em></strong></span> <span class='ocrx_word' id='word_1_534' title='bbox 3526 2964 3733 3019; x_wconf 69' lang='grc' dir='ltr'>ἀναπρ</span> 
     </span>
    </p>
   </div>
   <div class='ocr_carea' id='block_1_75' title="bbox 2164 3056 3742 3129">
    <p class='ocr_par' dir='ltr' id='par_1_75' title="bbox 2164 3056 3742 3129">
     <span class='ocr_line' id='line_1_75' title="bbox 2164 3056 3742 3129; baseline 0.001 -20"><span class='ocrx_word' id='word_1_535' title='bbox 2164 3074 2364 3125; x_wconf 74' lang='grc' dir='ltr'>φανται</span> <span class='ocrx_word' id='word_1_536' title='bbox 2404 3059 2515 3129; x_wconf 89' lang='grc' dir='ltr'><strong>γάρ</strong></span> <span class='ocrx_word' id='word_1_537' title='bbox 2548 3058 2640 3112; x_wconf 82' lang='grc' dir='ltr'><strong>ὑπ’</strong></span> <span class='ocrx_word' id='word_1_538' title='bbox 2680 3059 2884 3124; x_wconf 85' lang='grc' dir='ltr'>αὐτῶν,</span> <span class='ocrx_word' id='word_1_539' title='bbox 2921 3061 3003 3113; x_wconf 84' lang='grc' dir='ltr'>ὃτι</span> <span class='ocrx_word' id='word_1_540' title='bbox 3034 3056 3197 3114; x_wconf 78' lang='grc' dir='ltr'>τοῦτο</span> <span class='ocrx_word' id='word_1_541' title='bbox 3230 3061 3291 3113; x_wconf 81' lang='grc' dir='ltr'>τὸ</span> <span class='ocrx_word' id='word_1_542' title='bbox 3320 3059 3554 3129; x_wconf 84' lang='grc' dir='ltr'>κώλυμα</span> <span class='ocrx_word' id='word_1_543' title='bbox 3602 3061 3634 3128; x_wconf 78' lang='grc' dir='ltr'>ἠ</span> <span class='ocrx_word' id='word_1_544' title='bbox 3679 3059 3742 3111; x_wconf 66' lang='grc' dir='ltr'><strong>ιν</strong></span> 
     </span>
    </p>
   </div>
   <div class='ocr_carea' id='block_1_76' title="bbox 2164 3148 3741 3223">
    <p class='ocr_par' dir='ltr' id='par_1_76' title="bbox 2164 3148 3741 3223">
     <span class='ocr_line' id='line_1_76' title="bbox 2164 3148 3741 3223; baseline 0.006 -24"><span class='ocrx_word' id='word_1_545' title='bbox 2164 3148 2370 3219; x_wconf 75' lang='grc' dir='ltr'>Νικαίᾳ</span> <span class='ocrx_word' id='word_1_546' title='bbox 2395 3149 2589 3221; x_wconf 87' lang='grc' dir='ltr'>πρώτη</span> <span class='ocrx_word' id='word_1_547' title='bbox 2622 3148 2841 3213; x_wconf 79' lang='grc' dir='ltr'>σύνοδος</span> <span class='ocrx_word' id='word_1_548' title='bbox 2874 3151 3144 3221; x_wconf 85' lang='grc' dir='ltr'>πεποίηκε</span> <span class='ocrx_word' id='word_1_549' title='bbox 3185 3151 3377 3223; x_wconf 84' lang='grc' dir='ltr'>πρώτη</span> <span class='ocrx_word' id='word_1_550' title='bbox 3423 3152 3605 3213; x_wconf 81' lang='grc' dir='ltr'>αὐτοῖς</span> <span class='ocrx_word' id='word_1_551' title='bbox 3641 3150 3741 3220; x_wconf 78' lang='grc' dir='ltr'><strong>ῥή-</strong></span> 
     </span>
    </p>
   </div>
   <div class='ocr_carea' id='block_1_77' title="bbox 2166 3230 3740 3309">
    <p class='ocr_par' dir='ltr' id='par_1_77' title="bbox 2166 3230 3740 3309">
     <span class='ocr_line' id='line_1_77' title="bbox 2166 3230 3740 3309; baseline -0.015 -5"><span class='ocrx_word' id='word_1_552' title='bbox 2166 3252 2350 3304; x_wconf 61' lang='grc' dir='ltr'><strong>μασιν’</strong></span> <span class='ocrx_word' id='word_1_553' title='bbox 2385 3230 2469 3299; x_wconf 75' lang='grc' dir='ltr'><strong>οἷς</strong></span> <span class='ocrx_word' id='word_1_554' title='bbox 2503 3238 2597 3288; x_wconf 68' lang='grc' dir='ltr'>καὶ</span> <span class='ocrx_word' id='word_1_555' title='bbox 2632 3238 2664 3305; x_wconf 80' lang='grc' dir='ltr'>ὴ</span> <span class='ocrx_word' id='word_1_556' title='bbox 2695 3238 2853 3308; x_wconf 87' lang='grc' dir='ltr'>τρίτη</span> <span class='ocrx_word' id='word_1_557' title='bbox 2897 3238 2993 3290; x_wconf 86' lang='grc' dir='ltr'>καὶ</span> <span class='ocrx_word' id='word_1_558' title='bbox 3036 3240 3092 3292; x_wconf 83' lang='grc' dir='ltr'>αἱ</span> <span class='ocrx_word' id='word_1_559' title='bbox 3127 3239 3328 3309; x_wconf 74' lang='grc' dir='ltr'>ἐφεξῆς</span> <span class='ocrx_word' id='word_1_560' title='bbox 3382 3241 3554 3308; x_wconf 75' lang='grc' dir='ltr'>ταύτῃ</span> <span class='ocrx_word' id='word_1_561' title='bbox 3608 3234 3740 3292; x_wconf 61' lang='lat' dir='ltr'><strong>ago;</strong></span> 
     </span>
    </p>
   </div>
   <div class='ocr_carea' id='block_1_78' title="bbox 2163 3328 3737 3399">
    <p class='ocr_par' dir='ltr' id='par_1_78' title="bbox 2163 3328 3737 3399">
     <span class='ocr_line' id='line_1_78' title="bbox 2163 3328 3737 3399; baseline 0.003 -20"><span class='ocrx_word' id='word_1_562' title='bbox 2163 3328 2499 3396; x_wconf 86' lang='grc' dir='ltr'>λουθήσασαι</span> <span class='ocrx_word' id='word_1_563' title='bbox 2524 3335 2917 3399; x_wconf 73' lang='grc' dir='ltr'>πεποιήκασιν.</span> <span class='ocrx_word' id='word_1_564' title='bbox 2981 3330 3234 3397; x_wconf 81' lang='grc' dir='ltr'>Ἔδειξαν</span> <span class='ocrx_word' id='word_1_565' title='bbox 3262 3332 3319 3385; x_wconf 85' lang='grc' dir='ltr'>δὲ</span> <span class='ocrx_word' id='word_1_566' title='bbox 3354 3331 3490 3386; x_wconf 84' lang='grc' dir='ltr'>αὐτὸ</span> <span class='ocrx_word' id='word_1_567' title='bbox 3538 3330 3737 3397; x_wconf 83' lang='grc' dir='ltr'>οὕτως,</span> 
     </span>
    </p>
   </div>
   <div class='ocr_carea' id='block_1_79' title="bbox 2159 3416 3739 3493">
    <p class='ocr_par' dir='ltr' id='par_1_79' title="bbox 2159 3416 3739 3493">
     <span class='ocr_line' id='line_1_79' title="bbox 2159 3416 3739 3493; baseline 0.003 -24"><span class='ocrx_word' id='word_1_568' title='bbox 2159 3416 2235 3479; x_wconf 90' lang='grc' dir='ltr'><strong>ώς</strong></span> <span class='ocrx_word' id='word_1_569' title='bbox 2269 3418 2362 3471; x_wconf 76' lang='grc' dir='ltr'>καὶ</span> <span class='ocrx_word' id='word_1_570' title='bbox 2414 3419 2448 3488; x_wconf 80' lang='grc' dir='ltr'><strong>ή</strong></span> <span class='ocrx_word' id='word_1_571' title='bbox 2495 3418 2564 3485; x_wconf 79' lang='grc' dir='ltr'>σὴ</span> <span class='ocrx_word' id='word_1_572' title='bbox 2615 3416 2943 3491; x_wconf 81' lang='grc' dir='ltr'>λαμπρότης</span> <span class='ocrx_word' id='word_1_573' title='bbox 3005 3421 3297 3476; x_wconf 76' lang='grc' dir='ltr'>ἐπίσταται</span> <span class='ocrx_word' id='word_1_574' title='bbox 3341 3425 3454 3486; x_wconf 91' lang='grc' dir='ltr'>τοῖς</span> <span class='ocrx_word' id='word_1_575' title='bbox 3503 3423 3739 3493; x_wconf 81' lang='grc' dir='ltr'>ἀνδράσι</span> 
     </span>
    </p>
   </div>
   <div class='ocr_carea' id='block_1_80' title="bbox 2161 3504 3740 3583">
    <p class='ocr_par' dir='ltr' id='par_1_80' title="bbox 2161 3504 3740 3583">
     <span class='ocr_line' id='line_1_80' title="bbox 2161 3504 3740 3583; baseline 0.005 -26"><span class='ocrx_word' id='word_1_576' title='bbox 2161 3504 2463 3574; x_wconf 81' lang='grc' dir='ltr'>συμμίξας.</span> <span class='ocrx_word' id='word_1_577' title='bbox 2512 3505 2701 3569; x_wconf 76' lang='grc' dir='ltr'>Οὕτως</span> <span class='ocrx_word' id='word_1_578' title='bbox 2732 3509 2842 3560; x_wconf 55' lang='grc' dir='ltr'>εἰσὶ</span> <span class='ocrx_word' id='word_1_579' title='bbox 2878 3510 3158 3563; x_wconf 79' lang='grc' dir='ltr'>σπουδαῖοι</span> <span class='ocrx_word' id='word_1_580' title='bbox 3204 3512 3298 3564; x_wconf 76' lang='grc' dir='ltr'><strong>καὶ</strong></span> <span class='ocrx_word' id='word_1_581' title='bbox 3323 3512 3570 3583; x_wconf 80' lang='grc' dir='ltr'>ἀκριϐεῖς</span> <span class='ocrx_word' id='word_1_582' title='bbox 3604 3507 3740 3582; x_wconf 81' lang='grc' dir='ltr'>περὶ</span> 
     </span>
    </p>
   </div>
   <div class='ocr_carea' id='block_1_81' title="bbox 2161 3598 3737 3678">
    <p class='ocr_par' dir='ltr' id='par_1_81' title="bbox 2161 3598 3737 3678">
     <span class='ocr_line' id='line_1_81' title="bbox 2161 3598 3737 3678; baseline 0.006 -29"><span class='ocrx_word' id='word_1_583' title='bbox 2161 3598 2257 3660; x_wconf 78' lang='grc' dir='ltr'>τὰς</span> <span class='ocrx_word' id='word_1_584' title='bbox 2312 3600 2523 3652; x_wconf 70' lang='grc' dir='ltr'>ἑαυτῶν</span> <span class='ocrx_word' id='word_1_585' title='bbox 2573 3602 2826 3668; x_wconf 77' lang='grc' dir='ltr'>πράξεις,</span> <span class='ocrx_word' id='word_1_586' title='bbox 2860 3601 2941 3665; x_wconf 70' lang='grc' dir='ltr'><strong>ὡς</strong></span> <span class='ocrx_word' id='word_1_587' title='bbox 2989 3604 3066 3675; x_wconf 82' lang='grc' dir='ltr'>μὴ</span> <span class='ocrx_word' id='word_1_588' title='bbox 3102 3605 3265 3673; x_wconf 84' lang='grc' dir='ltr'>μόνον</span> <span class='ocrx_word' id='word_1_589' title='bbox 3321 3610 3449 3678; x_wconf 73' lang='grc' dir='ltr'>περὶ</span> <span class='ocrx_word' id='word_1_590' title='bbox 3489 3609 3558 3660; x_wconf 83' lang='grc' dir='ltr'><strong>τά</strong></span> <span class='ocrx_word' id='word_1_591' title='bbox 3591 3607 3737 3673; x_wconf 83' lang='grc' dir='ltr'>θεῖα,</span> 
     </span>
    </p>
   </div>
   <div class='ocr_carea' id='block_1_82' title="bbox 2159 3689 3742 3768">
    <p class='ocr_par' dir='ltr' id='par_1_82' title="bbox 2159 3689 3742 3768">
     <span class='ocr_line' id='line_1_82' title="bbox 2159 3689 3742 3768; baseline 0.006 -26"><span class='ocrx_word' id='word_1_592' title='bbox 2159 3689 2294 3742; x_wconf 86' lang='grc' dir='ltr'><strong>ἀλλά</strong></span> <span class='ocrx_word' id='word_1_593' title='bbox 2328 3694 2421 3742; x_wconf 80' lang='grc' dir='ltr'>καὶ</span> <span class='ocrx_word' id='word_1_594' title='bbox 2455 3691 2585 3760; x_wconf 75' lang='grc' dir='ltr'>περὶ</span> <span class='ocrx_word' id='word_1_595' title='bbox 2618 3693 2685 3744; x_wconf 88' lang='grc' dir='ltr'><strong>τά</strong></span> <span class='ocrx_word' id='word_1_596' title='bbox 2721 3696 2964 3761; x_wconf 82' lang='grc' dir='ltr'>κοσμικά</span> <span class='ocrx_word' id='word_1_597' title='bbox 3018 3698 3113 3748; x_wconf 74' lang='grc' dir='ltr'>καὶ</span> <span class='ocrx_word' id='word_1_598' title='bbox 3147 3698 3404 3751; x_wconf 87' lang='grc' dir='ltr'>πολιτικά</span> <span class='ocrx_word' id='word_1_599' title='bbox 3430 3699 3742 3768; x_wconf 80' lang='grc' dir='ltr'>πράγματα</span> 
     </span>
    </p>
   </div>
   <div class='ocr_carea' id='block_1_83' title="bbox 2162 3784 3739 3851">
    <p class='ocr_par' dir='ltr' id='par_1_83' title="bbox 2162 3784 3739 3851">
     <span class='ocr_line' id='line_1_83' title="bbox 2162 3784 3739 3851; baseline 0.007 -17"><span class='ocrx_word' id='word_1_600' title='bbox 2162 3784 2327 3851; x_wconf 81' lang='grc' dir='ltr'>μηδὲν</span> <span class='ocrx_word' id='word_1_601' title='bbox 2356 3785 2554 3848; x_wconf 75' lang='grc' dir='ltr'>αὐτοὺς</span> <span class='ocrx_word' id='word_1_602' title='bbox 2584 3785 2691 3838; x_wconf 83' lang='grc' dir='ltr'><strong>τῶν</strong></span> <span class='ocrx_word' id='word_1_603' title='bbox 2732 3788 2981 3842; x_wconf 83' lang='grc' dir='ltr'>παλαιῶν</span> <span class='ocrx_word' id='word_1_604' title='bbox 3008 3789 3407 3846; x_wconf 62' lang='grc' dir='ltr'>διαλανθάνεινέ</span> <span class='ocrx_word' id='word_1_605' title='bbox 3447 3791 3609 3845; x_wconf 79' lang='grc' dir='ltr'>Ὅθεν</span> <span class='ocrx_word' id='word_1_606' title='bbox 3637 3794 3739 3845; x_wconf 83' lang='grc' dir='ltr'>καὶ</span> 
     </span>
    </p>
   </div>
   <div class='ocr_carea' id='block_1_84' title="bbox 2157 3876 3740 3956">
    <p class='ocr_par' dir='ltr' id='par_1_84' title="bbox 2157 3876 3740 3956">
     <span class='ocr_line' id='line_1_84' title="bbox 2157 3876 3740 3956; baseline 0.009 -32"><span class='ocrx_word' id='word_1_607' title='bbox 2157 3876 2215 3925; x_wconf 79' lang='grc' dir='ltr'>ὲν</span> <span class='ocrx_word' id='word_1_608' title='bbox 2244 3878 2363 3938; x_wconf 87' lang='grc' dir='ltr'>ταῖς</span> <span class='ocrx_word' id='word_1_609' title='bbox 2395 3878 2619 3932; x_wconf 87' lang='grc' dir='ltr'>πόλεσιν</span> <span class='ocrx_word' id='word_1_610' title='bbox 2652 3879 2836 3949; x_wconf 79' lang='grc' dir='ltr'>εὕροις</span> <span class='ocrx_word' id='word_1_611' title='bbox 2864 3882 2928 3935; x_wconf 83' lang='grc' dir='ltr'>ἂν</span> <span class='ocrx_word' id='word_1_612' title='bbox 2950 3883 3104 3953; x_wconf 87' lang='grc' dir='ltr'><strong>παρά</strong></span> <span class='ocrx_word' id='word_1_613' title='bbox 3129 3886 3241 3947; x_wconf 86' lang='grc' dir='ltr'>τοῖς</span> <span class='ocrx_word' id='word_1_614' title='bbox 3279 3886 3524 3956; x_wconf 85' lang='grc' dir='ltr'>ἀρχείοις</span> <span class='ocrx_word' id='word_1_615' title='bbox 3558 3886 3740 3939; x_wconf 81' lang='grc' dir='ltr'>αὐτῶν</span> 
     </span>
    </p>
   </div>
   <div class='ocr_carea' id='block_1_85' title="bbox 2159 3969 3741 4048">
    <p class='ocr_par' dir='ltr' id='par_1_85' title="bbox 2159 3969 3741 4048">
     <span class='ocr_line' id='line_1_85' title="bbox 2159 3969 3741 4048; baseline 0.008 -31"><span class='ocrx_word' id='word_1_616' title='bbox 2159 3969 2337 4019; x_wconf 78' lang='grc' dir='ltr'>πᾶσαν</span> <span class='ocrx_word' id='word_1_617' title='bbox 2368 3969 2588 4039; x_wconf 77' lang='grc' dir='ltr'>πρᾶξιν,</span> <span class='ocrx_word' id='word_1_618' title='bbox 2616 3975 2682 4041; x_wconf 70' lang='grc' dir='ltr'>ἢν</span> <span class='ocrx_word' id='word_1_619' title='bbox 2726 3972 2785 4036; x_wconf 76' lang='grc' dir='ltr'><strong>ἐξ</strong></span> <span class='ocrx_word' id='word_1_620' title='bbox 2815 3976 3253 4044; x_wconf 83' lang='grc' dir='ltr'>άμνημονεύτων</span> <span class='ocrx_word' id='word_1_621' title='bbox 3310 3977 3522 4048; x_wconf 81' lang='grc' dir='ltr'>χρόνων</span> <span class='ocrx_word' id='word_1_622' title='bbox 3567 3978 3741 4045; x_wconf 77' lang='grc' dir='ltr'>ἔπρα-</span> 
     </span>
    </p>
   </div>
   <div class='ocr_carea' id='block_1_86' title="bbox 2157 4057 3740 4139">
    <p class='ocr_par' dir='ltr' id='par_1_86' title="bbox 2157 4057 3740 4139">
     <span class='ocr_line' id='line_1_86' title="bbox 2157 4057 3740 4139; baseline 0.009 -30"><span class='ocrx_word' id='word_1_623' title='bbox 2157 4057 2275 4123; x_wconf 83' lang='grc' dir='ltr'>ξαν,</span> <span class='ocrx_word' id='word_1_624' title='bbox 2309 4064 2706 4132; x_wconf 75' lang='grc' dir='ltr'>γεγραμμένην</span> <span class='ocrx_word' id='word_1_625' title='bbox 2730 4067 2824 4117; x_wconf 79' lang='grc' dir='ltr'>καὶ</span> <span class='ocrx_word' id='word_1_626' title='bbox 2845 4068 3285 4139; x_wconf 74' lang='grc' dir='ltr'>ἐναποκειμένην</span> <span class='ocrx_word' id='word_1_627' title='bbox 3322 4072 3527 4126; x_wconf 74' lang='grc' dir='ltr'>ἐκεῖσε.</span> <span class='ocrx_word' id='word_1_628' title='bbox 3563 4070 3740 4124; x_wconf 77' lang='grc' dir='ltr'>Τοῦτο</span> 
     </span>
    </p>
   </div>
   <div class='ocr_carea' id='block_1_87' title="bbox 2154 4146 3736 4233">
    <p class='ocr_par' dir='ltr' id='par_1_87' title="bbox 2154 4146 3736 4233">
     <span class='ocr_line' id='line_1_87' title="bbox 2154 4146 3736 4233; baseline 0.009 -33"><span class='ocrx_word' id='word_1_629' title='bbox 2154 4146 2247 4203; x_wconf 77' lang='grc' dir='ltr'>οὖν</span> <span class='ocrx_word' id='word_1_630' title='bbox 2275 4154 2456 4222; x_wconf 82' lang='grc' dir='ltr'>πολλῷ</span> <span class='ocrx_word' id='word_1_631' title='bbox 2499 4155 2734 4223; x_wconf 85' lang='grc' dir='ltr'>μάλιστα</span> <span class='ocrx_word' id='word_1_632' title='bbox 2788 4159 2885 4210; x_wconf 72' lang='grc' dir='ltr'><strong>καὶ</strong></span> <span class='ocrx_word' id='word_1_633' title='bbox 2916 4163 2974 4211; x_wconf 80' lang='grc' dir='ltr'>ἐν</span> <span class='ocrx_word' id='word_1_634' title='bbox 3011 4163 3076 4230; x_wconf 76' lang='grc' dir='ltr'><strong>τῇ</strong></span> <span class='ocrx_word' id='word_1_635' title='bbox 3112 4163 3379 4230; x_wconf 73' lang='grc' dir='ltr'>καθολικῇ</span> <span class='ocrx_word' id='word_1_636' title='bbox 3427 4162 3736 4233; x_wconf 60' lang='grc' dir='ltr'>Ἐκκλησία.</span> 
     </span>
    </p>
   </div>
   <div class='ocr_carea' id='block_1_88' title="bbox 2156 4245 3738 4319">
    <p class='ocr_par' dir='ltr' id='par_1_88' title="bbox 2156 4245 3738 4319">
     <span class='ocr_line' id='line_1_88' title="bbox 2156 4245 3738 4319; baseline 0.007 -23"><span class='ocrx_word' id='word_1_637' title='bbox 2156 4245 2503 4313; x_wconf 80' lang='grc' dir='ltr'>φυλάττεται.</span> <span class='ocrx_word' id='word_1_638' title='bbox 2557 4248 2955 4319; x_wconf 79' lang='grc' dir='ltr'>Συντηροῦνται</span> <span class='ocrx_word' id='word_1_639' title='bbox 2988 4256 3098 4319; x_wconf 70' lang='grc' dir='ltr'><strong>γάρ</strong></span> <span class='ocrx_word' id='word_1_640' title='bbox 3156 4253 3236 4305; x_wconf 79' lang='grc' dir='ltr'>ἔτι</span> <span class='ocrx_word' id='word_1_641' title='bbox 3291 4254 3383 4304; x_wconf 80' lang='grc' dir='ltr'>καὶ</span> <span class='ocrx_word' id='word_1_642' title='bbox 3430 4253 3523 4305; x_wconf 78' lang='grc' dir='ltr'>νῦν</span> <span class='ocrx_word' id='word_1_643' title='bbox 3558 4254 3738 4307; x_wconf 76' lang='grc' dir='ltr'>πᾶσαι</span> 
     </span>
    </p>
   </div>
   <div class='ocr_carea' id='block_1_89' title="bbox 2155 4338 3735 4415">
    <p class='ocr_par' dir='ltr' id='par_1_89' title="bbox 2155 4338 3735 4415">
     <span class='ocr_line' id='line_1_89' title="bbox 2155 4338 3735 4415; baseline 0.002 -22"><span class='ocrx_word' id='word_1_644' title='bbox 2155 4338 2403 4408; x_wconf 73' lang='grc' dir='ltr'>πράξεις,</span> <span class='ocrx_word' id='word_1_645' title='bbox 2438 4342 2530 4393; x_wconf 79' lang='grc' dir='ltr'>καὶ</span> <span class='ocrx_word' id='word_1_646' title='bbox 2557 4343 2727 4395; x_wconf 75' lang='grc' dir='ltr'>πᾶσαι</span> <span class='ocrx_word' id='word_1_647' title='bbox 2772 4343 2962 4411; x_wconf 69' lang='grc' dir='ltr'>σχεδὸν</span> <span class='ocrx_word' id='word_1_648' title='bbox 2999 4346 3290 4397; x_wconf 71' lang='grc' dir='ltr'>ἐπιστολαὶ</span> <span class='ocrx_word' id='word_1_649' title='bbox 3329 4345 3437 4397; x_wconf 85' lang='grc' dir='ltr'>τῶν</span> <span class='ocrx_word' id='word_1_650' title='bbox 3486 4344 3735 4415; x_wconf 80' lang='grc' dir='ltr'>ἀρχαίων</span> 
     </span>
    </p>
   </div>
   <div class='ocr_carea' id='block_1_90' title="bbox 2154 4431 2668 4503">
    <p class='ocr_par' dir='ltr' id='par_1_90' title="bbox 2154 4431 2668 4503">
     <span class='ocr_line' id='line_1_90' title="bbox 2154 4431 2668 4503; baseline 0.006 -20"><span class='ocrx_word' id='word_1_651' title='bbox 2154 4431 2341 4500; x_wconf 77' lang='grc' dir='ltr'>ἄκρων</span> <span class='ocrx_word' id='word_1_652' title='bbox 2374 4433 2668 4503; x_wconf 80' lang='grc' dir='ltr'>ἱεραρχῶν.</span> 
     </span>
    </p>
   </div>
   <div class='ocr_carea' id='block_1_91' title="bbox 543 4519 2056 4600">
    <p class='ocr_par' dir='ltr' id='par_1_91' title="bbox 543 4519 2043 4589">
     <span class='ocr_line' id='line_1_91' title="bbox 543 4519 2043 4589; baseline -0.002 -10"><span class='ocrx_word' id='word_1_653' title='bbox 543 4523 897 4579; x_wconf 87' lang='lat' dir='ltr'><strong>Protulerunt</strong></span> <span class='ocrx_word' id='word_1_654' title='bbox 942 4519 1128 4589; x_wconf 83' lang='lat' dir='ltr'><strong>itaque</strong></span> <span class='ocrx_word' id='word_1_655' title='bbox 1159 4523 1318 4575; x_wconf 83' lang='lat' dir='ltr'><strong>nobis</strong></span> <span class='ocrx_word' id='word_1_656' title='bbox 1353 4520 1409 4574; x_wconf 92' lang='lat' dir='ltr'><strong>in</strong></span> <span class='ocrx_word' id='word_1_657' title='bbox 1444 4521 1835 4589; x_wconf 89' lang='lat' dir='ltr'><strong>antiquissimo</strong></span> <span class='ocrx_word' id='word_1_658' title='bbox 1898 4522 2043 4576; x_wconf 85' lang='lat' dir='ltr'><strong>libro</strong></span> 
     </span>
    </p>
   </div>
   <div class='ocr_carea' id='block_1_92' title="bbox 2162 4519 3733 4600">
    <p class='ocr_par' dir='ltr' id='par_1_92' title="bbox 2228 4522 3733 4600">
     <span class='ocr_line' id='line_1_92' title="bbox 2228 4522 3733 4600; baseline 0.007 -27"><span class='ocrx_word' id='word_1_659' title='bbox 2228 4522 2583 4593; x_wconf 82' lang='grc' dir='ltr'>Προήνεγκαν</span> <span class='ocrx_word' id='word_1_660' title='bbox 2627 4522 2720 4578; x_wconf 78' lang='grc' dir='ltr'>οὖν</span> <span class='ocrx_word' id='word_1_661' title='bbox 2751 4526 2882 4594; x_wconf 81' lang='grc' dir='ltr'>ἡμῖν</span> <span class='ocrx_word' id='word_1_662' title='bbox 2930 4528 2988 4579; x_wconf 82' lang='grc' dir='ltr'>ἐν</span> <span class='ocrx_word' id='word_1_663' title='bbox 3018 4528 3359 4599; x_wconf 74' lang='grc' dir='ltr'>ἀρχαιοτάτῃ</span> <span class='ocrx_word' id='word_1_664' title='bbox 3395 4527 3560 4599; x_wconf 74' lang='grc' dir='ltr'>βίϐλῳ</span> <span class='ocrx_word' id='word_1_665' title='bbox 3589 4547 3733 4600; x_wconf 86' lang='grc' dir='ltr'>μεμ-</span> 
     </span>
    </p>
   </div>
   <div class='ocr_carea' id='block_1_93' title="bbox 474 4610 2049 4681">
    <p class='ocr_par' dir='ltr' id='par_1_93' title="bbox 474 4610 2049 4681">
     <span class='ocr_line' id='line_1_93' title="bbox 474 4610 2049 4681; baseline 0 -16"><span class='ocrx_word' id='word_1_666' title='bbox 474 4614 529 4665; x_wconf 90' lang='lat' dir='ltr'><strong>in</strong></span> <span class='ocrx_word' id='word_1_667' title='bbox 554 4616 870 4667; x_wconf 87' lang='lat' dir='ltr'><strong>membrana</strong></span> <span class='ocrx_word' id='word_1_668' title='bbox 919 4611 1123 4681; x_wconf 88' lang='lat' dir='ltr'><strong>scripto</strong></span> <span class='ocrx_word' id='word_1_669' title='bbox 1150 4612 1435 4680; x_wconf 88' lang='lat' dir='ltr'><strong>epistolam</strong></span> <span class='ocrx_word' id='word_1_670' title='bbox 1492 4610 1696 4665; x_wconf 84' lang='lat' dir='ltr'><strong>Liberii</strong></span> <span class='ocrx_word' id='word_1_671' title='bbox 1728 4626 1880 4680; x_wconf 60' lang='lat' dir='ltr'><strong>papae</strong></span> <span class='ocrx_word' id='word_1_672' title='bbox 1911 4612 2049 4666; x_wconf 88' lang='lat' dir='ltr'><strong>scri-</strong></span> 
     </span>
    </p>
   </div>
   <div class='ocr_carea' id='block_1_94' title="bbox 474 4704 2049 4776">
    <p class='ocr_par' dir='ltr' id='par_1_94' title="bbox 474 4704 2049 4776">
     <span class='ocr_line' id='line_1_94' title="bbox 474 4704 2049 4776; baseline 0.002 -20"><span class='ocrx_word' id='word_1_673' title='bbox 474 4717 621 4776; x_wconf 81' lang='lat' dir='ltr'><strong>ptam</strong></span> <span class='ocrx_word' id='word_1_674' title='bbox 656 4705 722 4757; x_wconf 88' lang='lat' dir='ltr'><strong>ad</strong></span> <span class='ocrx_word' id='word_1_675' title='bbox 755 4704 1109 4757; x_wconf 77' lang='lat' dir='ltr'><strong>Athanasium</strong></span> <span class='ocrx_word' id='word_1_676' title='bbox 1156 4704 1609 4768; x_wconf 76' lang='lat' dir='ltr'><strong>Alexandrinum,</strong></span> <span class='ocrx_word' id='word_1_677' title='bbox 1643 4705 1801 4774; x_wconf 83' lang='lat' dir='ltr'><strong>cujus</strong></span> <span class='ocrx_word' id='word_1_678' title='bbox 1826 4705 2049 4759; x_wconf 89' lang='lat' dir='ltr'><strong>initium</strong></span> 
     </span>
    </p>
   </div>
   <div class='ocr_carea' id='block_1_95' title="bbox 472 4793 2050 4864">
    <p class='ocr_par' dir='ltr' id='par_1_95' title="bbox 472 4793 2050 4864">
     <span class='ocr_line' id='line_1_95' title="bbox 472 4793 2050 4864; baseline 0.002 -15"><span class='ocrx_word' id='word_1_679' title='bbox 472 4807 557 4851; x_wconf 85' lang='lat' dir='ltr'><strong>est</strong></span> <span class='ocrx_word' id='word_1_680' title='bbox 600 4814 615 4849; x_wconf 90' lang='lat'><strong>:</strong></span> <span class='ocrx_word' id='word_1_681' title='bbox 656 4793 798 4849; x_wconf 90' lang='lat' dir='ltr'><strong>Olim</strong></span> <span class='ocrx_word' id='word_1_682' title='bbox 827 4804 882 4849; x_wconf 89' lang='lat' dir='ltr'><strong>et</strong></span> <span class='ocrx_word' id='word_1_683' title='bbox 921 4794 989 4848; x_wconf 85' lang='lat' dir='ltr'><strong>ab</strong></span> <span class='ocrx_word' id='word_1_684' title='bbox 1034 4793 1191 4848; x_wconf 89' lang='lat' dir='ltr'><strong>initio</strong></span> <span class='ocrx_word' id='word_1_685' title='bbox 1222 4805 1428 4848; x_wconf 89' lang='lat' dir='ltr'><strong>tantam</strong></span> <span class='ocrx_word' id='word_1_686' title='bbox 1457 4797 1809 4864; x_wconf 82' lang='lat' dir='ltr'><strong>percepimus</strong></span> <span class='ocrx_word' id='word_1_687' title='bbox 1832 4813 1862 4849; x_wconf 89' lang='lat' dir='ltr'><strong>a</strong></span> <span class='ocrx_word' id='word_1_688' title='bbox 1888 4798 2050 4853; x_wconf 87' lang='lat' dir='ltr'><strong>beato</strong></span> 
     </span>
    </p>
   </div>
   <div class='ocr_carea' id='block_1_96' title="bbox 471 4887 2051 4958">
    <p class='ocr_par' dir='ltr' id='par_1_96' title="bbox 471 4887 2051 4958">
     <span class='ocr_line' id='line_1_96' title="bbox 471 4887 2051 4958; baseline 0 -16"><span class='ocrx_word' id='word_1_689' title='bbox 471 4890 635 4942; x_wconf 80' lang='lat' dir='ltr'><strong>l&#39;etro</strong></span> <span class='ocrx_word' id='word_1_690' title='bbox 665 4888 1034 4956; x_wconf 85' lang='lat' dir='ltr'><strong>apostolorum</strong></span> <span class='ocrx_word' id='word_1_691' title='bbox 1066 4887 1335 4956; x_wconf 88' lang='lat' dir='ltr'><strong>principe,</strong></span> <span class='ocrx_word' id='word_1_692' title='bbox 1381 4898 1490 4940; x_wconf 88' lang='lat' dir='ltr'><strong>etc.</strong></span> <span class='ocrx_word' id='word_1_693' title='bbox 1516 4888 1723 4941; x_wconf 90' lang='lat' dir='ltr'><strong>Deinde</strong></span> <span class='ocrx_word' id='word_1_694' title='bbox 1759 4889 1899 4942; x_wconf 85' lang='lat' dir='ltr'><strong>ultra</strong></span> <span class='ocrx_word' id='word_1_695' title='bbox 1923 4905 2051 4958; x_wconf 88' lang='lat' dir='ltr'><strong>per-</strong></span> 
     </span>
    </p>
   </div>
   <div class='ocr_carea' id='block_1_97' title="bbox 467 4974 2046 5052">
    <p class='ocr_par' dir='ltr' id='par_1_97' title="bbox 467 4974 2046 5052">
     <span class='ocr_line' id='line_1_97' title="bbox 467 4974 2046 5052; baseline 0 -18"><span class='ocrx_word' id='word_1_696' title='bbox 467 4993 624 5052; x_wconf 72' lang='lat' dir='ltr'><strong>gens,</strong></span> <span class='ocrx_word' id='word_1_697' title='bbox 659 4980 794 5034; x_wconf 88' lang='lat' dir='ltr'><strong>dicit</strong></span> <span class='ocrx_word' id='word_1_698' title='bbox 818 4996 876 5033; x_wconf 89' lang='lat' dir='ltr'><strong>se</strong></span> <span class='ocrx_word' id='word_1_699' title='bbox 905 4979 1178 5047; x_wconf 79' lang='lat' dir='ltr'><strong>recepisse</strong></span> <span class='ocrx_word' id='word_1_700' title='bbox 1217 4978 1503 5047; x_wconf 85' lang='lat' dir='ltr'><strong>epistolam</strong></span> <span class='ocrx_word' id='word_1_701' title='bbox 1531 4974 1702 5034; x_wconf 84' lang='lat' dir='ltr'><strong>sancti</strong></span> <span class='ocrx_word' id='word_1_702' title='bbox 1740 4981 2046 5042; x_wconf 81' lang='lat' dir='ltr'><strong>Athanasii.</strong></span> 
     </span>
    </p>
   </div>
   <div class='ocr_carea' id='block_1_98' title="bbox 468 5065 2044 5137">
    <p class='ocr_par' dir='ltr' id='par_1_98' title="bbox 468 5065 2044 5137">
     <span class='ocr_line' id='line_1_98' title="bbox 468 5065 2044 5137; baseline 0.002 -16"><span class='ocrx_word' id='word_1_703' title='bbox 468 5076 525 5122; x_wconf 84' lang='lat' dir='ltr'><strong>et</strong></span> <span class='ocrx_word' id='word_1_704' title='bbox 556 5082 675 5119; x_wconf 86' lang='lat' dir='ltr'><strong>eam</strong></span> <span class='ocrx_word' id='word_1_705' title='bbox 709 5067 927 5135; x_wconf 67' lang='lat' dir='ltr'><strong>legisse.</strong></span> <span class='ocrx_word' id='word_1_706' title='bbox 965 5065 1248 5120; x_wconf 80' lang='lat' dir='ltr'><strong>Postremo</strong></span> <span class='ocrx_word' id='word_1_707' title='bbox 1295 5068 1576 5137; x_wconf 76' lang='lat' dir='ltr'><strong>subjnngit</strong></span> <span class='ocrx_word' id='word_1_708' title='bbox 1612 5087 1624 5122; x_wconf 91' lang='lat'><strong>:</strong></span> <span class='ocrx_word' id='word_1_709' title='bbox 1655 5069 1841 5123; x_wconf 84' lang='lat' dir='ltr'><strong>Fidem</strong></span> <span class='ocrx_word' id='word_1_710' title='bbox 1912 5086 2044 5125; x_wconf 88' lang='lat' dir='ltr'><strong>vero</strong></span> 
     </span>
    </p>
   </div>
   <div class='ocr_carea' id='block_1_99' title="bbox 468 5158 2048 5226">
    <p class='ocr_par' dir='ltr' id='par_1_99' title="bbox 468 5158 2048 5226">
     <span class='ocr_line' id='line_1_99' title="bbox 468 5158 2048 5226; baseline 0.002 -14"><span class='ocrx_word' id='word_1_711' title='bbox 468 5158 668 5212; x_wconf 72' lang='lat' dir='ltr'><strong>Nicaeni</strong></span> <span class='ocrx_word' id='word_1_712' title='bbox 695 5159 914 5211; x_wconf 84' lang='lat' dir='ltr'><strong>concilii</strong></span> <span class='ocrx_word' id='word_1_713' title='bbox 950 5159 1002 5210; x_wconf 90' lang='lat' dir='ltr'><strong>in</strong></span> <span class='ocrx_word' id='word_1_714' title='bbox 1031 5158 1223 5211; x_wconf 89' lang='lat' dir='ltr'><strong>eadem</strong></span> <span class='ocrx_word' id='word_1_715' title='bbox 1261 5159 1491 5226; x_wconf 89' lang='lat' dir='ltr'><strong>epistola</strong></span> <span class='ocrx_word' id='word_1_716' title='bbox 1545 5169 1749 5213; x_wconf 87' lang='lat' dir='ltr'><strong>rectam</strong></span> <span class='ocrx_word' id='word_1_717' title='bbox 1781 5176 1906 5215; x_wconf 89' lang='lat' dir='ltr'><strong>cum</strong></span> <span class='ocrx_word' id='word_1_718' title='bbox 1964 5162 2048 5215; x_wconf 88' lang='lat' dir='ltr'><strong>in-</strong></span> 
     </span>
    </p>
   </div>
   <div class='ocr_carea' id='block_1_100' title="bbox 468 5248 2042 5320">
    <p class='ocr_par' dir='ltr' id='par_1_100' title="bbox 468 5248 2042 5320">
     <span class='ocr_line' id='line_1_100' title="bbox 468 5248 2042 5320; baseline 0.001 -17"><span class='ocrx_word' id='word_1_719' title='bbox 468 5251 833 5314; x_wconf 78' lang='lat' dir='ltr'><strong>venissemus,</strong></span> <span class='ocrx_word' id='word_1_720' title='bbox 890 5264 1111 5317; x_wconf 80' lang='lat' dir='ltr'><strong>magnas</strong></span> <span class='ocrx_word' id='word_1_721' title='bbox 1158 5248 1271 5303; x_wconf 82' lang='lat' dir='ltr'><strong>Dee</strong></span> <span class='ocrx_word' id='word_1_722' title='bbox 1323 5251 1523 5316; x_wconf 78' lang='lat' dir='ltr'><strong>gratias</strong></span> <span class='ocrx_word' id='word_1_723' title='bbox 1566 5250 1901 5305; x_wconf 85' lang='lat' dir='ltr'><strong>retulimus:</strong></span> <span class='ocrx_word' id='word_1_724' title='bbox 1943 5267 2042 5320; x_wconf 87' lang='lat' dir='ltr'><strong>pro</strong></span> 
     </span>
    </p>
   </div>
   <div class='ocr_carea' id='block_1_101' title="bbox 465 5340 2045 5411">
    <p class='ocr_par' dir='ltr' id='par_1_101' title="bbox 465 5340 2045 5411">
     <span class='ocr_line' id='line_1_101' title="bbox 465 5340 2045 5411; baseline 0.002 -18"><span class='ocrx_word' id='word_1_725' title='bbox 465 5358 571 5411; x_wconf 82' lang='lat' dir='ltr'><strong>qua</strong></span> <span class='ocrx_word' id='word_1_726' title='bbox 600 5357 708 5394; x_wconf 89' lang='lat' dir='ltr'><strong>non</strong></span> <span class='ocrx_word' id='word_1_727' title='bbox 750 5340 927 5395; x_wconf 86' lang='lat' dir='ltr'><strong>solum</strong></span> <span class='ocrx_word' id='word_1_728' title='bbox 962 5341 1115 5394; x_wconf 79' lang='lat' dir='ltr'><strong>vobis</strong></span> <span class='ocrx_word' id='word_1_729' title='bbox 1139 5341 1400 5409; x_wconf 87' lang='lat' dir='ltr'><strong>compati,</strong></span> <span class='ocrx_word' id='word_1_730' title='bbox 1426 5341 1591 5395; x_wconf 90' lang='lat' dir='ltr'><strong>simul</strong></span> <span class='ocrx_word' id='word_1_731' title='bbox 1616 5349 1673 5393; x_wconf 94' lang='lat' dir='ltr'><strong>ct</strong></span> <span class='ocrx_word' id='word_1_732' title='bbox 1705 5345 2045 5410; x_wconf 88' lang='lat' dir='ltr'><strong>persecutio-</strong></span> 
     </span>
    </p>
   </div>
   <div class='ocr_carea' id='block_1_102' title="bbox 464 5433 2039 5508">
    <p class='ocr_par' dir='ltr' id='par_1_102' title="bbox 464 5433 2039 5508">
     <span class='ocr_line' id='line_1_102' title="bbox 464 5433 2039 5508; baseline 0.003 -21"><span class='ocrx_word' id='word_1_733' title='bbox 464 5448 590 5487; x_wconf 85' lang='lat' dir='ltr'><strong>nem</strong></span> <span class='ocrx_word' id='word_1_734' title='bbox 644 5434 752 5502; x_wconf 72' lang='grc' dir='ltr'>ρειιί</span> <span class='ocrx_word' id='word_1_735' title='bbox 806 5433 979 5501; x_wconf 88' lang='lat' dir='ltr'><strong>parati</strong></span> <span class='ocrx_word' id='word_1_736' title='bbox 1029 5447 1243 5497; x_wconf 87' lang='lat' dir='ltr'><strong>sumus,</strong></span> <span class='ocrx_word' id='word_1_737' title='bbox 1275 5447 1464 5486; x_wconf 87' lang='lat' dir='ltr'><strong>verum</strong></span> <span class='ocrx_word' id='word_1_738' title='bbox 1502 5438 1830 5491; x_wconf 87' lang='lat' dir='ltr'><strong>necessitate</strong></span> <span class='ocrx_word' id='word_1_739' title='bbox 1885 5436 2039 5508; x_wconf 79' lang='lat' dir='ltr'><strong>flagi-</strong></span> 
     </span>
    </p>
   </div>
   <div class='ocr_carea' id='block_1_103' title="bbox 468 5524 2037 5594">
    <p class='ocr_par' dir='ltr' id='par_1_103' title="bbox 468 5524 2037 5594">
     <span class='ocr_line' id='line_1_103' title="bbox 468 5524 2037 5594; baseline 0.004 -15"><span class='ocrx_word' id='word_1_740' title='bbox 468 5535 616 5579; x_wconf 82' lang='lat' dir='ltr'><strong>tante</strong></span> <span class='ocrx_word' id='word_1_741' title='bbox 645 5526 809 5580; x_wconf 80' lang='lat' dir='ltr'><strong>etiam</strong></span> <span class='ocrx_word' id='word_1_742' title='bbox 836 5526 972 5580; x_wconf 88' lang='lat' dir='ltr'><strong>mori</strong></span> <span class='ocrx_word' id='word_1_743' title='bbox 1005 5540 1103 5594; x_wconf 91' lang='lat' dir='ltr'><strong>pro</strong></span> <span class='ocrx_word' id='word_1_744' title='bbox 1129 5524 1333 5579; x_wconf 83' lang='lat' dir='ltr'><strong>Christi</strong></span> <span class='ocrx_word' id='word_1_745' title='bbox 1365 5528 1587 5580; x_wconf 91' lang='lat' dir='ltr'><strong>nomine</strong></span> <span class='ocrx_word' id='word_1_746' title='bbox 1610 5542 1719 5581; x_wconf 87' lang='lat' dir='ltr'><strong>non</strong></span> <span class='ocrx_word' id='word_1_747' title='bbox 1752 5544 2037 5586; x_wconf 84' lang='lat' dir='ltr'><strong>recusare-</strong></span> 
     </span>
    </p>
   </div>
   <div class='ocr_carea' id='block_1_104' title="bbox 464 5618 2039 5686">
    <p class='ocr_par' dir='ltr' id='par_1_104' title="bbox 464 5618 2039 5686">
     <span class='ocr_line' id='line_1_104' title="bbox 464 5618 2039 5686; baseline 0.004 -16"><span class='ocrx_word' id='word_1_748' title='bbox 464 5633 621 5680; x_wconf 87' lang='lat' dir='ltr'><strong>mus,</strong></span> <span class='ocrx_word' id='word_1_749' title='bbox 676 5618 1028 5686; x_wconf 85' lang='lat' dir='ltr'><strong>quantumvis</strong></span> <span class='ocrx_word' id='word_1_750' title='bbox 1076 5619 1205 5674; x_wconf 76' lang='lat' dir='ltr'><strong>licet</strong></span> <span class='ocrx_word' id='word_1_751' title='bbox 1252 5618 1464 5674; x_wconf 89' lang='lat' dir='ltr'><strong>debiles</strong></span> <span class='ocrx_word' id='word_1_752' title='bbox 1515 5620 1711 5674; x_wconf 89' lang='lat' dir='ltr'><strong>simus.</strong></span> <span class='ocrx_word' id='word_1_753' title='bbox 1774 5622 2039 5678; x_wconf 73' lang='lat' dir='ltr'><strong>Praedicta</strong></span> 
     </span>
    </p>
   </div>
   <div class='ocr_carea' id='block_1_105' title="bbox 460 5710 2029 5782">
    <p class='ocr_par' dir='ltr' id='par_1_105' title="bbox 460 5710 2029 5782">
     <span class='ocr_line' id='line_1_105' title="bbox 460 5710 2029 5782; baseline 0.009 -28"><span class='ocrx_word' id='word_1_754' title='bbox 460 5712 607 5761; x_wconf 74' lang='lat' dir='ltr'><strong>enim</strong></span> <span class='ocrx_word' id='word_1_755' title='bbox 628 5720 972 5764; x_wconf 79' lang='lat' dir='ltr'><strong>sacrosancta</strong></span> <span class='ocrx_word' id='word_1_756' title='bbox 1005 5710 1221 5765; x_wconf 69' lang='lat' dir='ltr'><strong>Nicazna</strong></span> <span class='ocrx_word' id='word_1_757' title='bbox 1254 5711 1524 5782; x_wconf 86' lang='lat' dir='ltr'><strong>synodus,</strong></span> <span class='ocrx_word' id='word_1_758' title='bbox 1566 5713 2029 5781; x_wconf 84' lang='lat' dir='ltr'><strong>quemadmodum</strong></span> 
     </span>
    </p>
   </div>
   <div class='ocr_carea' id='block_1_106' title="bbox 462 5802 2039 5876">
    <p class='ocr_par' dir='ltr' id='par_1_106' title="bbox 462 5802 2039 5876">
     <span class='ocr_line' id='line_1_106' title="bbox 462 5802 2039 5876; baseline 0.009 -27"><span class='ocrx_word' id='word_1_759' title='bbox 462 5802 712 5868; x_wconf 64' lang='lat' dir='ltr'><strong>li-gitttus,</strong></span> <span class='ocrx_word' id='word_1_760' title='bbox 743 5802 1006 5869; x_wconf 77' lang='lat' dir='ltr'><strong>definivit,</strong></span> <span class='ocrx_word' id='word_1_761' title='bbox 1056 5804 1260 5859; x_wconf 78' lang='lat' dir='ltr'><strong>nemini</strong></span> <span class='ocrx_word' id='word_1_762' title='bbox 1312 5804 1477 5865; x_wconf 87' lang='lat' dir='ltr'><strong>licere</strong></span> <span class='ocrx_word' id='word_1_763' title='bbox 1512 5806 1673 5861; x_wconf 78' lang='lat' dir='ltr'><strong>aliam</strong></span> <span class='ocrx_word' id='word_1_764' title='bbox 1706 5805 1867 5860; x_wconf 82' lang='lat' dir='ltr'><strong>fidem</strong></span> <span class='ocrx_word' id='word_1_765' title='bbox 1907 5823 2039 5876; x_wconf 79' lang='lat' dir='ltr'><strong>pro-</strong></span> 
     </span>
    </p>
   </div>
   <div class='ocr_carea' id='block_1_107' title="bbox 2154 4615 3732 4692">
    <p class='ocr_par' dir='ltr' id='par_1_107' title="bbox 2154 4615 3732 4692">
     <span class='ocr_line' id='line_1_107' title="bbox 2154 4615 3732 4692; baseline 0.005 -25"><span class='ocrx_word' id='word_1_766' title='bbox 2154 4615 2338 4687; x_wconf 78' lang='grc' dir='ltr'>δράνῳ</span> <span class='ocrx_word' id='word_1_767' title='bbox 2370 4617 2661 4687; x_wconf 75' lang='grc' dir='ltr'>ἐπιστολὴν</span> <span class='ocrx_word' id='word_1_768' title='bbox 2694 4618 2952 4686; x_wconf 78' lang='grc' dir='ltr'>Λιϐερέου</span> <span class='ocrx_word' id='word_1_769' title='bbox 2987 4620 3188 4673; x_wconf 81' lang='grc' dir='ltr'>πάππα</span> <span class='ocrx_word' id='word_1_770' title='bbox 3243 4622 3381 4689; x_wconf 64' lang='grc' dir='ltr'>πρὸς</span> <span class='ocrx_word' id='word_1_771' title='bbox 3414 4624 3507 4674; x_wconf 62' lang='grc' dir='ltr'>τὸν</span> <span class='ocrx_word' id='word_1_772' title='bbox 3542 4623 3732 4692; x_wconf 82' lang='grc' dir='ltr'>μακά-</span> 
     </span>
    </p>
   </div>
   <div class='ocr_carea' id='block_1_108' title="bbox 2155 4707 3731 4784">
    <p class='ocr_par' dir='ltr' id='par_1_108' title="bbox 2155 4707 3731 4784">
     <span class='ocr_line' id='line_1_108' title="bbox 2155 4707 3731 4784; baseline 0.005 -25"><span class='ocrx_word' id='word_1_773' title='bbox 2155 4725 2270 4778; x_wconf 89' lang='grc' dir='ltr'>ριον</span> <span class='ocrx_word' id='word_1_774' title='bbox 2292 4708 2608 4762; x_wconf 82' lang='grc' dir='ltr'>Ἀθανάσιον</span> <span class='ocrx_word' id='word_1_775' title='bbox 2630 4707 3250 4783; x_wconf 68' lang='grc' dir='ltr'>τὸνἈλεξανδρείας,ἦ;</span> <span class='ocrx_word' id='word_1_776' title='bbox 3286 4716 3318 4784; x_wconf 77' lang='grc' dir='ltr'><strong>η</strong></span> <span class='ocrx_word' id='word_1_777' title='bbox 3345 4716 3525 4784; x_wconf 81' lang='grc' dir='ltr'>ἀρχή·</span> <span class='ocrx_word' id='word_1_778' title='bbox 3558 4717 3731 4767; x_wconf 81' lang='grc' dir='ltr'>’Δνω-</span> 
     </span>
    </p>
   </div>
   <div class='ocr_carea' id='block_1_109' title="bbox 2154 4801 3729 4875">
    <p class='ocr_par' dir='ltr' id='par_1_109' title="bbox 2154 4801 3729 4875">
     <span class='ocr_line' id='line_1_109' title="bbox 2154 4801 3729 4875; baseline 0.003 -21"><span class='ocrx_word' id='word_1_779' title='bbox 2154 4801 2245 4854; x_wconf 74' lang='grc' dir='ltr'><strong>θεν</strong></span> <span class='ocrx_word' id='word_1_780' title='bbox 2272 4816 2330 4852; x_wconf 88' lang='grc' dir='ltr'><strong>τε</strong></span> <span class='ocrx_word' id='word_1_781' title='bbox 2370 4802 2464 4856; x_wconf 76' lang='grc' dir='ltr'>καὶ</span> <span class='ocrx_word' id='word_1_782' title='bbox 2486 4801 2546 4867; x_wconf 78' lang='grc' dir='ltr'>ἐξ</span> <span class='ocrx_word' id='word_1_783' title='bbox 2577 4802 2749 4873; x_wconf 83' lang='grc' dir='ltr'>ἀρχῆς</span> <span class='ocrx_word' id='word_1_784' title='bbox 2779 4804 3050 4871; x_wconf 79' lang='grc' dir='ltr'>τοσαύτην</span> <span class='ocrx_word' id='word_1_785' title='bbox 3097 4806 3400 4875; x_wconf 74' lang='grc' dir='ltr'>ἐδεξάμεθα</span> <span class='ocrx_word' id='word_1_786' title='bbox 3430 4807 3581 4874; x_wconf 87' lang='grc' dir='ltr'>παρὰ</span> <span class='ocrx_word' id='word_1_787' title='bbox 3633 4808 3729 4859; x_wconf 74' lang='grc' dir='ltr'>τοῦ</span> 
     </span>
    </p>
   </div>
   <div class='ocr_carea' id='block_1_110' title="bbox 2155 4894 3731 4968">
    <p class='ocr_par' dir='ltr' id='par_1_110' title="bbox 2155 4894 3731 4968">
     <span class='ocr_line' id='line_1_110' title="bbox 2155 4894 3731 4968; baseline 0.003 -23"><span class='ocrx_word' id='word_1_788' title='bbox 2155 4894 2427 4964; x_wconf 89' lang='grc' dir='ltr'>μακαρίου</span> <span class='ocrx_word' id='word_1_789' title='bbox 2446 4894 2651 4964; x_wconf 81' lang='grc' dir='ltr'>Πέτρου</span> <span class='ocrx_word' id='word_1_790' title='bbox 2671 4896 2887 4966; x_wconf 79' lang='grc' dir='ltr'>πρώτου</span> <span class='ocrx_word' id='word_1_791' title='bbox 2902 4897 3006 4949; x_wconf 86' lang='grc' dir='ltr'>τῶν</span> <span class='ocrx_word' id='word_1_792' title='bbox 3025 4899 3361 4968; x_wconf 79' lang='grc' dir='ltr'>ἀποστόλων,</span> <span class='ocrx_word' id='word_1_793' title='bbox 3383 4916 3436 4951; x_wconf 86' lang='grc' dir='ltr'>κ.</span> <span class='ocrx_word' id='word_1_794' title='bbox 3455 4915 3506 4953; x_wconf 92' lang='grc' dir='ltr'>τ.</span> <span class='ocrx_word' id='word_1_795' title='bbox 3523 4899 3572 4952; x_wconf 89' lang='grc' dir='ltr'>λ.</span> <span class='ocrx_word' id='word_1_796' title='bbox 3597 4894 3731 4951; x_wconf 74' lang='grc' dir='ltr'>Εἶτα</span> 
     </span>
    </p>
   </div>
   <div class='ocr_carea' id='block_1_111' title="bbox 2151 4986 3727 5059">
    <p class='ocr_par' dir='ltr' id='par_1_111' title="bbox 2151 4986 3727 5059">
     <span class='ocr_line' id='line_1_111' title="bbox 2151 4986 3727 5059; baseline 0.005 -25"><span class='ocrx_word' id='word_1_797' title='bbox 2151 4986 2356 5053; x_wconf 86' lang='grc' dir='ltr'>προϊών</span> <span class='ocrx_word' id='word_1_798' title='bbox 2389 5002 2548 5054; x_wconf 66' lang='grc' dir='ltr'>φησι,</span> <span class='ocrx_word' id='word_1_799' title='bbox 2586 4988 2833 5058; x_wconf 80' lang='grc' dir='ltr'>δεδέχθαι</span> <span class='ocrx_word' id='word_1_800' title='bbox 2859 4991 3157 5059; x_wconf 82' lang='grc' dir='ltr'>ἐπιστολὴν</span> <span class='ocrx_word' id='word_1_801' title='bbox 3181 4991 3277 5043; x_wconf 81' lang='grc' dir='ltr'>τοῦ</span> <span class='ocrx_word' id='word_1_802' title='bbox 3306 4993 3466 5058; x_wconf 80' lang='grc' dir='ltr'>ἁγίου</span> <span class='ocrx_word' id='word_1_803' title='bbox 3497 4991 3727 5045; x_wconf 75' lang='grc' dir='ltr'>Ἀθανα-</span> 
     </span>
    </p>
   </div>
   <div class='ocr_carea' id='block_1_112' title="bbox 2153 5079 3726 5155">
    <p class='ocr_par' dir='ltr' id='par_1_112' title="bbox 2153 5079 3726 5155">
     <span class='ocr_line' id='line_1_112' title="bbox 2153 5079 3726 5155; baseline 0.003 -24"><span class='ocrx_word' id='word_1_804' title='bbox 2153 5079 2290 5140; x_wconf 82' lang='grc' dir='ltr'>σίου,</span> <span class='ocrx_word' id='word_1_805' title='bbox 2328 5084 2424 5133; x_wconf 77' lang='grc' dir='ltr'>καὶ</span> <span class='ocrx_word' id='word_1_806' title='bbox 2479 5082 2789 5148; x_wconf 83' lang='grc' dir='ltr'>ἀναγνῶναι</span> <span class='ocrx_word' id='word_1_807' title='bbox 2845 5083 3041 5153; x_wconf 78' lang='grc' dir='ltr'>αὐτήν.</span> <span class='ocrx_word' id='word_1_808' title='bbox 3081 5079 3221 5136; x_wconf 81' lang='grc' dir='ltr'>Εἶτα</span> <span class='ocrx_word' id='word_1_809' title='bbox 3282 5085 3583 5137; x_wconf 72' lang='grc' dir='ltr'>συνάπτειο</span> <span class='ocrx_word' id='word_1_810' title='bbox 3614 5085 3726 5155; x_wconf 60' lang='grc' dir='ltr'><strong>Τὴν</strong></span> 
     </span>
    </p>
   </div>
   <div class='ocr_carea' id='block_1_113' title="bbox 2153 5170 3726 5246">
    <p class='ocr_par' dir='ltr' id='par_1_113' title="bbox 2153 5170 3726 5246">
     <span class='ocr_line' id='line_1_113' title="bbox 2153 5170 3726 5246; baseline 0.004 -25"><span class='ocrx_word' id='word_1_811' title='bbox 2153 5170 2334 5223; x_wconf 88' lang='grc' dir='ltr'>πίστιν</span> <span class='ocrx_word' id='word_1_812' title='bbox 2358 5171 2415 5224; x_wconf 81' lang='grc' dir='ltr'>δὲ</span> <span class='ocrx_word' id='word_1_813' title='bbox 2458 5172 2559 5242; x_wconf 78' lang='grc' dir='ltr'>τῆς</span> <span class='ocrx_word' id='word_1_814' title='bbox 2608 5173 2667 5225; x_wconf 70' lang='grc' dir='ltr'>ὲν</span> <span class='ocrx_word' id='word_1_815' title='bbox 2701 5173 2907 5245; x_wconf 68' lang='grc' dir='ltr'>Νικαία</span> <span class='ocrx_word' id='word_1_816' title='bbox 2962 5174 3208 5242; x_wconf 77' lang='grc' dir='ltr'>συνόδου,</span> <span class='ocrx_word' id='word_1_817' title='bbox 3238 5177 3298 5230; x_wconf 78' lang='grc' dir='ltr'>ἐν</span> <span class='ocrx_word' id='word_1_818' title='bbox 3334 5178 3401 5245; x_wconf 84' lang='grc' dir='ltr'><strong>τῇ</strong></span> <span class='ocrx_word' id='word_1_819' title='bbox 3433 5178 3571 5246; x_wconf 77' lang='grc' dir='ltr'>αὐτῇ</span> <span class='ocrx_word' id='word_1_820' title='bbox 3605 5178 3726 5229; x_wconf 77' lang='grc' dir='ltr'>ἐπι-</span> 
     </span>
    </p>
   </div>
   <div class='ocr_carea' id='block_1_114' title="bbox 2153 5264 3723 5341">
    <p class='ocr_par' dir='ltr' id='par_1_114' title="bbox 2153 5264 3723 5341">
     <span class='ocr_line' id='line_1_114' title="bbox 2153 5264 3723 5341; baseline 0.006 -27"><span class='ocrx_word' id='word_1_821' title='bbox 2153 5266 2312 5334; x_wconf 82' lang='grc' dir='ltr'>στολῇ</span> <span class='ocrx_word' id='word_1_822' title='bbox 2367 5264 2532 5336; x_wconf 76' lang='grc' dir='ltr'>ὀρθὴν</span> <span class='ocrx_word' id='word_1_823' title='bbox 2594 5266 2869 5336; x_wconf 75' lang='grc' dir='ltr'>εὑρόντες,</span> <span class='ocrx_word' id='word_1_824' title='bbox 2931 5271 3180 5339; x_wconf 82' lang='grc' dir='ltr'>μεγάλας</span> <span class='ocrx_word' id='word_1_825' title='bbox 3231 5271 3309 5340; x_wconf 79' lang='grc' dir='ltr'>τῷ</span> <span class='ocrx_word' id='word_1_826' title='bbox 3341 5272 3459 5338; x_wconf 79' lang='grc' dir='ltr'><strong>Θεῷ</strong></span> <span class='ocrx_word' id='word_1_827' title='bbox 3489 5272 3723 5341; x_wconf 79' lang='grc' dir='ltr'>χάριτας</span> 
     </span>
    </p>
   </div>
   <div class='ocr_carea' id='block_1_115' title="bbox 2150 5350 3724 5433">
    <p class='ocr_par' dir='ltr' id='par_1_115' title="bbox 2150 5350 3724 5433">
     <span class='ocr_line' id='line_1_115' title="bbox 2150 5350 3724 5433; baseline 0.004 -25"><span class='ocrx_word' id='word_1_828' title='bbox 2150 5350 2553 5426; x_wconf 79' lang='grc' dir='ltr'>ἀνηνέγκαμεν.</span> <span class='ocrx_word' id='word_1_829' title='bbox 2599 5357 2771 5430; x_wconf 81' lang='grc' dir='ltr'>’Υπὲρ</span> <span class='ocrx_word' id='word_1_830' title='bbox 2798 5356 2863 5432; x_wconf 86' lang='grc' dir='ltr'>ἦς</span> <span class='ocrx_word' id='word_1_831' title='bbox 2896 5363 2957 5414; x_wconf 81' lang='grc' dir='ltr'>οὐ</span> <span class='ocrx_word' id='word_1_832' title='bbox 2992 5363 3155 5426; x_wconf 87' lang='grc' dir='ltr'>μόνον</span> <span class='ocrx_word' id='word_1_833' title='bbox 3212 5363 3561 5433; x_wconf 78' lang='grc' dir='ltr'>συμπάσχειν</span> <span class='ocrx_word' id='word_1_834' title='bbox 3593 5366 3724 5432; x_wconf 80' lang='grc' dir='ltr'>ὑμῖν</span> 
     </span>
    </p>
   </div>
   <div class='ocr_carea' id='block_1_116' title="bbox 2150 5449 3729 5526">
    <p class='ocr_par' dir='ltr' id='par_1_116' title="bbox 2150 5449 3729 5526">
     <span class='ocr_line' id='line_1_116' title="bbox 2150 5449 3729 5526; baseline 0.004 -25"><span class='ocrx_word' id='word_1_835' title='bbox 2150 5450 2248 5501; x_wconf 69' lang='grc' dir='ltr'>καὶ</span> <span class='ocrx_word' id='word_1_836' title='bbox 2278 5449 2669 5504; x_wconf 87' lang='grc' dir='ltr'>συνδιώκεσθαι</span> <span class='ocrx_word' id='word_1_837' title='bbox 2702 5453 2915 5522; x_wconf 72' lang='grc' dir='ltr'>ἕτοιμοί</span> <span class='ocrx_word' id='word_1_838' title='bbox 2966 5456 3157 5525; x_wconf 78' lang='grc' dir='ltr'>ἐσμεν,</span> <span class='ocrx_word' id='word_1_839' title='bbox 3207 5455 3325 5508; x_wconf 84' lang='grc' dir='ltr'>ἀλλ’</span> <span class='ocrx_word' id='word_1_840' title='bbox 3355 5458 3603 5526; x_wconf 81' lang='grc' dir='ltr'>ἀνάγκης</span> <span class='ocrx_word' id='word_1_841' title='bbox 3630 5474 3729 5509; x_wconf 82' lang='grc' dir='ltr'>κα-</span> 
     </span>
    </p>
   </div>
   <div class='ocr_carea' id='block_1_117' title="bbox 2149 5540 3721 5621">
    <p class='ocr_par' dir='ltr' id='par_1_117' title="bbox 2149 5540 3721 5621">
     <span class='ocr_line' id='line_1_117' title="bbox 2149 5540 3721 5621; baseline 0.004 -28"><span class='ocrx_word' id='word_1_842' title='bbox 2149 5540 2373 5611; x_wconf 78' lang='grc' dir='ltr'>λούσης,</span> <span class='ocrx_word' id='word_1_843' title='bbox 2405 5544 2500 5597; x_wconf 75' lang='grc' dir='ltr'>καὶ</span> <span class='ocrx_word' id='word_1_844' title='bbox 2536 5542 2723 5597; x_wconf 88' lang='grc' dir='ltr'>θανεῖν</span> <span class='ocrx_word' id='word_1_845' title='bbox 2762 5544 2902 5615; x_wconf 77' lang='grc' dir='ltr'>ὑπὲρ</span> <span class='ocrx_word' id='word_1_846' title='bbox 2932 5547 3025 5600; x_wconf 84' lang='grc' dir='ltr'>τοῦ</span> <span class='ocrx_word' id='word_1_847' title='bbox 3060 5549 3329 5617; x_wconf 69' lang='grc' dir='ltr'>ὀνόματος</span> <span class='ocrx_word' id='word_1_848' title='bbox 3357 5550 3451 5602; x_wconf 77' lang='grc' dir='ltr'>τοῦ</span> <span class='ocrx_word' id='word_1_849' title='bbox 3482 5549 3721 5621; x_wconf 72' lang='grc' dir='ltr'>Χριστοῦ</span> 
     </span>
    </p>
   </div>
   <div class='ocr_carea' id='block_1_118' title="bbox 2149 5631 3721 5711">
    <p class='ocr_par' dir='ltr' id='par_1_118' title="bbox 2149 5631 3721 5711">
     <span class='ocr_line' id='line_1_118' title="bbox 2149 5631 3721 5711; baseline 0.006 -26"><span class='ocrx_word' id='word_1_850' title='bbox 2149 5631 2249 5685; x_wconf 84' lang='grc' dir='ltr'>οὐκ</span> <span class='ocrx_word' id='word_1_851' title='bbox 2285 5634 2354 5686; x_wconf 84' lang='grc' dir='ltr'>ἂν</span> <span class='ocrx_word' id='word_1_852' title='bbox 2385 5637 2893 5707; x_wconf 83' lang='grc' dir='ltr'>παραιτησαίμεθα,</span> <span class='ocrx_word' id='word_1_853' title='bbox 2925 5640 3025 5693; x_wconf 72' lang='grc' dir='ltr'>κᾶν</span> <span class='ocrx_word' id='word_1_854' title='bbox 3047 5643 3248 5694; x_wconf 77' lang='grc' dir='ltr'>ὁπόσον</span> <span class='ocrx_word' id='word_1_855' title='bbox 3273 5643 3522 5704; x_wconf 79' lang='grc' dir='ltr'>ἀσθενεῖς</span> <span class='ocrx_word' id='word_1_856' title='bbox 3548 5636 3721 5711; x_wconf 80' lang='grc' dir='ltr'>ὦμεν.</span> 
     </span>
    </p>
   </div>
   <div class='ocr_carea' id='block_1_119' title="bbox 2155 5724 3722 5802">
    <p class='ocr_par' dir='ltr' id='par_1_119' title="bbox 2155 5724 3722 5802">
     <span class='ocr_line' id='line_1_119' title="bbox 2155 5724 3722 5802; baseline 0.006 -28"><span class='ocrx_word' id='word_1_857' title='bbox 2155 5724 2225 5775; x_wconf 89' lang='lat' dir='ltr'><strong>&#39;ll</strong></span> <span class='ocrx_word' id='word_1_858' title='bbox 2252 5724 2364 5793; x_wconf 80' lang='grc' dir='ltr'><strong>γάρ</strong></span> <span class='ocrx_word' id='word_1_859' title='bbox 2399 5728 2781 5799; x_wconf 76' lang='grc' dir='ltr'>προειρημένη</span> <span class='ocrx_word' id='word_1_860' title='bbox 2813 5731 2969 5798; x_wconf 82' lang='grc' dir='ltr'>ἁγία,</span> <span class='ocrx_word' id='word_1_861' title='bbox 3004 5731 3195 5801; x_wconf 83' lang='grc' dir='ltr'>ὥσπερ</span> <span class='ocrx_word' id='word_1_862' title='bbox 3234 5735 3582 5802; x_wconf 82' lang='grc' dir='ltr'>ἀνέγνωμεν,</span> <span class='ocrx_word' id='word_1_863' title='bbox 3609 5735 3640 5801; x_wconf 75' lang='grc' dir='ltr'>ἡ</span> <span class='ocrx_word' id='word_1_864' title='bbox 3666 5735 3722 5783; x_wconf 73' lang='grc' dir='ltr'>ἐν</span> 
     </span>
    </p>
   </div>
   <div class='ocr_carea' id='block_1_120' title="bbox 2149 5815 3723 5899">
    <p class='ocr_par' dir='ltr' id='par_1_120' title="bbox 2149 5815 3723 5899">
     <span class='ocr_line' id='line_1_120' title="bbox 2149 5815 3723 5899; baseline 0.009 -31"><span class='ocrx_word' id='word_1_865' title='bbox 2149 5815 2356 5887; x_wconf 72' lang='grc' dir='ltr'>Νικαία</span> <span class='ocrx_word' id='word_1_866' title='bbox 2393 5818 2609 5883; x_wconf 84' lang='grc' dir='ltr'>σύνοδος</span> <span class='ocrx_word' id='word_1_867' title='bbox 2638 5820 2862 5892; x_wconf 80' lang='grc' dir='ltr'>ὥρισεν,</span> <span class='ocrx_word' id='word_1_868' title='bbox 2893 5826 3087 5895; x_wconf 77' lang='grc' dir='ltr'>ἑτέραν</span> <span class='ocrx_word' id='word_1_869' title='bbox 3125 5828 3309 5882; x_wconf 74' lang='grc' dir='ltr'>πίστιν</span> <span class='ocrx_word' id='word_1_870' title='bbox 3358 5828 3556 5899; x_wconf 77' lang='grc' dir='ltr'>μηδενὶ</span> <span class='ocrx_word' id='word_1_871' title='bbox 3588 5827 3723 5891; x_wconf 77' lang='grc' dir='ltr'><strong>ἑξετ-</strong></span> 
     </span>
    </p>
   </div>
  </div>
