4124 6412
1405 271 1430 290 Α

391 421 501 490 353

1318 409 1416 478 DE
1457 409 1973 476 PROCESSIONE
1996 374 2366 469 sptmrus
2403 377 2696 466 SANCTI.

3523 395 3634 462 354

387 565 481 603 ναι
509 538 836 614 προφέρειν,
870 533 904 606 ἢ
939 530 1304 604 συγγράφειν,
1345 529 1378 600 ἢ
1411 526 1793 596 συντιθέναι,ἢ
1831 541 1962 594 φρο-

2075 519 2232 586 ferre,
2273 519 2359 574 vel
2391 517 2762 581 conscribere,
2798 517 2892 566 aut
2922 519 3277 580 componere,
3303 515 3637 579 autsapere,

391 641 525 702 νεῐν,
557 635 590 707 ἢ
622 632 895 687 διδάσκειν
921 625 1116 689 ἀλλωῖ,
1148 623 1283 692 μήτε
1309 639 1362 674 τι
1391 622 1449 673 ὲν
1485 623 1553 690 τῇ
1581 620 1762 671 πίστει
1795 618 1956 679 νοεῖν,

389 733 425 802 ἢ
458 728 762 800 προφέρειν
791 718 820 776 δ
847 721 960 782 τοῖς
987 717 1134 788 ὅροις
1171 713 1380 768 τούτων
1417 711 1526 767 τῶν
1575 711 1836 778 Πατέρων
1868 707 1960 762 δύ-

397 821 530 878 ναιτ’
563 823 628 874 ἀν
658 811 1076 880 ἐναντιωθῆναι.
1116 808 1177 862 '0
1207 807 1263 860 δὲ
1296 804 1512 875 τολμῶν
1552 803 1722 872 ἄλλην
1777 803 1960 856 πίστιν

297 961 306 967 .
395 910 727 972 συντιθέναι,
757 905 790 976 ἢ
817 903 1139 972 προφέρειν,
1172 899 1204 969 ἦ
1245 897 1540 960 διδάσκειν,
1596 895 1628 964 ἢ
1664 893 1960 964 παραδιδό-

389 1019 481 1057 ναι
519 1002 714 1070 ἓτερον
771 993 1045 1065 σύμϐολον
1097 991 1212 1052 τοῖς
1247 987 1605 1056 ἐπιστρέφειν
1629 983 1962 1054 ἐπιθυμοῦσι

391 1095 530 1164 πρὸς
561 1090 663 1161 τὴν
696 1089 816 1142 ὁδὸν
844 1087 944 1154 τῆς
973 1082 1236 1153 ἀληθείας
1263 1078 1321 1143 ἐξ
1349 1076 1643 1132 ὁποιασοῦν
1667 1077 1959 1146 αἱρέσεως,

391 1185 425 1254 ἢ
463 1183 521 1248 ἐξ
553 1176 918 1247 ’ἰουδαῖσμοῦ,
948 1175 982 1245 ἢ
1015 1177 1070 1240 ἐξ
1110 1169 1498 1241 Ἑλληνισμοῦ,
1539 1172 1587 1221 εί
1623 1169 1723 1238 μὲν
1743 1167 1962 1221 ἐπίσκο-

395 1293 494 1337 τ.ος
529 1274 637 1342 εἴη,
677 1271 710 1342 ἦ
742 1271 1002 1339 κληρικδς
1055 1267 1081 1318 ὁ
1113 1262 1378 1326 τοιοῦτος,
1427 1257 1831 1329 ἀλῖοτριούσθω
1865 1258 1966 1326 τῆς

396 1366 701 1434 ὲπισκοπῆς
727 1365 756 1416 ὁ
789 1364 1111 1422 ἐπίσκοπος,
1137 1357 1232 1409 καὶ
1269 1355 1297 1407 ὁ
1325 1353 1582 1424 κληρικὸς
1612 1351 1707 1408 τοῦ
1733 1351 1962 1422 κλήρου·

398 1461 446 1512 εἰ
471 1460 529 1512 δὲ
557 1455 812 1526 μοναχδς,
845 1452 878 1523 ἢ
908 1451 1096 1512 λαῖκὸς
1123 1444 1634 1515 ἀναθεματιζέσθω.

470 1551 656 1605 Ταῦτα
677 1549 772 1601 νῦν
811 1547 910 1618 μὲν
959 1543 1322 1598 ἀπολωλότων
1371 1541 1478 1593 τῶν
1509 1539 1838 1610 [Ιρακτικῶν
1866 1537 1968 1607 τῆς

399 1640 625 1711 πρώτης
667 1638 910 1702 συνόδου,
942 1637 1078 1705 ἡμῖν
1105 1635 1245 1686 εἰσιν
1280 1632 1538 1699 ἄγνωστα
1563 1645 1576 1658 ·
1631 1629 1751 1681 τότε
1781 1628 1838 1682 δὲ
1876 1645 1972 1697 με·

399 1734 622 1796 νόντων,
651 1730 950 1799 ἐγίνωσκον
973 1727 1001 1780 ὅ
1029 1741 1090 1777 τε
1123 1724 1355 1787 πάππας
1377 1723 1654 1792 Λιϐἐριος,
1675 1721 1702 1774 ὃ
1733 1736 1791 1772 τε
1814 1717 1970 1787 ἀγιος

413 1823 758 1884 Ἀθανάσιος.

2063 622 2158 666 aut
2193 611 2390 666 docere
2423 609 2606 663 aliter.
2665 605 2852 675 Neque
2901 602 3106 673 aliquid
3156 602 3212 657 in
3265 600 3372 655 ﬁde
3404 599 3636 664 sentire,

2064 703 2150 758 vel
2205 701 2472 772 proferre,
2499 698 2644 770 quod
2686 695 3098 752 definitionibus
3159 694 3359 748 horum
3415 693 3639 748 Patrtnn

2063 791 2399 848 contrarium
2432 805 2552 844 esse
2587 787 2776 859 possit.
2803 784 2906 852 Qui
2939 799 3070 838 vero
3097 781 3264 836 audet
3284 780 3445 834 aliam
3473 779 3638 833 fidem

2063 897 2412 952 componere,
2445 891 2538 935 aut
2569 879 2838 950 proferre,
2874 885 2967 932 aut
3009 878 3232 936 docere.
3273 889 3372 929 seu
3411 871 3638 927 tradere

2064 973 2210 1028 aliud
2236 971 2554 1044 Symbolum
2587 971 2655 1024 iis
2681 969 2772 1039 qui
2797 983 2864 1022 ex
2897 979 3226 1037 quacunque
3271 964 3494 1024 hzeresi.
3549 963 3638 1016 vel

2063 1065 2371 1129 Judaismo,
2405 1063 2491 1116 vel
2519 1061 2829 1132 gentilismo
2864 1057 2933 1112 ad
2976 1058 3120 1112 viam
3158 1055 3411 1111 veritatis
3457 1054 3644 1109 redire

2065 1157 2330 1226 cupiunt;
2388 1155 2432 1208 si
2481 1154 2773 1223 episcopus
2804 1149 3026 1220 quidem
3075 1149 3148 1204 sit
3199 1149 3304 1204 iste
3366 1147 3509 1205 talis.
3555 1147 3641 1200 vel

2066 1248 2304 1303 clericus
2331 1286 2346 1312 ,
2397 1245 2690 1315 episcopus
2742 1258 2872 1296 sane
2909 1242 2978 1296 ab
3031 1242 3371 1311 episcopatu,
3408 1239 3643 1292 clericus

2067 1351 2198 1392 vero
2232 1351 2262 1389 a
2285 1336 2444 1390 clero
2466 1335 2755 1388 alienetur.
2781 1332 2876 1386 Sin
2901 1341 3082 1387 autem
3104 1331 3404 1385 monachus
3438 1330 3532 1392 sit,
3551 1337 3646 1380 aut
3711 1405 3714 1408 ἠ

2070 1426 2264 1487 laicus,
2299 1425 2646 1479 anathemate
2682 1423 2932 1479 feriatur.

2143 1516 2265 1572 llaec
2287 1532 2432 1570 nunc
2452 1515 2699 1586 quidem,
2735 1529 2858 1569 eum
2887 1524 3005 1570 acta
3037 1514 3224 1585 prima!
3249 1513 3441 1583 synodi
3467 1516 3648 1583 peric-

2068 1609 2199 1676 rint,
2223 1616 2352 1663 sunt
2379 1607 2540 1662 nobis
2581 1607 2897 1674 incognita;
2949 1615 3082 1660 tunc
3129 1621 3261 1660 vero
3291 1621 3413 1660 cum
3466 1617 3672 1672 exs!;t-_

2069 1713 2214 1767 rent,
2245 1701 2615 1772 agnoscebant
2645 1713 2709 1752 ea
2744 1714 2868 1754 cum
2913 1697 3167 1754 Liberius
3191 1713 3348 1769 papa,
3381 1707 3493 1754 tum
3524 1713 3648 1750 san-

2071 1803 2194 1850 ctus
2223 1793 2578 1848 Athanasius.
3011 1774 3020 1784 ’

469 1866 758 1884 .-.η--.-ν

469 1913 656 1968 Ταῦτα
690 1913 784 1966 νῦν
808 1913 992 1975 αὐτοῖς
1021 1911 1288 1980 ῥήμασιν,
1313 1909 1481 1977 ὅμοια
1507 1907 1604 1976 τῆς
1629 1905 1818 1975 τρίτης
1847 1918 1968 1954 συν-

2142 1886 2269 1940 Ηιιιο
2319 1885 2484 1956 igitur
2513 1885 2598 1941 his
2641 1887 2777 1954 ipsis
2832 1885 3002 1942 verba
3042 1885 3241 1941 similia
3291 1895 3422 1938 sunt
3465 1881 3649 1934 verbis

405 2007 545 2073 όδου,
581 2006 679 2059 καὶ
712 2005 823 2057 τῶν
859 2004 1036 2058 ἄλλων
1068 2002 1177 2054 είσὶ
1211 2001 1444 2072 ῥήμασι.
1499 1999 1566 2052 Τί
1615 1995 1708 2051 οὖν
1735 1995 1969 2067 ἐροῦμεν

402 2099 537 2168 περὶ
564 2097 665 2166 τῆς
710 2096 756 2167 β’
807 2095 1052 2159 συνόδου,
1087 2095 1184 2146 καὶ
1217 2092 1349 2160 περὶ
1377 2089 1686 2161 Γρηγορίου
1719 2087 1812 2141 τοῦ
1840 2086 1972 2139 Θεο-

401 2189 588 2257 λόγου,
629 2189 688 2252 ὃς
721 2187 927 2256 ταύτης
955 2186 1056 2256 τῆς
1094 2185 1140 2256 β’
1169 2183 1392 2237 συνόδου
1422 2181 1650 2252 ἔξαρχος
1683 2179 1778 2243 ὢν,
1810 2177 1972 2240 αὐτὸς

402 2282 619 2349 λέγεται
646 2281 706 2333 τὸ
728 2277 1025 2348 Σύμϐολον,
1047 2270 1090 2344 ᾦ
1111 2275 1206 2328 νῦν
1236 2275 1396 2345 ἡμεῖς
1419 2271 1703 2344 χρώμεθα,
1734 2268 1970 2338 συγγρά-

399 2373 633 2442 ψασθαι,
664 2372 842 2442 τὸτῆς
883 2370 1109 2442 πρώτης
1134 2370 1192 2422 ὲν
1235 2365 1512 2429 πλείστοις
1547 2365 1922 2435 μεταποιήσας
1953 2381 1967 2429 ;

403 2465 560 2535 εἴπερ
591 2463 651 2516 τὸ
685 2461 916 2532 κώλυμα
939 2460 1097 2514 τοῦτο
1126 2459 1225 2530 τὴν
1257 2458 1466 2511 ἔννοιαν
1498 2455 1610 2526 ἔχει
1651 2453 1872 2522 ταύτην,
1904 2454 1970 2524 ἦν

403 2573 568 2624 φασιν
605 2557 652 2608 οί
687 2554 967 2625 ἡμέτεροι,
1002 2551 1140 2620 φεῦί
1174 2551 1296 2604 ἀντὶ⁵
1341 2549 1513 2617 ἁγίων
1557 2547 1652 2600 καὶ
1707 2545 1970 2616 Πατὲρων

403 2647 499 2696 καὶ
525 2641 884 2706 διδασκάλων,
911 2637 1205 2708 λυμεώνων
1249 2637 1344 2690 καὶ
1371 2635 1711 2689 ἀπατεώνων
1743 2633 1970 2688 ἀντέλα-

403 2737 497 2790 6ον
536 2735 720 2806 χώραν
752 2736 799 2787 οἱ
830 2734 928 2802 τῆς
961 2732 1004 2802 β’
1039 2731 1261 2784 συνόδου
1303 2727 1544 2798 Πατέρες
1565 2743 1578 2758 ·
1615 2725 1707 2780 καὶ
1741 2727 1769 2778 ὁ
1801 2724 1972 2796 μέγας

403 2831 464 2882 ἑν
498 2829 747 2898 θεολογίᾳ
779 2823 1283 2897 Γρηγόριος..Ἀλλ’
1325 2823 1496 2890 ἀπείη
1543 2823 1640 2875 καὶ.
1694 2822 1857 2892 μόνον
1888 2821 1974 2872 ὲν-

403 2923 594 2990 νοῆσαι
628 2919 686 2972 τὸ
719 2918 1061 2990 βλάσφημον.
1095 2916 1210 2967 Οὒκ
1239 2913 1346 2983 ἄρα
1375 2911 1586 2981 ταύτην
1624 2911 1724 2982 τὴν
1765 2911 1972 2964 ἔννοιαν

406 3015 520 3084 ἔχει
549 3011 672 3066 ιῡτε
711 3015 742 3078 ἡ
770 3017 840 3072 α’,
864 3009 988 3062 οὔτε
1013 3009 1046 3078 ἡ
1073 3008 1252 3078 τρίτη,
1289 3005 1402 3058 οὔτ’
1436 3005 1571 3075 ἀλλη
1601 3022 1682 3068 τις
1712 3005 1821 3058 τῶν
1851 3023 1975 3060 συν-

405 3105 540 3158 όδων
566 3103 1062 3174 ἀντιφθεγγομένη,
1123 3099 1254 3154 ἀλλά
1298 3098 1394 3168 τὴν
1421 3098 1672 3153 ἐναντίαν
1721 3095 1975 3169 φανερῶς

407 3200 592 3252 πίιτιν
623 3196 845 3252 κωλύει.
1899 3183 1906 3188 ’

490 3360 632 3416 Ἀλλ’
653 3361 796 3414 οὕτω
829 3361 928 3429 μὲν
977 3359 1136 3412 τοῦτο
1170 3359 1264 3411 καὶ
1299 3357 1475 3427 φωτὸς
1529 3355 1813 3427 ἀνεδείχθη
1841 3373 1976 3427 τρα-

407 3457 648 3526 νότερον,
679 3457 772 3506 καὶ
799 3451 1056 3520 καθαρῶς
1087 3450 1495 3515 ἀποδέδεικται,
1525 3449 1600 3518 μὴ
1630 3449 1977 3502 κεκωλύσθαι

407 3548 477 3600 τὰ
515 3545 690 3615 ἀληθῆ
712 3545 1026 3613 προσθεῖναι
1081 3543 1146 3611 τῇ
1199 3540 1376 3592 πίστει
1413 3543 1502 3591 καὶ
1536 3541 1614 3608 τῷ
1669 3538 1932 3607 Συμὸὁλῳ
1959 3553 1974 3568 ο

411 3638 611 3709 μᾶλλον
638 3637 692 3689 δὲ
727 3634 1115 3691 ἀναπτύσσειν.
1143 3632 1310 3685 Οὐδὲν
1347 3633 1456 3700 γὰρ
1503 3630 1762 3700 ἀληθείας
1801 3630 1977 3698 δόγμα

409 3732 580 3796 ἐστὶν,
613 3731 640 3782 ὃ
671 3735 744 3799 μὴ
795 3722 1107 3798 περιέχεται
1167 3725 1572 3796 τῷλυμδόλιμ
1607 3727 1704 3777 καὶ
1732 3727 1798 3794 τῇ
1831 3725 1976 3794 dxi-ﬁ

409 3823 708 3894 παραδόσει
738 3822 844 3874 τῶν
867 3821 1216 3873 ἀποστόλων·
1247 3817 1620 3871 ἀναπτύσσειν
1653 3816 1713 3868 δῖε
1763 3817 1856 3868 καὶ
1901 3814 1978 3883 τῷ

409 3913 672 3982 Συμϐόλῳ
699 3913 994 3964 συνάπτειν
1026 3909 1126 3962 οὐκ
1150 3910 1239 3962 ἀεὶ
1267 3909 1534 3976 δηλονότι,
1569 3907 1691 3960 οὐδὲ
1731 3906 1819 3958 τὸν
1851 3907 1978 3975 βουο

407 4005 635 4074 λόμενον
676 4005 876 4067 πάντα,
908 4002 1046 4055 ἀλλὰ
1084 4003 1329 4071 μεγάλης
1355 4003 1600 4069 ἀνάγκης
1627 3999 1976 4067 ἐπειγούσης,

407 4096 503 4148 καὶ
535 4095 629 4162 τῆς
661 4091 994 4162 Ἐκκλησίας
1033 4094 1328 4162 κρινάσης.

487 4183 729 4248 Τούτων,
765 4177 810 4235 ὧ
841 4181 1094 4253 ἄνθρωπε
1131 4181 1224 4234 τοῦ
1255 4181 1416 4246 Θεοῦ,
1477 4182 1571 4234 καὶ
1617 4181 1794 4235 ἄλλων
1825 4179 1979 4232 πλεί-
2048 4205 2059 4217 ·

412 4291 554 4328 στων
573 4275 672 4342 τῆς
691 4274 880 4342 ὁμοίας
908 4274 1132 4343 ἀγωγῆς
1173 4277 1304 4342 περ)⁸
1351 4273 1544 4326 τούτου
1582 4273 1679 4326 τοῦ
1731 4273 1979 4343 ζητήμα-

408 4383 498 4428 το,
535 4367 844 4442 είρημένων
883 4364 989 4418 ὑπὸ
1008 4365 1278 4428 Λατίνων,
1317 4367 1478 4435 ἡμεῖς
1515 4365 1612 4432 μὲν
1636 4365 1774 4435 πρὸς
1806 4363 1980 4418 ταῦτα

413 4458 582 4527 μηδὲν
617 4456 1020 4527 ἀποκρίνασθαι
1067 4456 1280 4526 ἔχοντες
1313 4455 1403 4524 (τί
1454 4457 1565 4527 γάρ
1603 4456 1668 4510 ἄν
1722 4474 1806 4520 τις
1842 4459 1982 4527 πρὸς

2074 1977 2250 2032 tertia:
2282 1977 2499 2047 synodi,
2527 1983 2580 2031 et
2613 1977 2874 2032 aliarum.
2910 1975 3050 2042 Quid
3093 1977 3260 2046 igitur
3298 1973 3546 2028 dicemus
3580 1971 3649 2022 de

2072 2068 2312 2123 secunda
2372 2069 2602 2138 synodo.
2658 2068 2836 2137 deque
2885 2067 3150 2138 Gregorio
3201 2064 3502 2130 Tlteologo‘,
3551 2061 3648 2124 qui

2072 2158 2202 2212 huic
2259 2157 2514 2212 secunda:
2568 2162 2775 2228 synodo
2819 2172 2944 2212 cum
2993 2157 3336 2227 prtesideret,
3385 2152 3646 2224 Symbole

2069 2251 2260 2320 prima:
2285 2250 2338 2304 in
2373 2250 2562 2304 multis
2593 2251 2902 2314 immutate,
2928 2249 3044 2318 ipse
3076 2248 3254 2303 fertur
3301 2247 3644 2318 Symbolum,

2073 2356 2182 2410 quo
2211 2356 2312 2395 nos
2343 2341 2504 2395 modo
2538 2341 2745 2394 utimur
2795 2339 3230 2409 conscripsisse?
3267 2338 3310 2392 si
3357 2337 3500 2391 istud
3557 2335 3645 2388 in-

2074 2431 2366 2486 terdictum
2409 2433 2550 2486 banc
2607 2432 2771 2486 habet
2802 2431 3245 2499 intelligentiam,
3283 2441 3450 2498 quam,
3481 2425 3647 2495 proti-

2075 2531 2261 2578 tentur
2285 2524 2490 2586 nostri,
2527 2523 2632 2577 heu
2661 2524 2674 2576 ί
2709 2524 2828 2576 loco
2857 2530 3171 2576 sanctorum
3208 2521 3432 2574 Patrum
3480 2527 3646 2587 atque
3741 2577 3746 2582 _

2073 2611 2382 2676 doctorum,
2433 2613 2623 2668 Patres
2674 2611 2929 2668 secundae
2951 2610 3165 2681 synodi,
3205 2619 3262 2664 et
3315 2623 3542 2678 magnus
3578 2606 3635 2660 in

2075 2703 2346 2773 theologia
2399 2699 2728 2774 Gregorius,
2784 2704 3070 2758 hominum
3139 2702 3528 2772 pestiferorum
3584 2714 3648 2754 ac

2077 2795 2548 2850 fraudulentorum
2579 2797 2760 2850 locum
2793 2795 3188 2864 ;obtinuerunt.
3236 2794 3340 2848 Sed
3395 2792 3541 2848 absit
3588 2801 3649 2846 ut

2035 2923 2050 2938 .
2076 2889 2162 2942 vel
2191 2889 2666 2958 cogitemusjstud
2719 2888 3048 2942 convicium.
3100 2886 3217 2941 Non
3255 2887 3420 2956 igitur
3470 2901 3648 2955 neque

2078 2980 2274 3050 prima,
2343 2995 2523 3049 neque
2591 2981 2771 3046 tertia,
2827 2994 3006 3049 neque
3063 2979 3169 3032 ulla
3223 2978 3324 3031 alia
3387 2978 3647 3047 synodus,

2081 3081 2339 3142 tanquam
2388 3072 2659 3125 contraria
2705 3072 2790 3124 his
2829 3071 3110 3140 loquatur,
3161 3072 3302 3124 hanc
3349 3070 3514 3124 habet
3565 3069 3650 3122 ili-

2083 3164 2461 3234 telligentiam,
2505 3162 2600 3218 sed
2633 3162 2962 3218 contrariam
2998 3161 3160 3217 ﬁdem
3209 3161 3496 3217 manifeste
3527 3176 3656 3231 pro-

2083 3257 2257 3310 hibet.

2153 3347 2353 3402 Verum
2390 3348 2440 3402 id
2472 3348 2542 3402 ita
2569 3347 2818 3417 quidem,
2871 3346 3105 3418 lueeque
3135 3346 3341 3402 clarius
3368 3353 3652 3401 ostensum

2081 3448 2165 3492 cst
2188 3455 2250 3492 ac
2281 3438 2522 3492 dilucide
2569 3439 3007 3492 demonstratum
3029 3478 3043 3502 ,
3091 3439 3226 3492 nihii
3258 3427 3480 3491 obstate
3520 3452 3658 3506 quo-

2081 3530 2264 3582 minus
2297 3545 2424 3583 vera
2457 3538 2568 3582 tum
2604 3529 2752 3592 fidei,
2795 3540 2916 3582 tum
2940 3527 3196 3596 Symbelo
3221 3527 3517 3592 addantur,
3545 3529 3658 3582 into

2081 3636 2214 3675 vero
2239 3622 2565 3690 explicetur.
2609 3621 2831 3674 Nullum
2861 3621 3008 3674 enim
3049 3619 3300 3674 veritatis
3329 3629 3414 3674 est
3441 3622 3653 3689 dogma,

2083 3714 2226 3782 quod
2261 3715 2318 3767 in
2352 3713 2612 3784 Sytnhelo
2646 3729 2708 3767 ac
2755 3713 2989 3781 simplici
3025 3713 3324 3766 traditione
3375 3712 3656 3780 apostolo-

2083 3821 2202 3860 rum
2249 3820 2357 3858 non
2407 3805 2772 3858 contineatur.
2828 3803 3164 3868 Explieauda
3216 3815 3348 3856 vero
3401 3811 3552 3864 sunt,
3601 3811 3656 3854 et
3709 3819 3714 3824 ·

2084 3909 2206 3949 cum
2267 3895 2526 3972 Symbolo
2567 3897 2941 3950 conuectenda
2983 3910 3090 3948 non
3148 3909 3364 3964 semper
3419 3893 3650 3956 scilicet,

2082 4003 2260 4056 neque
2299 4003 2327 4040 a
2369 4003 2720 4056 quocunque,
2772 3989 2867 4041 sed
2913 4001 3102 4056 magna
3139 3995 3368 4055 urgente
3414 3985 3656 4040 necessi-

2085 4089 2211 4144 tate,
2239 4087 2401 4148 atque
2441 4081 2515 4133 ita
2555 4079 2790 4132 Ecclesia
2814 4079 3116 4145 judicante.

2157 4170 2254 4225 llis
2291 4171 2524 4240 aliisque
2573 4170 2997 4239 quamplurimis
3048 4170 3296 4241 ejusdem
3329 4170 3564 4241 generis,
3619 4186 3654 4225 ο

2083 4265 2169 4318 vir
2193 4265 2310 4328 Dei,
2347 4263 2509 4318 dictis
2536 4264 2602 4318 de
2653 4263 2758 4317 hoc
2799 4263 3030 4332 quaesito
3059 4277 3089 4316 a
3121 4262 3352 4327 Latinis,
3385 4277 3485 4317 nos
3534 4264 3657 4331 qui-

2085 4358 2207 4412 dem
2266 4357 2333 4410 ad
2393 4371 2456 4412 ea
2509 4357 2645 4411 nihil
2681 4357 2826 4426 quod
2864 4355 3326 4424 responderemus
3384 4355 3654 4411 habentes

2087 4449 2239 4520 (quid
2277 4449 2424 4503 enim
2462 4449 2663 4518 aliquis
2711 4449 2779 4502 ad
2825 4457 3032 4502 tantam
3069 4447 3354 4501 veritatem
3381 4445 3494 4517 jam
3551 4447 3658 4501 im-

407 4549 676 4621 τοσαύτην
705 4551 1150 4620 ἀναισχυντήσων
1174 4549 1322 4601 εἴποι
1347 4549 1665 4618 ἀλήθειανς)
1683 4551 1974 4621 ὲσιγῶμεν·

2084 4539 2384 4628 prudenter
2419 4540 2627 4596 diceret
2648 4541 2719 4610 i),
2751 4540 3192 4604 conticebantus;
3245 4537 3324 4593 illi
3383 4555 3513 4595 vero
3535 4542 3656 4595 'hoc

409 4646 606 4696 ἐκεῖνοι
637 4643 694 4696 δὲ
740 4643 1038 4711 δεδειχότες
1082 4643 1158 4705 ὡς
1189 4641 1402 4713 τάληθῆ
1440 4647 1658 4714 φρονεῖν
1686 4645 1746 4696 οὐ
1774 4644 1981 4698 κωλύε-

407 4750 521 4797 ται,
554 4732 678 4786 οῠτε
705 4733 784 4804 τῷ
807 4733 1070 4804 Συμϐόλῳ
1099 4733 1440 4804 προσθεῖναι,
1467 4734 1774 4798 ἀκολούθως
1803 4739 1980 4805 ἐπηγ-

405 4824 657 4890 γέλλοντο
679 4824 873 4888 δεῖξαι,
907 4823 983 4885 ὡς
1023 4824 1118 4875 καὶ
1147 4825 1349 4898 ἀληθές
1379 4826 1549 4889 ἐστιν,
1583 4825 1611 4877 ὃ
1643 4827 1701 4878 ἐν
1733 4827 1810 4896 τῷ
1833 4827 1980 4896 Συμ-

408 4918 548 4986 6όλῳ
579 4916 939 4986 προσέθεσαν,
990 4917 1237 4986 δηλονότι
1263 4919 1326 4968 τὸ
1365 4919 1420 4970 τὸ
1480 4919 1706 4986 Πνεῦμα
1737 4919 1794 4971 τὺ
1826 4921 1980 4986 ἅγιον

407 5009 473 5061 ἐκ
509 5007 719 5077 [ἰατρὸς
767 5009 862 5060 καὶ
893 4993 1024 5060 Υίοῦ
1057 5006 1460 5078 ἐκπορεύεσθαι
1485 5022 1500 5038 ’
1563 5012 1658 5061 καὶ
1694 5010 1844 5078 ἡμᾶς
1899 5011 1980 5073 είς

409 5102 501 5152 τὸν
531 5099 718 5167 ἀγῶνα
763 5099 1188 5168 προεκαλοῦντο.
1244 5101 1308 5152 Οἱ
1338 5099 1382 5152 δ’
1405 5102 1688 5168 ἡμέτεροι,
1715 5103 1772 5151 ὲν
1803 5102 1980 5170 τούτῳ

408 5191 735 5261 ἡττηθέντες
767 5207 828 5243 τε
887 5190 983 5242 καὶ
1012 5192 1342 5259 τραπέντες,
1391 5191 1640 5244 ἑδειλίων
1667 5193 1760 5244 τὸν
1794 5191 1983 5244 δεύτε-

409 5299 500 5354 ρον
523 5283 790 5335 εἰσελθεῖν
822 5282 1045 5352 ἀγῶνας
1079 5283 1175 5335 καὶ
1197 5281 1436 5352 ἔπασχον
1455 5283 1482 5335 ὃ
1511 5282 1622 5352 ὲγὼ
1653 5284 1775 5336 κατ’
1805 5285 1980 5354 ἀρχὰς

406 5377 618 5443 ἔλεγον,
649 5374 880 5428 κωλύων
909 5374 1016 5427 ἀπὸ
1067 5374 1258 5426 τούτου
1309 5374 1404 5426 τοῦ
1451 5373 1767 5444 ζητήματος
1816 5375 1980 5444 ἀρξα-

409 5473 554 5523 συαι.
615 5468 898 5535 Ἧγωνίων
957 5483 1016 5520 τε
1073 5466 1254 5518 τοίνυν
1289 5467 1386 5519 καὶ
1413 5465 1669 5535 ἔτρεμον,
1718 5469 1813 5520 καὶ
1841 5469 1980 5528 ὅλως

403 5562 510 5613 οὐκ
535 5561 728 5631 ἤθελον
751 5561 844 5610 ὲπὶ
874 5558 1037 5610 πλέον
1065 5560 1418 5628 προσμεῖναι,
1451 5558 1568 5609 ἀλλ’
1597 5559 1767 5609 ἐϐόων
1799 5560 1979 5610 ᾶπαν-

404 5669 498 5714 τες
530 5651 818 5719 διαστῆναι
869 5650 980 5701 δεῖν
1012 5649 1124 5700 τῶν
1158 5648 1406 5701 Λατίνων
1442 5649 1536 5700 καὶ
1587 5649 1720 5717 πρὸς
1746 5648 1842 5719 τὴν
1875 5667 1980 5702 πα-

405 5744 564 5815 τρίδα
609 5739 1043 5809 ὲπαναστρέψαι.
1099 5740 1209 5793 Καὶ
1237 5740 1335 5808 τὴν
1385 5741 1570 5793 αἰτίαν
1610 5741 1976 5809 ἐρωτώμενοι,

405 5835 703 5891 ἀποδοῦναι
727 5833 829 5886 οὐκ
861 5829 1024 5903 εἶχον.
1059 5833 1122 5885 Τί
1155 5830 1248 5885 οὖν
1279 5835 1391 5893 τοῖς
1427 5835 1678 5898 Λατίνοις
1708 5835 1974 5906 apo-pr;

763 5930 1038 5991 PATROL.
1073 5930 1188 5990 Gn.
1241 5930 1453 5993 CLXI.

2082 4633 2333 4702 probato,
2365 4633 2512 4702 quod
2553 4632 2817 4686 nimirum
2860 4646 2991 4686 vera
3039 4646 3261 4702 sapere,
3295 4647 3470 4703 eaque
3495 4632 3660 4704 Sym-

2083 4724 2212 4780 bolo
2248 4726 2450 4779 addere
2475 4725 2701 4780 minime
2723 4726 3488 4796 prohibemur:consequens
3522 4727 3657 4780 illud

2083 4821 2138 4872 et
2168 4819 2425 4885 alterum,
2450 4819 2594 4888 quod
2645 4819 2710 4872 ad
2751 4817 3070 4888 Symbolum
3101 4819 3464 4882 addidissent,
3496 4819 3658 4890 polli-

2081 4909 2175 4963 citi
2207 4919 2355 4974 sunt,
2396 4911 2538 4964 velle
2571 4925 2629 4964 sc
2659 4909 2951 4964 ostendere
2997 4925 3188 4964 verum
3223 4926 3363 4976 esse,
3391 4913 3654 4966 nimirum

2084 4998 2348 5068 Spiritum
2402 5009 2654 5053 sanetum
2692 5015 2760 5054 ex
2813 5000 2974 5054 Patre
3021 4997 3275 5070 Filioque.
3329 5002 3657 5071 procedere,

2082 5105 2295 5160 nosque
2349 5093 2414 5143 ad
2451 5104 2732 5146 certamen
2767 5089 3159 5160 provocabant.
3194 5089 3378 5145 Nostri
3443 5103 3652 5156 autem,

2083 5196 2208 5236 cum
2245 5184 2302 5235 in
2343 5182 2446 5236 hoe
2481 5183 2610 5236 victi
2653 5192 2710 5236 et
2743 5183 2911 5251 fugati
2963 5182 3220 5248 fuissent,
3255 5183 3522 5239 timebant
3569 5199 3658 5237 se-

2084 5275 2320 5329 cundum
2354 5275 2538 5328 subire
2571 5285 2844 5328 certamen
2870 5289 2886 5340 ;
2915 5286 2970 5330 et
2999 5277 3214 5340 accidit,
3241 5277 3387 5345 quod
3413 5291 3514 5344 ego
3551 5275 3658 5328 illis

2083 5383 2114 5421 a
2174 5367 2444 5437 principio
2477 5368 2748 5432 dicebam,
2798 5383 2924 5422 eum
2979 5383 3074 5423 eos
3127 5379 3368 5423 vetarem
3431 5373 3501 5420 ab
3555 5373 3660 5421 hac

2083 5463 2386 5528 quaestione
2421 5461 2751 5530 principium
2806 5475 3044 5514 sumere.
3105 5460 3274 5529 Igitur
3304 5460 3472 5513 animi
3507 5459 3661 5511 sotli-

2083 5551 2328 5605 citudine
2368 5551 2448 5604 vel
2485 5553 2718 5605 maxime
2753 5551 3110 5620 urgebantur,
3145 5565 3210 5605 ac
3243 5549 3576 5614 tremebant,
3607 5559 3661 5604 et

2083 5645 2311 5698 omnino
2369 5645 2628 5704 nolebant
2664 5645 2897 5712 amplius
2931 5659 3174 5710 manere,
3205 5645 3298 5697 sed
3345 5642 3662 5697 clamabant

2083 5755 2272 5793 Otltltea'
2309 5746 2558 5806 eportcre
2609 5751 2638 5789 τι
2697 5735 2905 5788 Latinis
2952 5737 3161 5805 sejungi
3189 5776 3203 5804 ,
3237 5744 3295 5790 et
3329 5736 3382 5789 in
3427 5737 3657 5802 patriam

2085 5834 2323 5898 reverti;
2359 5831 2626 5886 rationem
2671 5843 2803 5883 vero
2847 5831 3240 5898 quaerentibus,
3280 5829 3515 5884 reddere
3545 5843 3660 5886 non

3286 5921 3357 5988 12
