4124 6434
479 365 593 428 355

1446 359 1954 423 BESSARIONIS
2015 361 2076 421 S.
2112 362 2181 425 R.
2225 359 2290 425 E.
2335 359 2802 422 CARDINALIS

3651 367 3758 456 ass

491 489 769 553 poterant.
791 477 933 546 Quid
968 491 1098 549 ergo
1149 475 1357 532 Latinis
1387 474 1681 532 dicemus?
1710 493 1814 547 qua
1836 478 1984 548 justa
2009 486 2067 531 et

2185 480 2316 551 ῗΙοίῳ
2345 478 2490 549 λόγῳ
2526 479 2735 549 εὐλόγῳ
2785 478 2844 532 ἐν
2876 476 3030 549 μέσῳ
3059 478 3156 532 τοῦ
3201 479 3437 551 ἀγῶνος,
3466 483 3669 553 μᾶλλον
3697 470 3757 540 δ’ξ

492 578 725 626 .tonesta
759 583 923 624 causa
952 575 1007 623 et
1044 566 1255 622 ratione
1286 565 1341 620 in
1374 564 1556 621 medio
1582 566 1922 632 certaminis,
1955 566 2066 620 imo

493 678 624 717 vero
649 675 827 731 neque
865 660 1046 715 adhuc
1077 658 1133 714 in
1169 656 1443 730 principio
1494 657 1781 712 constituti
1817 657 2069 726 (quaestio

493 753 641 808 enim
666 750 734 806 de
757 765 867 804 non
911 748 1165 803 addendo
1200 747 1340 803 nihil
1376 746 1443 801 ad
1482 746 1646 816 rem),
1698 762 1805 816 qua
1836 747 2069 813 ratione,

492 847 739 914 inquam,
766 857 890 897 cum
918 841 1163 896 nondum
1197 840 1549 911 coeperimus,
1598 839 1943 894 redihimus?
1977 839 2071 893 Di-

494 951 621 989 rere
670 949 778 988 non
835 942 1124 1004 poterant,
1167 932 1263 988 sed
1314 941 1520 986 temere
1565 945 1630 985 ac
1660 931 1811 984 nulla
1854 929 2069 984 ratione

494 1027 845 1080 clamabant:
906 1025 1218 1079 Redeamus
1249 1024 1305 1077 in
1359 1023 1617 1092 patriam.
1672 1021 1909 1076 Aiebant
1942 1035 2074 1074 vero

494 1128 547 1173 et
598 1118 740 1171 inter
780 1132 859 1181 se,
906 1113 1372 1185 quemadmodum
1425 1114 1493 1167 ad
1550 1121 1765 1167 nostras
1820 1112 2075 1181 pervenit

496 1223 680 1270 aures,
706 1207 933 1261 Latinos
973 1220 1132 1275 posse
1168 1205 1463 1260 05tcndere
1519 1205 1820 1258 multorum
1862 1211 2076 1257 sancto-

499 1314 618 1350 rum
676 1296 969 1350 doctorum
1009 1296 1314 1366 permultas
1368 1296 1694 1359 sententias,
1749 1296 1953 1365 quibus
2004 1294 2072 1348 ad

499 1388 729 1441 verbum
763 1387 967 1441 dicitur
997 1387 1235 1457 Spiritus
1268 1397 1490 1443 sanctus
1521 1403 1587 1442 ex
1628 1388 1790 1442 Patre
1822 1387 2075 1456 Filioque

499 1480 823 1549 procedere.
868 1477 1005 1544 Quid
1038 1479 1209 1549 igitur
1248 1479 1315 1533 ad
1368 1480 1483 1533 hzec
1513 1478 1790 1549 quispiam
1842 1494 2077 1548 respon-

499 1575 695 1629 debit?
747 1589 1091 1644 separemur,
1157 1574 1534 1643 sejungatuur,
1564 1572 1845 1628 abeamus.
1903 1570 2078 1626 Audis

498 1666 782 1720 doctorum
847 1674 902 1721 et
950 1667 1172 1721 Patrum
1227 1665 1601 1719 sententiam?
1645 1664 1936 1730 Quoniam,
1990 1663 2077 1716 in-

499 1757 718 1827 quiunt,
755 1757 1054 1812 multorum
1113 1759 1403 1811 doctorum
1459 1754 1603 1809 dicta
1656 1764 1885 1825 possunt
1919 1752 2079 1807 nobis

2172 570 2285 622 οὐδ’
2318 569 2376 621 ἐν
2406 571 2550 640 ἀρχῇ
2589 570 2670 621 ἐτι
2706 567 2806 638 (τὸ
2838 570 2950 639 γὰρ
2980 572 3113 641 περὶ
3139 570 3235 624 τοῦ
3270 573 3346 642 μὴ
3370 573 3483 628 δεῖν
3508 576 3761 645 προσθεῖ.

2172 677 2261 714 ναι
2293 660 2447 713 οὐδὲν
2491 660 2627 730 πρὸς
2676 662 2737 712 τὸ
2785 660 3081 731 πρᾶγμα),
3108 662 3218 717 τίνι
3256 662 3352 717 οὖν
3394 662 3538 734 λόγῳ
3587 667 3760 735 μήπω

2174 751 2407 820 ἠρμένοι
2447 750 2909 821 ὑποστρέψωμεν,
2936 753 3122 808 εἰπεῖν
3155 752 3259 808 οὐκ
3291 748 3464 823 εἶχον,
3493 755 3611 808 ἀλλ’
3631 758 3763 810 ἀλό-

2175 860 2286 909 γως
2317 843 2508 907 ἐϐόων,
2542 844 2970 913 Ἐπανέλθωμεν
2999 846 3081 909 είς
3103 845 3204 917 τὴν
3232 849 3495 919 πατρίδα.
3528 851 3761 918 Ἔλεγον

2174 932 2232 985 δὲ
2264 934 2357 985 καὶ
2412 934 2548 1002 πρὸς
2578 932 2827 998 ἑαυτοὺς,
2858 933 2934 996 ὡς
2958 934 3040 996 είς
3083 934 3369 1006 ἡμετέρας
3397 936 3569 999 ἀκοὰς
3601 934 3766 1007 ἦλθε,

2174 1022 2299 1085 τοὺς
2329 1021 2590 1085 Λατίνους
2649 1022 2795 1091 ἔχειν
2836 1021 3116 1076 δεικνύναι
3168 1023 3445 1077 πλείστων
3503 1024 3765 1079 διδασκά-

2176 1111 2283 1165 λων
2326 1112 2501 1180 ἁγίων
2533 1113 2764 1165 πλεῖστα
2795 1113 2957 1183 ῥητὰ,
2994 1113 3062 1166 δι’
3108 1105 3191 1167 ὧν
3219 1114 3401 1184 ῥητῶς
3452 1113 3671 1182 λέγεται
3704 1115 3766 1166 τὸ

2178 1204 2406 1274 Πνεῦμα
2431 1203 2490 1257 τὸ
2511 1203 2669 1271 ἅγιον
2699 1204 2763 1256 ὲκ
2796 1204 3013 1275 Πατρὸς
3041 1206 3139 1259 καὶ
3158 1204 3291 1259 Υίοῦ
3320 1206 3756 1276 ἐκπορεύεσθαι.

2178 1296 2244 1350 Τί
2265 1295 2373 1349 σοῦν
2411 1312 2497 1357 τις
2538 1296 2676 1365 πρὸς
2721 1294 2899 1348 ταῦτα
2947 1296 3375 1366 ἀποκρινεῖται;
3423 1295 3765 1364 διαστῶμεν,

2177 1385 2612 1456 διαζευχθῶμεν,
2678 1373 3035 1455 ἀπέλθωμεν.
3102 1386 3355 1450 ’Λκούεις
3409 1386 3759 1440 διδαοκά).ων

2179 1475 2276 1528 καὶ
2308 1474 2569 1547 Πατέρων
2592 1474 2913 1545 antiquati);
2964 1475 3137 1540 Διότι,
3173 1476 3364 1545 φασιν,
3413 1475 3601 1547 ἔχουσι
3629 1476 3763 1528 πολ-

2178 1565 2288 1619 λῶν
2322 1566 2661 1621 διδασκάλων
2688 1566 2828 1638 ῥητὰ
2862 1567 3057 1634 δεῖξαι,
3092 1566 3228 1639 πρὸς
3257 1566 3293 1622 ἃ
3325 1569 3490 1638 ἡμεῖς
3519 1568 3761 1636 ἀποκρι-

2180 1657 2395 1713 νεῖσθαι
2430 1659 2530 1711 οὺκ
2559 1657 2780 1729 ἔχομεν,
2819 1658 3187 1729 διαιρεθῶμεν
3239 1659 3512 1713 Λατίνων.
3570 1658 3764 1726 Ὅμως

2185 1750 2339 1820 μόλις
2374 1749 2505 1803 ποτὲ
2527 1750 2838 1813 συνιδόντες
2867 1752 2927 1803 τ’)
2957 1736 3059 1820 τῆς
3087 1750 3268 1804 αὐτῶν
3300 1752 3528 1821 γνώμης
3557 1750 3763 1805 ἄτοπον

500 1848 817 1914 ostendere,
853 1847 919 1902 ad
957 1863 1081 1917 quae
1107 1847 1241 1901 nihil
1270 1840 1571 1917 possumus
1600 1846 1954 1916 respondere,
1987 1844 2074 1897 di-

2185 1842 2276 1910 καὶ
2307 1842 2411 1895 ὑπὸ
2434 1841 2531 1895 τοῦ
2564 1842 2828 1913 κραταιοῦ
2875 1841 3150 1912 βασιλέως
3213 1841 3453 1910 εὐλόγως
3507 1841 3764 1894 πεισθέν-

500 1940 751 1993 vidamus
784 1954 886 1994 nos
930 1955 958 1993 a
990 1938 1219 1993 Latinis.
1259 1938 1361 1993 Vix
1405 1946 1585 1992 tamen
1619 1935 1915 2007 aliquando
1945 1950 2073 1991 cum

2180 1951 2298 2002 τες,
2330 1934 2550 2004 ὑφῆκαν
2580 1933 2681 2003 τῆς
2703 1933 2903 2003 ἀλόγου
2927 1935 3144 2004 ἐκείνης
3176 1933 3475 1999 ἐντάσεως.

503 2031 916 2103 perspexissent
976 2032 1117 2087 hanc
1172 2030 1258 2085 sui
1338 2029 1555 2084 consilii
1609 2029 2002 2094 temeritatem,
2062 2033 2119 2082 et
2192 2026 2479 2083 fortissimi
2537 2026 2713 2082 nostri
2770 2025 3118 2098 imperatoris
3172 2025 3398 2083 inductu
3444 2035 3501 2083 et
3551 2027 3764 2083 ratione

507 2139 829 2197 persuasum
855 2124 964 2178 illis
984 2132 1148 2188 esset,
1179 2126 1248 2176 ab
1278 2122 1371 2177 illo
1401 2121 1643 2177 absurdo
1696 2122 1938 2192 incoepta
1990 2128 2308 2192 conatuque
2334 2120 2694 2177 destiterunt.

577 2218 803 2273 Interim
864 2232 998 2272 vero
1034 2231 1122 2271 res
1166 2216 1295 2286 ipsw
1328 2215 1727 2285 profectionem
1772 2214 2081 2269 beatissimi

504 2326 657 2381 papce
694 2309 943 2364 Ferraria
974 2309 1306 2364 Florentiam
1362 2320 1624 2362 urserunt
1647 2308 1748 2377 (l),
1780 2308 2083 2376 eodemque

505 2400 699 2470 synodi
732 2398 1235 2467 transpositionem.
1273 2397 1423 2451 Abiit
1450 2412 1583 2468 ergo
1625 2397 1713 2451 ille
1741 2435 1755 2459 ,
1792 2396 1953 2450 simul
1984 2409 2083 2449 nos

491 2505 726 2559 .qnoque
747 2490 1004 2543 abiimus.
1021 2487 1398 2558 Omnibusque
1423 2487 1899 2555 rebus_Florentiae
1926 2500 2083 2555 para-

510 2584 599 2648 tis,
616 2581 734 2636 dies
755 2580 1114 2651 disputationi
1142 2579 1368 2645 dicitur,
1393 2595 1500 2649 qua
1520 2579 1764 2648 incipere
1783 2588 2081 2646 opuserat,

510 2689 565 2733 ct
610 2678 905 2733 constituta
948 2676 1067 2730 dies
1099 2674 1295 2731 adfuit.
1327 2674 1541 2729 Rursus
1585 2673 1753 2743 igitur
1785 2687 1885 2727 nos
1914 2670 2085 2740 coepi-

510 2786 633 2826 mus
658 2784 940 2825 accusare.
973 2766 1443 2835 Quemadmodum
1494 2766 1641 2821 enim
1677 2766 1732 2820 in
1780 2763 2082 2835 quaestione

509 2860 578 2916 de
611 2876 718 2915 non
749 2859 1001 2917 addendo
1031 2873 1134 2913 nos
1156 2872 1449 2930 personam
1480 2857 1818 2913 accusatoris
1845 2855 2080 2926 gereba-

510 2965 666 3013 mus;
718 2950 899 3005 Latini
948 2964 1076 3004 vero
1108 2949 1187 3004 sic
1217 2947 1287 3003 ad
1315 2948 1529 3019 objecta
1566 2945 1991 3016 responderunt,
2020 2951 2083 2999 ut

510 3044 745 3112 amplius
768 3041 954 3097 dicere
986 3039 1287 3111 quidquam
1322 3037 1547 3092 minime
1590 3036 1975 3107 potuerimus;
2003 3034 2080 3089 ita

510 3137 675 3193 etiam
713 3136 769 3191 in
801 3135 908 3191 hoc
941 3134 1196 3205 dogmate
1237 3146 1337 3187 nos
1371 3130 1593 3201 quidem
1625 3130 1825 3200 utpote’
1845 3127 1939 3199 qui
1993 3142 2083 3183 ac-

2261 2215 2355 2270 Ἐν
2393 2216 2637 2287 τοσούτῳ
2664 2216 2723 2270 δέ
2757 2216 2854 2270 καὶ
2893 2218 2960 2271 τά
2987 2218 3292 2290 πράγματα
3318 2220 3637 2291 ἠνάγκασαν
3667 2222 3765 2291 τὴν

2185 2310 2250 2362 ἐκ
2280 2308 2592 2381 Φερῤαρίας
2627 2311 2684 2373 ἐς
2714 2308 3060 2379 Φλωρεντίαν
3109 2310 3427 2381 ἀποδημίαν
3465 2313 3561 2366 τοῦ
3589 2331 3763 2383 μακα-

2179 2401 2453 2472 ριωτάτου
2496 2401 2723 2468 πάππα,
2754 2401 2847 2456 καὶ¹
2868 2402 2967 2473 τὴν
2997 2403 3177 2456 ἐκεῖσε
3220 2407 3319 2474 τῆς
3354 2405 3576 2458 συνόδου
3605 2408 3764 2476 μετα-

2184 2493 2356 2549 θεσιν.
2404 2493 2679 2564 Ἀπῆλθεν
2741 2493 2836 2550 οὖν
2890 2496 3118 2561 ἐκεῖνος,
3182 2498 3609 2568 συναπὴλθομεν
3666 2506 3767 2556 καὶ

2182 2585 2369 2654 ἡμεῖς.
2398 2586 2508 2639 Καὶ
2539 2585 2760 2639 πάντων
2783 2587 3094 2657 γενομένων
3125 2588 3183 2641 ἐν
3216 2588 3553 2661 Φλωρενξίᾳ,
3596 2594 3761 2645 κεκύ-

2187 2692 2357 2743 ρωται
2406 2677 2621 2747 ἡμέρα,
2656 2677 2778 2731 καθ’
2814 2677 2880 2748 ἣν
2931 2678 3200 2747 ἄρξασθαι
3250 2679 3382 2745 ἔδει,
3414 2684 3507 2736 καὶ
3535 2684 3566 2753 ἡ
3595 2687 3767 2753 κυρία

2180 2766 2414 2832 ἐπέστη.
2440 2768 2613 2821 Πάλιν
2637 2765 2731 2820 οὖν
2748 2768 2911 2838 ἡμεῖς
2932 2767 3188 2836 ἐγκαλεῖν
3207 2769 3516 2841 ἠρξάμεθα.
3545 2773 3767 2847 Ὠσπερ

2183 2857 2291 2929 γὰρ
2322 2858 2381 2911 ἐν
2410 2859 2486 2929 τῷ
2512 2860 2642 2930 περὶ
2673 2859 2768 2914 τοῦ
2822 2860 2902 2931 μὴ
2935 2861 3048 2915 δεῖν
3103 2864 3426 2934 προσθεῖναι
3489 2865 3771 2937 ζητήματι

2183 2949 2344 3020 ἡμεῖς
2374 2952 2799 3022 ἐνεκαλέσαμεν,
2844 2955 3072 3007 Λατῖνοι
3104 2954 3161 3006 δέ
3200 2955 3625 3029 άπελογὴθησαν
3666 2959 3772 3013 οὗ·

2182 3060 2316 3108 τως,
2346 3044 2419 3107 ὡς
2447 3045 2522 3114 μὴ
2543 3044 2844 3116 δυνηθῆναι
2873 3047 3019 3116 ἡμᾶς
3041 3046 3121 3100 ἔτι
3154 3047 3524 3119 ἀποκριθῆναι
3547 3066 3561 3081 ο
3588 3050 3771 3114 οὕτως

2190 3136 2285 3190 καὶ
2315 3137 2375 3189 ἐν
2409 3135 2486 3206 τῷ
2521 3135 2757 3205 δόγματι
2782 3136 2944 3207 ἡμεῖς
2984 3138 3084 3207 μὲν
3115 3137 3188 3200 ὡς
3220 3138 3579 3207 ἐγκαλοῦντες
3605 3158 3773 3209 προε-

509 3227 862 3292 cusabainus,
912 3224 967 3279 in
1018 3224 1249 3279 dubium
1299 3221 1819 3288 revocavimus;illi
1867 3236 1996 3275 vero
2027 3219 2080 3273 in

2186 3199 2685 3294 teivapev,éxei\t0t
2712 3225 2767 3278 δὲ
2795 3199 3184 3293 άπελογοῦντο,
3210 3199 3281 3279 τά
3302 3199 3579 3296 δευτερεῖα
3607 3199 3773 3298 ἡμῶν

510 3320 745 3376 dicendo
777 3318 1049 3375 secundas
1082 3325 1266 3389 partes
1289 3299 1626 3379 obtinentes,
1657 3313 2082 3384 respondebant.

504 3414 569 3467 in
622 3411 880 3467 omnibus
930 3408 1080 3463 enim
1139 3407 1207 3462 ad
1258 3404 1509 3461 nostrum
1558 3404 1849 3459 arbitrium
1902 3403 2085 3459 libidi—

511 3518 745 3573 nemque
768 3516 999 3557 causam
1033 3498 1483 3570 disponebamus.

582 3595 768 3664 Itaque
789 3593 850 3647 .in
874 3592 1233 3662 quaestionem
1259 3588 1590 3643 adduximus
1615 3602 1717 3643 nos
1742 3586 2082 3657 incipientes

511 3687 580 3743 ab
612 3687 745 3756 ipsis
788 3668 1070 3754 apostolis,
1104 3692 1161 3737 et
1206 3682 1463 3737 omnibus
1495 3681 1669 3736 sacris
1714 3679 1995 3745 conciliis,
2028 3688 2086 3734 et

512 3794 704 3834 eorum
723 3776 907 3842 dictis,
925 3784 981 3828 et
997 3785 1266 3845 praeterea
1284 3772 1529 3827 omnium
1561 3779 1873 3826 sanctorum
1895 3771 2083 3825 Orien-

516 3872 706 3925 talium
771 3869 854 3922 usi
910 3882 1103 3923 sumus
1165 3865 1367 3936 quibus
1420 3863 1753 3929 ostenditur,
1817 3862 2083 3933 Spiritum

512 3972 759 4016 sanctum
786 3975 893 4014 non
917 3960 1138 4030 quidem
1162 3974 1191 4012 a
1216 3956 1354 4011 Filio
1378 3972 1483 4010 non
1511 3955 1844 4026 procedere;
1872 3953 2085 4029 nullum

511 4056 657 4109 enim
678 4052 949 4124 ejusmodi
968 4051 1171 4105 dictum
1189 4048 1475 4113 habemus,
1496 4054 1555 4101 ut
1571 4046 1775 4116 optime
1792 4056 1848 4099 tu
1868 4058 2086 4115 quoque

514 4149 680 4210 nosti,
706 4154 934 4214 excepta
957 4141 1230 4217 seplcntia
1258 4138 1576 4195 Damasceni
1604 4138 1700 4209 (2),
1733 4152 1852 4208 quae
1880 4136 2043 4191 habet
2066 4151 2081 4189 :

512 4238 777 4308 Spiritum
828 4235 950 4289 Filii
987 4235 1246 4295 dicimus.
1282 4247 1350 4287 ex
1380 4231 1518 4285 Filio
1555 4240 1739 4284 autem
1772 4244 1881 4284 non
1943 4228 2084 4283 dici-

512 4346 654 4386 mus.
685 4328 821 4383 Aliis
850 4342 983 4383 vero
1014 4326 1270 4380 erunibus
1304 4322 1464 4377 dictis
1495 4321 1600 4376 hoc
1632 4328 1844 4374 tantum
1891 4327 2083 4374 osten-

513 4421 683 4484 ditur,
727 4416 992 4485 Spiritum
1020 4424 1270 4470 sanctum
1308 4428 1376 4468 ex
1410 4412 1571 4465 Patre
1615 4409 1938 4479 procedere,
1978 4423 2087 4463 non

514 4526 697 4569 autem
723 4526 787 4565 ex
817 4509 955 4565 Filio
985 4524 1094 4563 non
1125 4506 1451 4578 procedere.
1489 4504 1583 4558 llis
1616 4502 1802 4572 itaque
1855 4501 2087 4572 prolatis
2120 4538 2165 4594 Β

514 4604 843 4676 putabamus
889 4614 989 4655 nos
1018 4608 1362 4663 ostensuros,
1408 4595 1601 4650 falsum
1646 4609 1767 4650 esse
1818 4593 2088 4664 Spiritum

408 4683 423 4691 ’
517 4706 769 4752 sanctum
797 4708 863 4748 ex
895 4692 1032 4747 Filio
1062 4690 1384 4760 procedere.

590 4768 768 4842 Latini
786 4798 916 4839 vero
936 4782 1004 4838 ad
1027 4784 1143 4836 hinc
1161 4782 1344 4835 omnia
1380 4781 1523 4836 dicta
1549 4789 1893 4847 sanctorum,
1919 4796 2089 4834 unum

518 4890 573 4934 et
602 4877 732 4933 illud
762 4888 1052 4931 commune
1085 4873 1357 4927 dederunt
1385 4888 1727 4942 responsum,
1764 4873 1948 4926 omnia
1969 4888 2091 4927 esse

518 4984 668 5032 vera,
694 4966 908 5035 sibique
944 4964 1049 5017 hoc
1081 4962 1226 5015 idem
1271 4962 1466 5026 videri,
1506 4962 1551 5014 si
1606 4959 1829 5030 quidem
1857 4964 2091 5015 credunt

518 5073 573 5119 et
604 5062 705 5131 ipsi
741 5060 1006 5129 Spiritum
1036 5065 1286 5111 sanctum
1334 5071 1401 5109 ex
1442 5055 1601 5109 Patre
1640 5056 1939 5126 procedere
1973 5074 1986 5123 ;
2038 5056 2088 5109 id

520 5168 701 5208 tamen
732 5168 839 5205 non
867 5165 988 5204 esse
1017 5148 1352 5202 contrarium
1384 5161 1484 5201 suo
1518 5148 1779 5215 dogmati.
1810 5148 1922 5202 lloc
1944 5149 2089 5202 enim

516 5246 662 5317 quod
698 5252 875 5299 estex
929 5242 1087 5296 Patre
1118 5239 1437 5308 procedere,
1483 5253 1663 5308 neque
1716 5241 2091 5294 contradicto—

516 5341 683 5401 rium,
745 5348 924 5405 neque
966 5331 1303 5387 contrarium
1348 5341 1431 5385 est
1472 5330 1653 5394 alteri,
1705 5333 1848 5400 quod
1895 5343 1979 5386 est
2024 5347 2092 5385 ex

518 5431 653 5485 Filio
684 5427 998 5500 procedere.
1028 5424 1081 5477 Si
1108 5424 1252 5477 enim
1282 5422 1474 5476 horum
1511 5423 1742 5475 alterum
1771 5434 1937 5486 esset,
1961 5434 2093 5477 tunc

520 5534 631 5575 uno
675 5521 960 5584 allirmato,
1012 5517 1247 5570 alterum
1300 5513 1414 5566 tolli
1450 5527 1674 5566 necesse
1729 5524 1898 5569 esset.
1934 5513 2093 5569 Nunc

518 5630 650 5669 vero
690 5615 825 5668 nihil
854 5614 1054 5675 obstat,
1088 5605 1380 5678 quominus
1427 5616 1481 5658 et
1535 5605 1688 5670 illud,
1713 5606 1857 5674 quod
1892 5618 1975 5660 est
2026 5622 2093 5661 ex

591 5731 666 5800 (l)
700 5730 874 5785 Pestis
913 5733 1150 5800 cmperat

521 5791 758 5855 lata'cst
810 5791 1069 5872 synodus.
1111 5791 1243 5850 Vide
1278 5792 1447 5847 Cone.
1502 5791 1647 5845 Flor.
1682 5808 1819 5847 sess.
1882 5791 1965 5856 1:”),
2036 5801 2093 5847 et

1183 5721 1417 5792 grassari
1456 5719 1738 5792 Ferrarize,
1764 5720 1888 5774 ideo
1917 5731 2096 5792 trans-

2187 3316 2428 3388 ἔχοντες.
2502 3317 2590 3370 Ἐν
2641 3318 2773 3371 πᾶσι
2805 3317 2917 3388 γὰρ
2952 3318 3095 3372 κατὰ
3142 3320 3327 3373 πᾶσαν
3358 3320 3635 3387 ἐξουσίαν,
3688 3320 3770 3382 ὡς

2187 3413 2319 3483 ἡμῖν
2344 3407 2412 3482 ἦν
2441 3410 2812 3481 βουλομένοις,
2844 3410 2992 3465 οὕτω
3011 3411 3104 3466 τόν
3130 3412 3289 3482 λόγον
3319 3412 3737 3485 ᾠκοδομοῦμεν.

2265 3592 2667 3663 Προετείναμεν
2711 3590 2804 3645 οὖν
2853 3591 2950 3646 ἀπ’
2979 3592 3161 3647 αὐτῶν
3188 3595 3297 3648 τῶν
3328 3595 3639 3649 ἀποστόλων
3671 3598 3772 3650 καὶ

2187 3685 2295 3740 τῶν
2346 3686 2520 3754 ἁγίων
2560 3685 2796 3738 συνόδων
2855 3684 3084 3738 ἁπασῶν
3126 3684 3450 3755 ἀρξάμενοι,
3510 3690 3604 3740 καὶ
3648 3691 3771 3749 τοῖς

2187 3776 2367 3828 αὐτῶν
2406 3792 2464 3829 τε
2507 3776 2599 3829 καὶ
2645 3774 2754 3829 τῶν
2790 3775 3133 3829 ἀνατολικῶν
3183 3777 3406 3831 πάντων
3448 3778 3624 3845 άγίων
3664 3782 3771 3850 ρη-

2186 3869 2297 3928 τοῖς
2324 3867 2683 3937 χρησάμενοι,
2714 3861 2795 3929 οἷς
2826 3864 3111 3921 δείκνυται
3153 3869 3212 3921 τὸ
3261 3869 3486 3939 Πνεῦμα
3520 3871 3579 3923 τὸ
3604 3871 3765 3938 ἅγιον

2187 3959 2307 4028 οὐχὶ
2348 3961 2422 4029 μὴ
2477 3959 2877 4029 ἐκπορεύεσθαι
2921 3962 2985 4012 ἐκ
3040 3960 3132 4014 τοῦ
3187 3962 3345 4028 Υἰοῦ,
3385 3963 3629 4016 τοιοῦτον
3659 3966 3767 4036 γὰρ

2186 4051 2339 4103 οὐδὲν
2385 4050 2549 4119 ῥητὸν
2591 4051 2808 4121 ἔχομεν,
2842 4053 2917 4116 ὡς
2964 4058 3059 4106 καὶ
3113 4054 3273 4118 αὐτὸς
3303 4052 3478 4121 οἶδας,
3507 4058 3557 4109 εί
3593 4057 3669 4127 μὴ
3706 4060 3770 4112 τδ

2187 4143 2281 4195 τοῦ
2321 4142 2684 4213 Δαμασκηνοῦ
2727 4142 2888 4212 μόνον
2925 4144 2986 4196 τὸ
3014 4145 3197 4213 λέγον,
3254 4148 3480 4216 Πνεῦμα
3504 4149 3637 4202 Υἰοῦ
3673 4149 3762 4202 λέ-

2190 4251 2377 4304 γομεν,
2403 4236 2460 4301 ἐξ
2489 4234 2618 4287 Υίοῦ
2647 4234 2703 4288 δὲ
2730 4236 2789 4287 οὺ
2840 4236 3097 4307 λέγομεν.
3147 4238 3273 4301 Τοῖς
3304 4237 3361 4290 δὲ
3400 4239 3583 4303 ἄλλοις
3627 4242 3769 4293 πᾶσι

2194 4330 2376 4399 ῥητοῖς
2434 4327 2593 4381 τοῦτο
2649 4328 2923 4383 δείκνυται
2962 4331 3146 4398 μόνον,
3193 4331 3275 4384 ὅτι
3327 4323 3654 4403 τὸἹΙνεῦμα
3699 4334 3763 4387 τὸ

2192 4420 2346 4487 ἅγιον
2381 4422 2444 4472 ἐκ
2468 4420 2679 4490 lla—:96;
2725 4421 3106 4491 ἐκπορεύεται,
3144 4423 3244 4491 οὐχ
3282 4423 3364 4476 ὅτι
3414 4424 3478 4476 ἐκ
3500 4424 3595 4477 τοῦ
3630 4424 3763 4478 Υἱοῦ

2192 4514 2289 4565 οὐκ
2315 4512 2694 4582 ἐκπορεύεται.
2726 4514 2910 4567 Ταῦτα
2948 4510 3041 4569 οὖν
3070 4516 3239 4585 ἡμεῖς
3273 4517 3769 4586 προσενέγκαντες,

2192 4602 2411 4673 ᾠόμεθα
2438 4605 2609 4670 δεῖξαι
2629 4604 2822 4674 ψεῦδος
2866 4602 3008 4660 εἶναι
3036 4607 3095 4660 τὸ
3127 4608 3193 4660 ἐκ
3218 4606 3312 4660 τοῦ
3341 4607 3471 4661 Υἱοῦ
3510 4608 3570 4662 τὸ
3603 4611 3773 4665 Πνεῦ-

2198 4712 2271 4765 μα
2300 4695 2359 4747 τὸ
2392 4698 2548 4765 ἆγιον
2585 4698 3015 4769 ἐκπορεύεσθαι.

2263 4783 2483 4835 Λατῖνοι
2515 4784 2570 4835 δὲ
2600 4784 2734 4853 πρὸς
2759 4785 2933 4839 ταῦτα
2962 4787 3063 4855 μὲν
3093 4786 3163 4840 τὰ
3197 4788 3337 4858 ῥητὰ
3362 4789 3542 4843 πάντα
3578 4788 3635 4840 ἓν
3668 4787 3766 4841 καὶ

2194 4875 2370 4925 κοινὸν
2416 4875 2817 4945 ἀπεκρίθησαν,
2895 4877 2969 4940 ὡς
3000 4880 3180 4932 πάντα
3236 4880 3377 4933 εἰσὶν
3430 4879 3629 4950 ἀληθῆ,
3666 4881 3769 4933 καὶ

2193 4964 2339 5016 δοκεῖ
2380 4968 2474 5018 καὶ
2501 4968 2688 5030 αὐτοῖς
2711 4984 2723 4998 ·
2763 4969 2859 5021 καὶ
2889 4970 2996 5039 γὰρ
3030 4970 3353 5023 πιστεύουσι
3394 4973 3487 5024 καὶ
3526 4971 3683 5025 αὐτοὶ
3707 4972 3775 5025 τὸ

2197 5057 2418 5127 Πνεῦμα
2467 5060 2527 5111 τὸ
2558 5061 2712 5128 ἅγιον
2750 5063 2812 5113 ὲκ
2865 5063 3083 5133 Πατρὶς
3118 5064 3556 5134 ἐκπορεύεσθαι·
3609 5065 3774 5118 τοῦτο

2198 5150 2378 5217 μέντοι
2413 5167 2475 5218 γε
2506 5152 2605 5205 οὐκ
2638 5157 2976 5206 ἐναντιοῦται
3036 5157 3111 5224 τῷ
3171 5158 3351 5211 αὐτῶν
3380 5156 3637 5226 δόγματι.
3688 5157 3773 5211 Τὸ

2195 5242 2305 5312 γὰρ
2332 5244 2394 5295 ἐκ
2421 5245 2631 5314 [ἰατρὸς
2660 5248 3057 5316 ἐκπορεύεσθαι
3080 5247 3207 5302 οὔτε
3238 5249 3621 5319 ἀντιφατικδν,
3641 5247 3775 5303 οὒτε

2195 5334 2433 5386 ἐναντίον
2458 5338 2571 5388 ἐστὶ
2604 5336 2683 5406 τῷ
2706 5340 2767 5389 ἐκ
2792 5338 2883 5393 τοῦ
2916 5324 3047 5393 Υίόῦ
3081 5340 3509 5412 ἐκπορεύεσθαι.
3564 5344 3627 5396 ΕΞ
3663 5344 3772 5411 γὰρ

2193 5425 2398 5477 τούιων
2456 5425 2683 5499 θάτερον
2742 5425 2833 5500 ἦν,
2889 5431 3033 5496 τότε,
3087 5432 3180 5485 τοῦ
3222 5434 3343 5496 ἐνὸς
3385 5434 3675 5503 ῥηθέντος,
3708 5438 3775 5489 τὸ

2198 5517 2387 5589 ἕτερον
2418 5521 2676 5591 ἀνῃρεῖτο
2706 5522 2763 5588 ἐξ
2794 5524 3061 5593 ἀνάγκης.
3120 5524 3231 5578 Νῦν
3262 5526 3319 5578 δὲ
3359 5528 3515 5580 οὐδὲν
3568 5526 3776 5581 κωλύει

2197 5610 2291 5662 καὶ
2324 5610 2382 5662 τὸ
2405 5612 2468 5662 ὲκ
2502 5612 2595 5663 τοῦ
2625 5610 2836 5681 Πατρός
2888 5615 3286 5686 ἐκπορεύεσθαι
3347 5618 3546 5688 ἀληθές
3586 5617 3726 5673 εἶναι
3757 5660 3773 5687 ,

2198 5707 2387 5776 ultima
2402 5764 2415 5777 .

2271 5794 2345 5863 (‘2)
2372 5793 2489 5848 Lib.
2526 5812 2542 5850 ι
2574 5796 2652 5850 De
2676 5796 2782 5865 ﬁde
2814 5800 3045 5866 art/tom,
3078 5817 3198 5871 cap.
3226 5802 3256 5857 8
3285 5805 3341 5858 in
3375 5803 3545 5860 calce.
