4124 6428
347 403 445 503 3:7

1255 433 1352 494 DE
1395 426 1924 492 PROCLS‘JIONE
1967 423 2332 487 SPlRlTUS
2375 421 2664 484 SANlLTI.
3468 415 3573 474 35:8

344 551 434 601 καὶ
470 548 527 600 τὸ
559 544 618 611 ἐξ
691 545 810 601 ΐίοῦ
847 545 1046 613 ἀληθές
1074 560 1088 575 ·
1153 544 1344 617 ὥσπερ
1383 547 1478 598 ἐὰν
1533 546 1803 614 εἴπωμεν,
1838 541 1901 595 τὸ

2030 541 2164 593 ’atre
2197 537 2515 608 procedere,
2549 548 2736 588 verum
2767 531 2876 594 sil;
2922 536 2977 584 et
3023 527 3154 583 illud
3200 527 3346 598 quod
3390 535 3474 581 est
3509 541 3573 577 ex

345 640 562 710 Πνεῦμα
577 640 638 691 τὸ
654 640 810 706 ἀγιον
833 636 1153 708 πέμπεσθαι
1182 637 1245 688 ἐκ
1272 635 1364 690 τοῦ
1401 636 1636 707 Πατρός,
1659 635 1814 696 ἄλλος
1841 633 1898 686 δέ

340 731 418 793 τίς
447 731 600 802 (enat,
619 732 680 782 τὸ
707 729 931 800 Πνεῦμα
958 727 1273 798 πέμπεσθαι
1297 729 1361 781 ἐκ
1383 727 1595 798 Πατρδς
1619 728 1713 780 καὶ
1744 725 1900 780 Υἱοῦ.

341 823 446 875 Καὶ
475 821 768 892 ἀμφότερά
795 822 935 874 εἰσιν
967 819 1168 890 ἀληθῆ,
1217 821 1311 873 καὶ
1338 820 1398 873 οὐ
1435 819 1668 890 μάχεται
1691 817 1905 886 θατέρῳ

340 913 397 966 τὸ
421 913 628 976 ἕτερον.
658 913 722 966 Et
757 911 858 982 μὲν
885 911 978 964 οῦν
1005 910 1054 964 οἱ
1086 911 1234 978 ἀγιοι
1261 909 1450 979 ἔλεγον
1478 913 1542 964 ἐκ
1563 909 1656 962 τοῦ
1691 909 1905 977 Πατρὶς

344 1007 500 1074 μόνου
535 1002 938 1071 ἐκπορεύεσθαι
973 1001 1035 1055 τδ
1077 999 1325 1071 Πνεῦμα,
1359 999 1392 1070 ἢ
1441 1001 1522 1054 ὅτι
1561 1001 1621 1052 ὲκ
1646 997 1738 1052 τοῦ
1775 996 1906 1051 Υίοῦ

339 1097 435 1148 οὐκ
460 1094 846 1166 ἐκπορεύεται,
875 1089 1024 1164 εῖχεν
1053 1093 1120 1147 ἂν
1139 1091 1319 1161 λόγον,
1356 1093 1536 1160 λέγειν
1563 1093 1716 1162 ἡμᾶς
1754 1091 1909 1156 δοξά-

341 1189 452 1253 ζειν
471 1191 686 1259 ψεῦδος·
720 1195 841 1245 ἐπεὶ
863 1192 918 1245 δὲ
948 1190 1157 1245 τούτων
1181 1191 1466 1262 οὐδέτερον
1485 1189 1665 1253 οὐδεὶς
1693 1189 1906 1243 οὐδέπω

342 1287 434 1336 καὶ
465 1285 558 1336 νῦν
586 1286 798 1356 εἴρηκε,
847 1285 910 1338 τὸ
936 1286 1001 1338 ἐκ
1030 1283 1126 1338 τοῦ
1169 1282 1384 1354 Πατρδς
1434 1282 1692 1351 λέγεσθαι
1741 1283 1908 1334 ἐκπο-

345 1374 620 1443 ρεύεσθαι,
677 1376 778 1428 οὐκ
827 1375 1047 1446 ἀναιρεῖ
1092 1377 1154 1428 τὸ
1192 1375 1256 1428 ὲκ
1309 1373 1407 1428 τοῦ
1436 1373 1570 1427 Υἰοῦ
1611 1373 1910 1444 ἐκπορεύε-

277 1507 285 1512 .
343 1465 484 1520 σθαι.

413 1555 598 1607 Ταῦτα
624 1555 726 1623 μὲν
759 1553 898 1624 πρὸς
930 1553 1000 1608 τὰ
1037 1555 1288 1626 ἡμέτερα
1319 1555 1460 1626 ῥητὰ
1493 1553 1906 1622 ἀπεκρίθησαν·

342 1644 476 1714 πρὶς
521 1645 576 1696 δὲ
603 1643 663 1695 τὸ
691 1642 786 1696 τοῦ
817 1644 1207 1714 Δαμασκηνοῦ,
1239 1644 1361 1698 ἐπεὶ
1403 1645 1538 1714 μηδὲ
1576 1645 1743 1714 ἡμεῖς
1775 1642 1910 1693 αὐτῦ

344 1739 778 1807 προετείναμεν,
838 1739 956 1791 οὐδὲ
1008 1739 1210 1792 ἐκεῖνοι
1259 1738 1679 1807 ἀπεκρίθησαν·
1717 1733 1827 1805 ἐγὼ
1855 1735 1912 1787 δὲ

345 1831 438 1879 καί
469 1827 570 1896 τὴν
593 1827 786 1880 τούτου
821 1824 977 1878 λύσιν
1018 1825 1250 1895 ὕστερόν
1281 1843 1366 1879 σοι
1409 1827 1734 1896 χαρίσομαι.

418 2012 652 2066 Ἔπειτα
680 2010 736 2064 δὲ
774 2011 972 2064 ἐκεῖνοι
1028 2008 1085 2076 ἐξ
1138 2009 1305 2081 ἄλλης
1349 2009 1534 2080 ’ἀρχῆς
1587 1991 1912 2079 ἀρξάμενοι,

345 2099 499 2158 εἷπον
528 2103 701 2156 πολλὰ
730 2105 824 2156 καὶ
844 2103 1076 2170 διάφορα
1095 2103 1152 2155 ὲν
1175 2102 1424 2155 πλείοσιν
1452 2100 1690 2172 ἡμέραις
1719 2099 1916 2168 ἑφεξῆς

345 2199 780 2268 ἐπιχειρήματα,
837 2195 945 2248 ἀπὸ
986 2197 1086 2264 τῆς
1127 2195 1278 2259 Θείας
1309 2195 1533 2264 Γραφῆς
1576 2191 1916 2262 ὁρμώμενοι,

345 2289 602 2342 κάκεῖθεν
661 2287 771 2342 τῶν
821 2288 1122 2340 ἐλαττόνων
1153 2283 1518 2356 εὐποροῦντες
1571 2283 1915 2352 προτάσεων,

341 2381 656 2446 δεικνύντα,
687 2381 748 2433 τὸ
777 2379 1002 2448 Πνεῦμα
1027 2379 1086 2432 τὸ
1121 2379 1276 2446 ἆγιον
1311 2380 1375 2430 ὲκ
1411 2376 1624 2448 Πατρός
1658 2374 1753 2428 καὶ
1783 2373 1914 2426 Υίοῦ

343 2470 769 2540 ἐκπορεύεσθαι.

417 2565 746 2620 Τελευταῖον
767 2563 823 2616 δὲ
854 2561 952 2625 τὰς
981 2562 1174 2632 ῥήσεις
1221 2560 1330 2614 τῶν
1363 2559 1628 2630 Πατέρων
1683 2559 1922 2629 ἐπήνεγ-

345 2675 476 2724 καν,
504 2651 590 2720 αἷς
620 2653 804 2724 σαφῶς
838 2669 898 2706 τε
951 2653 1047 2707 καὶ
1099 2651 1402 2724 διαρρήδην
1449 2653 1483 2723 ἡ
1521 2649 1615 2704 τοῦ
1650 2650 1923 2720 δόγματος

345 2748 544 2804 τούτου
575 2747 802 2816 ἀλήθεια
839 2744 1115 2814 φαίνεται.
1152 2744 1488 2814 Παρήγαγον
1513 2743 1570 2797 δὲ
1601 2745 1661 2796 οὐ
1689 2744 1925 2798 δυτικῶν

351 2843 535 2913 μόνον,
571 2839 688 2894 ἀλλ’
709 2839 858 2894 οὐδὲν
879 2833 1043 2910 ἦττον
1070 2839 1164 2891 καὶ
1185 2836 1522 2891 ἀνατολικῶν
1556 2837 1923 2893 διδασκάλων.

347 2929 450 2991 Ὧν
485 2951 627 3000 τινα,
656 2933 756 2990 ὅσα
789 2949 880 3003 μοι
919 2929 1328 3001 ἀναγκαιότερα
1374 2929 1544 2996 ἔδοξε,
1579 2931 1679 2984 σὺν
1711 2929 1927 2996 τούτοις

351 3041 436 3077 σοι
456 3022 622 3076 τανῦν
653 3020 1030 3092 πέπομφα,ὠς
1063 3021 1130 3075 ἂν
1160 3022 1254 3074 καὶ
1285 3019 1486 3083 αὐτοὺς
1515 3021 1642 3084 τούς
1673 3021 1928 3086 δυτικούς

351 3116 594 3188 ἀκούσῃς
627 3115 876 3186 Πατέρας
910 3114 963 3168 τί
999 3113 1128 3184 περὶ
1175 3115 1366 3166 τούτου
1405 3114 1666 3184 φρονοῦσί
1718 3131 1779 3167 τε
1833 3114 1930 3167 καὶ

2004 631 2142 688 Filio
2167 669 2182 693 ,
2211 644 2424 684 verum.
2457 627 2637 682 Veluti
2683 624 2728 679 si
2753 623 3000 678 dicamus
3027 621 3291 690 Spiritum
3323 629 3571 674 sanctum

2005 721 2148 777 mitti
2183 737 2214 775 a
2253 719 2434 784 Patre,
2477 719 2616 772 alius
2641 729 2770 770 vero
2800 713 3072 784 quispiam
3103 711 3273 776 dicat,
3303 709 3574 779 Spiritum

2005 815 2144 870 mitti
2174 831 2240 869 ex
2273 813 2429 867 Patre
2459 821 2514 866 et
2555 809 2692 864 Filio
2719 825 2734 874 ;
2759 817 2814 863 et
2845 809 3005 861 ambo
3044 813 3176 859 sunt
3220 818 3372 868 vera,
3410 812 3465 855 et
3500 793 3578 854 al;

2006 919 2184 963 terum
2231 906 2385 960 alteri
2451 903 2676 957 minime
2733 907 3020 971 repugnat.
3065 897 3120 954 Si
3185 897 3349 967 igitur
3404 895 3576 949 sancti

2007 999 2252 1054 dicerent
2281 995 2546 1066 Spiritum
2587 1009 2654 1048 ex
2678 993 2836 1047 Patre
2880 991 2997 1046 solo
3043 991 3362 1060 procedere,
3399 988 3482 1042 rel
3511 1002 3580 1040 ex

2009 1090 2146 1146 Filio
2177 1103 2283 1142 non
2313 1085 2632 1156 procedere,
2662 1101 2770 1140 non
2797 1093 2941 1138 esset
2971 1084 3169 1136 mirum
3205 1081 3410 1144 dicere,
3431 1079 3582 1148 ipsos

2011 1181 2221 1252 opinari
2254 1179 2472 1233 falsum.
2507 1177 2706 1232 Verum
2750 1189 2873 1229 cum
2901 1173 3097 1227 horum
3135 1182 3388 1226 neutrum
3416 1185 3578 1223 nemo

2014 1285 2253 1341 unquam
2279 1267 2458 1322 adhuc
2510 1265 2745 1330 dixerit,
2787 1263 2922 1318 illud
2979 1263 3122 1333 quod
3172 1269 3258 1316 est
3301 1276 3366 1314 ex
3425 1260 3584 1312 Patre

2011 1361 2332 1437 procedere,
2383 1375 2492 1414 non
2521 1357 2662 1412 tollit
2693 1357 2928 1413 alterum
2959 1395 2973 1420 ,
3005 1354 3150 1425 quod
3202 1365 3284 1408 ρει
3328 1366 3396 1405 ex
3445 1350 3583 1405 Filio

2013 1453 2334 1525 procedere.

2085 1541 2209 1596 llaec
2241 1541 2307 1594 ad
2350 1549 2536 1594 nostra
2583 1539 2728 1594 dicta
2756 1535 3190 1608 responderunt.
3235 1533 3317 1589 Ad
3359 1543 3590 1590 senten-

2017 1637 2146 1690 tiam
2198 1649 2328 1686 vero
2375 1633 2719 1698 Damasceni,
2781 1628 3004 1700 quando
3041 1637 3097 1683 et
3138 1641 3238 1682 nos
3283 1626 3431 1680 illam
3477 1641 3590 1678 non

2017 1725 2402 1796 produximus,
2449 1739 2630 1792 neque
2686 1723 2766 1778 illi
2813 1722 3117 1792 quidquam
3162 1719 3590 1789 responderunt.

2017 1816 2132 1887 Ego
2165 1832 2294 1870 vero
2329 1815 2427 1870 tibi
2461 1825 2654 1886 postea
2690 1823 2748 1870 et
2782 1814 2837 1869 in
2869 1814 3038 1884 hujus
3087 1811 3362 1868 solutione
3395 1810 3589 1865 faciam

1945 1893 1987 1948 Β
2017 1908 2175 1964 satis.

2089 2003 2292 2059 Deinde
2328 2020 2459 2058 vero
2490 2003 2564 2058 illi
2597 2002 2666 2056 ab
2699 2001 2808 2057 alio
2845 1999 3117 2071 principio
3150 2014 3304 2054 sacra
3331 1997 3594 2052 nimirum

2018 2094 2302 2162 Scriptura
2352 2095 2466 2148 nixi
2516 2103 2570 2147 et
2619 2093 2771 2158 freti,
2819 2091 3058 2156 indeque
3113 2088 3272 2158 capia
3321 2090 3596 2143 minorum

2019 2185 2461 2256 propositionum
2522 2183 2911 2248 abundantes,
2964 2181 3148 2237 exorsi
3207 2190 3336 2246 sunt
3406 2181 3596 2233 dicere

2020 2275 2280 2346 deinceps
2321 2293 2415 2346 per
2433 2277 2633 2331 multos
2659 2276 2776 2330 dies
2806 2275 2974 2328 multa
2998 2283 3055 2329 et
3081 2274 3232 2327 varia
3251 2283 3598 2342 argiuncnta,

2021 2369 2364 2424 ostendentia
2411 2366 2676 2438 Spiritum
2724 2375 2976 2422 sanctum
3023 2381 3091 2420 ex
3137 2365 3297 2418 Patre
3347 2363 3596 2432 Filioque

2022 2459 2344 2531 procedere.

2087 2553 2379 2609 Postremo
2403 2551 2570 2607 etiam
2602 2550 2964 2606 auctoritates
2995 2551 3222 2606 Patrum
3264 2551 3594 2616 attulerunt,

2025 2643 2234 2715 quibus
2266 2643 2560 2718 manifeste
2589 2657 2656 2698 ac
2678 2643 2985 2698 luculenter
3009 2643 3172 2713 hujus
3203 2642 3476 2712 dogmatis
3510 2657 3600 2697 VC-

2033 2738 2170 2794 ritas
2202 2737 2618 2808 comprobatur.
2661 2737 3026 2793 Protulerunt
3053 2746 3238 2792 autem
3281 2753 3391 2791 non
3419 2736 3596 2792 solum

2026 2833 2494 2899 Occidentalium.
2513 2850 2706 2890 verum
2720 2835 2888 2890 etiam
2905 2837 3194 2890 doctorum
3213 2835 3598 2890 Orientalium.

2029 2927 2276 2994 Quarum
2301 2927 2533 2998 aliquas,
2554 2943 2901 2998 quaecunque
2926 2929 3062 2982 mihi
3087 2929 3257 2999 magis
3277 2929 3604 2984 necessaria:

2030 3022 2162 3077 visa:
2199 3029 2350 3086 sunt,
2400 3036 2506 3076 una
2554 3036 2679 3076 cum
2725 3021 2876 3076 hisce
2927 3021 3026 3075 tibi
3061 3021 3217 3086 misi,
3253 3029 3313 3074 ut
3351 3029 3407 3074 et
3456 3021 3605 3090 ipsos

2030 3112 2421 3171 Occidentales
2455 3111 2653 3169 audias
2704 3113 2920 3175 Patres,
2961 3113 3091 3184 quid
3139 3114 3217 3168 illi
3259 3113 3325 3168 de
3369 3113 3473 3167 hoc
3503 3114 3604 3167 do-

350 3207 694 3263 διδάσκουσι.
739 3205 882 3275 Πρὸς
937 3205 1080 3274 ειπερ
1156 3205 1320 3274 ἡμεῖς
1378 3206 1680 3274 ἀπολογίαν
1747 3207 1924 3259 εἰπεῖν

2033 3213 2215 3278 gmate
2249 3206 2468 3275 sapiant
2493 3213 2548 3259 et
2581 3205 2835 3260 doceant.
2872 3203 2953 3260 Ad
2990 3219 3126 3274 quas
3149 3220 3252 3258 nos
3281 3219 3604 3274 responsum

353 3301 577 3371 εἴχομεν
605 3296 884 3367 οὐδεμίαν,
919 3295 952 3366 ἢ
986 3298 1069 3350 ὅτι
1089 3294 1220 3348 νόοα
1250 3295 1382 3358 εἰσὶ,
1413 3296 1510 3350 καὶ
1540 3297 1644 3349 ὐπὸ
1671 3297 1924 3350 Λατίνων

351 3391 687 3447 νενόθευται.
740 3388 1074 3458 Παρήγαγον
1130 3387 1224 3440 τὸν
1274 3387 1551 3458 ἡμέτερον
1599 3388 1928 3455 Ἐπιφάνιον

351 3486 410 3540 ἐν
439 3483 657 3545 πολλοῖς
687 3479 872 3542 τόποις
904 3477 1091 3547 σαφῶς
1117 3479 1182 3532 ὲκ
1233 3480 1463 3550 Πατρδς,
1499 3482 1593 3534 καὶ
1638 3481 1766 3535 Υίοῦ
1811 3481 1930 3536 οεο-

351 3576 621 3646 λογοῦντα
643 3573 702 3626 τδ
724 3573 970 3640 Πνεῦμα.
999 3571 1148 3625 Νὸοα
1174 3573 1434 3644 ἐλέγομεν
1465 3569 1628 3628 εἶναι.
1660 3574 1932 3653 ’Λονέγνων

350 3671 414 3723 ἰδ
446 3667 851 3739 προειρημένον
875 3671 931 3722 ἐν
954 3669 1064 3729 τοῖς
1093 3665 1216 3720 κατ’
1259 3662 1529 3732 Εὐνομίον
1553 3659 1649 3715 τοῦ
1686 3662 1928 3731 μεγάλου

357 3759 652 3814 Βασιλείου
680 3757 846 3829 ῥητόν
869 3773 880 3788 ·
923 3757 1354 3827 παρέγγραπτον
1392 3749 1538 3806 εἶναι
1562 3751 1738 3804 ἐδόκει
1773 3753 1927 3822 ἡμῖν.

359 3852 746 3920 Προεκόμισαν
778 3851 846 3902 τὰ
879 3847 988 3900 τῶν
1014 3847 1074 3912 ἐξ
1102 3847 1341 3914 ἑσπέρας
1376 3843 1568 3912 ἁγίων·
1604 3844 1932 3912 πᾶσαήμῶν

356 3943 628 4010 ἀπολογία
665 3942 726 3995 τδ
745 3941 917 4002 νόθον,
951 3939 1044 3990 καὶ
1096 3937 1252 3989 οὐδὲν
1279 3935 1472 4004 ἕτερον
1503 3930 1594 4004 ἦν.
1649 3935 1774 3988 Ἐπὶ
1805 3935 1935 3988 πολ-

354 4037 452 4100 λὰς
486 4031 583 4088 οῦν
615 4035 829 4103 ἡμέρας
856 4027 1219 4098 σκεπτόμενοι
1265 4025 1390 4079 καθ’
1428 4027 1655 4088 ἑαυτοὺς
1680 4027 1772 4078 καὶ
1805 4027 1929 4096 βου-

355 4131 666 4198 λευόμενοι,
691 4139 742 4178 τι
791 4126 857 4178 ἂν
893 4121 1030 4192 πρὸς
1081 4120 1256 4174 ταῦτα
1291 4117 1749 4188 ἀποκριθείημεν,
1783 4120 1932 4172 οὐδε-

361 4227 497 4294 μίαν
520 4223 850 4293 εὑρίσκομεν
879 4219 1178 4288 ἀπολογίαν
1206 4217 1238 4287 ἢ
1265 4218 1491 4286 ταύτην.
1519 4215 1737 4286 Ταύτην
1766 4217 1822 4269 δὲ
1843 4209 1932 4280 αὖ,

358 4320 433 4380 ὡς
494 4317 688 4384 ἄλογον
727 4315 890 4374 πάνυ,
941 4311 1334 4382 προσενεγκεῖν
1368 4309 1468 4362 οὐκ
1518 4307 1694 4362 ἐδόκει
1745 4306 1932 4359 καλόν.

363 4409 590 4480 Πρῶτον
633 4407 730 4476 μὲν
759 4407 838 4457 ὅτι
867 4403 927 4456 ἐκ
957 4419 1016 4454 τε
1048 4401 1154 4454 τῶν
1183 4401 1465 4470 ἑπομένων
1492 4400 1585 4452 καὶ
1617 4399 1936 4468 ἡγουμένων

360 4504 502 4566 αὕτη
539 4499 719 4570 ἠδόξει
745 4495 998 4564 ἐφαίνετο
1021 4495 1118 4561 τῆς
1154 4493 1263 4545 τῶν
1294 4491 1464 4560 ἀγίων
1504 4487 1641 4544 οὐσα
1672 4489 1931 4551 διανοίας·

362 4594 555 4646 ἔπειτα
620 4589 889 4642 πλείστων
949 4585 1170 4655 βιϐλίων
1217 4585 1311 4637 καὶ
1352 4583 1734 4637 παλαιοτάτων
1790 4581 1932 4633 τοῦτ’
1968 4561 2009 4615 D

364 4685 624 4756 ἐχόντων,
652 4680 752 4733 οὐκ
795 4675 861 4748 ἦν
898 4677 1038 4731 αὐτὰ
1091 4675 1592 4748 παραγράψασθαι.
1639 4673 1847 4734 ’Ἄλλως
1877 4689 1935 4724 τε

363 4780 463 4830 καὶ
498 4775 664 4845 μηδὲν
687 4773 867 4828 αὐτῶν
893 4769 1103 4841 βιϐλίον
1130 4810 1144 4836 ,
1199 4770 1296 4839 οὐχ
1343 4767 1702 4837 Ἑλληνικῶς,
1735 4769 1794 4820 οὐ
1830 4769 1939 4820 Λα⁶

363 4869 590 4930 τινικῶς
613 4865 1004 4936 γεγραμμένον
1039 4863 1260 4932 ἔχοντες
1297 4859 1492 4924 δεῖξαι,
1522 4859 1697 4922 ἄλλως
1728 4858 1870 4930 ἕχον,
1903 4857 1936 4930 ἢ

369 4962 443 5022 ὡς
470 4960 690 5012 Λατῖνοι
727 4956 1076 5027 παρήγαγον,
1105 4955 1220 5014 πῶς
1249 4953 1314 5004 ἂν
1341 4951 1580 5018 εὐλόγως
1621 4949 1761 5002 αὐτὰ
1801 4966 1943 5018 παρ·

368 5049 756 5122 ε,γραφόμεοα;
786 5050 812 5098 ό
844 5047 954 5116 γάρ
989 5063 1114 5098 τινα
1158 5039 1635 5113 παραγράψασθαι
1687 5041 1947 5110 βουλόμε-

368 5161 481 5207 νος,
532 5143 661 5196 ἄνευ
699 5137 935 5205 εὐλόγων
1005 5137 1100 5189 καὶ
1158 5134 1398 5206 ἰσχυρῶν
1450 5133 1662 5198 αἰτιῶν,
1693 5133 1850 5184 τοῦτο
1881 5133 1942 5184 οὐ

366 5239 618 5292 δύναται.
658 5233 848 5304 Ἡμεῖς
879 5230 1072 5292 ἄλλους
1102 5229 1294 5297 ἁγίους
1343 5226 1654 5280 τούναντίον
1684 5226 1944 5293 λέγοντας

367 5333 468 5383 οὐκ
521 5329 742 5396 εἴχομεν
777 5323 952 5387 δεῖξαι
983 5337 995 5352 ο
1034 5320 1164 5382 τοὺς
1207 5320 1404 5380 αὐτοὺς
1455 5319 1708 5380 δυτικούς
1766 5319 1942 5380 ἄλλως

368 5423 626 5489 λέγοντας
657 5415 894 5484 ἀλλαχοῦ
923 5411 1178 5481 οὐδαμῶς
1223 5410 1648 5478 ἁπεδείκνυμεν.
1686 5409 1941 5471 Φυσικοῖς

366 5516 548 5580 λόγοις
596 5506 951 5577 παραστῆσαι
1011 5503 1210 5563 αὐτοὺς
1288 5499 1655 5569 ψευδομένους
1719 5502 1936 5552 πάντων

367 5607 590 5658 ἔλαττον
638 5595 968 5666 ἐδυνάμεθα.
1005 5591 1316 5662 Οὑδαμόθεν
1373 5590 1464 5642 οὖν
1501 5589 1722 5658 εὐλογον
1754 5589 1936 5641 αἰτίαν

366 5689 876 5759 καταλελειμμένῃ
911 5689 942 5756 ἡ
953 5689 1042 5756 μίν
1073 5683 1335 5753 ἑωρῶμεν
1358 5697 1370 5712 ο
1427 5681 1517 5734 διὰ
1545 5681 1702 5735 τοῦτο
1731 5681 1820 5734 καὶ
1851 5697 1940 5732 σε-

371 5787 702 5855 σιγήκαμεν.

2029 3298 2244 3353 nullum
2275 3297 2633 3364 habebamus,
2664 3297 2810 3366 quod
2839 3297 3117 3364 daremus,
3138 3297 3242 3352 nisi
3278 3297 3422 3365 quod
3451 3297 3609 3350 adul-

2033 3391 2226 3446 terinae
2256 3399 2461 3456 essent,
2490 3400 2546 3445 et
2577 3407 2606 3444 a
2647 3390 2858 3444 Latinis
2891 3401 3186 3460 corruptaa.
3221 3390 3606 3444 Produxerunt

2034 3494 2287 3540 nostrum
2333 3484 2701 3554 Epiphaniutn
2735 3487 2792 3539 in
2833 3486 3024 3540 multis
3071 3486 3378 3555 theologire
3429 3488 3606 3540 disse-

2035 3587 2248 3633 rentem
2284 3589 2338 3632 et
2371 3579 2735 3647 explicantem
2769 3593 2835 3630 ex
2863 3575 3021 3633 Patre
3058 3578 3305 3648 Filioque
3337 3579 3604 3649 Spiritum

2034 3680 2335 3729 sanctum:
2386 3671 2698 3726 adulterina
2747 3671 2870 3740 ejus
2918 3671 3038 3726 loca
3094 3687 3214 3728 esse
3255 3672 3604 3738 dicebamus;

2033 3762 2284 3833 legerunt
2330 3762 2646 3833 pra-dictam
2689 3763 3026 3817 sententiam
3081 3764 3262 3833 magni
3311 3764 3498 3822 Basilii
3550 3769 3606 3819 in

2035 3851 2190 3907 libris
2220 3852 2484 3908 adversos
2515 3852 2845 3907 Eunomium
2881 3868 2895 3906 :
2926 3851 3232 3922 ascriptitia
3261 3863 3316 3907 et
3347 3871 3454 3908 non
3487 3870 3608 3924 ger-

2037 3958 2196 3998 mana
2233 3959 2356 3999 esse
2385 3945 2546 3998 nobis
2567 3945 2882 3998 videbatur.
2912 3943 3280 4000 Adduxerunt
3307 3945 3456 4002 dicta
3483 3966 3606 4001 san-

2037 4044 2252 4090 ctorum
2281 4034 2743 4101 Occidentalium,
2791 4045 2901 4092 tota
2943 4047 3130 4092 nostra
3171 4037 3434 4107 Apologia
3472 4039 3607 4096 illud

2037 4133 2092 4178 et
2148 4125 2284 4178 nihil
2330 4125 2477 4178 aliud
2534 4135 2677 4190 erat,
2720 4126 3032 4180 adulterina
3077 4142 3220 4182 esse.
3265 4129 3368 4182 Per
3407 4130 3609 4184 Inultos

2039 4219 2204 4288 igitur
2255 4218 2374 4271 dies
2425 4233 2672 4272 seorsum
2725 4220 3166 4283 considerantes,
3215 4233 3270 4274 et
3313 4238 3412 4277 nos
3461 4225 3610 4292 ipsos

2039 4309 2416 4372 consulentes,
2461 4308 2592 4377 qurd
2623 4309 2692 4364 ad
2723 4310 2841 4364 inec
2881 4311 3368 4379 tesponderemus,
3413 4325 3612 4383 prteter

2043 4403 2144 4455 hoc
2183 4402 2394 4454 nullum
2453 4403 2875 4456 invenielxuuus
2919 4419 3270 4472 responsum.
3319 4403 3433 4460 lloc
3483 4424 3610 4462 vero

2045 4510 2236 4550 rursus
2265 4505 2522 4566 tanquam
2555 4497 2710 4550 Valde
2738 4495 3037 4550 absurdum
3070 4497 3342 4565 proferre,
3374 4515 3482 4553 non
3517 4500 3612 4554 bo-

2039 4603 2171 4640 num
2213 4585 2376 4641 nobis
2412 4602 2533 4641 esse
2565 4585 2876 4641 videbatur.
2917 4585 3158 4642 Primum
3196 4589 3444 4658 quidem,
3487 4606 3614 4660 pro-

2039 4689 2226 4745 pterea
2261 4678 2405 4748 quod
2437 4694 2505 4732 ex
2545 4679 3019 4748 consequentibus
3073 4689 3128 4740 et
3158 4685 3616 4738 antecedentibus

2040 4769 2207 4840 hujus
2230 4769 2510 4839 opinionis
2551 4781 2790 4824 mentem
2821 4784 3277 4830 sanctorumesse
3304 4775 3616 4832 constabat.

2043 4863 2250 4916 Deinde
2295 4863 2459 4917 etiam
2505 4877 2629 4918 cum
2685 4865 2904 4933 plurimi
2968 4880 3034 4920 ac
3086 4867 3444 4922 vetustissimi
3490 4869 3615 4922 libri

2041 4953 2187 5006 istud
2228 4952 2519 5018 haberent,
2551 4969 2662 5008 non
2709 4965 3032 5024 poteramus
3067 4955 3188 5010 illus
3219 4956 3386 5010 veluti
3414 4958 3613 5026 depra-

2050 5055 2211 5098 vatos
2245 5043 2478 5114 rejicere
2506 5054 2672 5114 atque
2702 5045 2968 5099 refutare.
3006 5043 3315 5101 Praesertim
3356 5063 3480 5101 cum
3515 5063 3615 5102 nos

2049 5137 2260 5189 nullum
2293 5136 2852 5190 habercmuslibrum
2889 5152 2999 5191 non
3039 5137 3246 5205 Graece,
3279 5153 3382 5192 non
3425 5137 3618 5192 Latine

2047 5227 2338 5295 scriptum,
2381 5241 2543 5295 quem
2585 5242 2745 5282 secus
2787 5227 3012 5294 habere,
3057 5243 3219 5296 quam
3265 5226 3444 5282 Latini
3488 5243 3617 5296 pro-

2047 5316 2356 5380 duxissent,
2403 5317 2864 5384 ostenderemus;
2906 5319 3002 5386 qui
3034 5317 3148 5371 lieri
3185 5329 3370 5386 posset
3411 5326 3467 5368 ut
3498 5318 3619 5386 ju:e

2046 5411 2257 5479 optimo
2303 5425 2496 5463 eorum
2535 5409 2710 5464 libros
2763 5417 3023 5479 tanquam
3063 5410 3286 5462 vitiatos
3337 5407 3620 5475 excipere-

2046 5502 2200 5555 mus?
2235 5503 2397 5556 (lcrte
2442 5501 2617 5564 enim,
2669 5501 2763 5570 qui
2813 5504 2932 5554 vult
2969 5501 3207 5568 aliquem
3249 5499 3617 5567 proscribere,

2044 5605 2100 5648 et
2155 5604 2214 5648 ut
2259 5594 2508 5646 vitiatum
2565 5605 2732 5662 atque
2771 5603 3092 5661 corruptum
3135 5591 3450 5656 excludere,
3499 5595 3620 5644 sine

2047 5686 2248 5741 debitis
2292 5685 2605 5740 rationibus
2665 5695 2718 5739 et
2771 5685 2942 5738 firmis
2989 5685 3170 5738 causis
3214 5684 3316 5736 hoc
3361 5693 3620 5752 pr.estare

2048 5778 2275 5832 minime
2340 5787 2539 5847 potest.
2617 5777 2728 5831 Nos
2797 5779 2935 5832 alios
3003 5783 3223 5831 sanctos
3283 5775 3622 5831 contrarium

373 5884 706 5936 ullirmantcs
775 5876 1069 5934 ostendere
1147 5887 1252 5927 non
1314 5878 1666 5942 poteramus;
1737 5869 1956 5927 eosdem
2001 5869 2148 5941 ipsos
2219 5867 2604 5928 Occidentales
2667 5869 2827 5926 aliter
2887 5869 3130 5927 dicentes
3183 5869 3338 5938 alibi,
3395 5871 3622 5942 minime
