  <div class='ocr_page' id='page_1' title='image "/cluster/home/n/w/nwhite01/storage/ocr_20150623/161/coo.31924054870666/269.png"; bbox 0 0 4124 6426; ppageno 0'>
   <div class='ocr_carea' id='block_1_1' title="bbox 462 373 582 441">
    <p class='ocr_par' dir='ltr' id='par_1_1' title="bbox 462 373 582 441">
     <span class='ocr_line' id='line_1_1' title="bbox 462 373 582 441; baseline -0.042 0"><span class='ocrx_word' id='word_1_1' title='bbox 462 374 520 441; x_wconf 50' lang='grc'>3,</span> <span class='ocrx_word' id='word_1_2' title='bbox 539 373 582 436; x_wconf 83' lang='grc'><strong>’9</strong></span> 
     </span>
    </p>
   </div>
   <div class='ocr_carea' id='block_1_2' title="bbox 1407 362 2752 429">
    <p class='ocr_par' dir='ltr' id='par_1_2' title="bbox 1407 362 2752 429">
     <span class='ocr_line' id='line_1_2' title="bbox 1407 362 2752 429; baseline 0.001 -5"><span class='ocrx_word' id='word_1_3' title='bbox 1407 364 1920 428; x_wconf 77' lang='lat' dir='ltr'><strong>BESSARI’ONJS</strong></span> <span class='ocrx_word' id='word_1_4' title='bbox 1957 366 2018 428; x_wconf 80' lang='lat' dir='ltr'><strong>S.</strong></span> <span class='ocrx_word' id='word_1_5' title='bbox 2055 365 2126 428; x_wconf 73' lang='lat' dir='ltr'><strong>li.</strong></span> <span class='ocrx_word' id='word_1_6' title='bbox 2176 365 2238 428; x_wconf 80' lang='grc' dir='ltr'><strong>Ε.</strong></span> <span class='ocrx_word' id='word_1_7' title='bbox 2284 362 2752 429; x_wconf 67' lang='grc' dir='ltr'><strong>(ἶᾹῐῖῐ).ΝΑΙ,Ῑ3</strong></span> 
     </span>
    </p>
   </div>
   <div class='ocr_carea' id='block_1_3' title="bbox 3611 360 3748 426">
    <p class='ocr_par' dir='ltr' id='par_1_3' title="bbox 3611 360 3748 426">
     <span class='ocr_line' id='line_1_3' title="bbox 3611 360 3748 426; baseline 0.015 -2"><span class='ocrx_word' id='word_1_8' title='bbox 3611 360 3748 426; x_wconf 75' lang='lat'><strong>360-</strong></span> 
     </span>
    </p>
   </div>
   <div class='ocr_carea' id='block_1_4' title="bbox 471 474 3711 550">
    <p class='ocr_par' dir='ltr' id='par_1_4' title="bbox 471 474 3711 550">
     <span class='ocr_line' id='line_1_4' title="bbox 471 474 3711 550; baseline -0.004 -5"><span class='ocrx_word' id='word_1_9' title='bbox 471 482 918 545; x_wconf 84' lang='lat' dir='ltr'><strong>ostendebamus.</strong></span> <span class='ocrx_word' id='word_1_10' title='bbox 993 475 1182 533; x_wconf 87' lang='lat' dir='ltr'><strong>Ductis</strong></span> <span class='ocrx_word' id='word_1_11' title='bbox 1237 490 1266 530; x_wconf 91' lang='lat' dir='ltr'><strong>a</strong></span> <span class='ocrx_word' id='word_1_12' title='bbox 1338 485 1535 532; x_wconf 89' lang='lat' dir='ltr'><strong>natura</strong></span> <span class='ocrx_word' id='word_1_13' title='bbox 1580 474 1894 530; x_wconf 87' lang='lat' dir='ltr'><strong>rationibus</strong></span> <span class='ocrx_word' id='word_1_14' title='bbox 1939 491 2037 532; x_wconf 86' lang='lat' dir='ltr'><strong>eos</strong></span> <span class='ocrx_word' id='word_1_15' title='bbox 2099 477 2360 548; x_wconf 82' lang='lat' dir='ltr'><strong>deceptos</strong></span> <span class='ocrx_word' id='word_1_16' title='bbox 2420 479 2691 550; x_wconf 86' lang='lat' dir='ltr'><strong>probare,</strong></span> <span class='ocrx_word' id='word_1_17' title='bbox 2730 475 2870 533; x_wconf 85' lang='lat' dir='ltr'><strong>nihil</strong></span> <span class='ocrx_word' id='word_1_18' title='bbox 2922 475 3108 532; x_wconf 87' lang='lat' dir='ltr'><strong>minus</strong></span> <span class='ocrx_word' id='word_1_19' title='bbox 3159 483 3500 547; x_wconf 76' lang='lat' dir='ltr'><strong>poteramus.</strong></span> <span class='ocrx_word' id='word_1_20' title='bbox 3557 475 3711 533; x_wconf 75' lang='lat' dir='ltr'><strong>Nulla</strong></span> 
     </span>
    </p>
   </div>
   <div class='ocr_carea' id='block_1_5' title="bbox 471 570 3150 654">
    <p class='ocr_par' dir='ltr' id='par_1_5' title="bbox 471 570 3150 654">
     <span class='ocr_line' id='line_1_5' title="bbox 471 570 3150 654; baseline -0.003 -18"><span class='ocrx_word' id='word_1_21' title='bbox 471 582 641 654; x_wconf 86' lang='lat' dir='ltr'><strong>igitur</strong></span> <span class='ocrx_word' id='word_1_22' title='bbox 669 593 736 632; x_wconf 78' lang='lat' dir='ltr'><strong>ex</strong></span> <span class='ocrx_word' id='word_1_23' title='bbox 787 582 944 646; x_wconf 91' lang='lat' dir='ltr'><strong>parte</strong></span> <span class='ocrx_word' id='word_1_24' title='bbox 971 572 1176 645; x_wconf 97' lang='lat' dir='ltr'><strong>justam</strong></span> <span class='ocrx_word' id='word_1_25' title='bbox 1225 585 1450 626; x_wconf 84' lang='lat' dir='ltr'><strong>causam</strong></span> <span class='ocrx_word' id='word_1_26' title='bbox 1485 570 1646 626; x_wconf 86' lang='lat' dir='ltr'><strong>nobis</strong></span> <span class='ocrx_word' id='word_1_27' title='bbox 1687 570 1937 625; x_wconf 74' lang='lat' dir='ltr'><strong>relictam</strong></span> <span class='ocrx_word' id='word_1_28' title='bbox 1971 570 2314 636; x_wconf 82' lang='lat' dir='ltr'><strong>videbamus,</strong></span> <span class='ocrx_word' id='word_1_29' title='bbox 2342 583 2634 644; x_wconf 77' lang='lat' dir='ltr'><strong>propterea</strong></span> <span class='ocrx_word' id='word_1_30' title='bbox 2666 582 2723 630; x_wconf 91' lang='lat' dir='ltr'><strong>et</strong></span> <span class='ocrx_word' id='word_1_31' title='bbox 2749 573 3150 630; x_wconf 89' lang='lat' dir='ltr'><strong>conticuimus.</strong></span> 
     </span>
    </p>
   </div>
   <div class='ocr_carea' id='block_1_6' title="bbox 537 660 2112 731">
    <p class='ocr_par' dir='ltr' id='par_1_6' title="bbox 537 660 2112 731">
     <span class='ocr_line' id='line_1_6' title="bbox 537 660 2112 731; baseline -0.006 -6"><span class='ocrx_word' id='word_1_32' title='bbox 537 673 793 726; x_wconf 82' lang='lat' dir='ltr'><strong>Attamen</strong></span> <span class='ocrx_word' id='word_1_33' title='bbox 839 678 950 719; x_wconf 90' lang='lat' dir='ltr'><strong>non</strong></span> <span class='ocrx_word' id='word_1_34' title='bbox 997 662 1250 725; x_wconf 86' lang='lat' dir='ltr'><strong>deerant,</strong></span> <span class='ocrx_word' id='word_1_35' title='bbox 1293 661 1388 731; x_wconf 95' lang='lat' dir='ltr'><strong>qui</strong></span> <span class='ocrx_word' id='word_1_36' title='bbox 1424 669 1482 716; x_wconf 90' lang='lat' dir='ltr'><strong>et</strong></span> <span class='ocrx_word' id='word_1_37' title='bbox 1533 660 1644 716; x_wconf 90' lang='lat' dir='ltr'><strong>alio</strong></span> <span class='ocrx_word' id='word_1_38' title='bbox 1687 660 2040 716; x_wconf 85' lang='lat' dir='ltr'><strong>abundarent</strong></span> <span class='ocrx_word' id='word_1_39' title='bbox 2067 668 2112 723; x_wconf 76' lang='grc' dir='ltr'><strong>Α</strong></span> 
     </span>
    </p>
   </div>
   <div class='ocr_carea' id='block_1_7' title="bbox 466 748 2040 830">
    <p class='ocr_par' dir='ltr' id='par_1_7' title="bbox 466 748 2040 830">
     <span class='ocr_line' id='line_1_7' title="bbox 466 748 2040 830; baseline -0.008 -13"><span class='ocrx_word' id='word_1_40' title='bbox 466 772 757 830; x_wconf 85' lang='lat' dir='ltr'><strong>responso,</strong></span> <span class='ocrx_word' id='word_1_41' title='bbox 803 753 1068 810; x_wconf 86' lang='lat' dir='ltr'><strong>nimirum</strong></span> <span class='ocrx_word' id='word_1_42' title='bbox 1107 766 1326 808; x_wconf 84' lang='lat' dir='ltr'><strong>errasse</strong></span> <span class='ocrx_word' id='word_1_43' title='bbox 1359 748 1740 806; x_wconf 85' lang='lat' dir='ltr'><strong>Occidentales</strong></span> <span class='ocrx_word' id='word_1_44' title='bbox 1797 759 2040 816; x_wconf 90' lang='lat' dir='ltr'><strong>sanctos,</strong></span> 
     </span>
    </p>
   </div>
   <div class='ocr_carea' id='block_1_8' title="bbox 464 840 2042 916">
    <p class='ocr_par' dir='ltr' id='par_1_8' title="bbox 464 840 2042 916">
     <span class='ocr_line' id='line_1_8' title="bbox 464 840 2042 916; baseline -0.008 -9"><span class='ocrx_word' id='word_1_45' title='bbox 464 863 520 907; x_wconf 85' lang='lat' dir='ltr'><strong>et</strong></span> <span class='ocrx_word' id='word_1_46' title='bbox 565 851 621 904; x_wconf 92' lang='lat' dir='ltr'><strong>in</strong></span> <span class='ocrx_word' id='word_1_47' title='bbox 659 848 764 903; x_wconf 88' lang='lat' dir='ltr'><strong>hoc</strong></span> <span class='ocrx_word' id='word_1_48' title='bbox 800 849 1060 916; x_wconf 81' lang='lat' dir='ltr'><strong>deceptos</strong></span> <span class='ocrx_word' id='word_1_49' title='bbox 1104 857 1250 900; x_wconf 88' lang='lat' dir='ltr'><strong>esse.</strong></span> <span class='ocrx_word' id='word_1_50' title='bbox 1310 842 1429 897; x_wconf 83' lang='lat' dir='ltr'><strong>Hoc</strong></span> <span class='ocrx_word' id='word_1_51' title='bbox 1472 849 1658 897; x_wconf 91' lang='lat' dir='ltr'><strong>autem</strong></span> <span class='ocrx_word' id='word_1_52' title='bbox 1701 840 2042 896; x_wconf 79' lang='lat' dir='ltr'><strong>catholicam</strong></span> 
     </span>
    </p>
   </div>
   <div class='ocr_carea' id='block_1_9' title="bbox 466 931 2042 1001">
    <p class='ocr_par' dir='ltr' id='par_1_9' title="bbox 466 931 2042 1001">
     <span class='ocr_line' id='line_1_9' title="bbox 466 931 2042 1001; baseline -0.007 -5"><span class='ocrx_word' id='word_1_53' title='bbox 466 941 633 997; x_wconf 88' lang='lat' dir='ltr'><strong>tidem</strong></span> <span class='ocrx_word' id='word_1_54' title='bbox 671 937 835 993; x_wconf 84' lang='lat' dir='ltr'><strong>nobis</strong></span> <span class='ocrx_word' id='word_1_55' title='bbox 868 944 1146 1001; x_wconf 87' lang='lat' dir='ltr'><strong>evertere,</strong></span> <span class='ocrx_word' id='word_1_56' title='bbox 1179 933 1534 989; x_wconf 83' lang='lat' dir='ltr'><strong>manifestum</strong></span> <span class='ocrx_word' id='word_1_57' title='bbox 1569 941 1676 988; x_wconf 84' lang='lat' dir='ltr'><strong>est.</strong></span> <span class='ocrx_word' id='word_1_58' title='bbox 1701 932 1762 987; x_wconf 89' lang='lat' dir='ltr'><strong>Si</strong></span> <span class='ocrx_word' id='word_1_59' title='bbox 1794 931 1944 987; x_wconf 90' lang='lat' dir='ltr'><strong>enim</strong></span> <span class='ocrx_word' id='word_1_60' title='bbox 1979 933 2042 986; x_wconf 85' lang='lat' dir='ltr'><strong>ti-</strong></span> 
     </span>
    </p>
   </div>
   <div class='ocr_carea' id='block_1_10' title="bbox 465 1022 2041 1097">
    <p class='ocr_par' dir='ltr' id='par_1_10' title="bbox 465 1022 2041 1097">
     <span class='ocr_line' id='line_1_10' title="bbox 465 1022 2041 1097; baseline -0.003 -14"><span class='ocrx_word' id='word_1_61' title='bbox 465 1030 563 1085; x_wconf 86' lang='lat' dir='ltr'><strong>des</strong></span> <span class='ocrx_word' id='word_1_62' title='bbox 608 1036 790 1084; x_wconf 88' lang='lat' dir='ltr'><strong>nostra</strong></span> <span class='ocrx_word' id='word_1_63' title='bbox 837 1025 1042 1097; x_wconf 89' lang='lat' dir='ltr'><strong>pendet</strong></span> <span class='ocrx_word' id='word_1_64' title='bbox 1073 1040 1101 1079; x_wconf 92' lang='lat' dir='ltr'><strong>a</strong></span> <span class='ocrx_word' id='word_1_65' title='bbox 1136 1024 1370 1088; x_wconf 85' lang='lat' dir='ltr'><strong>sanctis,</strong></span> <span class='ocrx_word' id='word_1_66' title='bbox 1405 1023 1462 1079; x_wconf 89' lang='lat' dir='ltr'><strong>hi</strong></span> <span class='ocrx_word' id='word_1_67' title='bbox 1498 1036 1632 1079; x_wconf 89' lang='lat' dir='ltr'><strong>vero</strong></span> <span class='ocrx_word' id='word_1_68' title='bbox 1675 1022 1943 1079; x_wconf 82' lang='lat' dir='ltr'><strong>falluntur</strong></span> <span class='ocrx_word' id='word_1_69' title='bbox 1985 1022 2041 1078; x_wconf 92' lang='lat' dir='ltr'><strong>in</strong></span> 
     </span>
    </p>
   </div>
   <div class='ocr_carea' id='block_1_11' title="bbox 465 1116 1404 1186">
    <p class='ocr_par' dir='ltr' id='par_1_11' title="bbox 465 1116 1404 1186">
     <span class='ocr_line' id='line_1_11' title="bbox 465 1116 1404 1186; baseline -0.006 -11"><span class='ocrx_word' id='word_1_70' title='bbox 465 1119 593 1175; x_wconf 79' lang='lat' dir='ltr'><strong>ﬁdei</strong></span> <span class='ocrx_word' id='word_1_71' title='bbox 623 1118 884 1186; x_wconf 80' lang='lat' dir='ltr'><strong>veritate,</strong></span> <span class='ocrx_word' id='word_1_72' title='bbox 911 1116 1047 1173; x_wconf 80' lang='lat' dir='ltr'><strong>ﬁdes</strong></span> <span class='ocrx_word' id='word_1_73' title='bbox 1070 1131 1265 1172; x_wconf 87' lang='lat' dir='ltr'><strong>eversa</strong></span> <span class='ocrx_word' id='word_1_74' title='bbox 1297 1124 1404 1170; x_wconf 90' lang='lat' dir='ltr'><strong>est.</strong></span> 
     </span>
    </p>
   </div>
   <div class='ocr_carea' id='block_1_12' title="bbox 439 1206 2043 1288">
    <p class='ocr_par' dir='ltr' id='par_1_12' title="bbox 439 1206 2043 1288">
     <span class='ocr_line' id='line_1_12' title="bbox 439 1206 2043 1288; baseline -0.003 -18"><span class='ocrx_word' id='word_1_75' title='bbox 439 1259 443 1288; x_wconf 43' lang='grc' dir='ltr'><strong>ι</strong></span> <span class='ocrx_word' id='word_1_76' title='bbox 533 1212 832 1282; x_wconf 83' lang='lat' dir='ltr'><strong>Pmpterea</strong></span> <span class='ocrx_word' id='word_1_77' title='bbox 884 1209 1052 1279; x_wconf 79' lang='lat' dir='ltr'><strong>igitur</strong></span> <span class='ocrx_word' id='word_1_78' title='bbox 1096 1208 1224 1278; x_wconf 87' lang='lat' dir='ltr'><strong>jure</strong></span> <span class='ocrx_word' id='word_1_79' title='bbox 1272 1206 1483 1277; x_wconf 90' lang='lat' dir='ltr'><strong>optimo</strong></span> <span class='ocrx_word' id='word_1_80' title='bbox 1527 1221 1653 1263; x_wconf 90' lang='lat' dir='ltr'><strong>cum</strong></span> <span class='ocrx_word' id='word_1_81' title='bbox 1683 1206 1893 1264; x_wconf 87' lang='lat' dir='ltr'><strong>Latinis</strong></span> <span class='ocrx_word' id='word_1_82' title='bbox 1914 1208 2043 1265; x_wconf 82' lang='lat' dir='ltr'><strong>sub-</strong></span> 
     </span>
    </p>
   </div>
   <div class='ocr_carea' id='block_1_13' title="bbox 465 1300 2041 1368">
    <p class='ocr_par' dir='ltr' id='par_1_13' title="bbox 465 1300 2041 1368">
     <span class='ocr_line' id='line_1_13' title="bbox 465 1300 2041 1368; baseline -0.002 -7"><span class='ocrx_word' id='word_1_83' title='bbox 465 1316 651 1362; x_wconf 89' lang='lat' dir='ltr'><strong>secuta</strong></span> <span class='ocrx_word' id='word_1_84' title='bbox 685 1313 772 1360; x_wconf 91' lang='lat' dir='ltr'><strong>est</strong></span> <span class='ocrx_word' id='word_1_85' title='bbox 800 1311 856 1358; x_wconf 92' lang='lat' dir='ltr'><strong>et</strong></span> <span class='ocrx_word' id='word_1_86' title='bbox 883 1301 1208 1358; x_wconf 81' lang='lat' dir='ltr'><strong>conﬁrmata</strong></span> <span class='ocrx_word' id='word_1_87' title='bbox 1242 1300 1539 1356; x_wconf 87' lang='lat' dir='ltr'><strong>concordia</strong></span> <span class='ocrx_word' id='word_1_88' title='bbox 1565 1341 1580 1368; x_wconf 91' lang='lat'><strong>,</strong></span> <span class='ocrx_word' id='word_1_89' title='bbox 1607 1307 1665 1355; x_wconf 89' lang='lat' dir='ltr'><strong>et</strong></span> <span class='ocrx_word' id='word_1_90' title='bbox 1694 1316 1886 1358; x_wconf 91' lang='lat' dir='ltr'><strong>omnes</strong></span> <span class='ocrx_word' id='word_1_91' title='bbox 1918 1303 2041 1358; x_wconf 86' lang='lat' dir='ltr'><strong>abs-</strong></span> 
     </span>
    </p>
   </div>
   <div class='ocr_carea' id='block_1_14' title="bbox 464 1393 2040 1472">
    <p class='ocr_par' dir='ltr' id='par_1_14' title="bbox 464 1393 2040 1472">
     <span class='ocr_line' id='line_1_14' title="bbox 464 1393 2040 1472; baseline -0.003 -18"><span class='ocrx_word' id='word_1_92' title='bbox 464 1417 572 1472; x_wconf 89' lang='lat' dir='ltr'><strong>que</strong></span> <span class='ocrx_word' id='word_1_93' title='bbox 613 1400 722 1453; x_wconf 88' lang='lat' dir='ltr'><strong>ulla</strong></span> <span class='ocrx_word' id='word_1_94' title='bbox 769 1397 846 1460; x_wconf 88' lang='lat' dir='ltr'><strong>vi,</strong></span> <span class='ocrx_word' id='word_1_95' title='bbox 896 1395 1008 1450; x_wconf 89' lang='lat' dir='ltr'><strong>Deo</strong></span> <span class='ocrx_word' id='word_1_96' title='bbox 1060 1402 1231 1458; x_wconf 86' lang='lat' dir='ltr'><strong>teste,</strong></span> <span class='ocrx_word' id='word_1_97' title='bbox 1293 1403 1718 1449; x_wconf 89' lang='lat' dir='ltr'><strong>consenserunt.</strong></span> <span class='ocrx_word' id='word_1_98' title='bbox 1761 1393 2040 1465; x_wconf 86' lang='lat' dir='ltr'><strong>Quotquot</strong></span> 
     </span>
    </p>
   </div>
   <div class='ocr_carea' id='block_1_15' title="bbox 465 1481 2038 1552">
    <p class='ocr_par' dir='ltr' id='par_1_15' title="bbox 465 1481 2038 1552">
     <span class='ocr_line' id='line_1_15' title="bbox 465 1481 2038 1552; baseline -0.004 -10"><span class='ocrx_word' id='word_1_99' title='bbox 465 1497 646 1544; x_wconf 83' lang='lat' dir='ltr'><strong>autem</strong></span> <span class='ocrx_word' id='word_1_100' title='bbox 692 1483 1013 1540; x_wconf 87' lang='lat' dir='ltr'><strong>consentire</strong></span> <span class='ocrx_word' id='word_1_101' title='bbox 1053 1483 1353 1537; x_wconf 86' lang='lat' dir='ltr'><strong>noluerunt</strong></span> <span class='ocrx_word' id='word_1_102' title='bbox 1400 1481 1481 1552; x_wconf 91' lang='lat' dir='ltr'><strong>(hi</strong></span> <span class='ocrx_word' id='word_1_103' title='bbox 1518 1496 1648 1536; x_wconf 88' lang='lat' dir='ltr'><strong>vero</strong></span> <span class='ocrx_word' id='word_1_104' title='bbox 1679 1481 1812 1546; x_wconf 93' lang='lat' dir='ltr'><strong>duo,</strong></span> <span class='ocrx_word' id='word_1_105' title='bbox 1835 1489 1892 1536; x_wconf 92' lang='lat' dir='ltr'><strong>et</strong></span> <span class='ocrx_word' id='word_1_106' title='bbox 1926 1497 2038 1536; x_wconf 92' lang='lat' dir='ltr'><strong>non</strong></span> 
     </span>
    </p>
   </div>
   <div class='ocr_carea' id='block_1_16' title="bbox 465 1571 2038 1648">
    <p class='ocr_par' dir='ltr' id='par_1_16' title="bbox 465 1571 2038 1648">
     <span class='ocr_line' id='line_1_16' title="bbox 465 1571 2038 1648; baseline -0.004 -15"><span class='ocrx_word' id='word_1_107' title='bbox 465 1578 698 1648; x_wconf 90' lang='lat' dir='ltr'><strong>amplius</strong></span> <span class='ocrx_word' id='word_1_108' title='bbox 734 1575 936 1643; x_wconf 89' lang='lat' dir='ltr'><strong>erant),</strong></span> <span class='ocrx_word' id='word_1_109' title='bbox 980 1589 1090 1628; x_wconf 92' lang='lat' dir='ltr'><strong>non</strong></span> <span class='ocrx_word' id='word_1_110' title='bbox 1127 1571 1328 1638; x_wconf 85' lang='lat' dir='ltr'><strong>coacti,</strong></span> <span class='ocrx_word' id='word_1_111' title='bbox 1362 1571 1458 1626; x_wconf 90' lang='lat' dir='ltr'><strong>sed</strong></span> <span class='ocrx_word' id='word_1_112' title='bbox 1497 1571 1706 1626; x_wconf 87' lang='lat' dir='ltr'><strong>domini</strong></span> <span class='ocrx_word' id='word_1_113' title='bbox 1738 1571 1823 1626; x_wconf 87' lang='lat' dir='ltr'><strong>sui</strong></span> <span class='ocrx_word' id='word_1_114' title='bbox 1865 1571 2038 1641; x_wconf 88' lang='lat' dir='ltr'><strong>ipsius</strong></span> 
     </span>
    </p>
   </div>
   <div class='ocr_carea' id='block_1_17' title="bbox 466 1660 2037 1738">
    <p class='ocr_par' dir='ltr' id='par_1_17' title="bbox 466 1660 2037 1738">
     <span class='ocr_line' id='line_1_17' title="bbox 466 1660 2037 1738; baseline -0.003 -17"><span class='ocrx_word' id='word_1_115' title='bbox 466 1667 810 1738; x_wconf 65' lang='lat' dir='ltr'><strong>propriaeque</strong></span> <span class='ocrx_word' id='word_1_116' title='bbox 834 1664 1124 1720; x_wconf 84' lang='lat' dir='ltr'><strong>sententiae</strong></span> <span class='ocrx_word' id='word_1_117' title='bbox 1154 1669 1559 1716; x_wconf 87' lang='lat' dir='ltr'><strong>remanserunt.</strong></span> <span class='ocrx_word' id='word_1_118' title='bbox 1602 1660 1804 1715; x_wconf 85' lang='lat' dir='ltr'><strong>Jurene</strong></span> <span class='ocrx_word' id='word_1_119' title='bbox 1827 1676 1890 1716; x_wconf 91' lang='lat' dir='ltr'><strong>ac</strong></span> <span class='ocrx_word' id='word_1_120' title='bbox 1925 1676 2037 1716; x_wconf 90' lang='lat' dir='ltr'><strong>me-</strong></span> 
     </span>
    </p>
   </div>
   <div class='ocr_carea' id='block_1_18' title="bbox 466 1748 2036 1822">
    <p class='ocr_par' dir='ltr' id='par_1_18' title="bbox 466 1748 2036 1822">
     <span class='ocr_line' id='line_1_18' title="bbox 466 1748 2036 1822; baseline -0.003 -15"><span class='ocrx_word' id='word_1_121' title='bbox 466 1756 597 1819; x_wconf 85' lang='lat' dir='ltr'><strong>rito,</strong></span> <span class='ocrx_word' id='word_1_122' title='bbox 631 1763 688 1807; x_wconf 93' lang='lat' dir='ltr'><strong>tu</strong></span> <span class='ocrx_word' id='word_1_123' title='bbox 716 1754 832 1822; x_wconf 87' lang='lat' dir='ltr'><strong>ipse</strong></span> <span class='ocrx_word' id='word_1_124' title='bbox 858 1750 1160 1818; x_wconf 69' lang='lat' dir='ltr'><strong>iudicabis,</strong></span> <span class='ocrx_word' id='word_1_125' title='bbox 1187 1758 1480 1818; x_wconf 83' lang='lat' dir='ltr'><strong>postquam</strong></span> <span class='ocrx_word' id='word_1_126' title='bbox 1517 1748 1723 1803; x_wconf 72' lang='lat' dir='ltr'><strong>videris</strong></span> <span class='ocrx_word' id='word_1_127' title='bbox 1748 1763 1814 1803; x_wconf 91' lang='lat' dir='ltr'><strong>ac</strong></span> <span class='ocrx_word' id='word_1_128' title='bbox 1838 1749 2036 1820; x_wconf 87' lang='lat' dir='ltr'><strong>legeris</strong></span> 
     </span>
    </p>
   </div>
   <div class='ocr_carea' id='block_1_19' title="bbox 463 1839 2036 1911">
    <p class='ocr_par' dir='ltr' id='par_1_19' title="bbox 463 1839 2036 1911">
     <span class='ocr_line' id='line_1_19' title="bbox 463 1839 2036 1911; baseline -0.004 -11"><span class='ocrx_word' id='word_1_129' title='bbox 463 1844 820 1901; x_wconf 89' lang='lat' dir='ltr'><strong>auctoritates</strong></span> <span class='ocrx_word' id='word_1_130' title='bbox 851 1850 1192 1909; x_wconf 88' lang='lat' dir='ltr'><strong>sanctorum,</strong></span> <span class='ocrx_word' id='word_1_131' title='bbox 1221 1855 1359 1911; x_wconf 90' lang='lat' dir='ltr'><strong>quas</strong></span> <span class='ocrx_word' id='word_1_132' title='bbox 1383 1839 1481 1894; x_wconf 88' lang='lat' dir='ltr'><strong>tibi</strong></span> <span class='ocrx_word' id='word_1_133' title='bbox 1507 1854 1657 1893; x_wconf 90' lang='lat' dir='ltr'><strong>nunc</strong></span> <span class='ocrx_word' id='word_1_134' title='bbox 1691 1839 1873 1895; x_wconf 88' lang='lat' dir='ltr'><strong>mitto.</strong></span> <span class='ocrx_word' id='word_1_135' title='bbox 1902 1839 2036 1908; x_wconf 86' lang='lat' dir='ltr'><strong>Quis</strong></span> 
     </span>
    </p>
   </div>
   <div class='ocr_carea' id='block_1_20' title="bbox 462 1932 2034 1998">
    <p class='ocr_par' dir='ltr' id='par_1_20' title="bbox 462 1932 2034 1998">
     <span class='ocr_line' id='line_1_20' title="bbox 462 1932 2034 1998; baseline -0.003 -6"><span class='ocrx_word' id='word_1_136' title='bbox 462 1939 612 1992; x_wconf 88' lang='lat' dir='ltr'><strong>enim</strong></span> <span class='ocrx_word' id='word_1_137' title='bbox 653 1937 798 1991; x_wconf 88' lang='lat' dir='ltr'><strong>inter</strong></span> <span class='ocrx_word' id='word_1_138' title='bbox 830 1933 1176 1991; x_wconf 84' lang='lat' dir='ltr'><strong>Christianos</strong></span> <span class='ocrx_word' id='word_1_139' title='bbox 1219 1933 1579 1998; x_wconf 88' lang='lat' dir='ltr'><strong>constitutus,</strong></span> <span class='ocrx_word' id='word_1_140' title='bbox 1629 1947 1738 1986; x_wconf 92' lang='lat' dir='ltr'><strong>non</strong></span> <span class='ocrx_word' id='word_1_141' title='bbox 1773 1932 1910 1986; x_wconf 91' lang='lat' dir='ltr'><strong>istos</strong></span> <span class='ocrx_word' id='word_1_142' title='bbox 1946 1946 2034 1987; x_wconf 85' lang='lat' dir='ltr'><strong>se-</strong></span> 
     </span>
    </p>
   </div>
   <div class='ocr_carea' id='block_1_21' title="bbox 463 2004 2110 2105">
    <p class='ocr_par' dir='ltr' id='par_1_21' title="bbox 463 2004 2110 2105">
     <span class='ocr_line' id='line_1_21' title="bbox 463 2004 2110 2105; baseline -0.003 -23"><span class='ocrx_word' id='word_1_143' title='bbox 463 2015 752 2096; x_wconf 81' lang='lat' dir='ltr'><strong>queretur,</strong></span> <span class='ocrx_word' id='word_1_144' title='bbox 797 2040 862 2080; x_wconf 92' lang='lat' dir='ltr'><strong>ac</strong></span> <span class='ocrx_word' id='word_1_145' title='bbox 915 2034 1087 2080; x_wconf 86' lang='lat' dir='ltr'><strong>staret</strong></span> <span class='ocrx_word' id='word_1_146' title='bbox 1123 2040 1250 2080; x_wconf 91' lang='lat' dir='ltr'><strong>cum</strong></span> <span class='ocrx_word' id='word_1_147' title='bbox 1297 2032 1460 2105; x_wconf 73' lang='lat' dir='ltr'><strong>cmtu</strong></span> <span class='ocrx_word' id='word_1_148' title='bbox 1485 2024 1683 2079; x_wconf 91' lang='lat' dir='ltr'><strong>horum</strong></span> <span class='ocrx_word' id='word_1_149' title='bbox 1722 2025 2030 2093; x_wconf 83' lang='lat' dir='ltr'><strong>doctarum,</strong></span> <span class='ocrx_word' id='word_1_150' title='bbox 2068 2004 2110 2060; x_wconf 72' lang='grc' dir='ltr'><strong><em>Β</em></strong></span> 
     </span>
    </p>
   </div>
   <div class='ocr_carea' id='block_1_22' title="bbox 465 2114 2032 2188">
    <p class='ocr_par' dir='ltr' id='par_1_22' title="bbox 465 2114 2032 2188">
     <span class='ocr_line' id='line_1_22' title="bbox 465 2114 2032 2188; baseline -0.001 -15"><span class='ocrx_word' id='word_1_151' title='bbox 465 2120 710 2188; x_wconf 88' lang='lat' dir='ltr'><strong>itemque</strong></span> <span class='ocrx_word' id='word_1_152' title='bbox 727 2116 1080 2172; x_wconf 86' lang='lat' dir='ltr'><strong>orientalium</strong></span> <span class='ocrx_word' id='word_1_153' title='bbox 1101 2115 1124 2168; x_wconf 76' lang='grc' dir='ltr'><strong>’ί</strong></span> <span class='ocrx_word' id='word_1_154' title='bbox 1144 2114 1394 2170; x_wconf 85' lang='lat' dir='ltr'><strong>Consona</strong></span> <span class='ocrx_word' id='word_1_155' title='bbox 1411 2115 1560 2170; x_wconf 89' lang='lat' dir='ltr'><strong>enim</strong></span> <span class='ocrx_word' id='word_1_156' title='bbox 1588 2114 1826 2171; x_wconf 85' lang='lat' dir='ltr'><strong>invicem</strong></span> <span class='ocrx_word' id='word_1_157' title='bbox 1849 2115 2032 2172; x_wconf 87' lang='lat' dir='ltr'><strong>dicere</strong></span> 
     </span>
    </p>
   </div>
   <div class='ocr_carea' id='block_1_23' title="bbox 466 2205 2044 2276">
    <p class='ocr_par' dir='ltr' id='par_1_23' title="bbox 466 2205 2044 2276">
     <span class='ocr_line' id='line_1_23' title="bbox 466 2205 2044 2276; baseline -0.002 -11"><span class='ocrx_word' id='word_1_158' title='bbox 466 2225 692 2268; x_wconf 87' lang='lat' dir='ltr'><strong>necesse</strong></span> <span class='ocrx_word' id='word_1_159' title='bbox 727 2217 810 2263; x_wconf 90' lang='lat' dir='ltr'><strong>est</strong></span> <span class='ocrx_word' id='word_1_160' title='bbox 837 2222 936 2262; x_wconf 90' lang='lat' dir='ltr'><strong>eos</strong></span> <span class='ocrx_word' id='word_1_161' title='bbox 975 2205 1270 2272; x_wconf 89' lang='lat' dir='ltr'><strong>arbitrari,</strong></span> <span class='ocrx_word' id='word_1_162' title='bbox 1312 2205 1775 2276; x_wconf 80' lang='lat' dir='ltr'><strong>quemadmodum</strong></span> <span class='ocrx_word' id='word_1_163' title='bbox 1811 2206 1866 2262; x_wconf 90' lang='lat' dir='ltr'><strong>in</strong></span> <span class='ocrx_word' id='word_1_164' title='bbox 1909 2215 2044 2266; x_wconf 75' lang='lat' dir='ltr'><strong>ora-.‘</strong></span> 
     </span>
    </p>
   </div>
   <div class='ocr_carea' id='block_1_24' title="bbox 465 2299 1663 2370">
    <p class='ocr_par' dir='ltr' id='par_1_24' title="bbox 465 2299 1663 2370">
     <span class='ocr_line' id='line_1_24' title="bbox 465 2299 1663 2370; baseline -0.003 -14"><span class='ocrx_word' id='word_1_165' title='bbox 465 2305 615 2358; x_wconf 86' lang='lat' dir='ltr'><strong>tione</strong></span> <span class='ocrx_word' id='word_1_166' title='bbox 646 2318 677 2358; x_wconf 92' lang='lat' dir='ltr'><strong>a</strong></span> <span class='ocrx_word' id='word_1_167' title='bbox 711 2317 799 2357; x_wconf 91' lang='lat' dir='ltr'><strong>me</strong></span> <span class='ocrx_word' id='word_1_168' title='bbox 837 2303 1044 2370; x_wconf 82' lang='lat' dir='ltr'><strong>scripta</strong></span> <span class='ocrx_word' id='word_1_169' title='bbox 1072 2299 1150 2370; x_wconf 86' lang='grc' dir='ltr'><strong>(Ι)</strong></span> <span class='ocrx_word' id='word_1_170' title='bbox 1189 2299 1379 2354; x_wconf 88' lang='lat' dir='ltr'><strong>multis</strong></span> <span class='ocrx_word' id='word_1_171' title='bbox 1407 2300 1663 2354; x_wconf 85' lang='lat' dir='ltr'><strong>ostendo.</strong></span> 
     </span>
    </p>
   </div>
   <div class='ocr_carea' id='block_1_25' title="bbox 535 2390 2032 2464">
    <p class='ocr_par' dir='ltr' id='par_1_25' title="bbox 535 2390 2032 2464">
     <span class='ocr_line' id='line_1_25' title="bbox 535 2390 2032 2464; baseline -0.001 -15"><span class='ocrx_word' id='word_1_172' title='bbox 535 2396 686 2449; x_wconf 90' lang='lat' dir='ltr'><strong>Dicta</strong></span> <span class='ocrx_word' id='word_1_173' title='bbox 721 2393 889 2464; x_wconf 80' lang='lat' dir='ltr'><strong>igitur</strong></span> <span class='ocrx_word' id='word_1_174' title='bbox 913 2400 1229 2448; x_wconf 79' lang='lat' dir='ltr'><strong>sanctorum</strong></span> <span class='ocrx_word' id='word_1_175' title='bbox 1265 2391 1357 2445; x_wconf 91' lang='lat' dir='ltr'><strong>illa</strong></span> <span class='ocrx_word' id='word_1_176' title='bbox 1389 2390 1507 2461; x_wconf 88' lang='lat' dir='ltr'><strong>ipsa</strong></span> <span class='ocrx_word' id='word_1_177' title='bbox 1535 2406 1636 2461; x_wconf 86' lang='lat' dir='ltr'><strong>per</strong></span> <span class='ocrx_word' id='word_1_178' title='bbox 1671 2405 1791 2448; x_wconf 81' lang='lat' dir='ltr'><strong>sese</strong></span> <span class='ocrx_word' id='word_1_179' title='bbox 1822 2391 1890 2448; x_wconf 91' lang='lat' dir='ltr'><strong>ad</strong></span> <span class='ocrx_word' id='word_1_180' title='bbox 1923 2393 2032 2448; x_wconf 83' lang='lat' dir='ltr'><strong>sol-</strong></span> 
     </span>
    </p>
   </div>
   <div class='ocr_carea' id='block_1_26' title="bbox 467 2482 2032 2556">
    <p class='ocr_par' dir='ltr' id='par_1_26' title="bbox 467 2482 2032 2556">
     <span class='ocr_line' id='line_1_26' title="bbox 467 2482 2032 2556; baseline 0 -16"><span class='ocrx_word' id='word_1_181' title='bbox 467 2487 700 2541; x_wconf 85' lang='lat' dir='ltr'><strong>vendam</strong></span> <span class='ocrx_word' id='word_1_182' title='bbox 739 2499 960 2540; x_wconf 90' lang='lat' dir='ltr'><strong>omnem</strong></span> <span class='ocrx_word' id='word_1_183' title='bbox 993 2482 1440 2554; x_wconf 85' lang='lat' dir='ltr'><strong>ambiguitatem,</strong></span> <span class='ocrx_word' id='word_1_184' title='bbox 1478 2492 1534 2538; x_wconf 89' lang='lat' dir='ltr'><strong>et</strong></span> <span class='ocrx_word' id='word_1_185' title='bbox 1570 2483 1868 2555; x_wconf 90' lang='lat' dir='ltr'><strong>unicuique</strong></span> <span class='ocrx_word' id='word_1_186' title='bbox 1901 2500 2032 2556; x_wconf 87' lang='lat' dir='ltr'><strong>per-</strong></span> 
     </span>
    </p>
   </div>
   <div class='ocr_carea' id='block_1_27' title="bbox 463 2573 2031 2646">
    <p class='ocr_par' dir='ltr' id='par_1_27' title="bbox 463 2573 2031 2646">
     <span class='ocr_line' id='line_1_27' title="bbox 463 2573 2031 2646; baseline 0 -15"><span class='ocrx_word' id='word_1_187' title='bbox 463 2577 806 2631; x_wconf 77' lang='lat' dir='ltr'><strong>suadendum</strong></span> <span class='ocrx_word' id='word_1_188' title='bbox 836 2575 971 2631; x_wconf 86' lang='lat' dir='ltr'><strong>satis</strong></span> <span class='ocrx_word' id='word_1_189' title='bbox 1001 2583 1150 2630; x_wconf 87' lang='lat' dir='ltr'><strong>sunt.</strong></span> <span class='ocrx_word' id='word_1_190' title='bbox 1188 2573 1457 2640; x_wconf 85' lang='lat' dir='ltr'><strong>Quoniam</strong></span> <span class='ocrx_word' id='word_1_191' title='bbox 1507 2573 1641 2628; x_wconf 90' lang='lat' dir='ltr'><strong>mihi</strong></span> <span class='ocrx_word' id='word_1_192' title='bbox 1669 2591 1890 2646; x_wconf 90' lang='lat' dir='ltr'><strong>quoque</strong></span> <span class='ocrx_word' id='word_1_193' title='bbox 1919 2591 2031 2630; x_wconf 89' lang='lat' dir='ltr'><strong>non</strong></span> 
     </span>
    </p>
   </div>
   <div class='ocr_carea' id='block_1_28' title="bbox 462 2664 2034 2740">
    <p class='ocr_par' dir='ltr' id='par_1_28' title="bbox 462 2664 2034 2740">
     <span class='ocr_line' id='line_1_28' title="bbox 462 2664 2034 2740; baseline -0.001 -18"><span class='ocrx_word' id='word_1_194' title='bbox 462 2667 789 2740; x_wconf 76' lang='lat' dir='ltr'><strong>syllogismi,</strong></span> <span class='ocrx_word' id='word_1_195' title='bbox 839 2681 1022 2736; x_wconf 87' lang='lat' dir='ltr'><strong>neque</strong></span> <span class='ocrx_word' id='word_1_196' title='bbox 1051 2664 1478 2736; x_wconf 86' lang='lat' dir='ltr'><strong>prohabilitates</strong></span> <span class='ocrx_word' id='word_1_197' title='bbox 1524 2673 1583 2719; x_wconf 92' lang='lat' dir='ltr'><strong>et</strong></span> <span class='ocrx_word' id='word_1_198' title='bbox 1611 2665 2034 2722; x_wconf 82' lang='lat' dir='ltr'><strong>demonstratio-</strong></span> 
     </span>
    </p>
   </div>
   <div class='ocr_carea' id='block_1_29' title="bbox 461 2759 2027 2831">
    <p class='ocr_par' dir='ltr' id='par_1_29' title="bbox 461 2759 2027 2831">
     <span class='ocr_line' id='line_1_29' title="bbox 461 2759 2027 2831; baseline -0.003 -15"><span class='ocrx_word' id='word_1_199' title='bbox 461 2778 582 2828; x_wconf 78' lang='lat' dir='ltr'><strong>nes,</strong></span> <span class='ocrx_word' id='word_1_200' title='bbox 610 2763 704 2816; x_wconf 86' lang='lat' dir='ltr'><strong>sed</strong></span> <span class='ocrx_word' id='word_1_201' title='bbox 739 2761 856 2831; x_wconf 88' lang='lat' dir='ltr'><strong>ipsa</strong></span> <span class='ocrx_word' id='word_1_202' title='bbox 884 2759 1032 2814; x_wconf 90' lang='lat' dir='ltr'><strong>nuda</strong></span> <span class='ocrx_word' id='word_1_203' title='bbox 1073 2759 1219 2814; x_wconf 91' lang='lat' dir='ltr'><strong>dicta</strong></span> <span class='ocrx_word' id='word_1_204' title='bbox 1249 2765 1566 2812; x_wconf 88' lang='lat' dir='ltr'><strong>sanctorum</strong></span> <span class='ocrx_word' id='word_1_205' title='bbox 1612 2768 2027 2827; x_wconf 83' lang='lat' dir='ltr'><strong>persuaserunt,</strong></span> 
     </span>
    </p>
   </div>
   <div class='ocr_carea' id='block_1_30' title="bbox 460 2851 2032 2916">
    <p class='ocr_par' dir='ltr' id='par_1_30' title="bbox 460 2851 2032 2916">
     <span class='ocr_line' id='line_1_30' title="bbox 460 2851 2032 2916; baseline -0.003 -4"><span class='ocrx_word' id='word_1_206' title='bbox 460 2857 635 2914; x_wconf 88' lang='lat' dir='ltr'><strong>Simul</strong></span> <span class='ocrx_word' id='word_1_207' title='bbox 672 2857 819 2910; x_wconf 86' lang='lat' dir='ltr'><strong>enim</strong></span> <span class='ocrx_word' id='word_1_208' title='bbox 853 2869 917 2909; x_wconf 89' lang='lat' dir='ltr'><strong>ac</strong></span> <span class='ocrx_word' id='word_1_209' title='bbox 962 2853 1072 2909; x_wconf 91' lang='lat' dir='ltr'><strong>vidi</strong></span> <span class='ocrx_word' id='word_1_210' title='bbox 1106 2861 1161 2908; x_wconf 91' lang='lat' dir='ltr'><strong>et</strong></span> <span class='ocrx_word' id='word_1_211' title='bbox 1203 2851 1391 2906; x_wconf 85' lang='lat' dir='ltr'><strong>audivi</strong></span> <span class='ocrx_word' id='word_1_212' title='bbox 1427 2866 1487 2905; x_wconf 91' lang='lat' dir='ltr'><strong>ea</strong></span> <span class='ocrx_word' id='word_1_213' title='bbox 1511 2889 1525 2916; x_wconf 94' lang='lat'><strong>,</strong></span> <span class='ocrx_word' id='word_1_214' title='bbox 1567 2853 1757 2907; x_wconf 83' lang='lat' dir='ltr'><strong>statim</strong></span> <span class='ocrx_word' id='word_1_215' title='bbox 1804 2863 2032 2908; x_wconf 89' lang='lat' dir='ltr'><strong>conten-</strong></span> 
     </span>
    </p>
   </div>
   <div class='ocr_carea' id='block_1_31' title="bbox 461 2944 2030 3017">
    <p class='ocr_par' dir='ltr' id='par_1_31' title="bbox 461 2944 2030 3017">
     <span class='ocr_line' id='line_1_31' title="bbox 461 2944 2030 3017; baseline -0.003 -14"><span class='ocrx_word' id='word_1_216' title='bbox 461 2950 594 3003; x_wconf 88' lang='lat' dir='ltr'><strong>dere</strong></span> <span class='ocrx_word' id='word_1_217' title='bbox 635 2948 856 3017; x_wconf 86' lang='lat' dir='ltr'><strong>penitus</strong></span> <span class='ocrx_word' id='word_1_218' title='bbox 905 2945 1068 3011; x_wconf 86' lang='lat' dir='ltr'><strong>desii,</strong></span> <span class='ocrx_word' id='word_1_219' title='bbox 1122 2958 1250 2998; x_wconf 91' lang='lat' dir='ltr'><strong>cum</strong></span> <span class='ocrx_word' id='word_1_220' title='bbox 1289 2953 1469 2997; x_wconf 86' lang='lat' dir='ltr'><strong>tamen</strong></span> <span class='ocrx_word' id='word_1_221' title='bbox 1495 2944 1657 3012; x_wconf 86' lang='lat' dir='ltr'><strong>prius</strong></span> <span class='ocrx_word' id='word_1_222' title='bbox 1689 2959 1798 2998; x_wconf 88' lang='lat' dir='ltr'><strong>non</strong></span> <span class='ocrx_word' id='word_1_223' title='bbox 1832 2959 2030 3014; x_wconf 90' lang='lat' dir='ltr'><strong>parum</strong></span> 
     </span>
    </p>
   </div>
   <div class='ocr_carea' id='block_1_32' title="bbox 459 3035 2028 3112">
    <p class='ocr_par' dir='ltr' id='par_1_32' title="bbox 459 3035 2028 3112">
     <span class='ocr_line' id='line_1_32' title="bbox 459 3035 2028 3112; baseline -0.001 -18"><span class='ocrx_word' id='word_1_224' title='bbox 459 3055 716 3112; x_wconf 88' lang='lat' dir='ltr'><strong>urgerem</strong></span> <span class='ocrx_word' id='word_1_225' title='bbox 740 3047 903 3108; x_wconf 90' lang='lat' dir='ltr'><strong>atque</strong></span> <span class='ocrx_word' id='word_1_226' title='bbox 933 3038 1217 3091; x_wconf 74' lang='lat' dir='ltr'><strong>instarent.</strong></span> <span class='ocrx_word' id='word_1_227' title='bbox 1245 3035 1570 3089; x_wconf 84' lang='lat' dir='ltr'><strong>Existimavi</strong></span> <span class='ocrx_word' id='word_1_228' title='bbox 1603 3035 1752 3089; x_wconf 89' lang='lat' dir='ltr'><strong>enim</strong></span> <span class='ocrx_word' id='word_1_229' title='bbox 1787 3048 2028 3104; x_wconf 86' lang='lat' dir='ltr'><strong>sanctos,</strong></span> 
     </span>
    </p>
   </div>
   <div class='ocr_carea' id='block_1_33' title="bbox 460 3127 2033 3201">
    <p class='ocr_par' dir='ltr' id='par_1_33' title="bbox 460 3127 2033 3201">
     <span class='ocr_line' id='line_1_33' title="bbox 460 3127 2033 3201; baseline -0.001 -15"><span class='ocrx_word' id='word_1_230' title='bbox 460 3150 586 3186; x_wconf 86' lang='lat' dir='ltr'><strong>cum</strong></span> <span class='ocrx_word' id='word_1_231' title='bbox 617 3131 825 3201; x_wconf 83' lang='lat' dir='ltr'><strong>Spiritu</strong></span> <span class='ocrx_word' id='word_1_232' title='bbox 853 3138 1042 3184; x_wconf 90' lang='lat' dir='ltr'><strong>sancto</strong></span> <span class='ocrx_word' id='word_1_233' title='bbox 1071 3129 1240 3183; x_wconf 90' lang='lat' dir='ltr'><strong>locuti</strong></span> <span class='ocrx_word' id='word_1_234' title='bbox 1265 3127 1493 3194; x_wconf 79' lang='lat' dir='ltr'><strong>iuerint,</strong></span> <span class='ocrx_word' id='word_1_235' title='bbox 1519 3142 1627 3181; x_wconf 89' lang='lat' dir='ltr'><strong>non</strong></span> <span class='ocrx_word' id='word_1_236' title='bbox 1660 3144 1820 3196; x_wconf 89' lang='lat' dir='ltr'><strong>posse</strong></span> <span class='ocrx_word' id='word_1_237' title='bbox 1839 3147 1868 3183; x_wconf 88' lang='lat' dir='ltr'><strong>a</strong></span> <span class='ocrx_word' id='word_1_238' title='bbox 1900 3145 2033 3185; x_wconf 92' lang='lat' dir='ltr'><strong>vero</strong></span> 
     </span>
    </p>
   </div>
   <div class='ocr_carea' id='block_1_34' title="bbox 459 3218 2029 3290">
    <p class='ocr_par' dir='ltr' id='par_1_34' title="bbox 459 3218 2029 3290">
     <span class='ocr_line' id='line_1_34' title="bbox 459 3218 2029 3290; baseline -0.004 -13"><span class='ocrx_word' id='word_1_239' title='bbox 459 3223 762 3286; x_wconf 79' lang='lat' dir='ltr'><strong>declinare,</strong></span> <span class='ocrx_word' id='word_1_240' title='bbox 795 3230 850 3275; x_wconf 90' lang='lat' dir='ltr'><strong>et</strong></span> <span class='ocrx_word' id='word_1_241' title='bbox 878 3233 1020 3290; x_wconf 65' lang='lat' dir='ltr'><strong>aegre</strong></span> <span class='ocrx_word' id='word_1_242' title='bbox 1040 3218 1159 3280; x_wconf 91' lang='lat' dir='ltr'><strong>tuli,</strong></span> <span class='ocrx_word' id='word_1_243' title='bbox 1195 3218 1337 3287; x_wconf 89' lang='lat' dir='ltr'><strong>quod</strong></span> <span class='ocrx_word' id='word_1_244' title='bbox 1361 3232 1552 3270; x_wconf 86' lang='lat' dir='ltr'><strong>eorum</strong></span> <span class='ocrx_word' id='word_1_245' title='bbox 1574 3218 1717 3270; x_wconf 67' lang='lat' dir='ltr'><strong>dii-ta</strong></span> <span class='ocrx_word' id='word_1_246' title='bbox 1748 3218 1901 3286; x_wconf 89' lang='lat' dir='ltr'><strong>prius</strong></span> <span class='ocrx_word' id='word_1_247' title='bbox 1921 3232 2029 3272; x_wconf 91' lang='lat' dir='ltr'><strong>non</strong></span> 
     </span>
    </p>
   </div>
   <div class='ocr_carea' id='block_1_35' title="bbox 460 3309 2028 3378">
    <p class='ocr_par' dir='ltr' id='par_1_35' title="bbox 460 3309 2028 3378">
     <span class='ocr_line' id='line_1_35' title="bbox 460 3309 2028 3378; baseline -0.004 -10"><span class='ocrx_word' id='word_1_248' title='bbox 460 3313 819 3369; x_wconf 76' lang='lat' dir='ltr'><strong>audirissem.</strong></span> <span class='ocrx_word' id='word_1_249' title='bbox 864 3311 1038 3366; x_wconf 87' lang='lat' dir='ltr'><strong>Nemo</strong></span> <span class='ocrx_word' id='word_1_250' title='bbox 1073 3312 1218 3364; x_wconf 84' lang='lat' dir='ltr'><strong>enim</strong></span> <span class='ocrx_word' id='word_1_251' title='bbox 1261 3317 1508 3363; x_wconf 84' lang='lat' dir='ltr'><strong>nostrum</strong></span> <span class='ocrx_word' id='word_1_252' title='bbox 1537 3309 1757 3362; x_wconf 84' lang='lat' dir='ltr'><strong>Latinos</strong></span> <span class='ocrx_word' id='word_1_253' title='bbox 1787 3323 2028 3378; x_wconf 86' lang='lat' dir='ltr'><strong>unquam</strong></span> 
     </span>
    </p>
   </div>
   <div class='ocr_carea' id='block_1_36' title="bbox 461 3400 2026 3462">
    <p class='ocr_par' dir='ltr' id='par_1_36' title="bbox 461 3400 2026 3462">
     <span class='ocr_line' id='line_1_36' title="bbox 461 3400 2026 3462; baseline -0.005 0"><span class='ocrx_word' id='word_1_254' title='bbox 461 3417 670 3462; x_wconf 87' lang='lat' dir='ltr'><strong>tantam</strong></span> <span class='ocrx_word' id='word_1_255' title='bbox 703 3406 811 3460; x_wconf 89' lang='lat' dir='ltr'><strong>vim</strong></span> <span class='ocrx_word' id='word_1_256' title='bbox 847 3421 916 3460; x_wconf 80' lang='lat' dir='ltr'><strong>ex</strong></span> <span class='ocrx_word' id='word_1_257' title='bbox 941 3403 1104 3458; x_wconf 89' lang='lat' dir='ltr'><strong>dictis</strong></span> <span class='ocrx_word' id='word_1_258' title='bbox 1133 3411 1450 3456; x_wconf 87' lang='lat' dir='ltr'><strong>sanctorum</strong></span> <span class='ocrx_word' id='word_1_259' title='bbox 1477 3400 1764 3455; x_wconf 85' lang='lat' dir='ltr'><strong>habituros</strong></span> <span class='ocrx_word' id='word_1_260' title='bbox 1781 3416 1904 3456; x_wconf 87' lang='lat' dir='ltr'><strong>esse</strong></span> <span class='ocrx_word' id='word_1_261' title='bbox 1934 3416 2026 3454; x_wconf 90' lang='lat' dir='ltr'><strong>ar-</strong></span> 
     </span>
    </p>
   </div>
   <div class='ocr_carea' id='block_1_37' title="bbox 461 3493 2038 3564">
    <p class='ocr_par' dir='ltr' id='par_1_37' title="bbox 461 3493 2038 3564">
     <span class='ocr_line' id='line_1_37' title="bbox 461 3493 2038 3564; baseline -0.004 -10"><span class='ocrx_word' id='word_1_262' title='bbox 461 3498 792 3554; x_wconf 85' lang='lat' dir='ltr'><strong>bitrabatur.</strong></span> <span class='ocrx_word' id='word_1_263' title='bbox 825 3495 1239 3564; x_wconf 86' lang='lat' dir='ltr'><strong>Quamprimum</strong></span> <span class='ocrx_word' id='word_1_264' title='bbox 1273 3503 1479 3556; x_wconf 87' lang='lat' dir='ltr'><strong>tamen,</strong></span> <span class='ocrx_word' id='word_1_265' title='bbox 1529 3499 1660 3547; x_wconf 90' lang='lat' dir='ltr'><strong>tunc</strong></span> <span class='ocrx_word' id='word_1_266' title='bbox 1691 3493 1885 3546; x_wconf 88' lang='lat' dir='ltr'><strong>saltem</strong></span> <span class='ocrx_word' id='word_1_267' title='bbox 1925 3493 2038 3548; x_wconf 82' lang='lat' dir='ltr'><strong>vidi</strong></span> 
     </span>
    </p>
   </div>
   <div class='ocr_carea' id='block_1_38' title="bbox 461 3583 2036 3655">
    <p class='ocr_par' dir='ltr' id='par_1_38' title="bbox 461 3583 2036 3655">
     <span class='ocr_line' id='line_1_38' title="bbox 461 3583 2036 3655; baseline -0.005 -10"><span class='ocrx_word' id='word_1_268' title='bbox 461 3600 518 3646; x_wconf 89' lang='lat' dir='ltr'><strong>et</strong></span> <span class='ocrx_word' id='word_1_269' title='bbox 556 3588 764 3655; x_wconf 75' lang='lat' dir='ltr'><strong>audivi,</strong></span> <span class='ocrx_word' id='word_1_270' title='bbox 803 3587 872 3641; x_wconf 88' lang='lat' dir='ltr'><strong>ab</strong></span> <span class='ocrx_word' id='word_1_271' title='bbox 938 3585 1087 3639; x_wconf 87' lang='lat' dir='ltr'><strong>omni</strong></span> <span class='ocrx_word' id='word_1_272' title='bbox 1137 3583 1494 3639; x_wconf 73' lang='lat' dir='ltr'><strong>contentione</strong></span> <span class='ocrx_word' id='word_1_273' title='bbox 1547 3583 2036 3652; x_wconf 79' lang='lat' dir='ltr'><strong>controversiaque</strong></span> 
     </span>
    </p>
   </div>
   <div class='ocr_carea' id='block_1_39' title="bbox 462 3672 2034 3748">
    <p class='ocr_par' dir='ltr' id='par_1_39' title="bbox 462 3672 2034 3748">
     <span class='ocr_line' id='line_1_39' title="bbox 462 3672 2034 3748; baseline -0.006 -12"><span class='ocrx_word' id='word_1_274' title='bbox 462 3679 712 3745; x_wconf 79' lang='lat' dir='ltr'><strong>discessi,</strong></span> <span class='ocrx_word' id='word_1_275' title='bbox 757 3686 1048 3748; x_wconf 79' lang='lat' dir='ltr'><strong>gratesque</strong></span> <span class='ocrx_word' id='word_1_276' title='bbox 1071 3674 1181 3728; x_wconf 84' lang='lat' dir='ltr'><strong>Deo</strong></span> <span class='ocrx_word' id='word_1_277' title='bbox 1220 3675 1328 3743; x_wconf 87' lang='lat' dir='ltr'><strong>egi,</strong></span> <span class='ocrx_word' id='word_1_278' title='bbox 1366 3672 1510 3742; x_wconf 89' lang='lat' dir='ltr'><strong>quod</strong></span> <span class='ocrx_word' id='word_1_279' title='bbox 1537 3673 1662 3726; x_wconf 89' lang='lat' dir='ltr'><strong>inde</strong></span> <span class='ocrx_word' id='word_1_280' title='bbox 1691 3683 1892 3727; x_wconf 88' lang='lat' dir='ltr'><strong>tantam</strong></span> <span class='ocrx_word' id='word_1_281' title='bbox 1926 3674 2034 3728; x_wconf 90' lang='lat' dir='ltr'><strong>uti-</strong></span> 
     </span>
    </p>
   </div>
   <div class='ocr_carea' id='block_1_40' title="bbox 461 3764 2036 3841">
    <p class='ocr_par' dir='ltr' id='par_1_40' title="bbox 461 3764 2036 3841">
     <span class='ocr_line' id='line_1_40' title="bbox 461 3764 2036 3841; baseline -0.006 -13"><span class='ocrx_word' id='word_1_282' title='bbox 461 3775 676 3828; x_wconf 87' lang='lat' dir='ltr'><strong>litatcm</strong></span> <span class='ocrx_word' id='word_1_283' title='bbox 730 3765 1122 3841; x_wconf 84' lang='lat' dir='ltr'><strong>percepissem.</strong></span> <span class='ocrx_word' id='word_1_284' title='bbox 1173 3765 1344 3835; x_wconf 87' lang='lat' dir='ltr'><strong>Igitur</strong></span> <span class='ocrx_word' id='word_1_285' title='bbox 1393 3764 1490 3818; x_wconf 88' lang='lat' dir='ltr'><strong>tibi</strong></span> <span class='ocrx_word' id='word_1_286' title='bbox 1536 3778 1756 3832; x_wconf 84' lang='lat' dir='ltr'><strong>quoque</strong></span> <span class='ocrx_word' id='word_1_287' title='bbox 1799 3765 2036 3819; x_wconf 91' lang='lat' dir='ltr'><strong>candido</strong></span> 
     </span>
    </p>
   </div>
   <div class='ocr_carea' id='block_1_41' title="bbox 463 3855 2032 3929">
    <p class='ocr_par' dir='ltr' id='par_1_41' title="bbox 463 3855 2032 3929">
     <span class='ocr_line' id='line_1_41' title="bbox 463 3855 2032 3929; baseline -0.007 -10"><span class='ocrx_word' id='word_1_288' title='bbox 463 3864 729 3928; x_wconf 79' lang='lat' dir='ltr'><strong>auditori,</strong></span> <span class='ocrx_word' id='word_1_289' title='bbox 768 3862 1126 3929; x_wconf 88' lang='lat' dir='ltr'><strong>animumque</strong></span> <span class='ocrx_word' id='word_1_290' title='bbox 1177 3855 1440 3925; x_wconf 88' lang='lat' dir='ltr'><strong>cupidum</strong></span> <span class='ocrx_word' id='word_1_291' title='bbox 1492 3855 1738 3908; x_wconf 75' lang='lat' dir='ltr'><strong>veritatis</strong></span> <span class='ocrx_word' id='word_1_292' title='bbox 1785 3855 2032 3920; x_wconf 86' lang='lat' dir='ltr'><strong>habenti,</strong></span> 
     </span>
    </p>
   </div>
   <div class='ocr_carea' id='block_1_42' title="bbox 461 3948 2033 4029">
    <p class='ocr_par' dir='ltr' id='par_1_42' title="bbox 461 3948 2033 4029">
     <span class='ocr_line' id='line_1_42' title="bbox 461 3948 2033 4029; baseline -0.005 -16"><span class='ocrx_word' id='word_1_293' title='bbox 461 3972 628 4029; x_wconf 83' lang='lat' dir='ltr'><strong>atque</strong></span> <span class='ocrx_word' id='word_1_294' title='bbox 676 3956 828 4012; x_wconf 74' lang='lat' dir='ltr'><strong>omni</strong></span> <span class='ocrx_word' id='word_1_295' title='bbox 877 3954 1196 4009; x_wconf 86' lang='lat' dir='ltr'><strong>Christiano</strong></span> <span class='ocrx_word' id='word_1_296' title='bbox 1259 3951 1335 4005; x_wconf 92' lang='lat' dir='ltr'><strong>tui</strong></span> <span class='ocrx_word' id='word_1_297' title='bbox 1396 3948 1567 4004; x_wconf 88' lang='lat' dir='ltr'><strong>simili</strong></span> <span class='ocrx_word' id='word_1_298' title='bbox 1617 3948 1732 4004; x_wconf 66' lang='lat' dir='ltr'><strong>hzec</strong></span> <span class='ocrx_word' id='word_1_299' title='bbox 1779 3949 1868 4004; x_wconf 91' lang='lat' dir='ltr'><strong>vel</strong></span> <span class='ocrx_word' id='word_1_300' title='bbox 1917 3951 2033 4005; x_wconf 87' lang='lat' dir='ltr'><strong>sola</strong></span> 
     </span>
    </p>
   </div>
   <div class='ocr_carea' id='block_1_43' title="bbox 460 4051 756 4106">
    <p class='ocr_par' dir='ltr' id='par_1_43' title="bbox 460 4051 756 4106">
     <span class='ocr_line' id='line_1_43' title="bbox 460 4051 756 4106; baseline -0.007 0"><span class='ocrx_word' id='word_1_301' title='bbox 460 4051 756 4106; x_wconf 83' lang='lat' dir='ltr'><strong>suliicient.</strong></span> 
     </span>
    </p>
   </div>
   <div class='ocr_carea' id='block_1_44' title="bbox 533 4133 2035 4207">
    <p class='ocr_par' dir='ltr' id='par_1_44' title="bbox 533 4133 2035 4207">
     <span class='ocr_line' id='line_1_44' title="bbox 533 4133 2035 4207; baseline -0.001 -18"><span class='ocrx_word' id='word_1_302' title='bbox 533 4140 804 4207; x_wconf 76' lang='lat' dir='ltr'><strong>Quoniam</strong></span> <span class='ocrx_word' id='word_1_303' title='bbox 845 4153 975 4192; x_wconf 87' lang='lat' dir='ltr'><strong>vero</strong></span> <span class='ocrx_word' id='word_1_304' title='bbox 1013 4145 1070 4190; x_wconf 88' lang='lat' dir='ltr'><strong>ct</strong></span> <span class='ocrx_word' id='word_1_305' title='bbox 1098 4135 1309 4206; x_wconf 82' lang='lat' dir='ltr'><strong>aliquOt</strong></span> <span class='ocrx_word' id='word_1_306' title='bbox 1350 4134 1708 4204; x_wconf 88' lang='lat' dir='ltr'><strong>probationes</strong></span> <span class='ocrx_word' id='word_1_307' title='bbox 1755 4149 1784 4188; x_wconf 89' lang='lat' dir='ltr'><strong>a</strong></span> <span class='ocrx_word' id='word_1_308' title='bbox 1821 4133 2035 4188; x_wconf 87' lang='lat' dir='ltr'><strong>ratione</strong></span> 
     </span>
    </p>
   </div>
   <div class='ocr_carea' id='block_1_45' title="bbox 462 4224 2035 4303">
    <p class='ocr_par' dir='ltr' id='par_1_45' title="bbox 462 4224 2035 4303">
     <span class='ocr_line' id='line_1_45' title="bbox 462 4224 2035 4303; baseline -0.005 -17"><span class='ocrx_word' id='word_1_309' title='bbox 462 4232 661 4303; x_wconf 82' lang='lat' dir='ltr'><strong>petitas</strong></span> <span class='ocrx_word' id='word_1_310' title='bbox 684 4230 906 4300; x_wconf 74' lang='lat' dir='ltr'><strong>qnmris,</strong></span> <span class='ocrx_word' id='word_1_311' title='bbox 937 4238 1026 4281; x_wconf 86' lang='lat' dir='ltr'><strong>tua</strong></span> <span class='ocrx_word' id='word_1_312' title='bbox 1043 4242 1207 4281; x_wconf 88' lang='lat' dir='ltr'><strong>causa</strong></span> <span class='ocrx_word' id='word_1_313' title='bbox 1229 4225 1605 4287; x_wconf 86' lang='lat' dir='ltr'><strong>mediocriter,</strong></span> <span class='ocrx_word' id='word_1_314' title='bbox 1631 4233 1897 4293; x_wconf 86' lang='lat' dir='ltr'><strong>quantum</strong></span> <span class='ocrx_word' id='word_1_315' title='bbox 1919 4224 2035 4278; x_wconf 81' lang='lat' dir='ltr'><strong>ﬁeri</strong></span> 
     </span>
    </p>
   </div>
   <div class='ocr_carea' id='block_1_46' title="bbox 464 4317 2030 4396">
    <p class='ocr_par' dir='ltr' id='par_1_46' title="bbox 464 4317 2030 4396">
     <span class='ocr_line' id='line_1_46' title="bbox 464 4317 2030 4396; baseline -0.008 -17"><span class='ocrx_word' id='word_1_316' title='bbox 464 4324 688 4396; x_wconf 88' lang='lat' dir='ltr'><strong>poterit,</strong></span> <span class='ocrx_word' id='word_1_317' title='bbox 723 4334 775 4377; x_wconf 87' lang='lat' dir='ltr'><strong>et</strong></span> <span class='ocrx_word' id='word_1_318' title='bbox 798 4321 904 4375; x_wconf 78' lang='lat' dir='ltr'><strong>huc</strong></span> <span class='ocrx_word' id='word_1_319' title='bbox 933 4319 1336 4391; x_wconf 63' lang='lat' dir='ltr'><strong>praestabimus,</strong></span> <span class='ocrx_word' id='word_1_320' title='bbox 1359 4317 1666 4371; x_wconf 87' lang='lat' dir='ltr'><strong>rationibus</strong></span> <span class='ocrx_word' id='word_1_321' title='bbox 1691 4327 2030 4380; x_wconf 82' lang='lat' dir='ltr'><strong>sanctorum,</strong></span> 
     </span>
    </p>
   </div>
   <div class='ocr_carea' id='block_1_47' title="bbox 462 4408 2033 4484">
    <p class='ocr_par' dir='ltr' id='par_1_47' title="bbox 462 4408 2033 4484">
     <span class='ocr_line' id='line_1_47' title="bbox 462 4408 2033 4484; baseline -0.008 -13"><span class='ocrx_word' id='word_1_322' title='bbox 462 4418 760 4484; x_wconf 68' lang='lat' dir='ltr'><strong>divinaque</strong></span> <span class='ocrx_word' id='word_1_323' title='bbox 799 4413 1087 4480; x_wconf 84' lang='lat' dir='ltr'><strong>Scriptura</strong></span> <span class='ocrx_word' id='word_1_324' title='bbox 1103 4411 1226 4464; x_wconf 78' lang='lat' dir='ltr'><strong>.nixi</strong></span> <span class='ocrx_word' id='word_1_325' title='bbox 1257 4419 1314 4462; x_wconf 82' lang='lat' dir='ltr'><strong>et</strong></span> <span class='ocrx_word' id='word_1_326' title='bbox 1347 4409 1490 4462; x_wconf 82' lang='lat' dir='ltr'><strong>freti.</strong></span> <span class='ocrx_word' id='word_1_327' title='bbox 1526 4408 1679 4471; x_wconf 83' lang='lat' dir='ltr'><strong>Quod</strong></span> <span class='ocrx_word' id='word_1_328' title='bbox 1712 4408 1934 4476; x_wconf 88' lang='lat' dir='ltr'><strong>quidem</strong></span> <span class='ocrx_word' id='word_1_329' title='bbox 1980 4417 2033 4460; x_wconf 89' lang='lat' dir='ltr'><strong>et</strong></span> 
     </span>
    </p>
   </div>
   <div class='ocr_carea' id='block_1_48' title="bbox 465 4498 2034 4573">
    <p class='ocr_par' dir='ltr' id='par_1_48' title="bbox 465 4498 2034 4573">
     <span class='ocr_line' id='line_1_48' title="bbox 465 4498 2034 4573; baseline -0.005 -13"><span class='ocrx_word' id='word_1_330' title='bbox 465 4509 518 4560; x_wconf 89' lang='lat' dir='ltr'><strong>in</strong></span> <span class='ocrx_word' id='word_1_331' title='bbox 554 4507 830 4569; x_wconf 85' lang='lat' dir='ltr'><strong>oratione,</strong></span> <span class='ocrx_word' id='word_1_332' title='bbox 860 4519 981 4573; x_wconf 62' lang='lat' dir='ltr'><strong>quae</strong></span> <span class='ocrx_word' id='word_1_333' title='bbox 1012 4510 1079 4556; x_wconf 86' lang='lat' dir='ltr'><strong>de</strong></span> <span class='ocrx_word' id='word_1_334' title='bbox 1114 4499 1410 4556; x_wconf 82' lang='lat' dir='ltr'><strong>concordia</strong></span> <span class='ocrx_word' id='word_1_335' title='bbox 1444 4498 1786 4562; x_wconf 83' lang='lat' dir='ltr'><strong>inscribitur,</strong></span> <span class='ocrx_word' id='word_1_336' title='bbox 1824 4499 2034 4567; x_wconf 64' lang='lat' dir='ltr'><strong>praesti-</strong></span> 
     </span>
    </p>
   </div>
   <div class='ocr_carea' id='block_1_49' title="bbox 466 4589 2034 4660">
    <p class='ocr_par' dir='ltr' id='par_1_49' title="bbox 466 4589 2034 4660">
     <span class='ocr_line' id='line_1_49' title="bbox 466 4589 2034 4660; baseline -0.005 -8"><span class='ocrx_word' id='word_1_337' title='bbox 466 4600 653 4652; x_wconf 89' lang='lat' dir='ltr'><strong>timus.</strong></span> <span class='ocrx_word' id='word_1_338' title='bbox 679 4595 1064 4650; x_wconf 66' lang='lat' dir='ltr'><strong>Praestahimus</strong></span> <span class='ocrx_word' id='word_1_339' title='bbox 1091 4603 1269 4648; x_wconf 87' lang='lat' dir='ltr'><strong>tamen</strong></span> <span class='ocrx_word' id='word_1_340' title='bbox 1302 4591 1665 4646; x_wconf 79' lang='lat' dir='ltr'><strong>nihilominus</strong></span> <span class='ocrx_word' id='word_1_341' title='bbox 1685 4601 1740 4645; x_wconf 76' lang='lat' dir='ltr'><strong>et</strong></span> <span class='ocrx_word' id='word_1_342' title='bbox 1762 4589 1854 4644; x_wconf 91' lang='lat' dir='ltr'><strong>hic</strong></span> <span class='ocrx_word' id='word_1_343' title='bbox 1871 4605 2034 4660; x_wconf 78' lang='lat' dir='ltr'><strong>quas-</strong></span> 
     </span>
    </p>
   </div>
   <div class='ocr_carea' id='block_1_50' title="bbox 464 4683 2035 4756">
    <p class='ocr_par' dir='ltr' id='par_1_50' title="bbox 464 4683 2035 4756">
     <span class='ocr_line' id='line_1_50' title="bbox 464 4683 2035 4756; baseline -0.007 -10"><span class='ocrx_word' id='word_1_344' title='bbox 464 4692 588 4746; x_wconf 89' lang='lat' dir='ltr'><strong>dam</strong></span> <span class='ocrx_word' id='word_1_345' title='bbox 635 4689 879 4742; x_wconf 84' lang='lat' dir='ltr'><strong>rationes</strong></span> <span class='ocrx_word' id='word_1_346' title='bbox 919 4689 1269 4756; x_wconf 79' lang='lat' dir='ltr'><strong>attingcutes.</strong></span> <span class='ocrx_word' id='word_1_347' title='bbox 1315 4684 1620 4753; x_wconf 84' lang='lat' dir='ltr'><strong>Antequam</strong></span> <span class='ocrx_word' id='word_1_348' title='bbox 1648 4693 1826 4736; x_wconf 87' lang='lat' dir='ltr'><strong>tamen</strong></span> <span class='ocrx_word' id='word_1_349' title='bbox 1852 4683 1921 4737; x_wconf 87' lang='lat' dir='ltr'><strong>de</strong></span> <span class='ocrx_word' id='word_1_350' title='bbox 1947 4683 2035 4736; x_wconf 88' lang='lat' dir='ltr'><strong>his</strong></span> 
     </span>
    </p>
   </div>
   <div class='ocr_carea' id='block_1_51' title="bbox 466 4775 2036 4850">
    <p class='ocr_par' dir='ltr' id='par_1_51' title="bbox 466 4775 2036 4850">
     <span class='ocr_line' id='line_1_51' title="bbox 466 4775 2036 4850; baseline -0.005 -14"><span class='ocrx_word' id='word_1_351' title='bbox 466 4782 788 4850; x_wconf 80' lang='lat' dir='ltr'><strong>singillatim</strong></span> <span class='ocrx_word' id='word_1_352' title='bbox 812 4780 1082 4842; x_wconf 81' lang='lat' dir='ltr'><strong>dicamus,</strong></span> <span class='ocrx_word' id='word_1_353' title='bbox 1128 4787 1186 4832; x_wconf 92' lang='lat' dir='ltr'><strong>ut</strong></span> <span class='ocrx_word' id='word_1_354' title='bbox 1221 4775 1439 4831; x_wconf 75' lang='lat' dir='ltr'><strong>facilior</strong></span> <span class='ocrx_word' id='word_1_355' title='bbox 1469 4775 1630 4830; x_wconf 87' lang='lat' dir='ltr'><strong>nobis</strong></span> <span class='ocrx_word' id='word_1_356' title='bbox 1659 4775 1922 4845; x_wconf 85' lang='lat' dir='ltr'><strong>deinceps</strong></span> <span class='ocrx_word' id='word_1_357' title='bbox 1945 4775 2036 4828; x_wconf 65' lang='grc' dir='ltr'><strong>θυι</strong></span> 
     </span>
    </p>
   </div>
   <div class='ocr_carea' id='block_1_52' title="bbox 465 4871 1752 4942">
    <p class='ocr_par' dir='ltr' id='par_1_52' title="bbox 465 4871 1752 4942">
     <span class='ocr_line' id='line_1_52' title="bbox 465 4871 1752 4942; baseline -0.005 -13"><span class='ocrx_word' id='word_1_358' title='bbox 465 4874 664 4938; x_wconf 82' lang='lat' dir='ltr'><strong>oratio,</strong></span> <span class='ocrx_word' id='word_1_359' title='bbox 697 4871 942 4942; x_wconf 80' lang='lat' dir='ltr'><strong>qua-dam</strong></span> <span class='ocrx_word' id='word_1_360' title='bbox 972 4872 1127 4941; x_wconf 82' lang='lat' dir='ltr'><strong>prius</strong></span> <span class='ocrx_word' id='word_1_361' title='bbox 1149 4883 1368 4924; x_wconf 90' lang='lat' dir='ltr'><strong>sumere</strong></span> <span class='ocrx_word' id='word_1_362' title='bbox 1399 4877 1484 4923; x_wconf 84' lang='lat' dir='ltr'><strong>est</strong></span> <span class='ocrx_word' id='word_1_363' title='bbox 1510 4881 1752 4923; x_wconf 69' lang='lat' dir='ltr'><strong>necesse;</strong></span> 
     </span>
    </p>
   </div>
   <div class='ocr_carea' id='block_1_53' title="bbox 465 4981 2034 5059">
    <p class='ocr_par' dir='ltr' id='par_1_53' title="bbox 465 4981 2034 5059">
     <span class='ocr_line' id='line_1_53' title="bbox 465 4981 2034 5059; baseline -0.008 -15"><span class='ocrx_word' id='word_1_364' title='bbox 465 4989 822 5059; x_wconf 79' lang='lat' dir='ltr'><strong>Sumptiones,</strong></span> <span class='ocrx_word' id='word_1_365' title='bbox 841 4993 888 5039; x_wconf 80' lang='lat' dir='ltr'><strong>et</strong></span> <span class='ocrx_word' id='word_1_366' title='bbox 916 4986 1091 5056; x_wconf 81' lang='lat' dir='ltr'><strong>prima</strong></span> <span class='ocrx_word' id='word_1_367' title='bbox 1113 4983 1320 5055; x_wconf 86' lang='lat' dir='ltr'><strong>quidem</strong></span> <span class='ocrx_word' id='word_1_368' title='bbox 1343 4985 1607 5059; x_wconf 74' lang='lat' dir='ltr'><strong>qu_odnam</strong></span> <span class='ocrx_word' id='word_1_369' title='bbox 1630 4990 1758 5037; x_wconf 70' lang='lat' dir='ltr'><strong>esset</strong></span> <span class='ocrx_word' id='word_1_370' title='bbox 1783 4981 2034 5036; x_wconf 80' lang='lat' dir='ltr'><strong>constitu-</strong></span> 
     </span>
    </p>
   </div>
   <div class='ocr_carea' id='block_1_54' title="bbox 911 5054 1592 5125">
    <p class='ocr_par' dir='ltr' id='par_1_54' title="bbox 911 5054 1592 5125">
     <span class='ocr_line' id='line_1_54' title="bbox 911 5054 1592 5125; baseline -0.001 -17"><span class='ocrx_word' id='word_1_371' title='bbox 911 5054 1072 5110; x_wconf 81' lang='lat' dir='ltr'><strong>tivum</strong></span> <span class='ocrx_word' id='word_1_372' title='bbox 1112 5054 1358 5125; x_wconf 67' lang='lat' dir='ltr'><strong>persona:</strong></span> <span class='ocrx_word' id='word_1_373' title='bbox 1386 5054 1592 5107; x_wconf 77' lang='lat' dir='ltr'><strong>Patris.</strong></span> 
     </span>
    </p>
   </div>
   <div class='ocr_carea' id='block_1_55' title="bbox 535 5145 2036 5220">
    <p class='ocr_par' dir='ltr' id='par_1_55' title="bbox 535 5145 2036 5220">
     <span class='ocr_line' id='line_1_55' title="bbox 535 5145 2036 5220; baseline -0.005 -14"><span class='ocrx_word' id='word_1_374' title='bbox 535 5151 805 5220; x_wconf 88' lang='lat' dir='ltr'><strong>Quoniam</strong></span> <span class='ocrx_word' id='word_1_375' title='bbox 839 5149 1141 5218; x_wconf 85' lang='lat' dir='ltr'><strong>unicuique</strong></span> <span class='ocrx_word' id='word_1_376' title='bbox 1177 5148 1388 5200; x_wconf 89' lang='lat' dir='ltr'><strong>entium</strong></span> <span class='ocrx_word' id='word_1_377' title='bbox 1415 5145 1484 5198; x_wconf 91' lang='lat' dir='ltr'><strong>ad</strong></span> <span class='ocrx_word' id='word_1_378' title='bbox 1519 5161 1864 5201; x_wconf 86' lang='lat' dir='ltr'><strong>communem</strong></span> <span class='ocrx_word' id='word_1_379' title='bbox 1907 5160 2036 5215; x_wconf 80' lang='lat' dir='ltr'><strong>spe-</strong></span> 
     </span>
    </p>
   </div>
   <div class='ocr_carea' id='block_1_56' title="bbox 466 5235 2035 5313">
    <p class='ocr_par' dir='ltr' id='par_1_56' title="bbox 466 5235 2035 5313">
     <span class='ocr_line' id='line_1_56' title="bbox 466 5235 2035 5313; baseline -0.006 -13"><span class='ocrx_word' id='word_1_380' title='bbox 466 5247 607 5302; x_wconf 90' lang='lat' dir='ltr'><strong>ciem</strong></span> <span class='ocrx_word' id='word_1_381' title='bbox 643 5253 727 5299; x_wconf 89' lang='lat' dir='ltr'><strong>est</strong></span> <span class='ocrx_word' id='word_1_382' title='bbox 757 5241 982 5313; x_wconf 84' lang='lat' dir='ltr'><strong>prepria</strong></span> <span class='ocrx_word' id='word_1_383' title='bbox 1013 5239 1261 5311; x_wconf 63' lang='lat' dir='ltr'><strong>quaedam</strong></span> <span class='ocrx_word' id='word_1_384' title='bbox 1290 5239 1399 5293; x_wconf 89' lang='lat' dir='ltr'><strong>alia</strong></span> <span class='ocrx_word' id='word_1_385' title='bbox 1428 5237 1663 5307; x_wconf 83' lang='lat' dir='ltr'><strong>species,</strong></span> <span class='ocrx_word' id='word_1_386' title='bbox 1699 5252 1807 5307; x_wconf 92' lang='lat' dir='ltr'><strong>qua</strong></span> <span class='ocrx_word' id='word_1_387' title='bbox 1828 5235 2035 5292; x_wconf 84' lang='lat' dir='ltr'><strong>consti—</strong></span> 
     </span>
    </p>
   </div>
   <div class='ocr_carea' id='block_1_57' title="bbox 467 5328 2034 5402">
    <p class='ocr_par' dir='ltr' id='par_1_57' title="bbox 467 5328 2034 5402">
     <span class='ocr_line' id='line_1_57' title="bbox 467 5328 2034 5402; baseline -0.008 -10"><span class='ocrx_word' id='word_1_388' title='bbox 467 5340 660 5402; x_wconf 86' lang='lat' dir='ltr'><strong>tuitur,</strong></span> <span class='ocrx_word' id='word_1_389' title='bbox 691 5345 747 5390; x_wconf 84' lang='lat' dir='ltr'><strong>ct</strong></span> <span class='ocrx_word' id='word_1_390' title='bbox 784 5345 888 5400; x_wconf 85' lang='lat' dir='ltr'><strong>est,</strong></span> <span class='ocrx_word' id='word_1_391' title='bbox 925 5331 990 5388; x_wconf 80' lang='lat' dir='ltr'><strong>et</strong></span> <span class='ocrx_word' id='word_1_392' title='bbox 1015 5332 1318 5388; x_wconf 89' lang='lat' dir='ltr'><strong>secundum</strong></span> <span class='ocrx_word' id='word_1_393' title='bbox 1368 5345 1532 5399; x_wconf 82' lang='lat' dir='ltr'><strong>quam</strong></span> <span class='ocrx_word' id='word_1_394' title='bbox 1572 5329 1778 5383; x_wconf 89' lang='lat' dir='ltr'><strong>dicitur</strong></span> <span class='ocrx_word' id='word_1_395' title='bbox 1828 5328 2034 5397; x_wconf 89' lang='lat' dir='ltr'><strong>aliquid</strong></span> 
     </span>
    </p>
   </div>
   <div class='ocr_carea' id='block_1_58' title="bbox 465 5419 2034 5495">
    <p class='ocr_par' dir='ltr' id='par_1_58' title="bbox 465 5419 2034 5495">
     <span class='ocr_line' id='line_1_58' title="bbox 465 5419 2034 5495; baseline -0.006 -13"><span class='ocrx_word' id='word_1_396' title='bbox 465 5430 569 5484; x_wconf 89' lang='lat' dir='ltr'><strong>hoc</strong></span> <span class='ocrx_word' id='word_1_397' title='bbox 609 5444 709 5484; x_wconf 90' lang='lat' dir='ltr'><strong>ens</strong></span> <span class='ocrx_word' id='word_1_398' title='bbox 744 5440 758 5479; x_wconf 77' lang='grc' dir='ltr'><strong>ε</strong></span> <span class='ocrx_word' id='word_1_399' title='bbox 786 5426 952 5481; x_wconf 83' lang='lat' dir='ltr'><strong>veluti</strong></span> <span class='ocrx_word' id='word_1_400' title='bbox 1001 5425 1166 5495; x_wconf 86' lang='lat' dir='ltr'><strong>hujus</strong></span> <span class='ocrx_word' id='word_1_401' title='bbox 1192 5421 1451 5484; x_wconf 82' lang='lat' dir='ltr'><strong>hominis,</strong></span> <span class='ocrx_word' id='word_1_402' title='bbox 1482 5427 1612 5488; x_wconf 85' lang='lat' dir='ltr'><strong>puta</strong></span> <span class='ocrx_word' id='word_1_403' title='bbox 1641 5419 1812 5482; x_wconf 85' lang='lat' dir='ltr'><strong>Petri,</strong></span> <span class='ocrx_word' id='word_1_404' title='bbox 1838 5428 2034 5488; x_wconf 70' lang='lat' dir='ltr'><strong>prazter</strong></span> 
     </span>
    </p>
   </div>
   <div class='ocr_carea' id='block_1_59' title="bbox 465 5510 2035 5586">
    <p class='ocr_par' dir='ltr' id='par_1_59' title="bbox 465 5510 2035 5586">
     <span class='ocr_line' id='line_1_59' title="bbox 465 5510 2035 5586; baseline -0.005 -14"><span class='ocrx_word' id='word_1_405' title='bbox 465 5533 815 5572; x_wconf 77' lang='lat' dir='ltr'><strong>conzumnem</strong></span> <span class='ocrx_word' id='word_1_406' title='bbox 861 5517 1124 5586; x_wconf 78' lang='lat' dir='ltr'><strong>speciem,</strong></span> <span class='ocrx_word' id='word_1_407' title='bbox 1157 5528 1279 5582; x_wconf 79' lang='lat' dir='ltr'><strong>qua:</strong></span> <span class='ocrx_word' id='word_1_408' title='bbox 1329 5510 1548 5580; x_wconf 89' lang='lat' dir='ltr'><strong>quidem</strong></span> <span class='ocrx_word' id='word_1_409' title='bbox 1601 5522 1682 5565; x_wconf 83' lang='lat' dir='ltr'><strong>est</strong></span> <span class='ocrx_word' id='word_1_410' title='bbox 1725 5511 2035 5565; x_wconf 87' lang='lat' dir='ltr'><strong>communis</strong></span> 
     </span>
    </p>
   </div>
   <div class='ocr_carea' id='block_1_60' title="bbox 465 5601 2034 5676">
    <p class='ocr_par' dir='ltr' id='par_1_60' title="bbox 465 5601 2034 5676">
     <span class='ocr_line' id='line_1_60' title="bbox 465 5601 2034 5676; baseline -0.008 -10"><span class='ocrx_word' id='word_1_411' title='bbox 465 5611 799 5674; x_wconf 84' lang='lat' dir='ltr'><strong>humanitas,</strong></span> <span class='ocrx_word' id='word_1_412' title='bbox 855 5617 942 5662; x_wconf 84' lang='lat' dir='ltr'><strong>est</strong></span> <span class='ocrx_word' id='word_1_413' title='bbox 985 5615 1040 5663; x_wconf 91' lang='lat' dir='ltr'><strong>ct</strong></span> <span class='ocrx_word' id='word_1_414' title='bbox 1093 5605 1192 5658; x_wconf 83' lang='lat' dir='ltr'><strong>alia</strong></span> <span class='ocrx_word' id='word_1_415' title='bbox 1234 5601 1526 5676; x_wconf 84' lang='lat' dir='ltr'><strong>peculiaris</strong></span> <span class='ocrx_word' id='word_1_416' title='bbox 1587 5603 1815 5674; x_wconf 87' lang='lat' dir='ltr'><strong>species,</strong></span> <span class='ocrx_word' id='word_1_417' title='bbox 1878 5601 2034 5672; x_wconf 79' lang='lat' dir='ltr'><strong>juxta</strong></span> 
     </span>
    </p>
   </div>
   <div class='ocr_carea' id='block_1_61' title="bbox 535 5788 1202 5858">
    <p class='ocr_par' dir='ltr' id='par_1_61' title="bbox 535 5788 1202 5858">
     <span class='ocr_line' id='line_1_61' title="bbox 535 5788 1202 5858; baseline -0.013 -7"><span class='ocrx_word' id='word_1_418' title='bbox 535 5795 612 5854; x_wconf 72' lang='lat' dir='ltr'><strong>tl)</strong></span> <span class='ocrx_word' id='word_1_419' title='bbox 655 5790 728 5846; x_wconf 68' lang='lat' dir='ltr'><strong>l&#39;la</strong></span> <span class='ocrx_word' id='word_1_420' title='bbox 763 5799 845 5845; x_wconf 72' lang='lat' dir='ltr'><strong>est</strong></span> <span class='ocrx_word' id='word_1_421' title='bbox 876 5788 1202 5858; x_wconf 74' lang='lat' dir='ltr'><strong>dogmatica.</strong></span> 
     </span>
    </p>
   </div>
   <div class='ocr_carea' id='block_1_62' title="bbox 2211 662 3711 737">
    <p class='ocr_par' dir='ltr' id='par_1_62' title="bbox 2211 662 3711 737">
     <span class='ocr_line' id='line_1_62' title="bbox 2211 662 3711 737; baseline 0 -18"><span class='ocrx_word' id='word_1_422' title='bbox 2211 662 2394 720; x_wconf 73' lang='lat' dir='ltr'><strong>&#39;Hoav</strong></span> <span class='ocrx_word' id='word_1_423' title='bbox 2417 667 2462 720; x_wconf 81' lang='grc' dir='ltr'><strong>δ’</strong></span> <span class='ocrx_word' id='word_1_424' title='bbox 2484 669 2634 736; x_wconf 87' lang='grc' dir='ltr'><strong>ὅμως</strong></span> <span class='ocrx_word' id='word_1_425' title='bbox 2669 667 2718 720; x_wconf 79' lang='grc' dir='ltr'><strong>οἳ</strong></span> <span class='ocrx_word' id='word_1_426' title='bbox 2768 667 2866 720; x_wconf 77' lang='grc' dir='ltr'><strong>καὶ</strong></span> <span class='ocrx_word' id='word_1_427' title='bbox 2893 666 3085 736; x_wconf 82' lang='grc' dir='ltr'><strong>ἑτέρας</strong></span> <span class='ocrx_word' id='word_1_428' title='bbox 3123 665 3455 737; x_wconf 86' lang='grc' dir='ltr'><strong>ηὐπόρησαν</strong></span> <span class='ocrx_word' id='word_1_429' title='bbox 3523 665 3711 720; x_wconf 84' lang='grc' dir='ltr'><strong>ἀπολο·</strong></span> 
     </span>
    </p>
   </div>
   <div class='ocr_carea' id='block_1_63' title="bbox 2145 755 3712 828">
    <p class='ocr_par' dir='ltr' id='par_1_63' title="bbox 2145 755 3712 828">
     <span class='ocr_line' id='line_1_63' title="bbox 2145 755 3712 828; baseline -0.003 -15"><span class='ocrx_word' id='word_1_430' title='bbox 2145 759 2292 828; x_wconf 87' lang='grc' dir='ltr'><strong>γίας,</strong></span> <span class='ocrx_word' id='word_1_431' title='bbox 2346 756 2609 827; x_wconf 81' lang='grc' dir='ltr'><strong>δηλονότι,</strong></span> <span class='ocrx_word' id='word_1_432' title='bbox 2652 755 2995 828; x_wconf 82' lang='grc' dir='ltr'><strong>πλανηθῆναι</strong></span> <span class='ocrx_word' id='word_1_433' title='bbox 3052 756 3178 818; x_wconf 74' lang='grc' dir='ltr'><strong>τοὺς</strong></span> <span class='ocrx_word' id='word_1_434' title='bbox 3227 755 3483 820; x_wconf 77' lang='grc' dir='ltr'><strong>δυτικοὺς</strong></span> <span class='ocrx_word' id='word_1_435' title='bbox 3527 755 3712 825; x_wconf 83' lang='grc' dir='ltr'><strong>ἁγίους</strong></span> 
     </span>
    </p>
   </div>
   <div class='ocr_carea' id='block_1_64' title="bbox 2144 845 3713 920">
    <p class='ocr_par' dir='ltr' id='par_1_64' title="bbox 2144 845 3713 920">
     <span class='ocr_line' id='line_1_64' title="bbox 2144 845 3713 920; baseline -0.003 -16"><span class='ocrx_word' id='word_1_436' title='bbox 2144 850 2240 904; x_wconf 81' lang='grc' dir='ltr'><strong>καὶ</strong></span> <span class='ocrx_word' id='word_1_437' title='bbox 2262 847 2566 920; x_wconf 81' lang='grc' dir='ltr'><strong>ψεύσασθαι</strong></span> <span class='ocrx_word' id='word_1_438' title='bbox 2599 847 2659 901; x_wconf 78' lang='grc' dir='ltr'><strong>ὲν</strong></span> <span class='ocrx_word' id='word_1_439' title='bbox 2702 847 2902 918; x_wconf 79' lang='grc' dir='ltr'><strong>τούτῳ.</strong></span> <span class='ocrx_word' id='word_1_440' title='bbox 2932 845 3106 900; x_wconf 77' lang='grc' dir='ltr'><strong>Τοῦτο</strong></span> <span class='ocrx_word' id='word_1_441' title='bbox 3162 845 3208 900; x_wconf 83' lang='grc' dir='ltr'><strong>δ’</strong></span> <span class='ocrx_word' id='word_1_442' title='bbox 3239 846 3322 901; x_wconf 82' lang='grc' dir='ltr'><strong>δτι</strong></span> <span class='ocrx_word' id='word_1_443' title='bbox 3353 846 3452 918; x_wconf 76' lang='grc' dir='ltr'><strong>τὴν</strong></span> <span class='ocrx_word' id='word_1_444' title='bbox 3484 847 3713 900; x_wconf 77' lang='grc' dir='ltr'><strong>καθόλου</strong></span> 
     </span>
    </p>
   </div>
   <div class='ocr_carea' id='block_1_65' title="bbox 2144 938 3712 1012">
    <p class='ocr_par' dir='ltr' id='par_1_65' title="bbox 2144 938 3712 1012">
     <span class='ocr_line' id='line_1_65' title="bbox 2144 938 3712 1012; baseline -0.003 -17"><span class='ocrx_word' id='word_1_445' title='bbox 2144 943 2275 1012; x_wconf 79' lang='grc' dir='ltr'><strong>ἡμῖν</strong></span> <span class='ocrx_word' id='word_1_446' title='bbox 2301 941 2484 995; x_wconf 82' lang='grc' dir='ltr'><strong>πίστιν</strong></span> <span class='ocrx_word' id='word_1_447' title='bbox 2508 940 2826 1008; x_wconf 83' lang='grc' dir='ltr'><strong>ἀνατρέπει,</strong></span> <span class='ocrx_word' id='word_1_448' title='bbox 2873 940 3128 1010; x_wconf 79' lang='grc' dir='ltr'><strong>φανερόν.</strong></span> <span class='ocrx_word' id='word_1_449' title='bbox 3213 938 3278 992; x_wconf 82' lang='lat' dir='ltr'><strong>El</strong></span> <span class='ocrx_word' id='word_1_450' title='bbox 3306 938 3416 1008; x_wconf 81' lang='grc' dir='ltr'><strong>γὰρ</strong></span> <span class='ocrx_word' id='word_1_451' title='bbox 3457 938 3491 1008; x_wconf 78' lang='grc' dir='ltr'>ὴ</span> <span class='ocrx_word' id='word_1_452' title='bbox 3536 938 3712 1000; x_wconf 79' lang='grc' dir='ltr'><strong>πίστις</strong></span> 
     </span>
    </p>
   </div>
   <div class='ocr_carea' id='block_1_66' title="bbox 2144 1028 3712 1102">
    <p class='ocr_par' dir='ltr' id='par_1_66' title="bbox 2144 1028 3712 1102">
     <span class='ocr_line' id='line_1_66' title="bbox 2144 1028 3712 1102; baseline -0.003 -17"><span class='ocrx_word' id='word_1_453' title='bbox 2144 1031 2303 1102; x_wconf 80' lang='grc' dir='ltr'><strong>ἡμῶν</strong></span> <span class='ocrx_word' id='word_1_454' title='bbox 2345 1031 2580 1102; x_wconf 71' lang='grc' dir='ltr'><strong>ἤρτηται</strong></span> <span class='ocrx_word' id='word_1_455' title='bbox 2619 1032 2730 1082; x_wconf 86' lang='grc' dir='ltr'><strong>τῶν</strong></span> <span class='ocrx_word' id='word_1_456' title='bbox 2776 1030 2969 1098; x_wconf 89' lang='grc' dir='ltr'><strong>ἀγίων,</strong></span> <span class='ocrx_word' id='word_1_457' title='bbox 3023 1031 3071 1083; x_wconf 81' lang='grc' dir='ltr'><strong>οἱ</strong></span> <span class='ocrx_word' id='word_1_458' title='bbox 3125 1029 3181 1083; x_wconf 84' lang='grc' dir='ltr'><strong>δὲ</strong></span> <span class='ocrx_word' id='word_1_459' title='bbox 3233 1028 3543 1084; x_wconf 77' lang='grc' dir='ltr'>πλανῶνται</span> <span class='ocrx_word' id='word_1_460' title='bbox 3587 1032 3712 1099; x_wconf 74' lang='grc' dir='ltr'><strong>περὶ</strong></span> 
     </span>
    </p>
   </div>
   <div class='ocr_carea' id='block_1_67' title="bbox 2141 1123 3290 1195">
    <p class='ocr_par' dir='ltr' id='par_1_67' title="bbox 2141 1123 3290 1195">
     <span class='ocr_line' id='line_1_67' title="bbox 2141 1123 3290 1195; baseline -0.001 -18"><span class='ocrx_word' id='word_1_461' title='bbox 2141 1123 2242 1195; x_wconf 81' lang='grc' dir='ltr'><strong>τὴν</strong></span> <span class='ocrx_word' id='word_1_462' title='bbox 2267 1123 2546 1195; x_wconf 85' lang='grc' dir='ltr'><strong>ἀλήθειαν,</strong></span> <span class='ocrx_word' id='word_1_463' title='bbox 2574 1125 2607 1192; x_wconf 84' lang='grc' dir='ltr'><strong>ἡ</strong></span> <span class='ocrx_word' id='word_1_464' title='bbox 2638 1124 2822 1187; x_wconf 80' lang='grc' dir='ltr'><strong>πίστις</strong></span> <span class='ocrx_word' id='word_1_465' title='bbox 2851 1123 3290 1192; x_wconf 81' lang='grc' dir='ltr'><strong>ἀνατέτραπται.</strong></span> 
     </span>
    </p>
   </div>
   <div class='ocr_carea' id='block_1_68' title="bbox 2213 1208 3710 1281">
    <p class='ocr_par' dir='ltr' id='par_1_68' title="bbox 2213 1208 3710 1281">
     <span class='ocr_line' id='line_1_68' title="bbox 2213 1208 3710 1281; baseline -0.003 -15"><span class='ocrx_word' id='word_1_466' title='bbox 2213 1215 2312 1268; x_wconf 84' lang='grc' dir='ltr'><strong>Διὰ</strong></span> <span class='ocrx_word' id='word_1_467' title='bbox 2340 1213 2514 1268; x_wconf 70' lang='grc' dir='ltr'><strong>ταῦτα</strong></span> <span class='ocrx_word' id='word_1_468' title='bbox 2561 1208 2654 1266; x_wconf 76' lang='grc' dir='ltr'><strong>οὖν</strong></span> <span class='ocrx_word' id='word_1_469' title='bbox 2689 1213 2923 1280; x_wconf 69' lang='grc' dir='ltr'><strong>εὐλόγως</strong></span> <span class='ocrx_word' id='word_1_470' title='bbox 2976 1211 3010 1281; x_wconf 83' lang='grc' dir='ltr'><strong>ἡ</strong></span> <span class='ocrx_word' id='word_1_471' title='bbox 3043 1212 3181 1280; x_wconf 84' lang='grc' dir='ltr'><strong>μετὰ.</strong></span> <span class='ocrx_word' id='word_1_472' title='bbox 3209 1209 3456 1264; x_wconf 77' lang='grc' dir='ltr'><strong>Λατίνων</strong></span> <span class='ocrx_word' id='word_1_473' title='bbox 3487 1209 3710 1281; x_wconf 67' lang='grc' dir='ltr'><strong>ἠκολού-</strong></span> 
     </span>
    </p>
   </div>
   <div class='ocr_carea' id='block_1_69' title="bbox 2143 1303 3711 1381">
    <p class='ocr_par' dir='ltr' id='par_1_69' title="bbox 2143 1303 3711 1381">
     <span class='ocr_line' id='line_1_69' title="bbox 2143 1303 3711 1381; baseline -0.005 -18"><span class='ocrx_word' id='word_1_474' title='bbox 2143 1309 2310 1381; x_wconf 86' lang='grc' dir='ltr'><strong>θησεν</strong></span> <span class='ocrx_word' id='word_1_475' title='bbox 2338 1308 2553 1371; x_wconf 78' lang='grc' dir='ltr'><strong>ἓνωσις.</strong></span> <span class='ocrx_word' id='word_1_476' title='bbox 2602 1306 2714 1360; x_wconf 73' lang='grc' dir='ltr'><strong>Καὶ</strong></span> <span class='ocrx_word' id='word_1_477' title='bbox 2762 1309 2966 1370; x_wconf 81' lang='grc' dir='ltr'><strong>πάντες</strong></span> <span class='ocrx_word' id='word_1_478' title='bbox 3014 1306 3314 1379; x_wconf 52' lang='grc' dir='ltr'><strong>ἀδιάστως,</strong></span> <span class='ocrx_word' id='word_1_479' title='bbox 3371 1305 3448 1368; x_wconf 85' lang='grc' dir='ltr'><strong>ὡς</strong></span> <span class='ocrx_word' id='word_1_480' title='bbox 3500 1307 3527 1357; x_wconf 83' lang='grc' dir='ltr'>ὁ</span> <span class='ocrx_word' id='word_1_481' title='bbox 3582 1303 3711 1365; x_wconf 68' lang='grc' dir='ltr'><strong>Θεὸς</strong></span> 
     </span>
    </p>
   </div>
   <div class='ocr_carea' id='block_1_70' title="bbox 2141 1395 3713 1466">
    <p class='ocr_par' dir='ltr' id='par_1_70' title="bbox 2141 1395 3713 1466">
     <span class='ocr_line' id='line_1_70' title="bbox 2141 1395 3713 1466; baseline -0.006 -12"><span class='ocrx_word' id='word_1_482' title='bbox 2141 1397 2272 1466; x_wconf 79' lang='grc' dir='ltr'><strong>οἶδε,</strong></span> <span class='ocrx_word' id='word_1_483' title='bbox 2304 1399 2614 1454; x_wconf 76' lang='grc' dir='ltr'><strong>συνέθεντο.</strong></span> <span class='ocrx_word' id='word_1_484' title='bbox 2656 1399 2810 1451; x_wconf 90' lang='grc' dir='ltr'><strong>Ὅσοι</strong></span> <span class='ocrx_word' id='word_1_485' title='bbox 2838 1398 2896 1452; x_wconf 80' lang='grc' dir='ltr'><strong>δὲ</strong></span> <span class='ocrx_word' id='word_1_486' title='bbox 2949 1396 3243 1451; x_wconf 80' lang='grc' dir='ltr'><strong>συνθέσθαι</strong></span> <span class='ocrx_word' id='word_1_487' title='bbox 3271 1397 3370 1449; x_wconf 65' lang='grc' dir='ltr'><strong>οὐκ</strong></span> <span class='ocrx_word' id='word_1_488' title='bbox 3401 1395 3713 1465; x_wconf 74' lang='grc' dir='ltr'><strong>ὴῦουλήθη-</strong></span> 
     </span>
    </p>
   </div>
   <div class='ocr_carea' id='block_1_71' title="bbox 2143 1487 3712 1564">
    <p class='ocr_par' dir='ltr' id='par_1_71' title="bbox 2143 1487 3712 1564">
     <span class='ocr_line' id='line_1_71' title="bbox 2143 1487 3712 1564; baseline -0.006 -17"><span class='ocrx_word' id='word_1_489' title='bbox 2143 1511 2242 1547; x_wconf 76' lang='grc' dir='ltr'><strong>σαν</strong></span> <span class='ocrx_word' id='word_1_490' title='bbox 2295 1489 2457 1564; x_wconf 79' lang='grc' dir='ltr'><strong>(ἦσαν</strong></span> <span class='ocrx_word' id='word_1_491' title='bbox 2481 1493 2536 1545; x_wconf 79' lang='grc' dir='ltr'><strong>δὲ</strong></span> <span class='ocrx_word' id='word_1_492' title='bbox 2560 1492 2676 1556; x_wconf 74' lang='grc' dir='ltr'><strong>δύο,</strong></span> <span class='ocrx_word' id='word_1_493' title='bbox 2718 1493 2812 1543; x_wconf 64' lang='grc' dir='ltr'><strong>καὶ⁹</strong></span> <span class='ocrx_word' id='word_1_494' title='bbox 2849 1492 2910 1542; x_wconf 81' lang='grc' dir='ltr'><strong>οὐ</strong></span> <span class='ocrx_word' id='word_1_495' title='bbox 2945 1489 3211 1560; x_wconf 73' lang='grc' dir='ltr'><strong>πλείους),</strong></span> <span class='ocrx_word' id='word_1_496' title='bbox 3283 1489 3560 1553; x_wconf 77' lang='grc' dir='ltr'><strong>ἁδίαστοι,</strong></span> <span class='ocrx_word' id='word_1_497' title='bbox 3616 1487 3712 1540; x_wconf 70' lang='grc' dir='ltr'><strong>καὶ</strong></span> 
     </span>
    </p>
   </div>
   <div class='ocr_carea' id='block_1_72' title="bbox 2141 1579 3709 1656">
    <p class='ocr_par' dir='ltr' id='par_1_72' title="bbox 2141 1579 3709 1656">
     <span class='ocr_line' id='line_1_72' title="bbox 2141 1579 3709 1656; baseline -0.006 -17"><span class='ocrx_word' id='word_1_498' title='bbox 2141 1587 2321 1656; x_wconf 75' lang='grc' dir='ltr'><strong>κύριοι</strong></span> <span class='ocrx_word' id='word_1_499' title='bbox 2353 1585 2581 1652; x_wconf 81' lang='grc' dir='ltr'><strong>ἑαυτῶν,</strong></span> <span class='ocrx_word' id='word_1_500' title='bbox 2629 1584 2852 1651; x_wconf 73' lang='grc' dir='ltr'><strong>καὶτῆς</strong></span> <span class='ocrx_word' id='word_1_501' title='bbox 2891 1581 3028 1644; x_wconf 86' lang='grc' dir='ltr'><strong>ίδίας</strong></span> <span class='ocrx_word' id='word_1_502' title='bbox 3083 1581 3310 1650; x_wconf 79' lang='grc' dir='ltr'><strong>ἔμειναν</strong></span> <span class='ocrx_word' id='word_1_503' title='bbox 3356 1579 3604 1649; x_wconf 83' lang='grc' dir='ltr'><strong>γνώμης.</strong></span> <span class='ocrx_word' id='word_1_504' title='bbox 3647 1579 3709 1630; x_wconf 81' lang='lat' dir='ltr'><strong>Ei</strong></span> 
     </span>
    </p>
   </div>
   <div class='ocr_carea' id='block_1_73' title="bbox 2139 1671 3728 1746">
    <p class='ocr_par' dir='ltr' id='par_1_73' title="bbox 2139 1671 3728 1746">
     <span class='ocr_line' id='line_1_73' title="bbox 2139 1671 3728 1746; baseline -0.006 -15"><span class='ocrx_word' id='word_1_505' title='bbox 2139 1679 2183 1730; x_wconf 83' lang='grc' dir='ltr'><strong>δ’</strong></span> <span class='ocrx_word' id='word_1_506' title='bbox 2207 1678 2468 1746; x_wconf 76' lang='grc' dir='ltr'><strong>εὐλόγως,</strong></span> <span class='ocrx_word' id='word_1_507' title='bbox 2495 1677 2528 1745; x_wconf 82' lang='grc' dir='ltr'>ἢ</span> <span class='ocrx_word' id='word_1_508' title='bbox 2574 1676 2673 1745; x_wconf 86' lang='grc' dir='ltr'><strong>μὴ,</strong></span> <span class='ocrx_word' id='word_1_509' title='bbox 2700 1677 2933 1745; x_wconf 82' lang='grc' dir='ltr'><strong>κρινεῖς,</strong></span> <span class='ocrx_word' id='word_1_510' title='bbox 2993 1673 3092 1736; x_wconf 83' lang='grc' dir='ltr'><strong>τὰς</strong></span> <span class='ocrx_word' id='word_1_511' title='bbox 3126 1672 3236 1725; x_wconf 86' lang='grc' dir='ltr'><strong>τῶν</strong></span> <span class='ocrx_word' id='word_1_512' title='bbox 3263 1671 3436 1740; x_wconf 80' lang='grc' dir='ltr'><strong>ἁγίων</strong></span> <span class='ocrx_word' id='word_1_513' title='bbox 3497 1673 3728 1741; x_wconf 49' lang='lat' dir='ltr'><strong>ﬁdem.</strong></span> 
     </span>
    </p>
   </div>
   <div class='ocr_carea' id='block_1_74' title="bbox 2139 1759 3710 1836">
    <p class='ocr_par' dir='ltr' id='par_1_74' title="bbox 2139 1759 3710 1836">
     <span class='ocr_line' id='line_1_74' title="bbox 2139 1759 3710 1836; baseline -0.008 -14"><span class='ocrx_word' id='word_1_514' title='bbox 2139 1770 2200 1831; x_wconf 64' lang='lat'><strong>8.;</strong></span> <span class='ocrx_word' id='word_1_515' title='bbox 2231 1785 2312 1821; x_wconf 87' lang='grc' dir='ltr'><strong>σοι</strong></span> <span class='ocrx_word' id='word_1_516' title='bbox 2339 1768 2433 1821; x_wconf 85' lang='grc' dir='ltr'><strong>νῦν</strong></span> <span class='ocrx_word' id='word_1_517' title='bbox 2463 1766 2690 1836; x_wconf 81' lang='grc' dir='ltr'><strong>πέμπω,</strong></span> <span class='ocrx_word' id='word_1_518' title='bbox 2715 1765 2980 1834; x_wconf 62' lang='grc' dir='ltr'><strong>ὀψόμενός</strong></span> <span class='ocrx_word' id='word_1_519' title='bbox 3018 1779 3077 1814; x_wconf 88' lang='grc' dir='ltr'><strong>τε</strong></span> <span class='ocrx_word' id='word_1_520' title='bbox 3136 1761 3232 1814; x_wconf 72' lang='grc' dir='ltr'><strong>καὶ</strong></span> <span class='ocrx_word' id='word_1_521' title='bbox 3264 1759 3553 1829; x_wconf 77' lang='grc' dir='ltr'><strong>ἀναγνούς.</strong></span> <span class='ocrx_word' id='word_1_522' title='bbox 3615 1760 3710 1823; x_wconf 87' lang='grc' dir='ltr'><strong>Τίς</strong></span> 
     </span>
    </p>
   </div>
   <div class='ocr_carea' id='block_1_75' title="bbox 2137 1851 3708 1931">
    <p class='ocr_par' dir='ltr' id='par_1_75' title="bbox 2137 1851 3708 1931">
     <span class='ocr_line' id='line_1_75' title="bbox 2137 1851 3708 1931; baseline -0.007 -17"><span class='ocrx_word' id='word_1_523' title='bbox 2137 1861 2245 1931; x_wconf 72' lang='grc' dir='ltr'><strong>γὰρ</strong></span> <span class='ocrx_word' id='word_1_524' title='bbox 2275 1859 2448 1913; x_wconf 82' lang='grc' dir='ltr'><strong>τελῶν</strong></span> <span class='ocrx_word' id='word_1_525' title='bbox 2480 1861 2560 1921; x_wconf 86' lang='grc' dir='ltr'><strong>είς</strong></span> <span class='ocrx_word' id='word_1_526' title='bbox 2621 1856 3008 1927; x_wconf 76' lang='grc' dir='ltr'><strong>Χριστιανοὺς,</strong></span> <span class='ocrx_word' id='word_1_527' title='bbox 3069 1855 3168 1907; x_wconf 85' lang='grc' dir='ltr'><strong>οὐκ</strong></span> <span class='ocrx_word' id='word_1_528' title='bbox 3229 1852 3295 1906; x_wconf 82' lang='grc' dir='ltr'><strong>ἂν</strong></span> <span class='ocrx_word' id='word_1_529' title='bbox 3342 1852 3536 1922; x_wconf 73' lang='grc' dir='ltr'><strong>ἒψαιτο</strong></span> <span class='ocrx_word' id='word_1_530' title='bbox 3583 1851 3708 1904; x_wconf 62' lang='grc' dir='ltr'><strong>τού-</strong></span> 
     </span>
    </p>
   </div>
   <div class='ocr_carea' id='block_1_76' title="bbox 2120 1943 3710 2019">
    <p class='ocr_par' dir='ltr' id='par_1_76' title="bbox 2120 1943 3710 2019">
     <span class='ocr_line' id='line_1_76' title="bbox 2120 1943 3710 2019; baseline -0.006 -13"><span class='ocrx_word' id='word_1_531' title='bbox 2120 1969 2272 2017; x_wconf 67' lang='grc' dir='ltr'><strong>ιτοις,</strong></span> <span class='ocrx_word' id='word_1_532' title='bbox 2302 1952 2394 2006; x_wconf 80' lang='grc' dir='ltr'><strong>καὶ</strong></span> <span class='ocrx_word' id='word_1_533' title='bbox 2425 1950 2584 2019; x_wconf 85' lang='grc' dir='ltr'><strong>σταίη</strong></span> <span class='ocrx_word' id='word_1_534' title='bbox 2642 1948 2782 2019; x_wconf 86' lang='grc' dir='ltr'><strong>μετά</strong></span> <span class='ocrx_word' id='word_1_535' title='bbox 2831 1947 2924 2000; x_wconf 80' lang='grc' dir='ltr'><strong>τοῦ</strong></span> <span class='ocrx_word' id='word_1_536' title='bbox 2955 1946 3066 1999; x_wconf 88' lang='grc' dir='ltr'><strong>τῶν</strong></span> <span class='ocrx_word' id='word_1_537' title='bbox 3110 1945 3450 2000; x_wconf 84' lang='grc' dir='ltr'><strong>διδασκάλων</strong></span> <span class='ocrx_word' id='word_1_538' title='bbox 3502 1943 3710 1998; x_wconf 78' lang='grc' dir='ltr'><strong>τούτων</strong></span> 
     </span>
    </p>
   </div>
   <div class='ocr_carea' id='block_1_77' title="bbox 2140 2034 3708 2113">
    <p class='ocr_par' dir='ltr' id='par_1_77' title="bbox 2140 2034 3708 2113">
     <span class='ocr_line' id='line_1_77' title="bbox 2140 2034 3708 2113; baseline -0.005 -18"><span class='ocrx_word' id='word_1_539' title='bbox 2140 2042 2327 2113; x_wconf 76' lang='grc' dir='ltr'><strong>χοροῦ.</strong></span> <span class='ocrx_word' id='word_1_540' title='bbox 2361 2041 2478 2111; x_wconf 79' lang='grc' dir='ltr'><strong>ἅμα</strong></span> <span class='ocrx_word' id='word_1_541' title='bbox 2505 2039 2564 2094; x_wconf 72' lang='grc' dir='ltr'><strong>δὲ</strong></span> <span class='ocrx_word' id='word_1_542' title='bbox 2595 2037 2690 2092; x_wconf 60' lang='grc' dir='ltr'><strong>καὶ⁴</strong></span> <span class='ocrx_word' id='word_1_543' title='bbox 2721 2037 2811 2090; x_wconf 83' lang='grc' dir='ltr'><strong>τοῦ</strong></span> <span class='ocrx_word' id='word_1_544' title='bbox 2840 2037 2948 2090; x_wconf 88' lang='grc' dir='ltr'><strong>τῶν</strong></span> <span class='ocrx_word' id='word_1_545' title='bbox 2998 2035 3375 2100; x_wconf 87' lang='grc' dir='ltr'><strong>ἀνατολικῶν;</strong></span> <span class='ocrx_word' id='word_1_546' title='bbox 3434 2034 3708 2104; x_wconf 79' lang='grc' dir='ltr'><strong>Σύμφωνα</strong></span> 
     </span>
    </p>
   </div>
   <div class='ocr_carea' id='block_1_78' title="bbox 2139 2118 3710 2206">
    <p class='ocr_par' dir='ltr' id='par_1_78' title="bbox 2139 2118 3710 2206">
     <span class='ocr_line' id='line_1_78' title="bbox 2139 2118 3710 2206; baseline -0.007 -19"><span class='ocrx_word' id='word_1_547' title='bbox 2139 2136 2247 2206; x_wconf 82' lang='grc' dir='ltr'><strong>γὰρ</strong></span> <span class='ocrx_word' id='word_1_548' title='bbox 2279 2131 2531 2202; x_wconf 84' lang='grc' dir='ltr'><strong>ἀλλήλοις</strong></span> <span class='ocrx_word' id='word_1_549' title='bbox 2559 2130 2772 2199; x_wconf 78' lang='grc' dir='ltr'><strong>ἀνάγκη</strong></span> <span class='ocrx_word' id='word_1_550' title='bbox 2806 2118 3051 2193; x_wconf 71' lang='grc' dir='ltr'><strong>δοξάζειν</strong></span> <span class='ocrx_word' id='word_1_551' title='bbox 3100 2127 3301 2188; x_wconf 79' lang='grc' dir='ltr'><strong>αὐτοὺς</strong></span> <span class='ocrx_word' id='word_1_552' title='bbox 3364 2126 3566 2189; x_wconf 77' lang='grc' dir='ltr'><strong>εἰπεῖν,</strong></span> <span class='ocrx_word' id='word_1_553' title='bbox 3630 2125 3710 2189; x_wconf 83' lang='grc' dir='ltr'><strong>ὡς</strong></span> 
     </span>
    </p>
   </div>
   <div class='ocr_carea' id='block_1_79' title="bbox 2140 2217 3710 2296">
    <p class='ocr_par' dir='ltr' id='par_1_79' title="bbox 2140 2217 3710 2296">
     <span class='ocr_line' id='line_1_79' title="bbox 2140 2217 3710 2296; baseline -0.005 -18"><span class='ocrx_word' id='word_1_554' title='bbox 2140 2227 2197 2279; x_wconf 76' lang='grc' dir='ltr'><strong>ὲν</strong></span> <span class='ocrx_word' id='word_1_555' title='bbox 2225 2224 2304 2296; x_wconf 81' lang='grc' dir='ltr'><strong>τῷ</strong></span> <span class='ocrx_word' id='word_1_556' title='bbox 2340 2220 2820 2294; x_wconf 68' lang='grc' dir='ltr'><strong>συγγεγραμμένῳ</strong></span> <span class='ocrx_word' id='word_1_557' title='bbox 2854 2236 2945 2290; x_wconf 87' lang='grc' dir='ltr'><strong>μοι</strong></span> <span class='ocrx_word' id='word_1_558' title='bbox 2992 2218 3135 2290; x_wconf 76' lang='grc' dir='ltr'><strong>λόγῳ</strong></span> <span class='ocrx_word' id='word_1_559' title='bbox 3163 2217 3254 2272; x_wconf 85' lang='grc' dir='ltr'><strong>διά</strong></span> <span class='ocrx_word' id='word_1_560' title='bbox 3313 2217 3573 2272; x_wconf 86' lang='grc' dir='ltr'><strong>πλειόνων</strong></span> <span class='ocrx_word' id='word_1_561' title='bbox 3603 2217 3710 2272; x_wconf 86' lang='grc' dir='ltr'><strong>δει-</strong></span> 
     </span>
    </p>
   </div>
   <div class='ocr_carea' id='block_1_80' title="bbox 2140 2317 2309 2372">
    <p class='ocr_par' dir='ltr' id='par_1_80' title="bbox 2140 2317 2309 2372">
     <span class='ocr_line' id='line_1_80' title="bbox 2140 2317 2309 2372; baseline 0 -1"><span class='ocrx_word' id='word_1_562' title='bbox 2140 2317 2309 2372; x_wconf 82' lang='grc' dir='ltr'><strong>κνύω.</strong></span> 
     </span>
    </p>
   </div>
   <div class='ocr_carea' id='block_1_81' title="bbox 2161 2403 3711 2480">
    <p class='ocr_par' dir='ltr' id='par_1_81' title="bbox 2161 2403 3711 2480">
     <span class='ocr_line' id='line_1_81' title="bbox 2161 2403 3711 2480; baseline -0.006 -14"><span class='ocrx_word' id='word_1_563' title='bbox 2161 2442 2174 2456; x_wconf 81' lang='grc' dir='ltr'><strong>ο</strong></span> <span class='ocrx_word' id='word_1_564' title='bbox 2209 2411 2362 2466; x_wconf 74' lang='grc' dir='ltr'><strong>Αὒτά</strong></span> <span class='ocrx_word' id='word_1_565' title='bbox 2417 2411 2517 2480; x_wconf 72' lang='grc' dir='ltr'><strong>μὲν</strong></span> <span class='ocrx_word' id='word_1_566' title='bbox 2540 2404 2633 2465; x_wconf 81' lang='grc' dir='ltr'><strong>οὖν</strong></span> <span class='ocrx_word' id='word_1_567' title='bbox 2687 2410 2754 2463; x_wconf 76' lang='grc' dir='ltr'><strong>τὰ</strong></span> <span class='ocrx_word' id='word_1_568' title='bbox 2787 2407 2928 2478; x_wconf 68' lang='grc' dir='ltr'><strong>ῥητὰ</strong></span> <span class='ocrx_word' id='word_1_569' title='bbox 2983 2405 3106 2460; x_wconf 81' lang='grc' dir='ltr'><strong>καθ’</strong></span> <span class='ocrx_word' id='word_1_570' title='bbox 3144 2406 3286 2460; x_wconf 80' lang='grc' dir='ltr'><strong>αὐτὰ</strong></span> <span class='ocrx_word' id='word_1_571' title='bbox 3348 2403 3483 2474; x_wconf 86' lang='grc' dir='ltr'><strong>μόνα</strong></span> <span class='ocrx_word' id='word_1_572' title='bbox 3549 2403 3711 2458; x_wconf 77' lang='grc' dir='ltr'><strong>ἱκανά</strong></span> 
     </span>
    </p>
   </div>
   <div class='ocr_carea' id='block_1_82' title="bbox 2140 2489 3711 2572">
    <p class='ocr_par' dir='ltr' id='par_1_82' title="bbox 2140 2489 3711 2572">
     <span class='ocr_line' id='line_1_82' title="bbox 2140 2489 3711 2572; baseline -0.008 -15"><span class='ocrx_word' id='word_1_573' title='bbox 2140 2504 2249 2556; x_wconf 86' lang='grc' dir='ltr'><strong>εἰσι</strong></span> <span class='ocrx_word' id='word_1_574' title='bbox 2298 2503 2480 2556; x_wconf 73' lang='grc' dir='ltr'><strong>πᾶσαν</strong></span> <span class='ocrx_word' id='word_1_575' title='bbox 2527 2500 2860 2572; x_wconf 73' lang='grc' dir='ltr'><strong>ἀμφιϐολίαν</strong></span> <span class='ocrx_word' id='word_1_576' title='bbox 2906 2496 3089 2562; x_wconf 82' lang='grc' dir='ltr'><strong>λῦσαι,</strong></span> <span class='ocrx_word' id='word_1_577' title='bbox 3163 2495 3259 2549; x_wconf 81' lang='grc' dir='ltr'><strong>καὶ</strong></span> <span class='ocrx_word' id='word_1_578' title='bbox 3288 2489 3469 2548; x_wconf 76' lang='grc' dir='ltr'><strong>πᾶσαν</strong></span> <span class='ocrx_word' id='word_1_579' title='bbox 3523 2495 3711 2547; x_wconf 78' lang='grc' dir='ltr'><strong>πεῖσαι</strong></span> 
     </span>
    </p>
   </div>
   <div class='ocr_carea' id='block_1_83' title="bbox 2139 2587 3712 2668">
    <p class='ocr_par' dir='ltr' id='par_1_83' title="bbox 2139 2587 3712 2668">
     <span class='ocr_line' id='line_1_83' title="bbox 2139 2587 3712 2668; baseline -0.008 -18"><span class='ocrx_word' id='word_1_580' title='bbox 2139 2597 2342 2668; x_wconf 79' lang='grc' dir='ltr'><strong>ψυχήν.</strong></span> <span class='ocrx_word' id='word_1_581' title='bbox 2390 2595 2544 2649; x_wconf 77' lang='grc' dir='ltr'><strong>Ἐπεὶ</strong></span> <span class='ocrx_word' id='word_1_582' title='bbox 2569 2593 2716 2662; x_wconf 81' lang='grc' dir='ltr'><strong>κάμὲ</strong></span> <span class='ocrx_word' id='word_1_583' title='bbox 2749 2593 2808 2646; x_wconf 84' lang='grc' dir='ltr'><strong>οὐ</strong></span> <span class='ocrx_word' id='word_1_584' title='bbox 2839 2591 3222 2660; x_wconf 71' lang='grc' dir='ltr'><strong>συλλογισμοὶ,</strong></span> <span class='ocrx_word' id='word_1_585' title='bbox 3256 2589 3378 2643; x_wconf 80' lang='grc' dir='ltr'><strong>οὐδὲ</strong></span> <span class='ocrx_word' id='word_1_586' title='bbox 3427 2587 3712 2640; x_wconf 84' lang='grc' dir='ltr'><strong>πιθανολο-</strong></span> 
     </span>
    </p>
   </div>
   <div class='ocr_carea' id='block_1_84' title="bbox 2141 2678 3712 2758">
    <p class='ocr_par' dir='ltr' id='par_1_84' title="bbox 2141 2678 3712 2758">
     <span class='ocr_line' id='line_1_84' title="bbox 2141 2678 3712 2758; baseline -0.006 -20"><span class='ocrx_word' id='word_1_587' title='bbox 2141 2685 2376 2758; x_wconf 76' lang='grc' dir='ltr'><strong>γίαικαὶ</strong></span> <span class='ocrx_word' id='word_1_588' title='bbox 2435 2685 2764 2748; x_wconf 77' lang='grc' dir='ltr'><strong>ἀποδείξεις,</strong></span> <span class='ocrx_word' id='word_1_589' title='bbox 2848 2681 2966 2736; x_wconf 81' lang='grc' dir='ltr'><strong>ἀλλ’</strong></span> <span class='ocrx_word' id='word_1_590' title='bbox 2996 2681 3128 2735; x_wconf 84' lang='grc' dir='ltr'><strong>αὐτὸ</strong></span> <span class='ocrx_word' id='word_1_591' title='bbox 3175 2680 3358 2750; x_wconf 88' lang='grc' dir='ltr'><strong>γυμνά</strong></span> <span class='ocrx_word' id='word_1_592' title='bbox 3430 2681 3497 2734; x_wconf 74' lang='grc' dir='ltr'><strong>τὰ</strong></span> <span class='ocrx_word' id='word_1_593' title='bbox 3571 2678 3712 2750; x_wconf 61' lang='grc' dir='ltr'><strong>ῥητὰ</strong></span> 
     </span>
    </p>
   </div>
   <div class='ocr_carea' id='block_1_85' title="bbox 2140 2770 3710 2846">
    <p class='ocr_par' dir='ltr' id='par_1_85' title="bbox 2140 2770 3710 2846">
     <span class='ocr_line' id='line_1_85' title="bbox 2140 2770 3710 2846; baseline -0.006 -14"><span class='ocrx_word' id='word_1_594' title='bbox 2140 2778 2386 2833; x_wconf 74' lang='grc' dir='ltr'><strong>ἔπεισαν.</strong></span> <span class='ocrx_word' id='word_1_595' title='bbox 2411 2777 2564 2846; x_wconf 70' lang='grc' dir='ltr'><strong>’Ἅμα</strong></span> <span class='ocrx_word' id='word_1_596' title='bbox 2587 2777 2695 2845; x_wconf 81' lang='grc' dir='ltr'><strong>γὰρ</strong></span> <span class='ocrx_word' id='word_1_597' title='bbox 2741 2775 2864 2830; x_wconf 79' lang='grc' dir='ltr'><strong>ἰδὼν</strong></span> <span class='ocrx_word' id='word_1_598' title='bbox 2904 2774 3000 2828; x_wconf 81' lang='grc' dir='ltr'><strong>καὶ</strong></span> <span class='ocrx_word' id='word_1_599' title='bbox 3033 2773 3276 2836; x_wconf 80' lang='grc' dir='ltr'><strong>ἀκούσας</strong></span> <span class='ocrx_word' id='word_1_600' title='bbox 3333 2773 3499 2836; x_wconf 77' lang='grc' dir='ltr'><strong>αὐτὰ,</strong></span> <span class='ocrx_word' id='word_1_601' title='bbox 3547 2770 3710 2832; x_wconf 80' lang='grc' dir='ltr'><strong>εὐθὺς</strong></span> 
     </span>
    </p>
   </div>
   <div class='ocr_carea' id='block_1_86' title="bbox 2142 2859 3710 2940">
    <p class='ocr_par' dir='ltr' id='par_1_86' title="bbox 2142 2859 3710 2940">
     <span class='ocr_line' id='line_1_86' title="bbox 2142 2859 3710 2940; baseline -0.004 -18"><span class='ocrx_word' id='word_1_602' title='bbox 2142 2859 2325 2940; x_wconf 67' lang='grc' dir='ltr'><strong>πάσης</strong></span> <span class='ocrx_word' id='word_1_603' title='bbox 2369 2869 2704 2938; x_wconf 76' lang='grc' dir='ltr'><strong>φιλονεικίας</strong></span> <span class='ocrx_word' id='word_1_604' title='bbox 2758 2869 2856 2922; x_wconf 77' lang='grc' dir='ltr'><strong>καὶ</strong></span> <span class='ocrx_word' id='word_1_605' title='bbox 2909 2867 3085 2935; x_wconf 76' lang='grc' dir='ltr'><strong>ἔριδος</strong></span> <span class='ocrx_word' id='word_1_606' title='bbox 3129 2867 3485 2935; x_wconf 77' lang='grc' dir='ltr'><strong>ἐπαυσάμην,</strong></span> <span class='ocrx_word' id='word_1_607' title='bbox 3534 2867 3710 2917; x_wconf 85' lang='grc' dir='ltr'><strong>καίτοι</strong></span> 
     </span>
    </p>
   </div>
   <div class='ocr_carea' id='block_1_87' title="bbox 2143 2956 3712 3031">
    <p class='ocr_par' dir='ltr' id='par_1_87' title="bbox 2143 2956 3712 3031">
     <span class='ocr_line' id='line_1_87' title="bbox 2143 2956 3712 3031; baseline -0.005 -15"><span class='ocrx_word' id='word_1_608' title='bbox 2143 2963 2412 3031; x_wconf 82' lang='grc' dir='ltr'><strong>πρότερον</strong></span> <span class='ocrx_word' id='word_1_609' title='bbox 2471 2962 2824 3029; x_wconf 77' lang='grc' dir='ltr'><strong>ἐνιστάμενος</strong></span> <span class='ocrx_word' id='word_1_610' title='bbox 2872 2960 2933 3011; x_wconf 80' lang='grc' dir='ltr'><strong>οὐ</strong></span> <span class='ocrx_word' id='word_1_611' title='bbox 2995 2958 3259 3029; x_wconf 78' lang='grc' dir='ltr'><strong>μετρίως.</strong></span> <span class='ocrx_word' id='word_1_612' title='bbox 3315 2958 3544 3028; x_wconf 84' lang='grc' dir='ltr'><strong>Ἐκρινα</strong></span> <span class='ocrx_word' id='word_1_613' title='bbox 3601 2956 3712 3025; x_wconf 79' lang='grc' dir='ltr'><strong>γάρ</strong></span> 
     </span>
    </p>
   </div>
   <div class='ocr_carea' id='block_1_88' title="bbox 2141 3045 3712 3119">
    <p class='ocr_par' dir='ltr' id='par_1_88' title="bbox 2141 3045 3712 3119">
     <span class='ocr_line' id='line_1_88' title="bbox 2141 3045 3712 3119; baseline -0.001 -18"><span class='ocrx_word' id='word_1_614' title='bbox 2141 3049 2267 3111; x_wconf 78' lang='grc' dir='ltr'><strong>τοὺς</strong></span> <span class='ocrx_word' id='word_1_615' title='bbox 2296 3048 2482 3116; x_wconf 81' lang='grc' dir='ltr'><strong>ἁγίους</strong></span> <span class='ocrx_word' id='word_1_616' title='bbox 2515 3047 2795 3116; x_wconf 80' lang='grc' dir='ltr'><strong>Πνεύματι</strong></span> <span class='ocrx_word' id='word_1_617' title='bbox 2825 3048 2966 3119; x_wconf 84' lang='grc' dir='ltr'><strong>ἀγίῳ</strong></span> <span class='ocrx_word' id='word_1_618' title='bbox 2998 3048 3358 3119; x_wconf 76' lang='grc' dir='ltr'><strong>λαλήσαντας,</strong></span> <span class='ocrx_word' id='word_1_619' title='bbox 3423 3047 3496 3118; x_wconf 83' lang='grc' dir='ltr'><strong>μὴ</strong></span> <span class='ocrx_word' id='word_1_620' title='bbox 3533 3045 3712 3100; x_wconf 55' lang='grc' dir='ltr'><strong>’δύνα-</strong></span> 
     </span>
    </p>
   </div>
   <div class='ocr_carea' id='block_1_89' title="bbox 2146 3137 3712 3209">
    <p class='ocr_par' dir='ltr' id='par_1_89' title="bbox 2146 3137 3712 3209">
     <span class='ocr_line' id='line_1_89' title="bbox 2146 3137 3712 3209; baseline -0.004 -17"><span class='ocrx_word' id='word_1_621' title='bbox 2146 3140 2269 3192; x_wconf 88' lang='grc' dir='ltr'><strong>σθαι</strong></span> <span class='ocrx_word' id='word_1_622' title='bbox 2300 3138 2572 3192; x_wconf 79' lang='grc' dir='ltr'><strong>ἐκκλίνειν</strong></span> <span class='ocrx_word' id='word_1_623' title='bbox 2600 3139 2691 3192; x_wconf 83' lang='grc' dir='ltr'><strong>τοῦ</strong></span> <span class='ocrx_word' id='word_1_624' title='bbox 2714 3139 2975 3208; x_wconf 77' lang='grc' dir='ltr'><strong>ἀληθοῦς,</strong></span> <span class='ocrx_word' id='word_1_625' title='bbox 3023 3141 3116 3191; x_wconf 66' lang='grc' dir='ltr'><strong>καὶ</strong></span> <span class='ocrx_word' id='word_1_626' title='bbox 3147 3139 3441 3209; x_wconf 73' lang='grc' dir='ltr'><strong>ἀχθεσθεὶς</strong></span> <span class='ocrx_word' id='word_1_627' title='bbox 3510 3139 3594 3191; x_wconf 85' lang='grc' dir='ltr'><strong>ὅτι</strong></span> <span class='ocrx_word' id='word_1_628' title='bbox 3636 3137 3712 3206; x_wconf 83' lang='grc' dir='ltr'><strong>μὴ</strong></span> 
     </span>
    </p>
   </div>
   <div class='ocr_carea' id='block_1_90' title="bbox 2141 3231 3714 3303">
    <p class='ocr_par' dir='ltr' id='par_1_90' title="bbox 2141 3231 3714 3303">
     <span class='ocr_line' id='line_1_90' title="bbox 2141 3231 3714 3303; baseline -0.001 -17"><span class='ocrx_word' id='word_1_629' title='bbox 2141 3232 2407 3303; x_wconf 77' lang='grc' dir='ltr'><strong>πρότερον</strong></span> <span class='ocrx_word' id='word_1_630' title='bbox 2431 3231 2572 3284; x_wconf 83' lang='grc' dir='ltr'><strong>αὐτὰ</strong></span> <span class='ocrx_word' id='word_1_631' title='bbox 2636 3231 2922 3300; x_wconf 77' lang='grc' dir='ltr'><strong>ὴκηκόειν.</strong></span> <span class='ocrx_word' id='word_1_632' title='bbox 2959 3232 3146 3294; x_wconf 78' lang='grc' dir='ltr'><strong>Οὐδεὶς</strong></span> <span class='ocrx_word' id='word_1_633' title='bbox 3169 3231 3276 3302; x_wconf 81' lang='grc' dir='ltr'><strong>γὰρ</strong></span> <span class='ocrx_word' id='word_1_634' title='bbox 3305 3233 3558 3287; x_wconf 83' lang='grc' dir='ltr'><strong>οὐδέποτε</strong></span> <span class='ocrx_word' id='word_1_635' title='bbox 3599 3231 3714 3284; x_wconf 88' lang='grc' dir='ltr'><strong>τῶν</strong></span> 
     </span>
    </p>
   </div>
   <div class='ocr_carea' id='block_1_91' title="bbox 2143 3321 3712 3393">
    <p class='ocr_par' dir='ltr' id='par_1_91' title="bbox 2143 3321 3712 3393">
     <span class='ocr_line' id='line_1_91' title="bbox 2143 3321 3712 3393; baseline 0 -19"><span class='ocrx_word' id='word_1_636' title='bbox 2143 3323 2429 3393; x_wconf 76' lang='grc' dir='ltr'><strong>ἡμετέρων</strong></span> <span class='ocrx_word' id='word_1_637' title='bbox 2458 3321 2728 3390; x_wconf 82' lang='grc' dir='ltr'><strong>τοσαύτην</strong></span> <span class='ocrx_word' id='word_1_638' title='bbox 2762 3322 2868 3374; x_wconf 77' lang='grc' dir='ltr'><strong>ἀπὸ</strong></span> <span class='ocrx_word' id='word_1_639' title='bbox 2899 3322 3082 3390; x_wconf 79' lang='grc' dir='ltr'><strong>ῥητῶν</strong></span> <span class='ocrx_word' id='word_1_640' title='bbox 3102 3324 3228 3385; x_wconf 78' lang='grc' dir='ltr'><strong>τοὺς</strong></span> <span class='ocrx_word' id='word_1_641' title='bbox 3259 3323 3522 3384; x_wconf 81' lang='grc' dir='ltr'><strong>Λατίνους</strong></span> <span class='ocrx_word' id='word_1_642' title='bbox 3555 3323 3712 3391; x_wconf 75' lang='grc' dir='ltr'><strong>ἰσχὺν</strong></span> 
     </span>
    </p>
   </div>
   <div class='ocr_carea' id='block_1_92' title="bbox 2142 3404 3711 3484">
    <p class='ocr_par' dir='ltr' id='par_1_92' title="bbox 2142 3404 3711 3484">
     <span class='ocr_line' id='line_1_92' title="bbox 2142 3404 3711 3484; baseline -0.003 -18"><span class='ocrx_word' id='word_1_643' title='bbox 2142 3414 2276 3484; x_wconf 75' lang='grc' dir='ltr'><strong>ᾤετο</strong></span> <span class='ocrx_word' id='word_1_644' title='bbox 2302 3413 2478 3484; x_wconf 82' lang='grc' dir='ltr'><strong>ἔχειν·</strong></span> <span class='ocrx_word' id='word_1_645' title='bbox 2511 3413 2597 3466; x_wconf 84' lang='grc' dir='ltr'><strong>ὅτε</strong></span> <span class='ocrx_word' id='word_1_646' title='bbox 2629 3413 2798 3480; x_wconf 82' lang='grc' dir='ltr'><strong>ὅμως,</strong></span> <span class='ocrx_word' id='word_1_647' title='bbox 2841 3412 2964 3464; x_wconf 82' lang='grc' dir='ltr'><strong>τότε</strong></span> <span class='ocrx_word' id='word_1_648' title='bbox 3025 3412 3178 3480; x_wconf 78' lang='grc' dir='ltr'><strong>γοῦν,</strong></span> <span class='ocrx_word' id='word_1_649' title='bbox 3225 3411 3364 3464; x_wconf 79' lang='grc' dir='ltr'><strong>αὐτά</strong></span> <span class='ocrx_word' id='word_1_650' title='bbox 3423 3404 3563 3463; x_wconf 78' lang='grc' dir='ltr'><strong>εἶδον</strong></span> <span class='ocrx_word' id='word_1_651' title='bbox 3616 3415 3711 3464; x_wconf 77' lang='grc' dir='ltr'><strong>καὶ</strong></span> 
     </span>
    </p>
   </div>
   <div class='ocr_carea' id='block_1_93' title="bbox 2140 3501 3712 3574">
    <p class='ocr_par' dir='ltr' id='par_1_93' title="bbox 2140 3501 3712 3574">
     <span class='ocr_line' id='line_1_93' title="bbox 2140 3501 3712 3574; baseline -0.004 -16"><span class='ocrx_word' id='word_1_652' title='bbox 2140 3507 2383 3574; x_wconf 64' lang='grc' dir='ltr'><strong>ἥκουσα,</strong></span> <span class='ocrx_word' id='word_1_653' title='bbox 2435 3503 2616 3570; x_wconf 86' lang='grc' dir='ltr'><strong>πάσης</strong></span> <span class='ocrx_word' id='word_1_654' title='bbox 2669 3502 3136 3572; x_wconf 80' lang='grc' dir='ltr'><strong>ἀμφισϐητήσεως</strong></span> <span class='ocrx_word' id='word_1_655' title='bbox 3190 3501 3534 3570; x_wconf 83' lang='grc' dir='ltr'><strong>ἀπηλλάγην,</strong></span> <span class='ocrx_word' id='word_1_656' title='bbox 3614 3501 3712 3552; x_wconf 63' lang='grc' dir='ltr'><strong>καὶ⁵</strong></span> 
     </span>
    </p>
   </div>
   <div class='ocr_carea' id='block_1_94' title="bbox 2141 3593 3714 3667">
    <p class='ocr_par' dir='ltr' id='par_1_94' title="bbox 2141 3593 3714 3667">
     <span class='ocr_line' id='line_1_94' title="bbox 2141 3593 3714 3667; baseline -0.003 -18"><span class='ocrx_word' id='word_1_657' title='bbox 2141 3599 2375 3667; x_wconf 70' lang='grc' dir='ltr'><strong>χὰριταξ</strong></span> <span class='ocrx_word' id='word_1_658' title='bbox 2397 3595 2723 3665; x_wconf 84' lang='grc' dir='ltr'><strong>ὡμολόγησα</strong></span> <span class='ocrx_word' id='word_1_659' title='bbox 2751 3595 2827 3664; x_wconf 79' lang='grc' dir='ltr'><strong>τῷ</strong></span> <span class='ocrx_word' id='word_1_660' title='bbox 2849 3593 2990 3663; x_wconf 84' lang='grc' dir='ltr'><strong>Θεῷ,</strong></span> <span class='ocrx_word' id='word_1_661' title='bbox 3027 3595 3266 3646; x_wconf 79' lang='grc' dir='ltr'><strong>τοσαῦτα</strong></span> <span class='ocrx_word' id='word_1_662' title='bbox 3317 3595 3530 3646; x_wconf 75' lang='grc' dir='ltr'><strong>ἐκεῖθεν</strong></span> <span class='ocrx_word' id='word_1_663' title='bbox 3564 3593 3714 3660; x_wconf 72' lang='grc' dir='ltr'><strong>ὠφε-</strong></span> 
     </span>
    </p>
   </div>
   <div class='ocr_carea' id='block_1_95' title="bbox 2140 3685 3714 3758">
    <p class='ocr_par' dir='ltr' id='par_1_95' title="bbox 2140 3685 3714 3758">
     <span class='ocr_line' id='line_1_95' title="bbox 2140 3685 3714 3758; baseline -0.003 -16"><span class='ocrx_word' id='word_1_664' title='bbox 2140 3689 2344 3758; x_wconf 73' lang='grc' dir='ltr'><strong>ληθείς.</strong></span> <span class='ocrx_word' id='word_1_665' title='bbox 2381 3691 2488 3741; x_wconf 77' lang='grc' dir='ltr'><strong>Καί</strong></span> <span class='ocrx_word' id='word_1_666' title='bbox 2521 3706 2602 3740; x_wconf 89' lang='grc' dir='ltr'><strong>σοι</strong></span> <span class='ocrx_word' id='word_1_667' title='bbox 2636 3689 2819 3741; x_wconf 80' lang='grc' dir='ltr'><strong>τοίνυν</strong></span> <span class='ocrx_word' id='word_1_668' title='bbox 2859 3685 3166 3755; x_wconf 78' lang='grc' dir='ltr'><strong>εὐγνώμονι</strong></span> <span class='ocrx_word' id='word_1_669' title='bbox 3196 3687 3466 3757; x_wconf 79' lang='grc' dir='ltr'><strong>ἀκροατῇ,</strong></span> <span class='ocrx_word' id='word_1_670' title='bbox 3489 3685 3584 3739; x_wconf 78' lang='grc' dir='ltr'><strong>καὶ</strong></span> <span class='ocrx_word' id='word_1_671' title='bbox 3611 3685 3714 3755; x_wconf 77' lang='grc' dir='ltr'><strong>ψυ-</strong></span> 
     </span>
    </p>
   </div>
   <div class='ocr_carea' id='block_1_96' title="bbox 2140 3777 3712 3849">
    <p class='ocr_par' dir='ltr' id='par_1_96' title="bbox 2140 3777 3712 3849">
     <span class='ocr_line' id='line_1_96' title="bbox 2140 3777 3712 3849; baseline -0.004 -15"><span class='ocrx_word' id='word_1_672' title='bbox 2140 3781 2241 3848; x_wconf 75' lang='grc' dir='ltr'><strong>χὴν</strong></span> <span class='ocrx_word' id='word_1_673' title='bbox 2295 3779 2476 3848; x_wconf 80' lang='grc' dir='ltr'><strong>ἔχοντι</strong></span> <span class='ocrx_word' id='word_1_674' title='bbox 2536 3779 2634 3849; x_wconf 82' lang='grc' dir='ltr'><strong>τῆς</strong></span> <span class='ocrx_word' id='word_1_675' title='bbox 2695 3777 2956 3848; x_wconf 82' lang='grc' dir='ltr'><strong>ἀληθείας</strong></span> <span class='ocrx_word' id='word_1_676' title='bbox 3022 3779 3320 3848; x_wconf 79' lang='grc' dir='ltr'><strong>ἐφιεμένην</strong></span> <span class='ocrx_word' id='word_1_677' title='bbox 3382 3778 3478 3830; x_wconf 80' lang='grc' dir='ltr'><strong>καὶ</strong></span> <span class='ocrx_word' id='word_1_678' title='bbox 3541 3779 3712 3830; x_wconf 73' lang='grc' dir='ltr'><strong>παντὶΙ</strong></span> 
     </span>
    </p>
   </div>
   <div class='ocr_carea' id='block_1_97' title="bbox 2139 3869 3448 3943">
    <p class='ocr_par' dir='ltr' id='par_1_97' title="bbox 2139 3869 3448 3943">
     <span class='ocr_line' id='line_1_97' title="bbox 2139 3869 3448 3943; baseline -0.001 -19"><span class='ocrx_word' id='word_1_679' title='bbox 2139 3871 2308 3942; x_wconf 76' lang='grc' dir='ltr'><strong>ὁμοίῳ</strong></span> <span class='ocrx_word' id='word_1_680' title='bbox 2339 3869 2650 3943; x_wconf 87' lang='grc' dir='ltr'><strong>Χριστιανῷ</strong></span> <span class='ocrx_word' id='word_1_681' title='bbox 2681 3870 2856 3924; x_wconf 80' lang='grc' dir='ltr'><strong>ταῦτα</strong></span> <span class='ocrx_word' id='word_1_682' title='bbox 2891 3869 3122 3940; x_wconf 82' lang='grc' dir='ltr'><strong>ἀρκέσει</strong></span> <span class='ocrx_word' id='word_1_683' title='bbox 3155 3869 3250 3923; x_wconf 71' lang='grc' dir='ltr'><strong>καὶ</strong></span> <span class='ocrx_word' id='word_1_684' title='bbox 3285 3869 3448 3940; x_wconf 80' lang='grc' dir='ltr'><strong>μόνα.</strong></span> 
     </span>
    </p>
   </div>
   <div class='ocr_carea' id='block_1_98' title="bbox 2225 4139 3712 4210">
    <p class='ocr_par' dir='ltr' id='par_1_98' title="bbox 2225 4139 3712 4210">
     <span class='ocr_line' id='line_1_98' title="bbox 2225 4139 3712 4210; baseline 0.001 -16"><span class='ocrx_word' id='word_1_685' title='bbox 2225 4141 2375 4194; x_wconf 78' lang='grc' dir='ltr'><strong>Ἐπεὶ</strong></span> <span class='ocrx_word' id='word_1_686' title='bbox 2402 4140 2457 4194; x_wconf 80' lang='grc' dir='ltr'><strong>δὲ</strong></span> <span class='ocrx_word' id='word_1_687' title='bbox 2489 4142 2580 4194; x_wconf 82' lang='grc' dir='ltr'><strong>καί</strong></span> <span class='ocrx_word' id='word_1_688' title='bbox 2619 4159 2770 4204; x_wconf 82' lang='grc' dir='ltr'><strong>τινας</strong></span> <span class='ocrx_word' id='word_1_689' title='bbox 2810 4140 2917 4194; x_wconf 78' lang='grc' dir='ltr'><strong>ἀπὸ</strong></span> <span class='ocrx_word' id='word_1_690' title='bbox 2955 4139 3241 4210; x_wconf 87' lang='grc' dir='ltr'><strong>λογισμῶν</strong></span> <span class='ocrx_word' id='word_1_691' title='bbox 3295 4140 3466 4203; x_wconf 75' lang='grc' dir='ltr'><strong>αἰτεῖς</strong></span> <span class='ocrx_word' id='word_1_692' title='bbox 3497 4139 3712 4195; x_wconf 83' lang='grc' dir='ltr'><strong>ἀποδεί-</strong></span> 
     </span>
    </p>
   </div>
   <div class='ocr_carea' id='block_1_99' title="bbox 2141 4233 3712 4306">
    <p class='ocr_par' dir='ltr' id='par_1_99' title="bbox 2141 4233 3712 4306">
     <span class='ocr_line' id='line_1_99' title="bbox 2141 4233 3712 4306; baseline 0.001 -20"><span class='ocrx_word' id='word_1_693' title='bbox 2141 4234 2276 4300; x_wconf 72' lang='grc' dir='ltr'><strong>ξεις,</strong></span> <span class='ocrx_word' id='word_1_694' title='bbox 2316 4233 2415 4304; x_wconf 80' lang='grc' dir='ltr'><strong>σὴν</strong></span> <span class='ocrx_word' id='word_1_695' title='bbox 2447 4235 2606 4305; x_wconf 84' lang='grc' dir='ltr'><strong>χάριν</strong></span> <span class='ocrx_word' id='word_1_696' title='bbox 2638 4240 2898 4304; x_wconf 84' lang='grc' dir='ltr'><strong>μετρίως,</strong></span> <span class='ocrx_word' id='word_1_697' title='bbox 2947 4233 3022 4298; x_wconf 84' lang='grc' dir='ltr'><strong>ὡς</strong></span> <span class='ocrx_word' id='word_1_698' title='bbox 3053 4234 3172 4288; x_wconf 79' lang='grc' dir='ltr'><strong>ἐνὸν</strong></span> <span class='ocrx_word' id='word_1_699' title='bbox 3204 4233 3483 4288; x_wconf 76' lang='grc' dir='ltr'><strong>καὶτοῦτο</strong></span> <span class='ocrx_word' id='word_1_700' title='bbox 3550 4237 3712 4306; x_wconf 84' lang='grc' dir='ltr'><strong>ποιή-</strong></span> 
     </span>
    </p>
   </div>
   <div class='ocr_carea' id='block_1_100' title="bbox 2143 4325 3711 4394">
    <p class='ocr_par' dir='ltr' id='par_1_100' title="bbox 2143 4325 3711 4394">
     <span class='ocr_line' id='line_1_100' title="bbox 2143 4325 3711 4394; baseline 0.001 -18"><span class='ocrx_word' id='word_1_701' title='bbox 2143 4342 2329 4393; x_wconf 74' lang='grc' dir='ltr'><strong>σομεν,</strong></span> <span class='ocrx_word' id='word_1_702' title='bbox 2367 4325 2472 4376; x_wconf 80' lang='grc' dir='ltr'><strong>ἀπὸ</strong></span> <span class='ocrx_word' id='word_1_703' title='bbox 2502 4325 2610 4376; x_wconf 84' lang='grc' dir='ltr'><strong>τῶν</strong></span> <span class='ocrx_word' id='word_1_704' title='bbox 2654 4325 2830 4391; x_wconf 82' lang='grc' dir='ltr'><strong>λόγων</strong></span> <span class='ocrx_word' id='word_1_705' title='bbox 2861 4326 2971 4377; x_wconf 91' lang='grc' dir='ltr'><strong>τῶν</strong></span> <span class='ocrx_word' id='word_1_706' title='bbox 3022 4325 3196 4391; x_wconf 83' lang='grc' dir='ltr'><strong>ἀγίων</strong></span> <span class='ocrx_word' id='word_1_707' title='bbox 3249 4325 3344 4376; x_wconf 77' lang='grc' dir='ltr'><strong>καὶ</strong></span> <span class='ocrx_word' id='word_1_708' title='bbox 3408 4325 3510 4394; x_wconf 80' lang='grc' dir='ltr'><strong>τῆς</strong></span> <span class='ocrx_word' id='word_1_709' title='bbox 3559 4325 3711 4386; x_wconf 82' lang='grc' dir='ltr'><strong>Θείας</strong></span> 
     </span>
    </p>
   </div>
   <div class='ocr_carea' id='block_1_101' title="bbox 2141 4415 3714 4487">
    <p class='ocr_par' dir='ltr' id='par_1_101' title="bbox 2141 4415 3714 4487">
     <span class='ocr_line' id='line_1_101' title="bbox 2141 4415 3714 4487; baseline -0.001 -18"><span class='ocrx_word' id='word_1_710' title='bbox 2141 4419 2359 4487; x_wconf 71' lang='grc' dir='ltr'><strong>Γραφῆς</strong></span> <span class='ocrx_word' id='word_1_711' title='bbox 2404 4418 2736 4486; x_wconf 85' lang='grc' dir='ltr'><strong>ὁρμώμενοι.</strong></span> <span class='ocrx_word' id='word_1_712' title='bbox 2775 4417 2841 4467; x_wconf 90' lang='grc' dir='ltr'>Ὃ</span> <span class='ocrx_word' id='word_1_713' title='bbox 2881 4416 3059 4469; x_wconf 73' lang='grc' dir='ltr'><strong>ἔνεστι</strong></span> <span class='ocrx_word' id='word_1_714' title='bbox 3119 4419 3216 4485; x_wconf 78' lang='grc' dir='ltr'><strong>μὲν</strong></span> <span class='ocrx_word' id='word_1_715' title='bbox 3279 4418 3382 4469; x_wconf 84' lang='grc' dir='ltr'><strong>κάν</strong></span> <span class='ocrx_word' id='word_1_716' title='bbox 3443 4415 3714 4485; x_wconf 66' lang='grc' dir='ltr'><strong>’τῷ-περὶ</strong></span> 
     </span>
    </p>
   </div>
   <div class='ocr_carea' id='block_1_102' title="bbox 2139 4505 3702 4576">
    <p class='ocr_par' dir='ltr' id='par_1_102' title="bbox 2139 4505 3702 4576">
     <span class='ocr_line' id='line_1_102' title="bbox 2139 4505 3702 4576; baseline -0.003 -15"><span class='ocrx_word' id='word_1_717' title='bbox 2139 4510 2409 4573; x_wconf 71' lang='grc' dir='ltr'><strong>ἐνώσεως</strong></span> <span class='ocrx_word' id='word_1_718' title='bbox 2441 4508 2914 4576; x_wconf 81' lang='grc' dir='ltr'><strong>ἐπιγεγραμμένῳ</strong></span> <span class='ocrx_word' id='word_1_719' title='bbox 2943 4523 3031 4575; x_wconf 87' lang='grc' dir='ltr'><strong>μοι</strong></span> <span class='ocrx_word' id='word_1_720' title='bbox 3065 4505 3231 4575; x_wconf 74' lang='grc' dir='ltr'><strong>λόγῳ*</strong></span> <span class='ocrx_word' id='word_1_721' title='bbox 3291 4506 3596 4574; x_wconf 84' lang='grc' dir='ltr'><strong>ποιήσομεν</strong></span> <span class='ocrx_word' id='word_1_722' title='bbox 3642 4505 3702 4556; x_wconf 75' lang='grc' dir='ltr'><strong>δι</strong></span> 
     </span>
    </p>
   </div>
   <div class='ocr_carea' id='block_1_103' title="bbox 2140 4597 3711 4670">
    <p class='ocr_par' dir='ltr' id='par_1_103' title="bbox 2140 4597 3711 4670">
     <span class='ocr_line' id='line_1_103' title="bbox 2140 4597 3711 4670; baseline -0.003 -16"><span class='ocrx_word' id='word_1_723' title='bbox 2140 4603 2286 4670; x_wconf 76' lang='grc' dir='ltr'><strong>ὅμως</strong></span> <span class='ocrx_word' id='word_1_724' title='bbox 2319 4601 2598 4654; x_wconf 69' lang='grc' dir='ltr'><strong>κάνταῦθα</strong></span> <span class='ocrx_word' id='word_1_725' title='bbox 2623 4599 2788 4654; x_wconf 87' lang='grc' dir='ltr'><strong>τινῶν</strong></span> <span class='ocrx_word' id='word_1_726' title='bbox 2813 4599 2988 4666; x_wconf 85' lang='grc' dir='ltr'><strong>λόγων</strong></span> <span class='ocrx_word' id='word_1_727' title='bbox 3034 4598 3332 4667; x_wconf 67' lang='grc' dir='ltr'><strong>ἁψάμενοι.</strong></span> <span class='ocrx_word' id='word_1_728' title='bbox 3369 4598 3485 4668; x_wconf 80' lang='grc' dir='ltr'><strong>Πρὸ</strong></span> <span class='ocrx_word' id='word_1_729' title='bbox 3523 4598 3581 4651; x_wconf 69' lang='grc' dir='ltr'><strong>δὲ</strong></span> <span class='ocrx_word' id='word_1_730' title='bbox 3615 4597 3711 4651; x_wconf 81' lang='grc' dir='ltr'><strong>τοῦ</strong></span> 
     </span>
    </p>
   </div>
   <div class='ocr_carea' id='block_1_104' title="bbox 2141 4688 3712 4760">
    <p class='ocr_par' dir='ltr' id='par_1_104' title="bbox 2141 4688 3712 4760">
     <span class='ocr_line' id='line_1_104' title="bbox 2141 4688 3712 4760; baseline -0.001 -17"><span class='ocrx_word' id='word_1_731' title='bbox 2141 4692 2282 4744; x_wconf 76' lang='grc' dir='ltr'><strong>κατὰ</strong></span> <span class='ocrx_word' id='word_1_732' title='bbox 2324 4691 2486 4759; x_wconf 84' lang='grc' dir='ltr'><strong>μέρος</strong></span> <span class='ocrx_word' id='word_1_733' title='bbox 2515 4690 2640 4760; x_wconf 74' lang='grc' dir='ltr'><strong>περὶ</strong></span> <span class='ocrx_word' id='word_1_734' title='bbox 2663 4689 2872 4743; x_wconf 83' lang='grc' dir='ltr'><strong>τούτων</strong></span> <span class='ocrx_word' id='word_1_735' title='bbox 2901 4690 3100 4753; x_wconf 69' lang='grc' dir='ltr'><strong>εἰπεῖν,</strong></span> <span class='ocrx_word' id='word_1_736' title='bbox 3138 4689 3356 4759; x_wconf 85' lang='grc' dir='ltr'><strong>ἀνάγκη</strong></span> <span class='ocrx_word' id='word_1_737' title='bbox 3401 4688 3524 4743; x_wconf 75' lang='grc' dir='ltr'><strong>τινὰ</strong></span> <span class='ocrx_word' id='word_1_738' title='bbox 3577 4707 3712 4759; x_wconf 82' lang='grc' dir='ltr'><strong>προ-</strong></span> 
     </span>
    </p>
   </div>
   <div class='ocr_carea' id='block_1_105' title="bbox 2141 4779 3714 4853">
    <p class='ocr_par' dir='ltr' id='par_1_105' title="bbox 2141 4779 3714 4853">
     <span class='ocr_line' id='line_1_105' title="bbox 2141 4779 3714 4853; baseline -0.002 -18"><span class='ocrx_word' id='word_1_739' title='bbox 2141 4784 2346 4847; x_wconf 64' lang='grc' dir='ltr'><strong>λαϐεῖν,</strong></span> <span class='ocrx_word' id='word_1_740' title='bbox 2387 4782 2524 4853; x_wconf 81' lang='grc' dir='ltr'><strong>πρὸς</strong></span> <span class='ocrx_word' id='word_1_741' title='bbox 2570 4781 2631 4833; x_wconf 69' lang='grc' dir='ltr'><strong>τὸ</strong></span> <span class='ocrx_word' id='word_1_742' title='bbox 2681 4782 3016 4851; x_wconf 77' lang='grc' dir='ltr'><strong>σαφέστερον</strong></span> <span class='ocrx_word' id='word_1_743' title='bbox 3071 4780 3164 4833; x_wconf 79' lang='grc' dir='ltr'><strong>τὸν</strong></span> <span class='ocrx_word' id='word_1_744' title='bbox 3222 4781 3352 4852; x_wconf 74' lang='grc' dir='ltr'><strong>ἑξῆς</strong></span> <span class='ocrx_word' id='word_1_745' title='bbox 3400 4779 3560 4848; x_wconf 83' lang='grc' dir='ltr'><strong>λόγον</strong></span> <span class='ocrx_word' id='word_1_746' title='bbox 3619 4797 3714 4850; x_wconf 84' lang='grc' dir='ltr'><strong>γε·-</strong></span> 
     </span>
    </p>
   </div>
   <div class='ocr_carea' id='block_1_106' title="bbox 2141 4871 2354 4925">
    <p class='ocr_par' dir='ltr' id='par_1_106' title="bbox 2141 4871 2354 4925">
     <span class='ocr_line' id='line_1_106' title="bbox 2141 4871 2354 4925; baseline 0 0"><span class='ocrx_word' id='word_1_747' title='bbox 2141 4871 2198 4925; x_wconf 79' lang='grc' dir='ltr'><strong>νέ</strong></span> <span class='ocrx_word' id='word_1_748' title='bbox 2208 4871 2354 4925; x_wconf 82' lang='grc' dir='ltr'><strong>σθαι.</strong></span> 
     </span>
    </p>
   </div>
   <div class='ocr_carea' id='block_1_107' title="bbox 2144 4980 3714 5053">
    <p class='ocr_par' dir='ltr' id='par_1_107' title="bbox 2144 4980 3714 5053">
     <span class='ocr_line' id='line_1_107' title="bbox 2144 4980 3714 5053; baseline 0 -15"><span class='ocrx_word' id='word_1_749' title='bbox 2144 4983 2459 5053; x_wconf 75' lang='grc' dir='ltr'><strong>Λήμματιι,</strong></span> <span class='ocrx_word' id='word_1_750' title='bbox 2490 4985 2587 5038; x_wconf 78' lang='grc' dir='ltr'><strong>καὶ</strong></span> <span class='ocrx_word' id='word_1_751' title='bbox 2623 4984 2858 5051; x_wconf 79' lang='grc' dir='ltr'><strong>πρῶτον</strong></span> <span class='ocrx_word' id='word_1_752' title='bbox 2877 4984 2935 5037; x_wconf 79' lang='grc' dir='ltr'><strong>τί</strong></span> <span class='ocrx_word' id='word_1_753' title='bbox 2967 4984 3065 5053; x_wconf 34' lang='grc' dir='ltr'><strong>ἄν’</strong></span> <span class='ocrx_word' id='word_1_754' title='bbox 3081 4985 3175 5052; x_wconf 80' lang='grc' dir='ltr'><strong>εἵη</strong></span> <span class='ocrx_word' id='word_1_755' title='bbox 3205 4988 3580 5038; x_wconf 77' lang='grc' dir='ltr'><strong>συστατικὸν</strong></span> <span class='ocrx_word' id='word_1_756' title='bbox 3609 4980 3714 5038; x_wconf 81' lang='grc' dir='ltr'><strong>τοῦ</strong></span> 
     </span>
    </p>
   </div>
   <div class='ocr_carea' id='block_1_108' title="bbox 2572 5049 3362 5125">
    <p class='ocr_par' dir='ltr' id='par_1_108' title="bbox 2572 5049 3362 5125">
     <span class='ocr_line' id='line_1_108' title="bbox 2572 5049 3362 5125; baseline 0.004 -19"><span class='ocrx_word' id='word_1_757' title='bbox 2572 5049 2899 5125; x_wconf 74' lang='grc' dir='ltr'><strong>προσώπου</strong></span> <span class='ocrx_word' id='word_1_758' title='bbox 2959 5049 3066 5109; x_wconf 79' lang='grc' dir='ltr'><strong>τοῦ</strong></span> <span class='ocrx_word' id='word_1_759' title='bbox 3105 5049 3362 5123; x_wconf 75' lang='grc' dir='ltr'><strong>Πατρός.</strong></span> 
     </span>
    </p>
   </div>
   <div class='ocr_carea' id='block_1_109' title="bbox 2226 5143 3716 5215">
    <p class='ocr_par' dir='ltr' id='par_1_109' title="bbox 2226 5143 3716 5215">
     <span class='ocr_line' id='line_1_109' title="bbox 2226 5143 3716 5215; baseline -0.003 -16"><span class='ocrx_word' id='word_1_760' title='bbox 2226 5147 2379 5200; x_wconf 76' lang='grc' dir='ltr'><strong>Ἐπεὶ</strong></span> <span class='ocrx_word' id='word_1_761' title='bbox 2405 5144 2637 5198; x_wconf 79' lang='grc' dir='ltr'><strong>ἑκάστου</strong></span> <span class='ocrx_word' id='word_1_762' title='bbox 2690 5143 2799 5196; x_wconf 84' lang='grc' dir='ltr'><strong>τῶν</strong></span> <span class='ocrx_word' id='word_1_763' title='bbox 2827 5145 2996 5197; x_wconf 73' lang='grc' dir='ltr'><strong>ὄντων</strong></span> <span class='ocrx_word' id='word_1_764' title='bbox 3036 5144 3172 5214; x_wconf 79' lang='grc' dir='ltr'><strong>πρὸς</strong></span> <span class='ocrx_word' id='word_1_765' title='bbox 3227 5145 3312 5215; x_wconf 81' lang='grc' dir='ltr'><strong>τῷ</strong></span> <span class='ocrx_word' id='word_1_766' title='bbox 3360 5143 3524 5213; x_wconf 80' lang='grc' dir='ltr'><strong>κοινῷ</strong></span> <span class='ocrx_word' id='word_1_767' title='bbox 3563 5144 3716 5209; x_wconf 82' lang='grc' dir='ltr'><strong>εῖδει,</strong></span> 
     </span>
    </p>
   </div>
   <div class='ocr_carea' id='block_1_110' title="bbox 2142 5230 3718 5313">
    <p class='ocr_par' dir='ltr' id='par_1_110' title="bbox 2142 5230 3718 5313">
     <span class='ocr_line' id='line_1_110' title="bbox 2142 5230 3718 5313; baseline -0.003 -22"><span class='ocrx_word' id='word_1_768' title='bbox 2142 5238 2259 5291; x_wconf 77' lang='grc' dir='ltr'><strong>ἐστι</strong></span> <span class='ocrx_word' id='word_1_769' title='bbox 2283 5255 2335 5292; x_wconf 90' lang='grc' dir='ltr'><strong>τι</strong></span> <span class='ocrx_word' id='word_1_770' title='bbox 2362 5241 2456 5290; x_wconf 77' lang='grc' dir='ltr'><strong>καὶ</strong></span> <span class='ocrx_word' id='word_1_771' title='bbox 2486 5237 2676 5307; x_wconf 76' lang='grc' dir='ltr'><strong>ἕτερον</strong></span> <span class='ocrx_word' id='word_1_772' title='bbox 2733 5236 2863 5290; x_wconf 85' lang='grc' dir='ltr'><strong>ῐδιον</strong></span> <span class='ocrx_word' id='word_1_773' title='bbox 2929 5230 3090 5313; x_wconf 83' lang='grc' dir='ltr'><strong>εἶδος,</strong></span> <span class='ocrx_word' id='word_1_774' title='bbox 3149 5230 3193 5304; x_wconf 80' lang='grc' dir='ltr'>ᾧ</span> <span class='ocrx_word' id='word_1_775' title='bbox 3256 5237 3574 5289; x_wconf 85' lang='grc' dir='ltr'><strong>συνίσταται</strong></span> <span class='ocrx_word' id='word_1_776' title='bbox 3620 5235 3718 5288; x_wconf 79' lang='grc' dir='ltr'><strong>καὶ</strong></span> 
     </span>
    </p>
   </div>
   <div class='ocr_carea' id='block_1_111' title="bbox 2142 5319 3718 5398">
    <p class='ocr_par' dir='ltr' id='par_1_111' title="bbox 2142 5319 3718 5398">
     <span class='ocr_line' id='line_1_111' title="bbox 2142 5319 3718 5398; baseline -0.003 -16"><span class='ocrx_word' id='word_1_777' title='bbox 2142 5319 2284 5396; x_wconf 77' lang='grc' dir='ltr'><strong>ἔστι,</strong></span> <span class='ocrx_word' id='word_1_778' title='bbox 2311 5331 2407 5383; x_wconf 76' lang='grc' dir='ltr'><strong>καὶ</strong></span> <span class='ocrx_word' id='word_1_779' title='bbox 2437 5329 2574 5383; x_wconf 81' lang='grc' dir='ltr'><strong>καθὸ</strong></span> <span class='ocrx_word' id='word_1_780' title='bbox 2603 5330 2821 5395; x_wconf 85' lang='grc' dir='ltr'><strong>λέγεται</strong></span> <span class='ocrx_word' id='word_1_781' title='bbox 2857 5328 2976 5380; x_wconf 78' lang='grc' dir='ltr'><strong>τόδε</strong></span> <span class='ocrx_word' id='word_1_782' title='bbox 3011 5345 3063 5380; x_wconf 88' lang='grc' dir='ltr'><strong>τι</strong></span> <span class='ocrx_word' id='word_1_783' title='bbox 3094 5328 3188 5382; x_wconf 74' lang='grc' dir='ltr'><strong>καὶ</strong></span> <span class='ocrx_word' id='word_1_784' title='bbox 3220 5329 3303 5380; x_wconf 78' lang='grc' dir='ltr'><strong>δν·</strong></span> <span class='ocrx_word' id='word_1_785' title='bbox 3341 5326 3532 5398; x_wconf 80' lang='grc' dir='ltr'><strong>ὥσπερ</strong></span> <span class='ocrx_word' id='word_1_786' title='bbox 3561 5327 3718 5379; x_wconf 73' lang='grc' dir='ltr'><strong>τοίδε</strong></span> 
     </span>
    </p>
   </div>
   <div class='ocr_carea' id='block_1_112' title="bbox 2141 5417 3718 5490">
    <p class='ocr_par' dir='ltr' id='par_1_112' title="bbox 2141 5417 3718 5490">
     <span class='ocr_line' id='line_1_112' title="bbox 2141 5417 3718 5490; baseline -0.005 -14"><span class='ocrx_word' id='word_1_787' title='bbox 2141 5422 2234 5476; x_wconf 81' lang='grc' dir='ltr'><strong>τοῦ</strong></span> <span class='ocrx_word' id='word_1_788' title='bbox 2253 5421 2568 5490; x_wconf 85' lang='grc' dir='ltr'><strong>ἀνθρώπου,</strong></span> <span class='ocrx_word' id='word_1_789' title='bbox 2604 5421 2697 5473; x_wconf 77' lang='grc' dir='ltr'><strong>τοῦ</strong></span> <span class='ocrx_word' id='word_1_790' title='bbox 2733 5420 2942 5489; x_wconf 82' lang='grc' dir='ltr'><strong>Πέτρου</strong></span> <span class='ocrx_word' id='word_1_791' title='bbox 2973 5419 3160 5488; x_wconf 74' lang='grc' dir='ltr'><strong>τυχὸν,</strong></span> <span class='ocrx_word' id='word_1_792' title='bbox 3223 5419 3362 5488; x_wconf 83' lang='grc' dir='ltr'><strong>πρὸς</strong></span> <span class='ocrx_word' id='word_1_793' title='bbox 3423 5419 3501 5488; x_wconf 79' lang='grc' dir='ltr'><strong>τῷ</strong></span> <span class='ocrx_word' id='word_1_794' title='bbox 3550 5417 3718 5486; x_wconf 79' lang='grc' dir='ltr'><strong>κοινῷ</strong></span> 
     </span>
    </p>
   </div>
   <div class='ocr_carea' id='block_1_113' title="bbox 2142 5511 3718 5586">
    <p class='ocr_par' dir='ltr' id='par_1_113' title="bbox 2142 5511 3718 5586">
     <span class='ocr_line' id='line_1_113' title="bbox 2142 5511 3718 5586; baseline -0.003 -18"><span class='ocrx_word' id='word_1_795' title='bbox 2142 5517 2295 5580; x_wconf 72' lang='grc' dir='ltr'><strong>εἴδει,</strong></span> <span class='ocrx_word' id='word_1_796' title='bbox 2336 5516 2470 5586; x_wconf 82' lang='grc' dir='ltr'><strong>ὅπερ</strong></span> <span class='ocrx_word' id='word_1_797' title='bbox 2512 5515 2659 5566; x_wconf 77' lang='grc' dir='ltr'><strong>ἐστιν</strong></span> <span class='ocrx_word' id='word_1_798' title='bbox 2709 5514 2742 5581; x_wconf 75' lang='grc' dir='ltr'><strong>ἡ</strong></span> <span class='ocrx_word' id='word_1_799' title='bbox 2800 5511 3178 5581; x_wconf 71' lang='grc' dir='ltr'><strong>ἀνθρωπότης,</strong></span> <span class='ocrx_word' id='word_1_800' title='bbox 3231 5512 3346 5565; x_wconf 74' lang='grc' dir='ltr'><strong>ἐστι</strong></span> <span class='ocrx_word' id='word_1_801' title='bbox 3395 5513 3487 5564; x_wconf 73' lang='grc' dir='ltr'><strong>καὶ</strong></span> <span class='ocrx_word' id='word_1_802' title='bbox 3529 5511 3718 5581; x_wconf 78' lang='grc' dir='ltr'><strong>ἒ-ερον</strong></span> 
     </span>
    </p>
   </div>
   <div class='ocr_carea' id='block_1_114' title="bbox 2145 5602 3718 5674">
    <p class='ocr_par' dir='ltr' id='par_1_114' title="bbox 2145 5602 3718 5674">
     <span class='ocr_line' id='line_1_114' title="bbox 2145 5602 3718 5674; baseline -0.003 -18"><span class='ocrx_word' id='word_1_803' title='bbox 2145 5605 2275 5660; x_wconf 73' lang='grc' dir='ltr'><strong>ἴδιον</strong></span> <span class='ocrx_word' id='word_1_804' title='bbox 2306 5603 2465 5672; x_wconf 77' lang='grc' dir='ltr'><strong>εἶδος,</strong></span> <span class='ocrx_word' id='word_1_805' title='bbox 2494 5604 2630 5661; x_wconf 85' lang='grc' dir='ltr'><strong>καθὸ</strong></span> <span class='ocrx_word' id='word_1_806' title='bbox 2659 5603 2742 5657; x_wconf 84' lang='grc' dir='ltr'><strong>ὅδε</strong></span> <span class='ocrx_word' id='word_1_807' title='bbox 2768 5603 2796 5656; x_wconf 87' lang='grc' dir='ltr'>ὁ</span> <span class='ocrx_word' id='word_1_808' title='bbox 2826 5602 3115 5674; x_wconf 76' lang='grc' dir='ltr'><strong>ἄνθρωπός</strong></span> <span class='ocrx_word' id='word_1_809' title='bbox 3147 5605 3263 5657; x_wconf 83' lang='grc' dir='ltr'><strong>ἐστι</strong></span> <span class='ocrx_word' id='word_1_810' title='bbox 3301 5603 3506 5673; x_wconf 73' lang='grc' dir='ltr'><strong>Πέτρος</strong></span> <span class='ocrx_word' id='word_1_811' title='bbox 3557 5602 3718 5671; x_wconf 76' lang='grc' dir='ltr'><strong>τυχὸν</strong></span> 
     </span>
    </p>
   </div>
  </div>
