4124 6468
356 406 458 472 361

1277 406 1376 466 DE
1420 402 1946 465 PROCESSIONE
1986 402 2353 466 SPIRITUS
2392 405 2696 467 SANCTI.

3491 404 3598 466 862

360 526 395 593 ἢ
459 520 695 586 Παῦλος,
764 520 902 589 ὅπερ
956 519 1070 571 ἐστι
1140 518 1231 570 καὶ
1289 520 1655 587 ἀκοινώνητον
1715 518 1929 588 ἑτέρῳ·

2060 535 2197 588 luam
2242 520 2335 575 hie
2388 520 2550 575 homo
2584 527 2667 573 est
2703 517 2841 572 forte
2878 516 3072 571 Petrus
3109 516 3193 571 vel
3226 514 3444 579 Paulus,
3476 531 3595 584 qua:

369 614 536 668 τοῦτο
559 614 601 665 δ’
625 614 771 665 ἐστὶν
807 612 839 680 ή
870 611 1018 679 ψυχὴ
1052 610 1215 663 αὑτοῦ
1238 610 1505 680 δηλονότι,
1559 611 1621 663 τὸ
1677 612 1858 678 σῶμα,
1894 610 1927 679 ἢ

366 704 572 769 ἄλλοτι,
598 704 734 773 ὅπερ
763 702 915 756 ἐστὶν
945 702 1094 772 αὐτῷ
1153 701 1298 773 ἀρχὴ
1328 700 1422 755 τοῦ
1482 703 1685 772 ἄτομον
1744 699 1889 755 εἶναι
1914 716 1928 732 ³

373 798 635 871 ζητητέον
664 797 755 852 καὶ
787 797 883 851 ἐπὶ
929 794 1023 850 τοῦ
1076 798 1210 851 Θεοῦ
1266 799 1361 851 καὶ
1414 798 1647 868 Πατρδς,
1700 798 1751 849 τε
1812 797 1929 851 ποτ’

367 892 515 944 ἐστιν
550 889 698 959 αὐτῷ
730 888 865 943 ἴδιον
900 885 1061 955 εἶδος,
1111 889 1171 942 τὸ
1198 888 1491 960 πρόσωπον
1556 889 1724 941 αὑτοῦ
1783 906 1932 942 συνι-

369 980 528 1033 στῶν.
562 978 719 1033 Ἐστι
754 978 856 1049 μὲν
877 980 984 1049 γὰρ
1015 979 1195 1034 κοινὸν
1230 979 1381 1049 αὐτῷ
1411 979 1488 1048 τῷ
1516 978 1712 1049 Πατρὶ,
1735 978 1846 1048 Υἱῴ
1876 994 1933 1029 τε

368 1073 462 1125 καὶ
492 1071 770 1139 Πνεύματι
801 1071 899 1124 καὶ
936 1071 1192 1134 οὐσιῶδες
1243 1067 1403 1134 εῐδος.
1478 1070 1535 1124 ἒν
1591 1070 1688 1123 καὶ
1738 1069 1938 1124 ταυτὸν

368 1161 588 1232 ἀριθμῷ
615 1161 699 1227 δν,
733 1160 934 1233 δηλαδὴ
956 1162 990 1231 ἡ
1046 1161 1234 1233 θεότης
1257 1202 1271 1227 ,
1327 1161 1453 1216 καθ’
1475 1161 1543 1232 ἢν
1598 1163 1715 1231 μετ’
1750 1161 1938 1215 αὐτῶν

370 1247 448 1316 εἷς
478 1254 595 1307 ἔστι
622 1251 779 1316 Θεόςο
811 1252 925 1323 ἔχει
956 1252 1141 1322 μέντοι
1206 1255 1301 1307 καὶ
1345 1253 1534 1325 ἕτερον
1586 1255 1718 1308 ἴδιον
1776 1251 1938 1320 εἶδος,

372 1342 741 1412 ἀκοινώνητον
766 1345 879 1407 τοῖς
921 1343 1107 1407 ἄλλοις
1158 1344 1474 1415 προσώποις
1502 1385 1518 1410 ,
1565 1346 1701 1399 καθὸ
1732 1346 1849 1400 τόδε
1886 1364 1941 1399 τι

374 1435 473 1486 καὶ
532 1434 826 1503 πρόσωπον
880 1437 937 1489 ὲν
1012 1439 1078 1505 τῇ
1139 1436 1259 1507 θείᾳ
1312 1436 1505 1505 Τριάδι
1568 1438 1705 1493 ἐστι.
1769 1438 1941 1492 Τοῦτο

379 1527 472 1578 οὖν
506 1526 557 1578 τί
590 1525 709 1579 ποτ’
734 1528 856 1579 ὲστι
885 1527 1173 1598 ζητητέον.

386 1836 507 1891 Ὀτι
544 1838 611 1893 τὸ
640 1839 977 1910 ἀγέννητον
1003 1846 1115 1899 οὐκ
1149 1845 1281 1900 ἔστι
1307 1846 1682 1901 συστατικὸν
1734 1848 1940 1902 αὐτοῦ.
1973 1850 2021 1910 Β

449 1972 522 2027 Τὸ
562 1975 659 2044 μὲν
688 1976 781 2031 οῦν
806 1979 1100 2049 ἀγέννητον
1123 1982 1221 2034 οὐκ
1246 1981 1383 2035 ἔστι.
1432 1983 1603 2037 Τοῦτο
1650 1987 1759 2057 γάρ
1794 1989 1940 2040 ἐστιν

377 2063 671 2133 ἀπόφασις·
696 2068 848 2123 οὐδὲν
876 2070 931 2122 δὲ
951 2071 1059 2125 τῶν
1111 2072 1279 2125 ὄντων
1310 2073 1452 2126 κατὰ
1485 2076 1763 2144 ἀπόφασιν
1800 2077 1945 2147 ἔχει,

379 2155 496 2208 τοδέ
531 2175 584 2210 τι
608 2154 770 2213 εἶναι.
839 2160 982 2215 Ἀλλ’
1007 2162 1154 2216 ἔστιν
1204 2165 1369 2218 αὑτοῦ
1428 2166 1628 2236 ἰδίωμα
1678 2169 1944 2239 ἑπόμενον

384 2250 638 2303 συστάντι
662 2251 739 2322 τῷ
766 2253 1045 2323 προσώπῳ
1071 2255 1261 2312 αὑτοῦ.
1294 2259 1371 2310 UO
1398 2258 1505 2329 μὴν
1537 2260 1656 2313 οὐδὲ
1684 2262 1743 2313 τὸ
1775 2261 1945 2315 αἴτιον

384 2342 658 2410 λέγεσθαι.
694 2346 757 2399 Ei
784 2346 893 2417 γὰρ
916 2347 1061 2401 τοῦτ’
1085 2344 1153 2419 ἦν
1182 2350 1239 2403 τὸ
1262 2350 1624 2406 ὑποστατικὺν
1676 2338 1825 2423 αὑτῷ
1874 2351 1948 2407 εῖ-

384 2436 498 2499 δος,
546 2435 721 2500 αἴτιος
791 2438 994 2508 μᾶλλον
1049 2441 1336 2511 ἐλέγετοῆ
1396 2444 1611 2515 Πατήρ.
1670 2446 1808 2499 Ἀλλ’
1846 2448 1949 2502 ὑπὸ

386 2528 606 2584 πάντων
654 2528 764 2583 τῶν
815 2531 1152 2587 διδασκάλων
1208 2534 1404 2596 κοινῶς
1467 2536 1688 2607 Πατέρα
1748 2537 1949 2608 μᾶλλον

386 2618 720 2691 καλούμενον
744 2623 962 2695 ὁρῶμεν
991 2626 1176 2681 αὐτόν.

461 2864 592 2919 ’Ὁτι
616 2866 759 2921 οὐδὲ
786 2868 853 2921 τὸ
877 2869 1072 2925 αἴτιόν
1097 2873 1226 2927 ἐστι
1252 2879 1628 2931 συστατικὸν
1670 2880 1877 2938 αὑτοῦ.

464 3008 587 3061 Ἔτι
608 3007 669 3061 τὸ
728 3010 901 3065 αἴτιον
937 3012 1168 3068 καθόλου
1209 3033 1264 3068 τε
1298 3016 1358 3070 ὃν
1393 3018 1487 3072 καὶ
1534 3019 1678 3074 κατὰ
1719 3021 1812 3076 τοῦ
1846 3024 1957 3077 Πα-

391 3098 520 3169 τρός
569 3118 621 3153 τι
674 3102 770 3155 καὶ
826 3104 1135 3173 προόολέως
1176 3107 1494 3177 λεγόμενον,
1552 3113 1733 3182 νόημα
1796 3115 1957 3184 μόνον

2035 612 2255 681 quidem
2291 610 2503 681 species
2529 610 2752 665 minime
2779 607 3219 664 communicatur
3242 623 3363 661 cum
3388 610 3593 669 altero;

2035 703 2149 758 haec
2170 713 2354 758 autem
2382 713 2466 759 est
2494 704 2578 758 vel
2599 704 2773 774 ipsius
2808 701 3014 757 scilicet
3043 700 3245 765 anima,
3266 699 3349 752 vel
3376 713 3596 768 corpus,

2036 795 2121 849 vel
2158 794 2366 865 aliquid
2393 795 2569 863 aliud,
2603 794 2749 864 quod
2778 802 2862 849 est
2905 793 3007 863 ipsi
3043 792 3399 863 principium,
3439 802 3497 846 ut
3529 792 3601 846 sit

2038 885 2381 940 individuum
2404 905 2419 940 :
2440 886 2797 956 quaerendum
2817 894 2902 940 est
2922 893 2977 938 et
2999 885 3053 938 in
3074 878 3194 953 ipso
3216 882 3323 937 Deo
3342 892 3397 937 et
3415 878 3597 945 Patre,

2039 990 2289 1045 quaenam
2326 975 2427 1045 ipsi
2449 975 2669 1045 pr0pria
2695 977 2767 1029 sit
2800 977 3040 1045 species,
3070 988 3190 1044 quae
3213 964 3386 1042 ipsius
3416 987 3605 1041 perso-

2040 1082 2166 1121 nam
2216 1067 2542 1124 constituat.
2582 1066 2803 1122 Etenim
2833 1066 3141 1120 communis
3174 1064 3388 1132 species
3424 1073 3479 1117 et
3514 1079 3606 1118 es-

2043 1159 2292 1216 sentialis
2312 1167 2398 1215 est
2430 1159 2534 1229 ipsi
2562 1159 2734 1225 Patri,
2754 1160 3002 1228 Filioque
3035 1173 3097 1213 ac
3122 1156 3353 1228 Spiritui
3390 1164 3605 1218 sancto,

2043 1266 2151 1306 una
2184 1251 2490 1321 eademque
2535 1266 2764 1305 numero
2800 1250 3073 1305 exsistens
3108 1248 3368 1303 nimirum
3410 1246 3606 1311 deitas,

2044 1346 2346 1401 secundum
2383 1361 2545 1415 quam
2589 1345 2753 1401 simul
2789 1360 2914 1399 eum
2962 1344 3095 1414 ipsis
3138 1358 3280 1397 unus
3313 1349 3398 1397 est
3440 1341 3609 1395 Deus.

2044 1440 2304 1494 Attamen
2329 1438 2495 1494 habet
2527 1446 2581 1492 et
2623 1439 2850 1492 alteram
2887 1437 3170 1506 propriam
3207 1434 3468 1505 speciem,
3491 1446 3614 1502 quae

2048 1545 2158 1583 non
2192 1531 2635 1584 communicatur
2661 1544 2783 1582 cum
2817 1529 2939 1582 aliis
2969 1527 3239 1597 personis,
3272 1528 3423 1597 juxta
3449 1539 3614 1593 quant

2047 1620 2153 1673 hoc
2183 1620 2387 1688 aliquid
2416 1629 2500 1674 est
2525 1627 2581 1674 et
2615 1632 2847 1688 persona
2877 1618 2929 1671 in
2959 1618 3305 1673 sanctissima
3323 1616 3610 1671 Trinitatc.

2051 1709 2164 1765 lloc
2191 1712 2356 1781 igitur
2387 1712 2646 1781 quidnam
2675 1713 2766 1779 sit,
2799 1710 3158 1781 qumrendum
3189 1718 3294 1765 est.

2157 1826 2307 1911 Quod
2341 1848 2630 1919 ingenitum
2663 1865 2765 1902 non
2789 1855 2864 1902 est
2893 1847 3287 1901 constitulivum
3319 1845 3505 1914 ipsius.

2121 1987 2287 2057 Igitur
2320 1987 2462 2055 quod
2503 1997 2698 2041 vocant
2736 1987 3039 2056 ingenitum
3063 1999 3202 2042 esse,
3236 1996 3340 2035 non
3368 1989 3468 2034 est.
3504 1977 3619 2032 ηοω

2052 2080 2195 2133 enim
2230 2088 2312 2133 est
2344 2077 2562 2146 negatio
2591 2096 2603 2141 ;
2639 2078 2774 2131 nihil
2803 2085 2984 2131 autem
3031 2090 3248 2137 eorum,
3276 2087 3395 2140 qua:
3433 2071 3485 2124 in
3536 2085 3620 2123 re-

2053 2187 2175 2225 rum
2217 2180 2413 2224 natura
2456 2169 2752 2233 exsistunt,
2782 2184 2901 2223 esse
2942 2168 3047 2222 hoc
3082 2165 3288 2235 aliquid
3338 2163 3505 2219 habet
3532 2178 3621 2216 se-

2055 2261 2295 2317 cundum
2330 2261 2702 2331 negationem.
2750 2259 2853 2313 Sed
2883 2268 2965 2313 est
2997 2258 3099 2328 ipsi
3136 2257 3444 2327 proprietas
3475 2271 3622 2324 quae-

2057 2355 2205 2419 dam,
2259 2368 2381 2422 qua:
2418 2352 2568 2407 illius
2618 2366 2910 2421 personam
2954 2350 3306 2404 constitutam
3350 2347 3620 2415 sequitur.

2056 2446 2123 2497 At
2146 2458 2324 2512 neque
2359 2456 2580 2496 causam
2614 2440 2745 2505 dici,
2786 2440 2830 2493 si
2859 2440 3008 2494 enim
3043 2440 3148 2493 hoc
3181 2447 3325 2492 esset
3365 2438 3623 2508 hyposta-

2062 2536 2165 2589 tica
2187 2535 2304 2604 ejus
2338 2532 2569 2602 species,
2598 2532 2782 2600 potius
2811 2538 3001 2585 auctor
3026 2538 3081 2583 et
3126 2544 3287 2583 causa
3314 2528 3620 2589 diceretur,

2059 2641 2219 2695 quam
2250 2625 2412 2678 Pater
2439 2641 2452 2677 :
2481 2637 2673 2677 verum
2730 2622 2797 2675 ab
2827 2620 3082 2675 ottinibus
3114 2618 3478 2673 communiter
3528 2616 3627 2671 do-

2061 2714 2300 2774 ctoribus
2331 2716 2549 2771 Patrem
2583 2713 2753 2785 magis
2782 2728 2908 2771 eum
2942 2711 3203 2785 appellari
3226 2710 3497 2769 videmus.

2254 2877 2435 2948 Neque
2471 2893 2630 2930 causa
2678 2884 2753 2930 es!
2786 2876 3181 2929 constitutivum
3219 2873 3416 2943 ipsius.

2136 3012 2406 3067 Pruterea
2440 3026 2662 3068 causam
2699 3026 2843 3076 esse,
2872 3025 2996 3064 cum
3021 3008 3326 3064 universale
3354 2998 3445 3070 sit,
3478 3020 3542 3060 ac
3563 3006 3631 3060 de

2065 3106 2249 3171 Patre,
2283 3114 2341 3160 et
2379 3105 2544 3159 etiam
2608 3103 2941 3174 productore
2978 3101 3326 3171 praadicetur,
3371 3096 3631 3167 cogitatio

392 3190 572 3255 ἔσται,
610 3194 705 3245 καὶ
741 3195 892 3247 οὐδὲν
930 3200 1212 3269 ⁸πρᾶίγμα.
1274 3202 1338 3254 Ὀ
1368 3202 1426 3255 δὲ
1486 3204 1732 3258 τοιοῦτόν
1784 3208 1951 3275 ἐστιν,

2067 3208 2281 3255 tantum
2322 3198 2450 3262 erit,
2496 3205 2552 3251 et
2585 3196 2736 3250 nulla
2784 3211 2910 3249 res:
2952 3193 3099 3263 quod
3143 3202 3322 3246 autem
3374 3198 3458 3243 est
3489 3188 3633 3259 ejus-

391 3279 541 3335 ἔστιν
571 3282 669 3336 οὐκ
685 3284 766 3340 ὃν.
801 3287 874 3339 Τὸ
903 3287 1053 3358 δὲμὴ
1083 3287 1141 3341 ὃν
1162 3290 1222 3343 οῦ
1254 3290 1475 3347 δύναται
1508 3294 1603 3348 τοῦ
1630 3297 1956 3367 ὑπερουσίου

395 3375 716 3428 συστατικὸν
746 3372 907 3431 εἶναι.
951 3379 1216 3434 Λεὶπεται
1268 3378 1365 3437 οῦν
1419 3386 1452 3453 ἢ
1514 3387 1615 3455 τὴν
1643 3391 1961 3461 πατρότητα

399 3465 578 3535 μόνον,
617 3465 779 3537 ἤτὴν
803 3468 1076 3541 προϐολὴν
1121 3473 1302 3542 μόνον,
1354 3475 1386 3545 ἢ
1425 3478 1519 3531 καὶ
1551 3477 1721 3549 ἄμφω
1764 3497 1963 3537 συστα-

396 3555 525 3608 τικὰ
562 3551 702 3611 εἶναι
733 3559 828 3611 τοῦ
867 3560 1165 3630 προσώπου
1196 3563 1291 3617 τοῦ
1320 3567 1614 3638 πατρικοῦ.
1663 3570 1825 3624 Ἀλλὰ
1851 3573 1959 3643 μὴν

397 3646 564 3716 ἄμφω
578 3650 875 3703 συστατικὰ
892 3651 983 3703 τοῦ
1000 3652 1165 3706 αὑτοῦ
1184 3651 1323 3710 εἶναι
1342 3656 1624 3724 ἀδύνατον,
1647 3661 1740 3716 διὰ
1766 3662 1959 3718 ταῦτα.

398 3738 459 3790 Εἰ
490 3738 598 3806 γὰρ
619 3737 786 3808 ἄμφω
820 3742 1111 3795 συνιστῶσι
1170 3743 1231 3798 τὸ
1266 3746 1561 3817 πρόσωπον
1595 3749 1690 3802 τοῦ
1728 3751 1962 3823 Πατρὺς,

400 3828 432 3898 ἢ
467 3831 556 3883 καὶ
590 3829 694 3901 ἰδίᾳ
722 3831 984 3903 ἑκάτερον
1021 3833 1244 3890 δύναται
1311 3837 1441 3891 αὐτὸ
1477 3842 1757 3905 συνιστᾶν,
1812 3843 1844 3913 ἢ
1878 3843 1961 3910 οὒ,

398 3922 515 3975 ἀλλ’
554 3922 721 3992 ἄμφω
778 3924 914 3995 ἅμα.
971 3927 1035 3979 Εἰ
1085 3929 1184 3998 μὲν
1230 3924 1325 3983 οῦν
1390 3932 1483 3984 καὶ
1529 3932 1791 4004 ἑκάτερον
1839 3936 1965 4007 ἰδία,

398 4015 494 4067 δύο
520 4016 627 4087 ἄρα
653 4016 769 4087 εἴδη
796 4018 824 4070 ὁ
851 4018 1038 4090 Πατὴρ
1084 4020 1195 4085 ἕξει
1235 4022 1330 4075 καὶ
1383 4024 1697 4089 ἀκολούθως
1745 4028 1841 4082 καὶ
1873 4029 1967 4082 δύο

400 4107 675 4176 πρόσωπα
711 4108 889 4177 ἔσται,
921 4112 995 4174 ὡς
1016 4112 1110 4166 δύο
1137 4115 1466 4185 προσωπικὰ
1492 4118 1608 4189 εἴδη
1640 4118 1801 4189 ἔχωνο
1852 4121 1963 4174 ώσ-

402 4215 509 4271 περ
529 4199 595 4255 ἄν
623 4200 677 4253 et
702 4219 786 4264 τις
816 4201 1101 4273 ἄνθρωπος
1131 4204 1223 4258 δύο
1261 4205 1375 4276 ἔχει
1418 4207 1616 4278 ψυχὰς,
1665 4210 1804 4281 ὅπερ
1845 4212 1971 4267 ἄτο-

402 4308 526 4345 πον.
562 4292 624 4345 Εἰ
656 4291 705 4344 δ’
723 4293 823 4363 οὐχ
871 4293 946 4358 ὡς
969 4295 1226 4367 ἑκάτερον
1280 4297 1405 4369 ἰδίᾳ,
1442 4299 1558 4352 ἀλλ’
1586 4299 1756 4371 ἄμφω
1810 4303 1951 4373 ἅμα,

401 4385 518 4439 οὔτ’
545 4387 573 4440 ό
615 4386 835 4458 Πατέρα
852 4386 1030 4456 λέγων
1084 4390 1248 4459 μόνον
1307 4391 1544 4463 ἐδήλωσε
1581 4393 1644 4446 τὸ
1692 4396 1966 4465 πατρικὸν

404 4477 896 4548 πρόσωπον,,οῦτε
956 4482 984 4533 ὁ
1046 4480 1338 4551 προϐολὲα.
1391 4483 1557 4536 Ἀλλὰ
1606 4487 1800 4539 τούτου
1859 4489 1967 4541 πᾶν

403 4571 719 4624 τούναντίον
746 4572 804 4624 ἐν
829 4574 893 4644 τῇ
922 4574 1116 4642 χρήσει
1180 4575 1418 4645 ὁρῶμεν.
1478 4576 1687 4641 Πάντες
1738 4579 1842 4649 γὰρ
1892 4572 1969 4632 διὶ

404 4660 690 4727 δάσκαλοι,
720 4662 816 4716 καὶ
848 4664 1000 4716 πᾶσα
1021 4664 1234 4735 Γραφὴ,
1271 4665 1349 4736 τῷ
1381 4666 1609 4736 ὀνόματι
1631 4668 1726 4721 τοῦ
1758 4669 1972 4739 Πατρὸς

404 4755 504 4824 τὴν
560 4753 708 4807 θείαν
740 4754 903 4808 αὐτοῦ
937 4755 1188 4826 δηλοῦσιν
1212 4757 1533 4812 ὑπόστασιν·
1569 4761 1664 4812 καὶ
1700 4760 1973 4831 προόολέα

405 4846 465 4899 δὲ
500 4846 751 4914 λέγοντες
786 4847 1139 4917 οἱὴμέτεροι,
1168 4849 1260 4901 τὸν
1292 4848 1512 4919 Πατέρα
1541 4850 1736 4920 δηλοῦν
1768 4851 1971 4905 οἴονται

412 4938 595 5007 μόνον.
652 4939 767 4992 Οὐκ
799 4938 905 5007 ἄρα
954 4939 1080 4992 οὗτε
1118 4938 1295 5001 οὕτως
1341 4940 1508 5010 ἄμφω
1556 4940 1674 5011 ἅμα
1734 4942 1973 4995 ὑποστα-

407 5030 556 5093 ma,
586 5028 661 5091 ώς
689 5030 915 5100 θάτερον
974 5032 1133 5101 μόνον
1183 5032 1258 5101 μὴ
1308 5031 1608 5102 ἐγχωροῦν,
1665 5032 1783 5086 ἀλλ’
1810 5033 1976 5103 ἄμφω

408 5121 526 5190 ἅμα
554 5123 834 5191 συνιστᾷν,
899 5121 1023 5174 οὔτε
1055 5121 1129 5185 ὡς
1152 5123 1411 5192 ἑκάτερον
1445 5123 1552 5194 ὶδιᾳ.
1585 5124 1680 5178 καὶ
1710 5124 1831 5178 καθ’
1852 5126 1980 5177 ἑαυ-

408 5214 470 5266 τὸ
491 5212 792 5285 ἐγχωροῦν,
825 5211 943 5266 ἀλλ’
973 5212 1033 5278 ἐξ
1056 5213 1303 5285 ἀνάγκης
1344 5214 1570 5285 θάτερον
1602 5215 1703 5283 μὲν
1750 5215 1846 5270 καὶ
1875 5215 1975 5285 μό-

410 5322 500 5357 νον
525 5305 751 5375 συνιστᾷ
799 5304 861 5357 τὸ
914 5306 1232 5375 πρόσωπον·
1294 5305 1355 5359 τὸ
1392 5306 1438 5360 δ’
1474 5306 1603 5361 ἄλλο
1661 5309 1755 5362 καὶ
1788 5308 1976 5362 λοιπὸν

412 5393 603 5447 ἕπεται
625 5392 703 5463 τῷ
725 5393 1006 5464 προσώπῳ
1037 5397 1317 5450 συστάντι.

1998 4536 2047 4597 D

2070 3290 2242 3356 modi,
2273 3300 2492 3345 estnon
2522 3304 2656 3352 ens;
2682 3303 2793 3342 non
2816 3302 2915 3341 ens
2939 3301 3070 3339 vero
3100 3300 3207 3340 non
3234 3289 3411 3352 potest
3432 3280 3636 3336 consti-

2064 3396 2238 3448 tuere,
2271 3382 2418 3453 quod
2451 3397 2613 3451 supra
2644 3395 2864 3435 omnem
2899 3377 3260 3433 substantiam
3295 3386 3394 3430 est.
3430 3373 3635 3441 Super-

2063 3482 2149 3529 est
2195 3472 2401 3543 igitur,
2458 3471 2546 3525 vel
2598 3468 2985 3539 paternitatem
3044 3468 3218 3521 solam
3250 3507 3263 3531 ,
3314 3465 3401 3519 vel
3464 3464 3634 3518 solam

2063 3562 2508 3636 productionem,
2543 3562 2631 3615 vel
2668 3563 2836 3615 etiam
2874 3559 3065 3612 ambas
3093 3572 3214 3612 esse
3243 3556 3480 3625 species,
3516 3570 3637 3622 qua:

2069 3656 2411 3712 constituant
2436 3669 2725 3723 personam
2750 3653 2950 3708 Patris.
2977 3652 3047 3706 At
3080 3652 3227 3705 enim
3251 3649 3424 3703 ambae
3448 3648 3642 3702 utsiut

2066 3748 2318 3819 eiusdem
2356 3746 2751 3809 constitutivze,
2801 3745 2956 3817 nullo
2989 3744 3151 3798 modo
3183 3741 3297 3795 ﬁeri
3330 3749 3531 3811 potest,
3568 3739 3641 3792 ub

2067 3842 2209 3897 hanc
2232 3842 2503 3896 rationem
2539 3856 2553 3893 :
2590 3839 2634 3893 si
2678 3839 2821 3893 enim
2853 3837 3028 3891 ambae
3064 3836 3415 3890 constituunt
3447 3846 3641 3899 perso-

2066 3950 2195 3989 nam
2241 3934 2463 3997 Patris,
2506 3932 2593 3986 vel
2653 3938 2709 3987 et
2764 3944 3013 3985 seorsum
3076 3940 3418 3997 unaquaeque
3462 3933 3643 3993 potest

2068 4044 2188 4083 eam
2222 4028 2587 4088 constituere,
2620 4023 2708 4077 vel
2730 4038 2863 4087 non,
2895 4021 2991 4076 sed
3024 4020 3201 4076 ambae
3235 4018 3421 4075 simul.
3454 4016 3509 4071 Si
3537 4016 3641 4085 igi-

2071 4130 2161 4174 tur
2202 4126 2258 4173 et
2286 4128 2517 4186 utraque
2543 4128 2794 4171 seorsum
2819 4153 2833 4177 ,
2867 4113 3006 4169 duas
3026 4127 3157 4183 ergo
3180 4109 3403 4166 habebit
3430 4107 3643 4178 species

2069 4212 2352 4267 Paterzet
2395 4222 2737 4279 consequens
2782 4205 2916 4260 illud
2958 4205 3086 4267 erit,
3128 4212 3187 4258 ut
3220 4218 3329 4258 non
3373 4218 3497 4267 una,
3544 4199 3641 4255 sed

2070 4302 2274 4373 duplici
2300 4315 2533 4373 persona
2573 4299 2645 4354 sit
2675 4298 2961 4369 praeditus,
2990 4297 3197 4367 quippe
3227 4295 3320 4366 qui
3352 4294 3490 4349 duas
3521 4309 3645 4365 per-

2072 4396 2289 4450 sonalcs
2339 4394 2550 4462 species
2588 4392 2809 4455 habeat,
2849 4391 3018 4446 veluti
3055 4391 3100 4445 si
3141 4390 3266 4460 quis
3316 4390 3479 4444 homo
3507 4388 3645 4443 duas

2072 4487 2300 4541 haberet
2328 4486 2558 4551 animas,
2602 4483 2751 4554 quod
2791 4483 3091 4538 absurdum
3134 4492 3242 4539 est.
3274 4482 3330 4539 Si
3364 4498 3496 4537 vero
3532 4497 3645 4537 non

2076 4588 2332 4647 tanquam
2371 4586 2601 4646 utraque
2648 4590 2897 4630 seorsum
2919 4614 2934 4638 ,
2969 4574 3066 4629 sed
3096 4575 3269 4629 amba:
3304 4574 3647 4629 constituant

2074 4668 2260 4735 simul,
2299 4683 2474 4739 neque
2506 4667 2599 4737 qui
2640 4667 2859 4722 Patrem
2892 4674 3107 4721 tantum
3149 4666 3304 4731 dicit,
3341 4680 3521 4736 neque
3553 4664 3646 4735 qui

2074 4760 2485 4830 productorem,
2516 4768 2798 4830 paternam
2831 4774 3124 4829 personam
3153 4758 3502 4830 signiﬁcavit.
3540 4758 3648 4813 Sed

2077 4852 2244 4923 hujus
2294 4852 2372 4907 rei
2421 4862 2594 4906 totum
2635 4851 2948 4920 oppositum
2994 4850 3051 4905 in
3106 4865 3209 4905 usu
3255 4850 3530 4915 videmus,
3573 4850 3652 4904 si-

2078 4943 2302 5012 quidem
2331 4958 2522 4997 onmes
2555 4942 2809 4997 doctores
2848 4951 3069 5011 totaque
3102 4941 3387 5011 Scriptura
3426 4942 3651 4995 nomine

2077 5033 2255 5089 Patris
2282 5032 2523 5088 divinam
2561 5032 2733 5103 ipsius
2762 5033 3027 5088 denotant
3059 5034 3393 5104 hypostasim
3426 5052 3441 5088 :
3476 5035 3659 5087 nostri

2080 5139 2299 5196 quoque
2329 5123 2461 5180 dum
2495 5125 2883 5196 productorem
2906 5126 3165 5192 eﬂ'erunt,
3193 5126 3408 5182 Patrem
3441 5135 3649 5180 tantum

2079 5216 2393 5288 signiﬁcare
2425 5217 2740 5287 opinantur.
2785 5218 2904 5273 Non
2941 5217 3109 5288 igitur
3152 5232 3333 5287 neque
3374 5217 3455 5272 sie
3483 5220 3655 5272 amba:

2080 5319 2209 5365 sunt
2237 5309 2400 5364 simul
2430 5309 2824 5376 constitutivm,
2862 5320 3121 5379 tanquam
3155 5309 3327 5364 altera
3358 5308 3473 5363 sola
3506 5308 3656 5364 istud

2080 5401 2313 5457 eﬂicere'
2358 5414 2621 5472 nequeat,
2680 5404 2774 5457 sed
2831 5403 3007 5457 ambae
3058 5402 3223 5456 simul
3282 5400 3653 5465 constituant;

411 5490 602 5561 Neque
644 5502 901 5562 tanquam
940 5501 1170 5561 utraque
1205 5507 1475 5558 seorsum,
1517 5503 1571 5548 et
1600 5511 1697 5563 per
1734 5510 1794 5551 se
1827 5495 1997 5566 ipsam
2028 5495 2209 5553 facere
2247 5497 2380 5553 satis
2414 5497 2507 5561 sit,
2540 5498 2634 5553 sed
2664 5514 2732 5553 ex
2764 5496 3089 5554 necessitate
3125 5496 3318 5559 altera,
3350 5504 3405 5549 et
3432 5493 3655 5564 quidem

411 5583 525 5643 sola
564 5600 855 5656 personam
894 5587 1204 5655 constituit,
1244 5590 1415 5644 altera
1451 5604 1584 5669 vero
1605 5600 1661 5645 et
1698 5592 1907 5659 reliqua
1939 5609 2225 5663 personam
2260 5596 2614 5650 constitutam
2649 5595 2915 5664 sequitur.

495 5728 567 5782 Ἠ
595 5730 867 5798 προϐολὴ
908 5748 1020 5785 ουκ
1077 5730 1251 5785 ἔστιν
1292 5734 1668 5788 συστατικὸν
1695 5735 1907 5791 αὑτοῦ.

485 5841 750 5900 Δεεπεται
778 5844 869 5899 οῦν
919 5845 952 5916 ἢ
986 5846 1083 5917 τὴν
1116 5846 1216 5919 μὲν
1248 5849 1566 5919 πατρότητα
1597 5849 1655 5901 τὸ
1685 5849 1982 5903 ὑποστατι-

2258 5737 2543 5793 Productio
2590 5754 2693 5792 non
2734 5745 2809 5791 est
2852 5735 3241 5790 constitutivum
3285 5734 3471 5805 ipsius.

2165 5847 2431 5919 Superest
2467 5849 2656 5920 igitur,
2690 5848 2775 5905 vel
2817 5848 3205 5918 paternitatem
3255 5841 3659 5916 hypostaticam
