4124 6470
455 405 561 465 335

1413 410 1930 478 BESSARIONIS
1970 419 2035 499 S._
2077 419 2153 482 R.
2202 422 2266 484 Ε.
2295 425 2764 487 CARDINALIS

3609 426 3716 492 364

459 534 515 577 et
547 524 826 593 propriam
881 521 1061 578 Patris
1105 537 1229 578 esse
1279 527 1550 596 speciem,
1602 531 2025 600 productionem

2146 540 2229 594 ιδν
2255 543 2350 594 καὶ
2376 539 2506 595 ἴδιον
2541 536 2681 604 εἶδος
2715 539 2808 594 τοῦ
2843 539 3054 609 Harpe;
3091 533 3258 604 εἷναι,
3319 538 3419 610 τὴν
3473 539 3532 597 δὲ
3579 558 3713 612 προ-

461 627 646 670 autem
675 618 788 686 jam
842 615 1025 685 ipsum
1074 616 1439 672 constitutum
1478 621 1677 690 sequi;
1713 623 1799 677 vel
1834 633 2028 694 contra

463 708 886 778 productionem
927 722 1220 777 personam
1246 708 1429 765 Patris
1452 712 1816 779 constituere,
1843 715 2032 770 Pater-

461 801 690 854 nitatcm
723 806 778 854 et
808 814 1078 869 generare
1116 801 1228 870 jam
1253 815 1380 856 eum
1413 803 1777 859 constitutum
1823 806 1979 877 sequi
2013 824 2030 862 :

460 890 556 947 sed
589 890 633 945 si
677 889 987 960 producere
1022 891 1340 957 constituit,
1383 908 1650 963 generare
1676 910 1808 950 vero
1839 895 2030 968 sequi-

465 992 592 1047 tur,
626 991 894 1052 sequetur
935 982 1144 1054 aliquid
1180 983 1508 1054 absurdum,
1545 1000 1610 1041 ac
1647 996 1848 1056 praeter
1880 1003 2034 1044 com-

459 1088 683 1128 munem
732 1072 960 1130 Patrum
993 1074 1350 1144 doctrinam;
1389 1076 1495 1133 hoc
1523 1088 1706 1133 autem
1754 1089 1839 1134 est
1889 1081 2036 1151 ejus—

461 1164 635 1220 modi.

435 1316 440 1321 ,
529 1257 714 1313 Prima
776 1266 833 1314 et
895 1258 1217 1317 immediata
1278 1260 1722 1332 uniuscujusque
1785 1276 2039 1332 personae

461 1353 713 1421 operatio
769 1367 801 1408 a
853 1353 1217 1409 constitutiva
1271 1355 1448 1425 ipsius
1499 1356 1686 1426 specie
1741 1357 2035 1427 provenit;

462 1451 678 1496 «Ἱππ-ιω
713 1457 849 1497 vero
881 1443 1004 1498 alite
1042 1445 1396 1514 operationes
1435 1460 1537 1516 per
1569 1445 1744 1515 ipsam
1776 1446 2037 1500 nimirum

463 1534 698 1603 primam
752 1534 1157 1603 operationem.
1207 1533 1686 1600 Quemadmodum
1729 1535 1799 1590 ab
1830 1535 2036 1601 anima,

461 1641 585 1694 qua:
614 1634 698 1680 cst
744 1626 1105 1682 constitutiva
1145 1627 1359 1696 species
1402 1626 1587 1693 Petri,
1634 1627 1812 1697 prima
1855 1635 1912 1683 et
1939 1627 2042 1682 im-

463 1716 700 1772 mediata
733 1717 909 1787 ipsius
938 1720 1200 1789 operatio
1234 1721 1516 1789 provenit,
1549 1736 1671 1790 quae
1698 1719 1920 1790 quidem
1956 1728 2042 1776 est

463 1811 686 1876 vivere;
725 1810 952 1880 reliquae
1004 1826 1140 1867 vero
1174 1827 1272 1882 per
1302 1813 1503 1882 ipsam,
1546 1813 1700 1868 velut
1742 1813 2038 1882 inspicere,

462 1901 687 1964 docere,
707 1909 913 1966 texere,
952 1910 1189 1967 struere,
1221 1912 1278 1958 et
1300 1903 1659 1973 reliqua.Per
1689 1903 1867 1973 ipsum
1890 1902 2040 1956 enim
2067 1873 2116 1933 Β

463 1994 671 2057 vivere,
699 2008 820 2062 quae
851 2002 936 2048 est
968 1995 1144 2063 prima
1181 2002 1237 2050 et
1271 1995 1586 2050 immediata
1618 1996 1742 2066 ejus
1765 1993 2037 2066 operatio,

464 2084 548 2138 Inc
578 2101 771 2140 omnes
806 2095 863 2140 et
893 2085 1120 2156 reliquae
1151 2085 1488 2142 emciuntur.
1527 2084 1583 2142 Si
1618 2088 1803 2156 itaque
1831 2085 2042 2156 produ-

463 2194 589 2232 cere
629 2187 714 2232 est
750 2178 963 2247 species
992 2177 1358 2233 constitutiva
1390 2193 1640 2248 personae
1689 2177 1891 2242 Patris,
1933 2176 2045 2246 spi-

464 2269 606 2320 ratio
638 2283 736 2334 seu
779 2268 1063 2337 processio
1102 2267 1212 2323 erit
1257 2269 1432 2340 prima
1471 2269 1593 2341 ejus
1624 2277 1682 2324 et
1724 2267 2041 2324 immediata

463 2360 732 2428 operatio.
789 2361 892 2414 Per
947 2359 1127 2430 ipsum
1185 2376 1318 2418 vero
1369 2363 1584 2432 spirare
1625 2367 1682 2415 et
1737 2360 2045 2430 producere

463 2452 818 2521 generabitur
861 2453 1071 2518 Filius,
1117 2469 1182 2510 ac
1231 2469 1342 2510 non
1381 2454 1620 2524 amplius
1665 2452 1909 2524 Spiritus
1947 2465 2045 2522 per

464 2543 686 2613 Filium,
726 2555 783 2600 ut
831 2555 1086 2603 asserunt
1131 2545 1389 2617 theologi,
1429 2547 1524 2603 sed
1571 2545 1744 2602 Filius
1782 2561 1880 2617 per
1916 2544 2044 2614 Spi-

465 2638 634 2692 ritum
665 2641 951 2708 procedet.
986 2639 1119 2707 Quae
1147 2640 1332 2696 omnia
1371 2649 1487 2694 tum
1518 2638 1762 2703 veritati,
1787 2649 1901 2692 tum
1933 2645 2044 2692 tra-

465 2727 775 2784 ditionibus
797 2727 1024 2784 Patrum
1051 2738 1108 2784 ct
1132 2729 1411 2786 communi
1437 2728 1558 2785 usui
1577 2741 1771 2783 eorum
1796 2726 2042 2782 obstant.

465 2923 780 2986 Paternitas
848 2939 929 2983 est
998 2926 1742 3053 proprjgtmyonstitutivum
1807 2939 2044 2996 persona:

1210 3007 1366 3053 atrts.

1210 3007 1366 3054 atris.

540 3119 746 3177 Verum
793 3116 1058 3188 quoniam
1105 3115 1224 3170 haec
1274 3112 1516 3169 absurda
1562 3120 1716 3178 sunt,
1769 3110 2042 3182 reliquum

2135 631 2302 702 ϐολὴν
2332 631 2563 687 ἕπεσθαι
2599 632 2747 702 αὐτῷ
2774 632 2874 701 ἥδη
2903 633 3181 698 συστάντι,
3238 633 3271 704 ἦ
3299 633 3360 686 τὸ
3413 631 3714 702 ἀνάπαλιν,

2133 723 2236 793 τὴν
2269 723 2368 792 μὲν
2399 722 2672 794 προϐολὴν
2695 722 2952 791 συνιστᾷν
2983 721 3047 775 τδ
3076 723 3345 792 πατρικὸν
3389 724 3710 793 πρόσωπον,

2134 814 2235 883 τὴν
2254 815 2310 869 Et
2343 815 2662 885 πατρὸτητα
2717 817 2812 870 καὶ
2858 817 2918 870 τδ
2944 817 3141 887 γεννᾷν
3197 815 3426 870 ἔπεσθαι
3477 817 3578 887 ἤδη
3614 835 3711 870 συ-⁴

2137 907 2348 962 στάντι.
2381 907 2525 962 Ἀλλ’
2557 909 2607 960 εἰ
2637 907 2696 961 τὸ
2730 909 2832 978 μὲν
2859 907 3191 980 προϐάλλειν
3244 908 3494 979 συνιστᾷ,
3557 909 3618 961 τὸ
3652 909 3712 961 δὲ

2137 1000 2339 1070 γεννᾷν
2364 999 2578 1064 ἕπεται,
2614 999 2972 1070 ἀκολουθήσει
2994 1018 3044 1054 τι
3066 1000 3287 1064 ἄτοπον,
3323 999 3415 1052 καὶ
3437 1000 3589 1068 παρὰ
3613 999 3714 1070 τὴν

2136 1089 2323 1160 κοινὴν
2367 1091 2476 1144 τῶν
2531 1090 2794 1160 Πατέρων
2850 1090 3234 1146 διδασκαλίαν·
3311 1091 3470 1145 τοῦτο
3523 1091 3568 1145 δ’
3593 1092 3712 1146 ἔστι

2136 1180 2403 1235 τοιοῦτον.

2218 1271 2285 1324 Ἦ
2320 1273 2511 1343 πρώτη
2539 1272 2632 1326 καὶ
2683 1274 2887 1344 άμεσος
2921 1275 3151 1330 ἑκάστου
3199 1271 3496 1346 προσώπου
3562 1273 3714 1339 ἐνέρ-

2138 1378 2266 1430 γεια
2317 1363 2426 1417 ἀπὸ
2465 1363 2562 1416 τοῦ
2618 1365 2947 1419 συστατικοῦ
3002 1365 3178 1428 εἴδους
3247 1365 3416 1420 αὑτοῦ
3465 1363 3709 1438 πρόεισι,

2141 1455 2313 1508 πᾶσαι
2344 1454 2390 1507 δ’
2423 1455 2581 1510 ἄλλαι
2610 1456 2886 1527 ἐνέργειαι
2914 1455 3006 1510 διὰ
3057 1457 3266 1527 ταύτης
3292 1457 3391 1524 τῆς
3460 1455 3707 1526 πρώτης,

2140 1547 2342 1616 δηλαδὴ
2376 1547 2679 1616 ἐνεργείαις⁸
2723 1547 2914 1619 ὥσπερ
2943 1550 3007 1602 ὲκ
3036 1550 3136 1616 τῆς
3165 1547 3346 1619 ψυχῆς
3404 1547 3528 1618 ἥτις
3589 1546 3711 1598 ἐστὶ

2143 1639 2464 1693 συστατικὸν
2497 1634 2638 1703 εἶδος
2666 1638 2762 1693 τοῦ
2797 1641 3030 1711 Πέτρου,
3064 1643 3099 1713 ή
3139 1640 3334 1712 πρώτη
3357 1639 3454 1692 καὶ
3506 1639 3712 1706 άμεσος

2142 1725 2313 1780 αὐτοῦ
2342 1727 2591 1798 ἐνέργεια
2625 1727 2894 1800 πρόεισιν,
2937 1729 3061 1798 ἥτις
3082 1730 3199 1782 ἐστὶ
3239 1729 3302 1781 τὸ
3334 1729 3466 1797 ζῇν,
3520 1729 3578 1780 at!
3607 1727 3715 1780 λοι-

2145 1817 2249 1871 mti.
2275 1817 2334 1872 δὲ
2364 1818 2452 1872 διὰ
2474 1817 2704 1890 ταύτης,
2757 1817 2948 1892 ὥσπερ
2978 1819 3042 1874 τὺ
3093 1820 3342 1890 Θεωρεῐν,
3410 1818 3714 1882 διδάσκειν,

2144 1909 2414 1978 ὑφαίνειν,
2441 1912 2772 1976 τεκταίνειν,
2830 1912 2926 1965 καὶ
2979 1911 3050 1966 τὰ
3090 1909 3274 1967 λοιπά.
3339 1909 3436 1964 Διὰ
3487 1909 3583 1963 τοῦ
3611 1908 3716 1980 ζῇν

2143 2004 2274 2072 γὰρ,
2307 2001 2432 2071 ἥτις
2464 2004 2584 2056 ἐστὶ
2616 2002 2808 2073 πρώτη
2838 2003 2932 2056 καὶ
2959 2001 3162 2073 άμεσος
3205 2000 3372 2056 αὑτοῦ
3436 2001 3714 2074 ἐνέργεια.

2145 2094 2316 2146 πᾶσαι
2342 2091 2500 2148 αῦται
2524 2096 2619 2158 κα),
2642 2095 2697 2148 αἱ
2731 2095 2915 2148 λοιπαὶ
2939 2094 3309 2150 ἐπιτελοῦνται
3366 2094 3426 2148 Ei
3457 2093 3590 2162 γοῦν
3619 2095 3717 2149 καὶ

2142 2185 2238 2240 τοῦ
2263 2185 2558 2258 προσώπου
2587 2187 2682 2240 τοῦ
2707 2187 2996 2257 πατρικοῦ,
3039 2186 3100 2241 τὸ
3129 2186 3462 2258 προϐάλλειν
3514 2187 3633 2240 ἐστὶ
3651 2187 3715 2239 τὸ

2146 2276 2470 2332 συστατικδν
2502 2271 2664 2344 εἶδος,
2690 2277 2842 2332 ἔσται
2877 2280 2912 2348 ἡ
2953 2278 3056 2351 μὲν
3099 2277 3348 2343 πνεῦσις,
3381 2277 3414 2348 ἢ
3451 2277 3716 2348 ἐκπορευ-

2145 2387 2252 2436 σις,
2279 2370 2314 2442 ἡ
2361 2368 2556 2440 πρώτη
2609 2369 2772 2424 αὑτοῦ
2823 2373 2917 2423 καὶ
2950 2371 3156 2442 ἄμεσος
3222 2369 3500 2439 ὲνέργεια’
3541 2367 3630 2421 διὰ
3657 2368 3714 2422 δὲ

2143 2461 2237 2517 τοῦ
2272 2464 2425 2516 πνεῖν
2456 2461 2548 2517 καὶ
2575 2461 2902 2532 προϐάλλειν
2951 2461 3348 2532 γεννηθήσεται
3381 2463 3408 2514 ὁ
3442 2461 3591 2526 Υἱὸς,
3620 2463 3714 2514 καὶ

2143 2554 2329 2608 οὐκέτι
2376 2555 2438 2607 τὸ
2473 2553 2699 2625 Πνεῦμα
2752 2554 2841 2608 διὰ
2901 2554 2997 2607 τοῦ
3024 2553 3180 2616 Υἱοῦ,
3237 2553 3314 2617 ὡς
3357 2553 3408 2607 οἱ
3466 2552 3712 2614 θεολόγοι

2147 2647 2332 2712 φασὶν,
2380 2646 2498 2700 ἀλλ’
2530 2648 2558 2700 ὁ
2587 2647 2718 2710 Υἱὸς
2743 2647 2832 2700 διὰ
2885 2646 2981 2700 τοῦ
3040 2645 3358 2716 Πνεῦματος
3425 2643 3710 2715 πρόεισινο

2145 2740 2364 2795 ἅπαντα
2415 2740 2633 2793 ἐναντία
2660 2742 2725 2810 τῇ
2759 2739 3013 2810 ἀληθείᾳ,
3050 2739 3146 2793 καὶ
3200 2739 3325 2800 ταῖς
3380 2735 3712 2806 παραδόσεσι

2143 2835 2252 2887 τῶν
2281 2832 2563 2901 Πατέρων,
2596 2835 2690 2884 καὶ
2717 2833 2785 2903 τῇ
2828 2833 2984 2901 κοινῇ
3019 2831 3214 2901 χρήσει
3274 2828 3480 2881 αὐτῶν.

2154 2943 2219 3000 Ἡ
2242 2943 2539 3011 πατρότης
2567 2941 2697 2996 ἐστὶ
2723 2941 2789 2995 τὸ
2815 2940 3194 2995 συστατιπόν
3227 2939 3383 2994 ἴδιον
3399 2937 3506 2994 τοῦ
3534 2946 3716 3007 προτ-

2565 3012 2733 3067 ώπου
2794 3012 2902 3066 τοῦ
2956 3011 3276 3080 πατρικοῦ,

2227 3126 2369 3184 Ἀλλ’
2391 3131 2513 3183 ἐπεὶ
2532 3127 2706 3183 ταῦτα
2739 3125 2942 3190 ἄτοπα,
2993 3124 3244 3178 λείπεται
3300 3124 3402 3196 τὴν
3451 3123 3552 3194 μὲν
3606 3139 3716 3176 παι

471 3225 558 3271 est
585 3223 646 3268 ut
675 3210 989 3282 paternitas
1031 3207 1262 3278 quidem
1305 3220 1598 3276 personam
1629 3203 1806 3260 Patris
1835 3203 2045 3260 consti-

2146 3220 2379 3291 τρότητα
2407 3219 2468 3273 τὸ
2508 3219 2802 3290 πρόσωπον
2829 3217 2890 3270 τδ
2949 3215 3216 3284 πατρικὸν
3276 3216 3570 3286 συνιστᾷν,
3621 3213 3716 3266 καὶ

472 3314 613 3368 tuat,
633 3313 691 3360 et
709 3304 824 3358 lucc
844 3302 965 3373 ejus
988 3299 1058 3355 sit
1081 3298 1306 3353 minime
1325 3295 1782 3352 communicanda
1808 3295 2044 3366 species,

471 3397 768 3470 productio
801 3403 982 3450 autem
1014 3406 1305 3463 personam
1346 3390 1520 3459 ipsius
1545 3391 1656 3462 jam
1693 3389 2044 3444 constitutam

475 3496 759 3558 sequatur,
783 3500 892 3540 non
913 3482 1135 3553 quidem
1157 3489 1217 3536 ut
1242 3479 1501 3535 accidens
1528 3494 1626 3534 seu
1657 3478 2042 3543 adventitium,

476 3581 689 3635 nullum
713 3578 859 3633 enim
885 3576 1146 3632 accidens
1173 3575 1226 3627 in
1259 3572 1564 3637 Trinitate,
1591 3571 1687 3626 sed
1711 3571 1895 3628 omnia
1919 3577 2048 3625 sunt

475 3673 782 3729 secundum
809 3678 1060 3724 naturam
1091 3675 1145 3738 et
1162 3663 1525 3722 substantiam
1549 3679 1564 3717 :
1589 3672 1758 3733 utque
1781 3677 2046 3732 generare

476 3765 653 3834 prima
683 3771 738 3817 et
783 3759 1103 3815 immediata
1139 3757 1214 3811 sit
1253 3768 1504 3825 personae
1541 3753 1722 3809 Patris
1771 3753 2046 3822 operatio,

476 3854 786 3926 producere
817 3865 950 3907 vero
973 3864 1074 3920 per
1100 3861 1368 3918 generare
1397 3844 1689 3901 efﬁciatur.
1726 3841 1852 3899 Hazc
1882 3843 2048 3913 igitur

476 3961 668 4000 eorum
706 3959 829 4015 qute
857 3940 1095 3998 dicenda
1126 3949 1280 4004 sunt,
1323 3938 1480 4010 prius
1510 3945 1829 4000 sumantur,
1873 3932 2046 3990 veluti

480 4035 579 4094 toti
612 4033 850 4105 orationi
879 4030 1217 4088 necessaria.

1102 4143 1345 4215 Sumptio
1379 4141 1437 4199 2.

541 4265 629 4320 ‘Ad
657 4264 775 4320 haec
807 4277 944 4318 vero
989 4272 1247 4330 tanquam
1277 4259 1589 4314 communia
1615 4255 1870 4312 dicantur
1899 4253 2051 4325 prius

2148 3307 2307 3364 τοῦτο
2335 3306 2502 3361 αὑτοῦ
2525 3308 2586 3359 τὸ
2616 3304 2985 3375 ἀκοινώνητον
3007 3300 3147 3366 εἶδος
3173 3299 3336 3370 εἶναι,
3362 3302 3459 3373 τὴν
3484 3302 3542 3359 δὲ
3583 3318 3716 3371 προ-

2147 3399 2309 3470 ϐολὴν
2340 3396 2568 3451 ἕπεσθαι
2599 3395 2679 3464 τῷ
2719 3394 2999 3464 προσώπῳ
3047 3390 3212 3445 αὑτοῦ
3263 3390 3365 3460 ἤδη
3429 3390 3712 3444 συστάντι.

2145 3491 2242 3560 οὐχ
2289 3490 2363 3553 ὡς
2418 3485 2788 3557 συμϐεϐηκὸς,
2841 3483 2874 3554 ἦ
2925 3481 3250 3552 ἐπίκτητον,
3321 3479 3612 3546 οὐδὲνγὰρ
3655 3481 3715 3531 ὲν

2145 3587 2212 3654 τῇ
2246 3581 2438 3652 Τριὰδι
2471 3577 2842 3648 συμΰεὸηκὸς,
2875 3574 3013 3629 ἀλλὰ
3051 3574 3192 3628 κατὰ
3220 3571 3383 3642 φύσιν
3409 3572 3589 3625 πάντα
3619 3573 3718 3624 καὶ

2146 3672 2402 3742 οὐσιώδη·
2453 3669 2638 3725 καὶτὸ
2690 3667 2789 3739 μὲν
2854 3669 3057 3738 γεννᾷν
3137 3664 3364 3738 πρώτην
3419 3662 3580 3729 εἶναι,
3622 3663 3718 3715 καὶ

2147 3766 2352 3835 ἄμεσον
2382 3763 2664 3834 ἐνέργειαν
2689 3759 2782 3816 τοῦ
2810 3759 3109 3832 προσώπου
3153 3756 3253 3812 τοῦ
3307 3753 3606 3826 πατρικοῦ,
3653 3753 3717 3806 τὸ

2147 3856 2204 3910 δὲ
2237 3853 2563 3924 προϐάλλειν
2593 3851 2978 3906 ἀποτελεῖσθαι
3008 3851 3097 3905 διὰ
3127 3850 3220 3903 τοῦ
3255 3848 3474 3918 γεννᾷν.

2217 3945 2405 4000 Ταῦτα
2449 3945 2548 4016 μὲν
2579 3940 2673 3999 οὖν
2725 3942 3114 4015 προσειλήφθω
3155 3941 3265 3997 τῶν
3304 3938 3714 4013 ῥηθησομένων,

2149 4039 2226 4105 ῶς
2249 4039 2523 4108 ἀναγκαῖα
2552 4037 2630 4108 τῷ
2677 4039 2843 4092 παντὶ
2872 4036 3037 4105 λόγῳ.

2788 4143 3008 4217 Λῆμμα
3041 4146 3126 4212 β’.

2224 4259 2348 4314 Ἔτι
2377 4259 2422 4314 δ’
2456 4259 2531 4322 ὡς
2565 4257 2722 4313 κοινὰ
2752 4257 3070 4329 προειρὴθω
3100 4257 3196 4311 καὶ
3223 4256 3418 4310 ταῦτα.
3470 4256 3592 4309 Τῶν
3626 4251 3720 4308 ἐπὶ

479 4360 648 4416 etiam
685 4357 822 4412 haec.
857 4353 1070 4410 Eorum
1107 4366 1230 4422 quae
1261 4350 1316 4406 in
1363 4351 1477 4406 Deo
1521 4349 1804 4416 dicuntur,
1847 4350 2045 4420 partim

2151 4353 2287 4408 Θεοῦ
2321 4351 2632 4423 λεγομένων
2659 4351 2728 4404 τὰ
2760 4349 2861 4420 μὲν
2893 4349 3012 4403 ἔστι
3043 4348 3202 4403 κοινὰ
3231 4350 3354 4412 ταῖς
3385 4349 3718 4403 ὑποστάσεσι

481 4451 708 4523 quidem
755 4455 886 4504 sunt
915 4443 1230 4501 communia
1271 4441 1532 4498 omnibus
1560 4442 1840 4512 personis,
1877 4438 2045 4495 veluti

2155 4441 2378 4502 πάσαις,
2405 4440 2480 4502 ώς
2511 4438 2573 4492 τὸ
2599 4438 2801 4508 ἀγαθὸς
2829 4440 2922 4492 καὶ
2955 4438 3118 4507 σοφὸς
3151 4440 3245 4492 καὶ
3285 4440 3465 4492 πάντα
3491 4438 3560 4491 τὰ
3587 4438 3708 4491 ἀπο

479 4545 681 4608 bonus,
700 4551 758 4596 et
787 4539 1027 4609 sapiens,
1058 4547 1114 4592 et
1139 4535 1325 4592 omnia
1349 4534 1622 4590 absoluta.
1651 4532 1920 4588 Similiter
1948 4548 2045 4586 au-

2153 4531 2447 4602 λελυμένα’
2474 4531 2676 4602 ὁμοίως
2703 4529 2760 4582 δὲ
2783 4531 2877 4583 καὶ
2897 4531 2954 4585 αἱ
2985 4529 3123 4601 πρὸς
3145 4533 3210 4584 τὰ
3239 4529 3370 4584 ὄντα
3399 4529 3526 4584 καθ’
3553 4529 3713 4600 ὕπερ·

486 4646 596 4690 tetn
650 4643 706 4687 ct
727 4646 849 4701 qua:
880 4627 1185 4684 secundum
1229 4615 1587 4683 eminentiam
1627 4626 1695 4680 ad
1742 4625 1891 4680 entia
1925 4631 2045 4678 sunt

2157 4629 2287 4698 οχὴν
2315 4625 2642 4694 ἀποφάσεις,
2675 4623 2750 4699 ᾡς
2779 4624 2840 4676 τὸ
2888 4623 3144 4694 ἀόρατον,
3177 4625 3273 4677 καὶ
3309 4623 3721 4691 ἀκατάληπτον,

481 4699 827 4794 negationes,
860 4727 921 4774 ut
953 4717 1252 4782 invisibile,
1278 4727 1441 4788 atque
1473 4714 2045 4786 ineomprebensibile,

2154 4720 2250 4772 καὶ
2270 4717 2338 4770 τὰ
2369 4715 2619 4770 τοιαῦτα·
2654 4715 2736 4769 ἔτι
2764 4732 2824 4768 τε
2854 4716 2956 4794 ἶσα
2998 4713 3100 4784 τὴν
3128 4714 3267 4784 πρὸς
3301 4715 3481 4767 κτίσιν
3536 4713 3723 4784 σχέσιν
3760 4699 3766 4706 ’

484 4783 824 4870 οινείωἰιίσί
861 4812 1161 4876 Praeterea,
1209 4783 1482 4880 quotquot
1539 4783 1922 4862 habitudinem
1986 4803 2045 4859 ad

2155 4809 2436 4880 ἐμφαίνει,
2473 4811 2550 4873 ώς
2576 4809 2638 4861 τὸ
2685 4783 3061 4878 δημιοιῗργδς,
3097 4783 3194 4860 καλ
3248 4808 3446 4877 κριτὴς
3511 4783 3603 4859 καὶ
3654 4805 3723 4857 τὰ

486 4907 820 4963 creationem
848 4904 1134 4970 denotant,
1169 4911 1232 4957 ut
1258 4916 1382 4957 esse
1411 4899 1684 4971 opiﬁcem,
1710 4908 1766 4954 et
1787 4898 2045 4969 judicem,

2155 4901 2339 4969 ὅμοια’
2366 4899 2436 4952 τὰ
2463 4899 2561 4968 μὲν
2595 4894 2687 4951 οῦν
2757 4896 2987 4950 τοιαῦτα
3041 4894 3200 4949 κοινὰ
3245 4897 3360 4957 τοῖς
3407 4891 3723 4962 προσώποις

488 5007 802 5068 caeteraque
855 4995 1149 5067 ejusmodi.
1186 4992 1337 5047 Talia
1368 4992 1540 5064 igitur
1584 4991 1899 5047 communia
1927 4999 2045 5044 sunt

2155 4992 2263 5046 εῑσὶ
2284 4991 2439 5046 πᾶσιο
2488 4990 2556 5044 τὰ
2591 4989 2827 5046 δέκὲστιν
2849 4988 2980 5041 ῐδια.
3037 4987 3146 5041 Καὶ
3177 4985 3286 5040 τῶν
3321 4985 3467 5039 ἰδίων
3522 4985 3592 5036 τά
3624 4983 3724 5052 μέν

489 5091 751 5146 omnibus
803 5087 1077 5160 personis.
1129 5085 1388 5153 Quaedam
1430 5099 1566 5139 vero
1609 5091 1741 5140 sunt
1784 5081 2006 5153 pr0pria
2041 5099 2055 5136 :

489 5183 845 5256 propriorum
890 5187 1073 5234 autem
1105 5177 1356 5249 quadam
1391 5187 1520 5232 sunt
1559 5177 1780 5247 propria
1820 5175 2056 5230 duarum

490 5286 850 5345 personarum
894 5269 1220 5325 habitudine
1244 5267 1480 5339 quadam
1524 5266 1591 5320 ad
1619 5267 1893 5336 reliquam
1927 5279 2057 5335 pcr-

493 5381 707 5434 sonam,
761 5363 934 5419 veluti
976 5361 1099 5417 Filii
1136 5377 1200 5417 ac
1254 5361 1500 5432 Spiritus
1547 5360 1724 5414 sancti
1773 5357 2058 5429 proprium

2157 5085 2308 5137 ἐστιν
2347 5084 2456 5138 ι’δια
2483 5083 2628 5136 δυοῖν
2661 5083 2726 5153 τῇ
2762 5081 2898 5152 πρὸς
2927 5079 2988 5133 τδ
3032 5079 3221 5134 λοιπὸν
3255 5078 3466 5148 σχέσει,
3533 5074 3726 5144 ὥσπερ

2167 5175 2387 5243 Υίῷκαὶ
2424 5172 2862 5241 Πνεύματιῐδιόν
2905 5189 2966 5226 τε
3019 5171 3281 5234 αἱτιατὺν,
3343 5169 3376 5240 ἢ
3415 5169 3588 5238 “arpi.
3635 5169 3724 5219 mi

2157 5264 2272 5334 Υἱῷ
2305 5263 2438 5318 ἴδιον
2464 5264 2526 5316 τὸ
2558 5262 2799 5331 πέμπειν
2827 5261 2888 5314 τὸ
2922 5260 3168 5327 Πνεῦμα·
3213 5260 3282 5312 τὰ
3327 5258 3384 5310 δὲ
3444 5257 3554 5310 ἴδια
3609 5255 3726 5317 ἐνὸς

2161 5355 2477 5429 προσώπου.
2527 5353 2650 5406 Τῶν
2671 5353 2726 5406 δὲ
2748 5353 2866 5416 ἐνὸς
2896 5350 3190 5421 προσώπου
3223 5349 3371 5402 ἰδίων
3409 5349 3594 5409 πάλιν,
3658 5347 3728 5399 τὰ

491 5470 724 5515 estesse
755 5466 1010 5521 causata,
1046 5455 1134 5510 vel
1177 5453 1356 5509 Patris
1383 5463 1440 5507 et
1478 5452 1602 5507 Filii
1645 5453 1930 5522 proprium
1975 5465 2045 5506 es

2163 5449 2263 5519 μὲν
2293 5445 2465 5508 οὕτως
2527 5445 2638 5499 ῐδια
2695 5442 3050 5513 προσωπικὰ,
3106 5441 3183 5504 ώς
3247 5441 3341 5494 καὶ
3383 5437 3727 5493 ὑποστατικὰ

491 5553 712 5606 mittere
731 5549 1000 5620 Spiritum
1026 5557 1300 5609 sanctum,
1321 5544 1408 5600 vel
1425 5557 1615 5598 eorum
1632 5543 1743 5598 dici
1768 5543 2056 5612 Spiritum.

2161 5537 2324 5608 εἶναι,
2349 5538 2540 5608 ὥσπερ
2570 5539 2605 5608 ἡ
2638 5536 2934 5608 πατρὸτης,
2990 5535 3024 5605 ἡ
3061 5533 3268 5603 υἱότης,
3321 5530 3420 5585 καὶ
3478 5531 3514 5601 ἡ
3562 5528 3727 5582 ἐκπό-

490 5643 749 5710 ρυιυιιιιη]
787 5656 918 5696 vero
946 5639 1165 5710 propria
1189 5645 1321 5694 sunt
1364 5637 1528 5725 unius
1546 5649 1818 5705 personae.
1849 5635 2045 5689 Rursu:

2162 5649 2370 5705 ρευσιςο
2405 5631 2475 5684 τὰ
2500 5630 2556 5684 δὲ
2581 5631 2631 5683 εἰ
2663 5629 2760 5682 καὶ
2787 5628 3086 5698 πρόσεστιν
3137 5626 3218 5678 ἑνὶ
3248 5624 3420 5694 μόνῳ,
3479 5621 3596 5675 ἀλλ’
3631 5621 3728 5687 οὐχ

491 5749 684 5789 corum
724 5748 848 5804 quae
872 5731 1094 5802 prepria
1131 5739 1259 5784 sunt
1289 5727 1451 5783 unius
1478 5740 1762 5796 personae,
1811 5726 2059 5795 quaedam

495 5829 566 5882 ita
592 5835 721 5881 sunt
763 5821 981 5890 propria
1011 5823 1342 5892 pcrsonalia,
1377 5830 1436 5876 ut
1465 5831 1519 5876 et
1547 5818 1889 5888 bvpostatiea
1925 5819 2058 5884 sint,

2161 5722 2420 5791 ὑφίστησι
2445 5721 2506 5774 τὸ
2535 5718 2856 5788 πρόσωπον,
2913 5715 3051 5796 ἀλλὰ
3077 5715 3242 5785 μόνον
3269 5713 3557 5782 γνωρίζει·
3613 5710 3722 5762 ὥς·-

2165 5833 2230 5870 πε
2242 5832 2272 5885 ρ
2293 5815 2386 5868 ἐπὶ
2415 5813 2509 5868 τοῦ
2539 5811 2752 5882 Πατρδς
2773 5811 2834 5865 τὸ
2867 5809 3184 5880 ἀγέννητον.
3214 5807 3340 5862 Οῦτ’
3364 5802 3456 5861 οὖν
3474 5807 3538 5859 τὰ
3572 5803 3726 5857 κοινὰ
