  <div class='ocr_page' id='page_1' title='image "/cluster/home/n/w/nwhite01/storage/ocr_20150623/161/coo.31924054870666/272.png"; bbox 0 0 4124 6406; ppageno 0'>
   <div class='ocr_carea' id='block_1_1' title="bbox 360 363 466 428">
    <p class='ocr_par' dir='ltr' id='par_1_1' title="bbox 360 363 466 428">
     <span class='ocr_line' id='line_1_1' title="bbox 360 363 466 428; baseline 0.038 -6"><span class='ocrx_word' id='word_1_1' title='bbox 360 363 466 428; x_wconf 74' lang='lat'><strong>365</strong></span> 
     </span>
    </p>
   </div>
   <div class='ocr_carea' id='block_1_2' title="bbox 1288 360 2704 428">
    <p class='ocr_par' dir='ltr' id='par_1_2' title="bbox 1288 360 2704 428">
     <span class='ocr_line' id='line_1_2' title="bbox 1288 360 2704 428; baseline 0.005 -7"><span class='ocrx_word' id='word_1_2' title='bbox 1288 362 1387 423; x_wconf 86' lang='lat' dir='ltr'><strong>DE</strong></span> <span class='ocrx_word' id='word_1_3' title='bbox 1431 360 1957 423; x_wconf 75' lang='lat' dir='ltr'><strong>PROCESSIONE</strong></span> <span class='ocrx_word' id='word_1_4' title='bbox 2000 364 2366 428; x_wconf 80' lang='lat' dir='ltr'><strong>SPIRITUS</strong></span> <span class='ocrx_word' id='word_1_5' title='bbox 2407 366 2704 428; x_wconf 73' lang='lat' dir='ltr'><strong>SANCTI.</strong></span> 
     </span>
    </p>
   </div>
   <div class='ocr_carea' id='block_1_3' title="bbox 3505 376 3617 441">
    <p class='ocr_par' dir='ltr' id='par_1_3' title="bbox 3505 376 3617 441">
     <span class='ocr_line' id='line_1_3' title="bbox 3505 376 3617 441; baseline 0.027 -3"><span class='ocrx_word' id='word_1_6' title='bbox 3505 376 3617 441; x_wconf 50' lang='lat'><strong>36‘)”</strong></span> 
     </span>
    </p>
   </div>
   <div class='ocr_carea' id='block_1_4' title="bbox 359 470 1939 553">
    <p class='ocr_par' dir='ltr' id='par_1_4' title="bbox 359 470 1938 545">
     <span class='ocr_line' id='line_1_4' title="bbox 359 470 1938 545; baseline -0.002 -17"><span class='ocrx_word' id='word_1_7' title='bbox 359 477 468 528; x_wconf 85' lang='grc' dir='ltr'>τῶν</span> <span class='ocrx_word' id='word_1_8' title='bbox 510 473 678 545; x_wconf 81' lang='grc' dir='ltr'><strong>τριῶν</strong></span> <span class='ocrx_word' id='word_1_9' title='bbox 732 474 1006 543; x_wconf 74' lang='grc' dir='ltr'><strong>ἰδιώματα</strong></span> <span class='ocrx_word' id='word_1_10' title='bbox 1061 471 1408 524; x_wconf 82' lang='grc' dir='ltr'>ύποστατικά</span> <span class='ocrx_word' id='word_1_11' title='bbox 1462 473 1627 537; x_wconf 78' lang='grc' dir='ltr'>εἰσιν,</span> <span class='ocrx_word' id='word_1_12' title='bbox 1689 470 1816 525; x_wconf 68' lang='grc' dir='ltr'>οὔτε</span> <span class='ocrx_word' id='word_1_13' title='bbox 1869 473 1938 526; x_wconf 77' lang='grc' dir='ltr'>τὰ</span> 
     </span>
    </p>
   </div>
   <div class='ocr_carea' id='block_1_5' title="bbox 2041 470 3611 553">
    <p class='ocr_par' dir='ltr' id='par_1_5' title="bbox 2041 474 3611 553">
     <span class='ocr_line' id='line_1_5' title="bbox 2041 474 3611 553; baseline 0.006 -24"><span class='ocrx_word' id='word_1_14' title='bbox 2041 474 2202 530; x_wconf 89' lang='lat' dir='ltr'><strong>sicuti</strong></span> <span class='ocrx_word' id='word_1_15' title='bbox 2249 477 2581 545; x_wconf 82' lang='lat' dir='ltr'><strong>paternitas,</strong></span> <span class='ocrx_word' id='word_1_16' title='bbox 2638 478 2830 536; x_wconf 82' lang='lat' dir='ltr'><strong>tiliatio</strong></span> <span class='ocrx_word' id='word_1_17' title='bbox 2885 491 2940 537; x_wconf 91' lang='lat' dir='ltr'><strong>et</strong></span> <span class='ocrx_word' id='word_1_18' title='bbox 2990 485 3294 553; x_wconf 86' lang='lat' dir='ltr'><strong>processio.</strong></span> <span class='ocrx_word' id='word_1_19' title='bbox 3351 485 3611 553; x_wconf 74' lang='lat' dir='ltr'><strong>Qua-dam</strong></span> 
     </span>
    </p>
   </div>
   <div class='ocr_carea' id='block_1_6' title="bbox 358 561 1943 636">
    <p class='ocr_par' dir='ltr' id='par_1_6' title="bbox 358 561 1943 636">
     <span class='ocr_line' id='line_1_6' title="bbox 358 561 1943 636; baseline -0.003 -17"><span class='ocrx_word' id='word_1_20' title='bbox 358 568 505 619; x_wconf 80' lang='grc' dir='ltr'>δυοῖν</span> <span class='ocrx_word' id='word_1_21' title='bbox 537 566 643 619; x_wconf 72' lang='grc' dir='ltr'>ἴδια</span> <span class='ocrx_word' id='word_1_22' title='bbox 693 566 831 636; x_wconf 71' lang='grc' dir='ltr'>πρδς</span> <span class='ocrx_word' id='word_1_23' title='bbox 862 564 920 616; x_wconf 76' lang='grc' dir='ltr'><strong>τὸ</strong></span> <span class='ocrx_word' id='word_1_24' title='bbox 942 563 1145 633; x_wconf 88' lang='grc' dir='ltr'>τρίτον.</span> <span class='ocrx_word' id='word_1_25' title='bbox 1189 561 1328 615; x_wconf 79' lang='grc' dir='ltr'><strong>Οὔτε</strong></span> <span class='ocrx_word' id='word_1_26' title='bbox 1390 562 1499 632; x_wconf 79' lang='grc' dir='ltr'>μὴν</span> <span class='ocrx_word' id='word_1_27' title='bbox 1558 563 1626 615; x_wconf 61' lang='grc' dir='ltr'><strong>τά</strong></span> <span class='ocrx_word' id='word_1_28' title='bbox 1681 562 1799 625; x_wconf 73' lang='grc' dir='ltr'>ἐιὸς</span> <span class='ocrx_word' id='word_1_29' title='bbox 1841 562 1943 632; x_wconf 78' lang='grc' dir='ltr'><strong>μὲν</strong></span> 
     </span>
    </p>
   </div>
   <div class='ocr_carea' id='block_1_7' title="bbox 360 655 1939 725">
    <p class='ocr_par' dir='ltr' id='par_1_7' title="bbox 360 655 1939 725">
     <span class='ocr_line' id='line_1_7' title="bbox 360 655 1939 725; baseline -0.001 -13"><span class='ocrx_word' id='word_1_30' title='bbox 360 659 486 721; x_wconf 70' lang='grc' dir='ltr'>ίδια,</span> <span class='ocrx_word' id='word_1_31' title='bbox 520 658 660 711; x_wconf 86' lang='grc' dir='ltr'>οῦτω</span> <span class='ocrx_word' id='word_1_32' title='bbox 710 658 767 710; x_wconf 83' lang='grc' dir='ltr'><strong>δὲ</strong></span> <span class='ocrx_word' id='word_1_33' title='bbox 790 657 923 721; x_wconf 63' lang='lat' dir='ltr'><strong>tam,</strong></span> <span class='ocrx_word' id='word_1_34' title='bbox 981 655 1057 718; x_wconf 92' lang='grc' dir='ltr'><strong>ώς</strong></span> <span class='ocrx_word' id='word_1_35' title='bbox 1106 655 1455 725; x_wconf 75' lang='grc' dir='ltr'>γνώριστικά</span> <span class='ocrx_word' id='word_1_36' title='bbox 1520 656 1617 708; x_wconf 78' lang='grc' dir='ltr'><strong>καὶ</strong></span> <span class='ocrx_word' id='word_1_37' title='bbox 1669 656 1939 725; x_wconf 77' lang='grc' dir='ltr'>ἑπόμενα.</span> 
     </span>
    </p>
   </div>
   <div class='ocr_carea' id='block_1_8' title="bbox 371 743 1944 819">
    <p class='ocr_par' dir='ltr' id='par_1_8' title="bbox 371 743 1944 819">
     <span class='ocr_line' id='line_1_8' title="bbox 371 743 1944 819; baseline -0.003 -15"><span class='ocrx_word' id='word_1_38' title='bbox 371 749 531 804; x_wconf 78' lang='grc' dir='ltr'>’Λλλά</span> <span class='ocrx_word' id='word_1_39' title='bbox 562 749 765 813; x_wconf 85' lang='grc' dir='ltr'>ταύτας</span> <span class='ocrx_word' id='word_1_40' title='bbox 785 749 951 819; x_wconf 88' lang='grc' dir='ltr'>μόνας</span> <span class='ocrx_word' id='word_1_41' title='bbox 982 743 1123 801; x_wconf 77' lang='grc' dir='ltr'>εἶναι</span> <span class='ocrx_word' id='word_1_42' title='bbox 1142 748 1507 817; x_wconf 88' lang='grc' dir='ltr'>προσωπικάς</span> <span class='ocrx_word' id='word_1_43' title='bbox 1535 748 1824 817; x_wconf 86' lang='grc' dir='ltr'>ἰδιότητας,</span> <span class='ocrx_word' id='word_1_44' title='bbox 1845 748 1944 817; x_wconf 65' lang='grc' dir='ltr'>τὴν</span> 
     </span>
    </p>
   </div>
   <div class='ocr_carea' id='block_1_9' title="bbox 360 838 1942 912">
    <p class='ocr_par' dir='ltr' id='par_1_9' title="bbox 360 838 1942 912">
     <span class='ocr_line' id='line_1_9' title="bbox 360 838 1942 912; baseline -0.001 -18"><span class='ocrx_word' id='word_1_45' title='bbox 360 840 672 912; x_wconf 86' lang='grc' dir='ltr'>πατρότητα</span> <span class='ocrx_word' id='word_1_46' title='bbox 684 840 907 912; x_wconf 77' lang='grc' dir='ltr'>δηλαδὴ,</span> <span class='ocrx_word' id='word_1_47' title='bbox 929 843 1024 895; x_wconf 76' lang='grc' dir='ltr'>καὶ</span> <span class='ocrx_word' id='word_1_48' title='bbox 1042 838 1142 911; x_wconf 81' lang='grc' dir='ltr'>τὴν</span> <span class='ocrx_word' id='word_1_49' title='bbox 1163 841 1409 912; x_wconf 81' lang='grc' dir='ltr'>υίότητα,</span> <span class='ocrx_word' id='word_1_50' title='bbox 1432 841 1525 895; x_wconf 74' lang='grc' dir='ltr'><strong>καὶ</strong></span> <span class='ocrx_word' id='word_1_51' title='bbox 1558 840 1657 910; x_wconf 85' lang='grc' dir='ltr'>τὴν</span> <span class='ocrx_word' id='word_1_52' title='bbox 1674 841 1942 911; x_wconf 74' lang='grc' dir='ltr'>ἐκπόρευ-</span> 
     </span>
    </p>
   </div>
   <div class='ocr_carea' id='block_1_10' title="bbox 360 931 1942 1003">
    <p class='ocr_par' dir='ltr' id='par_1_10' title="bbox 360 931 1942 1003">
     <span class='ocr_line' id='line_1_10' title="bbox 360 931 1942 1003; baseline -0.001 -18"><span class='ocrx_word' id='word_1_53' title='bbox 360 949 469 999; x_wconf 90' lang='grc' dir='ltr'>σιν,</span> <span class='ocrx_word' id='word_1_54' title='bbox 496 931 573 997; x_wconf 88' lang='grc' dir='ltr'><strong>ώς</strong></span> <span class='ocrx_word' id='word_1_55' title='bbox 593 933 799 996; x_wconf 87' lang='grc' dir='ltr'>ταύτας</span> <span class='ocrx_word' id='word_1_56' title='bbox 834 935 1006 1003; x_wconf 77' lang='grc' dir='ltr'>μόνας</span> <span class='ocrx_word' id='word_1_57' title='bbox 1036 932 1361 1001; x_wconf 63' lang='grc' dir='ltr'>ὑφεστώσας</span> <span class='ocrx_word' id='word_1_58' title='bbox 1391 933 1459 985; x_wconf 83' lang='grc' dir='ltr'>τὰ</span> <span class='ocrx_word' id='word_1_59' title='bbox 1480 933 1766 1002; x_wconf 76' lang='grc' dir='ltr'>πρόσωπα.</span> <span class='ocrx_word' id='word_1_60' title='bbox 1796 932 1861 984; x_wconf 74' lang='grc' dir='ltr'>Ἀ</span> <span class='ocrx_word' id='word_1_61' title='bbox 1886 931 1942 983; x_wconf 86' lang='grc' dir='ltr'>δὲ</span> 
     </span>
    </p>
   </div>
   <div class='ocr_carea' id='block_1_11' title="bbox 354 1023 1940 1097">
    <p class='ocr_par' dir='ltr' id='par_1_11' title="bbox 354 1023 1940 1097">
     <span class='ocr_line' id='line_1_11' title="bbox 354 1023 1940 1097; baseline -0.001 -20"><span class='ocrx_word' id='word_1_62' title='bbox 354 1024 499 1078; x_wconf 82' lang='grc' dir='ltr'>δυοῖν</span> <span class='ocrx_word' id='word_1_63' title='bbox 521 1024 625 1079; x_wconf 75' lang='grc' dir='ltr'>ἴδια</span> <span class='ocrx_word' id='word_1_64' title='bbox 651 1026 791 1096; x_wconf 83' lang='grc' dir='ltr'>πρός</span> <span class='ocrx_word' id='word_1_65' title='bbox 826 1026 887 1079; x_wconf 81' lang='grc' dir='ltr'>τὸ</span> <span class='ocrx_word' id='word_1_66' title='bbox 904 1026 1111 1097; x_wconf 80' lang='grc' dir='ltr'>τρίτον,</span> <span class='ocrx_word' id='word_1_67' title='bbox 1146 1026 1316 1079; x_wconf 75' lang='grc' dir='ltr'>ταῦτα</span> <span class='ocrx_word' id='word_1_68' title='bbox 1342 1025 1764 1097; x_wconf 73' lang='grc' dir='ltr'>γνωρίσματα,ἢ</span> <span class='ocrx_word' id='word_1_69' title='bbox 1798 1023 1940 1078; x_wconf 79' lang='grc' dir='ltr'>ἰδιώ-</span> 
     </span>
    </p>
   </div>
   <div class='ocr_carea' id='block_1_12' title="bbox 358 1114 1937 1187">
    <p class='ocr_par' dir='ltr' id='par_1_12' title="bbox 358 1114 1937 1187">
     <span class='ocr_line' id='line_1_12' title="bbox 358 1114 1937 1187; baseline -0.001 -18"><span class='ocrx_word' id='word_1_70' title='bbox 358 1132 503 1184; x_wconf 78' lang='grc' dir='ltr'>ματα</span> <span class='ocrx_word' id='word_1_71' title='bbox 534 1116 629 1171; x_wconf 87' lang='grc' dir='ltr'><strong>δύο</strong></span> <span class='ocrx_word' id='word_1_72' title='bbox 658 1118 823 1172; x_wconf 86' lang='grc' dir='ltr'>τινῶν</span> <span class='ocrx_word' id='word_1_73' title='bbox 855 1114 998 1173; x_wconf 74' lang='grc' dir='ltr'>εἶναι</span> <span class='ocrx_word' id='word_1_74' title='bbox 1052 1116 1384 1187; x_wconf 87' lang='grc' dir='ltr'>προσώπων.</span> <span class='ocrx_word' id='word_1_75' title='bbox 1434 1119 1575 1171; x_wconf 78' lang='grc' dir='ltr'><strong>;Καὶ</strong></span> <span class='ocrx_word' id='word_1_76' title='bbox 1622 1118 1797 1171; x_wconf 85' lang='grc' dir='ltr'>ταῦτα</span> <span class='ocrx_word' id='word_1_77' title='bbox 1837 1116 1937 1185; x_wconf 73' lang='grc' dir='ltr'>μὲν</span> 
     </span>
    </p>
   </div>
   <div class='ocr_carea' id='block_1_13' title="bbox 356 1209 555 1275">
    <p class='ocr_par' dir='ltr' id='par_1_13' title="bbox 356 1209 555 1275">
     <span class='ocr_line' id='line_1_13' title="bbox 356 1209 555 1275; baseline 0.02 -14"><span class='ocrx_word' id='word_1_78' title='bbox 356 1209 555 1275; x_wconf 78' lang='grc' dir='ltr'>οὕτως.</span> 
     </span>
    </p>
   </div>
   <div class='ocr_carea' id='block_1_14' title="bbox 2046 567 3612 638">
    <p class='ocr_par' dir='ltr' id='par_1_14' title="bbox 2046 567 3612 638">
     <span class='ocr_line' id='line_1_14' title="bbox 2046 567 3612 638; baseline 0.007 -20"><span class='ocrx_word' id='word_1_79' title='bbox 2046 580 2197 631; x_wconf 74' lang='lat' dir='ltr'><strong>vero,</strong></span> <span class='ocrx_word' id='word_1_80' title='bbox 2231 567 2484 635; x_wconf 81' lang='lat' dir='ltr'><strong>quamvis</strong></span> <span class='ocrx_word' id='word_1_81' title='bbox 2517 569 2690 623; x_wconf 79' lang='lat' dir='ltr'><strong>insint</strong></span> <span class='ocrx_word' id='word_1_82' title='bbox 2731 571 2823 625; x_wconf 91' lang='lat' dir='ltr'><strong>uni</strong></span> <span class='ocrx_word' id='word_1_83' title='bbox 2858 572 2985 638; x_wconf 90' lang='lat' dir='ltr'><strong>soli,</strong></span> <span class='ocrx_word' id='word_1_84' title='bbox 3032 590 3225 633; x_wconf 84' lang='lat' dir='ltr'><strong>verum</strong></span> <span class='ocrx_word' id='word_1_85' title='bbox 3261 592 3370 630; x_wconf 89' lang='lat' dir='ltr'><strong>non</strong></span> <span class='ocrx_word' id='word_1_86' title='bbox 3402 577 3612 631; x_wconf 83' lang='lat' dir='ltr'><strong>consti-</strong></span> 
     </span>
    </p>
   </div>
   <div class='ocr_carea' id='block_1_15' title="bbox 2047 657 3615 733">
    <p class='ocr_par' dir='ltr' id='par_1_15' title="bbox 2047 657 3615 733">
     <span class='ocr_line' id='line_1_15' title="bbox 2047 657 3615 733; baseline 0.006 -22"><span class='ocrx_word' id='word_1_87' title='bbox 2047 666 2230 720; x_wconf 92' lang='lat' dir='ltr'><strong>tuunt,</strong></span> <span class='ocrx_word' id='word_1_88' title='bbox 2264 657 2361 713; x_wconf 92' lang='lat' dir='ltr'><strong>sed</strong></span> <span class='ocrx_word' id='word_1_89' title='bbox 2391 668 2603 713; x_wconf 91' lang='lat' dir='ltr'><strong>tantum</strong></span> <span class='ocrx_word' id='word_1_90' title='bbox 2636 660 2919 716; x_wconf 89' lang='lat' dir='ltr'><strong>declarant</strong></span> <span class='ocrx_word' id='word_1_91' title='bbox 2954 679 3270 733; x_wconf 82' lang='lat' dir='ltr'><strong>personam,</strong></span> <span class='ocrx_word' id='word_1_92' title='bbox 3296 678 3353 720; x_wconf 91' lang='lat' dir='ltr'><strong>ut</strong></span> <span class='ocrx_word' id='word_1_93' title='bbox 3376 666 3615 721; x_wconf 81' lang='lat' dir='ltr'><strong>inl’alrc</strong></span> 
     </span>
    </p>
   </div>
   <div class='ocr_carea' id='block_1_16' title="bbox 2042 748 3616 824">
    <p class='ocr_par' dir='ltr' id='par_1_16' title="bbox 2042 748 3616 824">
     <span class='ocr_line' id='line_1_16' title="bbox 2042 748 3616 824; baseline 0.007 -24"><span class='ocrx_word' id='word_1_94' title='bbox 2042 762 2165 801; x_wconf 87' lang='lat' dir='ltr'><strong>esse</strong></span> <span class='ocrx_word' id='word_1_95' title='bbox 2203 748 2532 819; x_wconf 82' lang='lat' dir='ltr'><strong>ingenitum.</strong></span> <span class='ocrx_word' id='word_1_96' title='bbox 2563 750 2752 819; x_wconf 88' lang='lat' dir='ltr'><strong>Neque</strong></span> <span class='ocrx_word' id='word_1_97' title='bbox 2783 751 2954 822; x_wconf 81' lang='lat' dir='ltr'><strong>igitur</strong></span> <span class='ocrx_word' id='word_1_98' title='bbox 2991 770 3112 824; x_wconf 73' lang='lat' dir='ltr'><strong>qua:</strong></span> <span class='ocrx_word' id='word_1_99' title='bbox 3146 757 3462 811; x_wconf 88' lang='lat' dir='ltr'><strong>communia</strong></span> <span class='ocrx_word' id='word_1_100' title='bbox 3487 769 3616 811; x_wconf 86' lang='lat' dir='ltr'><strong>sunt</strong></span> 
     </span>
    </p>
   </div>
   <div class='ocr_carea' id='block_1_17' title="bbox 2045 838 3611 918">
    <p class='ocr_par' dir='ltr' id='par_1_17' title="bbox 2045 838 3611 918">
     <span class='ocr_line' id='line_1_17' title="bbox 2045 838 3611 918; baseline 0.007 -27"><span class='ocrx_word' id='word_1_101' title='bbox 2045 838 2223 893; x_wconf 89' lang='lat' dir='ltr'><strong>tribus</strong></span> <span class='ocrx_word' id='word_1_102' title='bbox 2278 840 2554 909; x_wconf 90' lang='lat' dir='ltr'><strong>personis,</strong></span> <span class='ocrx_word' id='word_1_103' title='bbox 2612 843 2977 912; x_wconf 77' lang='lat' dir='ltr'><strong>proprietates</strong></span> <span class='ocrx_word' id='word_1_104' title='bbox 3036 857 3165 900; x_wconf 92' lang='lat' dir='ltr'><strong>sunt</strong></span> <span class='ocrx_word' id='word_1_105' title='bbox 3217 847 3611 918; x_wconf 67' lang='lat' dir='ltr'><strong>hypostatice;</strong></span> 
     </span>
    </p>
   </div>
   <div class='ocr_carea' id='block_1_18' title="bbox 2049 931 3617 1008">
    <p class='ocr_par' dir='ltr' id='par_1_18' title="bbox 2049 931 3617 1008">
     <span class='ocr_line' id='line_1_18' title="bbox 2049 931 3617 1008; baseline 0.006 -24"><span class='ocrx_word' id='word_1_106' title='bbox 2049 946 2229 999; x_wconf 81' lang='lat' dir='ltr'><strong>neque</strong></span> <span class='ocrx_word' id='word_1_107' title='bbox 2268 944 2331 984; x_wconf 88' lang='lat' dir='ltr'><strong>ea</strong></span> <span class='ocrx_word' id='word_1_108' title='bbox 2366 947 2485 997; x_wconf 72' lang='lat' dir='ltr'><strong>quae</strong></span> <span class='ocrx_word' id='word_1_109' title='bbox 2519 931 2751 987; x_wconf 91' lang='lat' dir='ltr'><strong>duarum</strong></span> <span class='ocrx_word' id='word_1_110' title='bbox 2773 934 2839 987; x_wconf 87' lang='lat' dir='ltr'><strong>ad</strong></span> <span class='ocrx_word' id='word_1_111' title='bbox 2871 938 3089 990; x_wconf 83' lang='lat' dir='ltr'><strong>tertiam</strong></span> <span class='ocrx_word' id='word_1_112' title='bbox 3122 940 3343 1008; x_wconf 86' lang='lat' dir='ltr'><strong>propria</strong></span> <span class='ocrx_word' id='word_1_113' title='bbox 3368 951 3515 993; x_wconf 88' lang='lat' dir='ltr'><strong>sunt.</strong></span> <span class='ocrx_word' id='word_1_114' title='bbox 3550 942 3617 995; x_wconf 82' lang='lat' dir='ltr'><strong>At</strong></span> 
     </span>
    </p>
   </div>
   <div class='ocr_carea' id='block_1_19' title="bbox 2048 1023 3615 1102">
    <p class='ocr_par' dir='ltr' id='par_1_19' title="bbox 2048 1023 3615 1102">
     <span class='ocr_line' id='line_1_19' title="bbox 2048 1023 3615 1102; baseline 0.006 -27"><span class='ocrx_word' id='word_1_115' title='bbox 2048 1037 2228 1092; x_wconf 89' lang='lat' dir='ltr'><strong>neque</strong></span> <span class='ocrx_word' id='word_1_116' title='bbox 2259 1038 2379 1092; x_wconf 74' lang='lat' dir='ltr'><strong>qua:</strong></span> <span class='ocrx_word' id='word_1_117' title='bbox 2405 1023 2569 1079; x_wconf 91' lang='lat' dir='ltr'><strong>unius</strong></span> <span class='ocrx_word' id='word_1_118' title='bbox 2604 1026 2823 1095; x_wconf 85' lang='lat' dir='ltr'><strong>propria</strong></span> <span class='ocrx_word' id='word_1_119' title='bbox 2860 1038 3009 1090; x_wconf 90' lang='lat' dir='ltr'><strong>sunt,</strong></span> <span class='ocrx_word' id='word_1_120' title='bbox 3048 1029 3123 1084; x_wconf 80' lang='lat' dir='ltr'><strong>ita</strong></span> <span class='ocrx_word' id='word_1_121' title='bbox 3164 1040 3344 1086; x_wconf 84' lang='lat' dir='ltr'><strong>tamen</strong></span> <span class='ocrx_word' id='word_1_122' title='bbox 3374 1034 3615 1102; x_wconf 81' lang='lat' dir='ltr'><strong>propria,</strong></span> 
     </span>
    </p>
   </div>
   <div class='ocr_carea' id='block_1_20' title="bbox 2046 1119 3618 1192">
    <p class='ocr_par' dir='ltr' id='par_1_20' title="bbox 2046 1119 3618 1192">
     <span class='ocr_line' id='line_1_20' title="bbox 2046 1119 3618 1192; baseline 0.005 -24"><span class='ocrx_word' id='word_1_123' title='bbox 2046 1124 2108 1169; x_wconf 91' lang='lat' dir='ltr'><strong>ut</strong></span> <span class='ocrx_word' id='word_1_124' title='bbox 2135 1130 2257 1183; x_wconf 67' lang='lat' dir='ltr'><strong>qua:</strong></span> <span class='ocrx_word' id='word_1_125' title='bbox 2284 1125 2470 1169; x_wconf 88' lang='lat' dir='ltr'><strong>notam</strong></span> <span class='ocrx_word' id='word_1_126' title='bbox 2500 1126 2556 1171; x_wconf 92' lang='lat' dir='ltr'><strong>et</strong></span> <span class='ocrx_word' id='word_1_127' title='bbox 2595 1119 2939 1174; x_wconf 78' lang='lat' dir='ltr'><strong>manifestam</strong></span> <span class='ocrx_word' id='word_1_128' title='bbox 2981 1120 3207 1185; x_wconf 80' lang='lat' dir='ltr'><strong>faciant,</strong></span> <span class='ocrx_word' id='word_1_129' title='bbox 3235 1130 3290 1176; x_wconf 91' lang='lat' dir='ltr'><strong>et</strong></span> <span class='ocrx_word' id='word_1_130' title='bbox 3316 1135 3618 1192; x_wconf 77' lang='lat' dir='ltr'><strong>sequantur</strong></span> 
     </span>
    </p>
   </div>
   <div class='ocr_carea' id='block_1_21' title="bbox 2044 1209 3619 1283">
    <p class='ocr_par' dir='ltr' id='par_1_21' title="bbox 2044 1209 3619 1283">
     <span class='ocr_line' id='line_1_21' title="bbox 2044 1209 3619 1283; baseline 0.004 -21"><span class='ocrx_word' id='word_1_131' title='bbox 2044 1223 2362 1278; x_wconf 89' lang='lat' dir='ltr'><strong>personam.</strong></span> <span class='ocrx_word' id='word_1_132' title='bbox 2388 1209 2495 1264; x_wconf 86' lang='lat' dir='ltr'><strong>Sed</strong></span> <span class='ocrx_word' id='word_1_133' title='bbox 2526 1226 2605 1265; x_wconf 80' lang='lat' dir='ltr'><strong>ea:</strong></span> <span class='ocrx_word' id='word_1_134' title='bbox 2633 1220 2843 1266; x_wconf 89' lang='lat' dir='ltr'><strong>tantum</strong></span> <span class='ocrx_word' id='word_1_135' title='bbox 2874 1221 3000 1266; x_wconf 86' lang='lat' dir='ltr'><strong>sunt</strong></span> <span class='ocrx_word' id='word_1_136' title='bbox 3035 1214 3353 1282; x_wconf 86' lang='lat' dir='ltr'><strong>personales</strong></span> <span class='ocrx_word' id='word_1_137' title='bbox 3376 1218 3619 1283; x_wconf 83' lang='lat' dir='ltr'><strong>prOpric-</strong></span> 
     </span>
    </p>
   </div>
   <div class='ocr_carea' id='block_1_22' title="bbox 361 1305 3620 1378">
    <p class='ocr_par' dir='ltr' id='par_1_22' title="bbox 361 1305 3620 1378">
     <span class='ocr_line' id='line_1_22' title="bbox 361 1305 3620 1378; baseline 0.001 -19"><span class='ocrx_word' id='word_1_138' title='bbox 361 1314 522 1372; x_wconf 88' lang='lat' dir='ltr'><strong>tates,</strong></span> <span class='ocrx_word' id='word_1_139' title='bbox 553 1309 855 1378; x_wconf 88' lang='lat' dir='ltr'><strong>paternitas</strong></span> <span class='ocrx_word' id='word_1_140' title='bbox 883 1309 1172 1377; x_wconf 86' lang='lat' dir='ltr'><strong>nimirum,</strong></span> <span class='ocrx_word' id='word_1_141' title='bbox 1205 1317 1261 1364; x_wconf 87' lang='lat' dir='ltr'><strong>et</strong></span> <span class='ocrx_word' id='word_1_142' title='bbox 1310 1309 1501 1366; x_wconf 84' lang='lat' dir='ltr'><strong>tiliatio</strong></span> <span class='ocrx_word' id='word_1_143' title='bbox 1563 1318 1619 1365; x_wconf 91' lang='lat' dir='ltr'><strong>et</strong></span> <span class='ocrx_word' id='word_1_144' title='bbox 1682 1305 2002 1378; x_wconf 87' lang='lat' dir='ltr'><strong>processio,</strong></span> <span class='ocrx_word' id='word_1_145' title='bbox 2042 1305 2248 1375; x_wconf 88' lang='lat' dir='ltr'><strong>quippe</strong></span> <span class='ocrx_word' id='word_1_146' title='bbox 2291 1321 2413 1375; x_wconf 68' lang='lat' dir='ltr'><strong>qua:</strong></span> <span class='ocrx_word' id='word_1_147' title='bbox 2451 1306 2537 1361; x_wconf 69' lang='lat' dir='ltr'><strong>hat</strong></span> <span class='ocrx_word' id='word_1_148' title='bbox 2590 1307 2719 1361; x_wconf 68' lang='lat' dir='ltr'><strong>solae</strong></span> <span class='ocrx_word' id='word_1_149' title='bbox 2766 1323 3026 1377; x_wconf 84' lang='lat' dir='ltr'><strong>personas</strong></span> <span class='ocrx_word' id='word_1_150' title='bbox 3076 1311 3440 1366; x_wconf 87' lang='lat' dir='ltr'><strong>constituunt.</strong></span> <span class='ocrx_word' id='word_1_151' title='bbox 3491 1312 3620 1376; x_wconf 68' lang='lat' dir='ltr'><strong>Quae</strong></span> 
     </span>
    </p>
   </div>
   <div class='ocr_carea' id='block_1_23' title="bbox 359 1399 3619 1477">
    <p class='ocr_par' dir='ltr' id='par_1_23' title="bbox 359 1399 3619 1477">
     <span class='ocr_line' id='line_1_23' title="bbox 359 1399 3619 1477; baseline 0 -23"><span class='ocrx_word' id='word_1_152' title='bbox 359 1415 494 1455; x_wconf 82' lang='lat' dir='ltr'><strong>vero</strong></span> <span class='ocrx_word' id='word_1_153' title='bbox 548 1401 784 1458; x_wconf 88' lang='lat' dir='ltr'><strong>duarum</strong></span> <span class='ocrx_word' id='word_1_154' title='bbox 822 1417 1183 1475; x_wconf 88' lang='lat' dir='ltr'><strong>personarum</strong></span> <span class='ocrx_word' id='word_1_155' title='bbox 1230 1406 1299 1462; x_wconf 90' lang='lat' dir='ltr'><strong>ad</strong></span> <span class='ocrx_word' id='word_1_156' title='bbox 1345 1409 1562 1464; x_wconf 84' lang='lat' dir='ltr'><strong>tertiam</strong></span> <span class='ocrx_word' id='word_1_157' title='bbox 1615 1404 1839 1477; x_wconf 85' lang='lat' dir='ltr'><strong>prepria</strong></span> <span class='ocrx_word' id='word_1_158' title='bbox 1898 1408 2063 1466; x_wconf 90' lang='lat' dir='ltr'><strong>sunt,</strong></span> <span class='ocrx_word' id='word_1_159' title='bbox 2100 1399 2356 1455; x_wconf 89' lang='lat' dir='ltr'><strong>notiones</strong></span> <span class='ocrx_word' id='word_1_160' title='bbox 2418 1399 2503 1455; x_wconf 84' lang='lat' dir='ltr'><strong>vel</strong></span> <span class='ocrx_word' id='word_1_161' title='bbox 2550 1400 2921 1471; x_wconf 84' lang='lat' dir='ltr'><strong>proprietates</strong></span> <span class='ocrx_word' id='word_1_162' title='bbox 2970 1400 3204 1456; x_wconf 90' lang='lat' dir='ltr'><strong>duarum</strong></span> <span class='ocrx_word' id='word_1_163' title='bbox 3254 1418 3619 1474; x_wconf 88' lang='lat' dir='ltr'><strong>personarum</strong></span> 
     </span>
    </p>
   </div>
   <div class='ocr_carea' id='block_1_24' title="bbox 360 1495 1619 1571">
    <p class='ocr_par' dir='ltr' id='par_1_24' title="bbox 360 1495 1619 1571">
     <span class='ocr_line' id='line_1_24' title="bbox 360 1495 1619 1571; baseline 0.006 -21"><span class='ocrx_word' id='word_1_164' title='bbox 360 1495 660 1555; x_wconf 71' lang='lat' dir='ltr'><strong>exsistunt.</strong></span> <span class='ocrx_word' id='word_1_165' title='bbox 690 1499 759 1553; x_wconf 82' lang='lat' dir='ltr'><strong>Et</strong></span> <span class='ocrx_word' id='word_1_166' title='bbox 792 1499 909 1555; x_wconf 76' lang='lat' dir='ltr'><strong>btec</strong></span> <span class='ocrx_word' id='word_1_167' title='bbox 932 1500 1155 1571; x_wconf 87' lang='lat' dir='ltr'><strong>quidem</strong></span> <span class='ocrx_word' id='word_1_168' title='bbox 1187 1501 1261 1557; x_wconf 88' lang='lat' dir='ltr'><strong>ita</strong></span> <span class='ocrx_word' id='word_1_169' title='bbox 1301 1518 1360 1558; x_wconf 86' lang='lat' dir='ltr'><strong>se</strong></span> <span class='ocrx_word' id='word_1_170' title='bbox 1390 1503 1619 1557; x_wconf 84' lang='lat' dir='ltr'><strong>habent.</strong></span> 
     </span>
    </p>
   </div>
   <div class='ocr_carea' id='block_1_25' title="bbox 437 1585 1939 1667">
    <p class='ocr_par' dir='ltr' id='par_1_25' title="bbox 437 1593 1928 1667">
     <span class='ocr_line' id='line_1_25' title="bbox 437 1593 1928 1667; baseline 0 -20"><span class='ocrx_word' id='word_1_171' title='bbox 437 1593 657 1648; x_wconf 83' lang='grc' dir='ltr'><strong>Τούτων</strong></span> <span class='ocrx_word' id='word_1_172' title='bbox 713 1595 771 1648; x_wconf 79' lang='grc' dir='ltr'>δὲ</span> <span class='ocrx_word' id='word_1_173' title='bbox 832 1595 1108 1667; x_wconf 76' lang='grc' dir='ltr'><strong>ῥηθέντων</strong></span> <span class='ocrx_word' id='word_1_174' title='bbox 1166 1598 1651 1652; x_wconf 86' lang='grc' dir='ltr'>συναποδείκνυται</span> <span class='ocrx_word' id='word_1_175' title='bbox 1713 1598 1811 1650; x_wconf 74' lang='grc' dir='ltr'>καὶ</span> <span class='ocrx_word' id='word_1_176' title='bbox 1866 1593 1928 1648; x_wconf 85' lang='grc' dir='ltr'><strong>τδ</strong></span> 
     </span>
    </p>
   </div>
   <div class='ocr_carea' id='block_1_26' title="bbox 2041 1585 3622 1667">
    <p class='ocr_par' dir='ltr' id='par_1_26' title="bbox 2103 1585 3622 1657">
     <span class='ocr_line' id='line_1_26' title="bbox 2103 1585 3622 1657; baseline 0 -15"><span class='ocrx_word' id='word_1_177' title='bbox 2103 1586 2201 1642; x_wconf 83' lang='lat' dir='ltr'><strong>His</strong></span> <span class='ocrx_word' id='word_1_178' title='bbox 2253 1600 2387 1642; x_wconf 87' lang='lat' dir='ltr'><strong>vero</strong></span> <span class='ocrx_word' id='word_1_179' title='bbox 2431 1585 2619 1652; x_wconf 85' lang='lat' dir='ltr'><strong>dictis,</strong></span> <span class='ocrx_word' id='word_1_180' title='bbox 2666 1586 2942 1657; x_wconf 84' lang='lat' dir='ltr'><strong>probatur</strong></span> <span class='ocrx_word' id='word_1_181' title='bbox 2974 1585 3221 1656; x_wconf 87' lang='lat' dir='ltr'><strong>Spiritus</strong></span> <span class='ocrx_word' id='word_1_182' title='bbox 3275 1600 3503 1642; x_wconf 77' lang='lat' dir='ltr'><strong>sanctus</strong></span> <span class='ocrx_word' id='word_1_183' title='bbox 3553 1604 3622 1642; x_wconf 78' lang='lat' dir='ltr'><strong>cx</strong></span> 
     </span>
    </p>
   </div>
   <div class='ocr_carea' id='block_1_27' title="bbox 362 1684 1939 1759">
    <p class='ocr_par' dir='ltr' id='par_1_27' title="bbox 362 1684 1939 1759">
     <span class='ocr_line' id='line_1_27' title="bbox 362 1684 1939 1759; baseline -0.001 -19"><span class='ocrx_word' id='word_1_184' title='bbox 362 1685 590 1756; x_wconf 79' lang='grc' dir='ltr'><strong>Πνεῦμα</strong></span> <span class='ocrx_word' id='word_1_185' title='bbox 625 1685 685 1739; x_wconf 81' lang='grc' dir='ltr'><strong>τὸ</strong></span> <span class='ocrx_word' id='word_1_186' title='bbox 723 1684 881 1754; x_wconf 76' lang='grc' dir='ltr'>ἅγιον</span> <span class='ocrx_word' id='word_1_187' title='bbox 918 1688 983 1740; x_wconf 83' lang='grc' dir='ltr'><strong>ἐκ</strong></span> <span class='ocrx_word' id='word_1_188' title='bbox 1022 1687 1235 1759; x_wconf 85' lang='grc' dir='ltr'>Πατρὺς</span> <span class='ocrx_word' id='word_1_189' title='bbox 1272 1687 1340 1741; x_wconf 88' lang='grc' dir='ltr'>δι’</span> <span class='ocrx_word' id='word_1_190' title='bbox 1366 1686 1496 1741; x_wconf 82' lang='grc' dir='ltr'>Υίοῦ</span> <span class='ocrx_word' id='word_1_191' title='bbox 1538 1685 1939 1757; x_wconf 69' lang='grc' dir='ltr'><strong>ἐκπορεύεσθαι</strong></span> 
     </span>
    </p>
   </div>
   <div class='ocr_carea' id='block_1_28' title="bbox 361 1792 556 1838">
    <p class='ocr_par' dir='ltr' id='par_1_28' title="bbox 361 1792 556 1838">
     <span class='ocr_line' id='line_1_28' title="bbox 361 1792 556 1838; baseline -0.005 -10"><span class='ocrx_word' id='word_1_192' title='bbox 361 1792 556 1838; x_wconf 89' lang='grc' dir='ltr'>ουτως.</span> 
     </span>
    </p>
   </div>
   <div class='ocr_carea' id='block_1_29' title="bbox 432 1866 1937 1944">
    <p class='ocr_par' dir='ltr' id='par_1_29' title="bbox 432 1866 1937 1944">
     <span class='ocr_line' id='line_1_29' title="bbox 432 1866 1937 1944; baseline 0.004 -25"><span class='ocrx_word' id='word_1_193' title='bbox 432 1866 532 1920; x_wconf 86' lang='grc' dir='ltr'>Διά</span> <span class='ocrx_word' id='word_1_194' title='bbox 575 1868 677 1936; x_wconf 84' lang='grc' dir='ltr'>τῆς</span> <span class='ocrx_word' id='word_1_195' title='bbox 718 1870 943 1939; x_wconf 84' lang='grc' dir='ltr'>πρώτης</span> <span class='ocrx_word' id='word_1_196' title='bbox 990 1871 1085 1923; x_wconf 69' lang='grc' dir='ltr'>καὶ</span> <span class='ocrx_word' id='word_1_197' title='bbox 1131 1870 1337 1940; x_wconf 80' lang='grc' dir='ltr'><strong>ἀμέσου</strong></span> <span class='ocrx_word' id='word_1_198' title='bbox 1380 1870 1663 1944; x_wconf 73' lang='grc' dir='ltr'><strong>ἐνεργείας</strong></span> <span class='ocrx_word' id='word_1_199' title='bbox 1706 1872 1937 1926; x_wconf 83' lang='grc' dir='ltr'>ἑκάστου</span> 
     </span>
    </p>
   </div>
   <div class='ocr_carea' id='block_1_30' title="bbox 361 1958 1942 2030">
    <p class='ocr_par' dir='ltr' id='par_1_30' title="bbox 361 1958 1942 2030">
     <span class='ocr_line' id='line_1_30' title="bbox 361 1958 1942 2030; baseline 0.002 -21"><span class='ocrx_word' id='word_1_200' title='bbox 361 1958 534 2010; x_wconf 71' lang='grc' dir='ltr'>πᾶσαι</span> <span class='ocrx_word' id='word_1_201' title='bbox 578 1959 634 2011; x_wconf 78' lang='grc' dir='ltr'>αἱ</span> <span class='ocrx_word' id='word_1_202' title='bbox 676 1958 834 2013; x_wconf 78' lang='grc' dir='ltr'>ἄλλαι</span> <span class='ocrx_word' id='word_1_203' title='bbox 875 1958 1256 2014; x_wconf 67' lang='grc' dir='ltr'>ἐπιτελοῦνται</span> <span class='ocrx_word' id='word_1_204' title='bbox 1299 1960 1598 2030; x_wconf 77' lang='grc' dir='ltr'>ἐνέργειαι.</span> <span class='ocrx_word' id='word_1_205' title='bbox 1642 1961 1844 2029; x_wconf 84' lang='grc' dir='ltr'>Πρώτη</span> <span class='ocrx_word' id='word_1_206' title='bbox 1885 1959 1942 2012; x_wconf 81' lang='grc' dir='ltr'>δὲ</span> 
     </span>
    </p>
   </div>
   <div class='ocr_carea' id='block_1_31' title="bbox 360 2049 1941 2123">
    <p class='ocr_par' dir='ltr' id='par_1_31' title="bbox 360 2049 1941 2123">
     <span class='ocr_line' id='line_1_31' title="bbox 360 2049 1941 2123; baseline 0.001 -21"><span class='ocrx_word' id='word_1_207' title='bbox 360 2049 612 2118; x_wconf 81' lang='grc' dir='ltr'>ἐνέργεια</span> <span class='ocrx_word' id='word_1_208' title='bbox 644 2049 736 2103; x_wconf 68' lang='grc' dir='ltr'><strong>κα)⁵</strong></span> <span class='ocrx_word' id='word_1_209' title='bbox 769 2049 974 2119; x_wconf 82' lang='grc' dir='ltr'>άμεσος</span> <span class='ocrx_word' id='word_1_210' title='bbox 998 2050 1093 2105; x_wconf 89' lang='grc' dir='ltr'><strong>τοῦ</strong></span> <span class='ocrx_word' id='word_1_211' title='bbox 1126 2051 1337 2121; x_wconf 83' lang='grc' dir='ltr'>Πατρός</span> <span class='ocrx_word' id='word_1_212' title='bbox 1368 2054 1485 2106; x_wconf 89' lang='grc' dir='ltr'>ἐστι</span> <span class='ocrx_word' id='word_1_213' title='bbox 1511 2053 1571 2105; x_wconf 80' lang='grc' dir='ltr'>τὸ</span> <span class='ocrx_word' id='word_1_214' title='bbox 1598 2052 1813 2123; x_wconf 78' lang='grc' dir='ltr'>γεννᾷν.</span> <span class='ocrx_word' id='word_1_215' title='bbox 1842 2051 1941 2104; x_wconf 71' lang='grc' dir='ltr'>Διά</span> 
     </span>
    </p>
   </div>
   <div class='ocr_carea' id='block_1_32' title="bbox 359 2139 1936 2213">
    <p class='ocr_par' dir='ltr' id='par_1_32' title="bbox 359 2139 1936 2213">
     <span class='ocr_line' id='line_1_32' title="bbox 359 2139 1936 2213; baseline 0.003 -22"><span class='ocrx_word' id='word_1_216' title='bbox 359 2139 454 2192; x_wconf 85' lang='grc' dir='ltr'><strong>τοῦ</strong></span> <span class='ocrx_word' id='word_1_217' title='bbox 494 2140 690 2210; x_wconf 80' lang='grc' dir='ltr'>γεννᾷν</span> <span class='ocrx_word' id='word_1_218' title='bbox 731 2140 841 2209; x_wconf 78' lang='grc' dir='ltr'>ἄρα</span> <span class='ocrx_word' id='word_1_219' title='bbox 882 2143 913 2210; x_wconf 84' lang='grc' dir='ltr'>ἡ</span> <span class='ocrx_word' id='word_1_220' title='bbox 958 2142 1053 2195; x_wconf 88' lang='grc' dir='ltr'><strong>τοῦ</strong></span> <span class='ocrx_word' id='word_1_221' title='bbox 1099 2145 1254 2195; x_wconf 76' lang='grc' dir='ltr'>πνεῖν</span> <span class='ocrx_word' id='word_1_222' title='bbox 1294 2144 1625 2197; x_wconf 81' lang='grc' dir='ltr'>ἐπιτελεῖται</span> <span class='ocrx_word' id='word_1_223' title='bbox 1663 2143 1936 2213; x_wconf 69' lang='grc' dir='ltr'>ἐνέργεια.</span> 
     </span>
    </p>
   </div>
   <div class='ocr_carea' id='block_1_33' title="bbox 362 2231 1941 2305">
    <p class='ocr_par' dir='ltr' id='par_1_33' title="bbox 362 2231 1941 2305">
     <span class='ocr_line' id='line_1_33' title="bbox 362 2231 1941 2305; baseline 0.002 -21"><span class='ocrx_word' id='word_1_224' title='bbox 362 2231 472 2284; x_wconf 72' lang='grc' dir='ltr'>Καὶ</span> <span class='ocrx_word' id='word_1_225' title='bbox 492 2231 666 2295; x_wconf 79' lang='grc' dir='ltr'>οὕτως</span> <span class='ocrx_word' id='word_1_226' title='bbox 683 2234 745 2284; x_wconf 90' lang='grc' dir='ltr'><strong>ἐκ</strong></span> <span class='ocrx_word' id='word_1_227' title='bbox 773 2231 987 2303; x_wconf 79' lang='grc' dir='ltr'>Πατρδς</span> <span class='ocrx_word' id='word_1_228' title='bbox 1016 2233 1083 2286; x_wconf 75' lang='grc' dir='ltr'>δι’</span> <span class='ocrx_word' id='word_1_229' title='bbox 1111 2233 1242 2288; x_wconf 81' lang='grc' dir='ltr'>Υἱοῦ</span> <span class='ocrx_word' id='word_1_230' title='bbox 1257 2234 1616 2305; x_wconf 83' lang='grc' dir='ltr'>ἐκπορεύεται</span> <span class='ocrx_word' id='word_1_231' title='bbox 1636 2234 1696 2288; x_wconf 83' lang='grc' dir='ltr'>τὸ</span> <span class='ocrx_word' id='word_1_232' title='bbox 1718 2234 1941 2303; x_wconf 80' lang='grc' dir='ltr'>Πνεῦμα</span> 
     </span>
    </p>
   </div>
   <div class='ocr_carea' id='block_1_34' title="bbox 362 2319 1943 2396">
    <p class='ocr_par' dir='ltr' id='par_1_34' title="bbox 362 2319 1943 2396">
     <span class='ocr_line' id='line_1_34' title="bbox 362 2319 1943 2396; baseline 0.001 -23"><span class='ocrx_word' id='word_1_233' title='bbox 362 2319 423 2373; x_wconf 77' lang='grc' dir='ltr'><strong>τὸ</strong></span> <span class='ocrx_word' id='word_1_234' title='bbox 454 2319 632 2389; x_wconf 71' lang='grc' dir='ltr'>ἅγιον.</span> <span class='ocrx_word' id='word_1_235' title='bbox 662 2321 735 2373; x_wconf 83' lang='lat' dir='ltr'><strong>Tb</strong></span> <span class='ocrx_word' id='word_1_236' title='bbox 765 2321 821 2375; x_wconf 79' lang='grc' dir='ltr'><strong>δέ</strong></span> <span class='ocrx_word' id='word_1_237' title='bbox 854 2321 930 2377; x_wconf 79' lang='grc' dir='ltr'>δι’</span> <span class='ocrx_word' id='word_1_238' title='bbox 955 2324 1092 2378; x_wconf 78' lang='grc' dir='ltr'>Υἰοῦ</span> <span class='ocrx_word' id='word_1_239' title='bbox 1121 2323 1243 2378; x_wconf 90' lang='grc' dir='ltr'>τίνα</span> <span class='ocrx_word' id='word_1_240' title='bbox 1274 2325 1374 2395; x_wconf 79' lang='grc' dir='ltr'>τὴν</span> <span class='ocrx_word' id='word_1_241' title='bbox 1405 2324 1635 2394; x_wconf 87' lang='grc' dir='ltr'>δύναμιν</span> <span class='ocrx_word' id='word_1_242' title='bbox 1669 2323 1781 2396; x_wconf 78' lang='grc' dir='ltr'>ἔχει</span> <span class='ocrx_word' id='word_1_243' title='bbox 1802 2366 1817 2391; x_wconf 91' lang='grc'><strong>,</strong></span> <span class='ocrx_word' id='word_1_244' title='bbox 1848 2325 1943 2377; x_wconf 74' lang='grc' dir='ltr'>καὶ</span> 
     </span>
    </p>
   </div>
   <div class='ocr_carea' id='block_1_35' title="bbox 361 2412 1941 2487">
    <p class='ocr_par' dir='ltr' id='par_1_35' title="bbox 361 2412 1941 2487">
     <span class='ocr_line' id='line_1_35' title="bbox 361 2412 1941 2487; baseline 0.003 -22"><span class='ocrx_word' id='word_1_245' title='bbox 361 2412 416 2465; x_wconf 87' lang='grc' dir='ltr'><strong>τί</strong></span> <span class='ocrx_word' id='word_1_246' title='bbox 442 2414 474 2484; x_wconf 79' lang='grc' dir='ltr'>ἡ</span> <span class='ocrx_word' id='word_1_247' title='bbox 502 2412 600 2466; x_wconf 82' lang='grc' dir='ltr'>διὰ</span> <span class='ocrx_word' id='word_1_248' title='bbox 627 2412 860 2467; x_wconf 87' lang='grc' dir='ltr'>ἐνταῦθα</span> <span class='ocrx_word' id='word_1_249' title='bbox 886 2414 1056 2485; x_wconf 81' lang='grc' dir='ltr'>δηλοῖ,</span> <span class='ocrx_word' id='word_1_250' title='bbox 1084 2416 1165 2468; x_wconf 82' lang='grc' dir='ltr'><strong>ὅτι</strong></span> <span class='ocrx_word' id='word_1_251' title='bbox 1191 2416 1389 2486; x_wconf 84' lang='grc' dir='ltr'>δηλαδὴ</span> <span class='ocrx_word' id='word_1_252' title='bbox 1416 2416 1596 2469; x_wconf 75' lang='grc' dir='ltr'>αἰτίαν</span> <span class='ocrx_word' id='word_1_253' title='bbox 1623 2417 1941 2487; x_wconf 80' lang='grc' dir='ltr'>μεσιτεύον-</span> 
     </span>
    </p>
   </div>
   <div class='ocr_carea' id='block_1_36' title="bbox 367 2505 1943 2580">
    <p class='ocr_par' dir='ltr' id='par_1_36' title="bbox 367 2505 1943 2580">
     <span class='ocr_line' id='line_1_36' title="bbox 367 2505 1943 2580; baseline 0.003 -22"><span class='ocrx_word' id='word_1_254' title='bbox 367 2522 502 2572; x_wconf 85' lang='grc' dir='ltr'>σαν,</span> <span class='ocrx_word' id='word_1_255' title='bbox 545 2506 748 2571; x_wconf 82' lang='grc' dir='ltr'>ἱκανῶς</span> <span class='ocrx_word' id='word_1_256' title='bbox 782 2507 841 2561; x_wconf 81' lang='grc' dir='ltr'>ἐν</span> <span class='ocrx_word' id='word_1_257' title='bbox 875 2505 951 2578; x_wconf 85' lang='grc' dir='ltr'>τῷ</span> <span class='ocrx_word' id='word_1_258' title='bbox 984 2507 1127 2577; x_wconf 75' lang='grc' dir='ltr'>Περὶ</span> <span class='ocrx_word' id='word_1_259' title='bbox 1160 2507 1432 2577; x_wconf 78' lang='grc' dir='ltr'>ἐνώσεως</span> <span class='ocrx_word' id='word_1_260' title='bbox 1466 2508 1743 2563; x_wconf 73' lang='grc' dir='ltr'>δείκνυται</span> <span class='ocrx_word' id='word_1_261' title='bbox 1776 2510 1943 2580; x_wconf 76' lang='grc' dir='ltr'>λόγῳ.</span> 
     </span>
    </p>
   </div>
   <div class='ocr_carea' id='block_1_37' title="bbox 438 2683 1941 2759">
    <p class='ocr_par' dir='ltr' id='par_1_37' title="bbox 438 2683 1941 2759">
     <span class='ocr_line' id='line_1_37' title="bbox 438 2683 1941 2759; baseline 0.001 -22"><span class='ocrx_word' id='word_1_262' title='bbox 438 2684 561 2738; x_wconf 81' lang='grc' dir='ltr'>Ἔτι</span> <span class='ocrx_word' id='word_1_263' title='bbox 593 2684 655 2738; x_wconf 82' lang='grc' dir='ltr'>τὸ</span> <span class='ocrx_word' id='word_1_264' title='bbox 690 2683 917 2756; x_wconf 79' lang='grc' dir='ltr'><strong>Πνεῦμα</strong></span> <span class='ocrx_word' id='word_1_265' title='bbox 948 2685 1011 2739; x_wconf 78' lang='grc' dir='ltr'>τὸ</span> <span class='ocrx_word' id='word_1_266' title='bbox 1046 2685 1204 2755; x_wconf 84' lang='grc' dir='ltr'>άγιον</span> <span class='ocrx_word' id='word_1_267' title='bbox 1234 2687 1267 2759; x_wconf 79' lang='grc' dir='ltr'>ἢ</span> <span class='ocrx_word' id='word_1_268' title='bbox 1298 2686 1363 2741; x_wconf 88' lang='grc' dir='ltr'><strong>ἐκ</strong></span> <span class='ocrx_word' id='word_1_269' title='bbox 1396 2685 1491 2740; x_wconf 88' lang='grc' dir='ltr'><strong>τοῦ</strong></span> <span class='ocrx_word' id='word_1_270' title='bbox 1529 2687 1740 2758; x_wconf 76' lang='grc' dir='ltr'>Πατρῦς</span> <span class='ocrx_word' id='word_1_271' title='bbox 1774 2688 1941 2740; x_wconf 86' lang='grc' dir='ltr'>ἐκπο-</span> 
     </span>
    </p>
   </div>
   <div class='ocr_carea' id='block_1_38' title="bbox 374 2775 1944 2850">
    <p class='ocr_par' dir='ltr' id='par_1_38' title="bbox 374 2775 1944 2850">
     <span class='ocr_line' id='line_1_38' title="bbox 374 2775 1944 2850; baseline 0.001 -21"><span class='ocrx_word' id='word_1_272' title='bbox 374 2775 593 2846; x_wconf 81' lang='grc' dir='ltr'>ρεύεται</span> <span class='ocrx_word' id='word_1_273' title='bbox 630 2778 791 2846; x_wconf 83' lang='grc' dir='ltr'>μόνου</span> <span class='ocrx_word' id='word_1_274' title='bbox 816 2815 831 2841; x_wconf 92' lang='grc'><strong>,</strong></span> <span class='ocrx_word' id='word_1_275' title='bbox 862 2776 896 2848; x_wconf 78' lang='grc' dir='ltr'><strong>ἢ</strong></span> <span class='ocrx_word' id='word_1_276' title='bbox 932 2776 1033 2831; x_wconf 85' lang='grc' dir='ltr'><strong>οὐκ</strong></span> <span class='ocrx_word' id='word_1_277' title='bbox 1066 2777 1131 2831; x_wconf 79' lang='grc' dir='ltr'><strong>ἐκ</strong></span> <span class='ocrx_word' id='word_1_278' title='bbox 1168 2778 1331 2849; x_wconf 88' lang='grc' dir='ltr'>μόνου</span> <span class='ocrx_word' id='word_1_279' title='bbox 1363 2778 1459 2832; x_wconf 87' lang='grc' dir='ltr'><strong>τοῦ</strong></span> <span class='ocrx_word' id='word_1_280' title='bbox 1495 2779 1711 2850; x_wconf 79' lang='grc' dir='ltr'>Πατρός</span> <span class='ocrx_word' id='word_1_281' title='bbox 1737 2794 1752 2810; x_wconf 78' lang='grc' dir='ltr'><strong>ο</strong></span> <span class='ocrx_word' id='word_1_282' title='bbox 1791 2778 1944 2832; x_wconf 85' lang='grc' dir='ltr'>ἀντι-</span> 
     </span>
    </p>
   </div>
   <div class='ocr_carea' id='block_1_39' title="bbox 366 2870 1942 2944">
    <p class='ocr_par' dir='ltr' id='par_1_39' title="bbox 366 2870 1942 2944">
     <span class='ocr_line' id='line_1_39' title="bbox 366 2870 1942 2944; baseline -0.001 -18"><span class='ocrx_word' id='word_1_283' title='bbox 366 2874 585 2941; x_wconf 75' lang='grc' dir='ltr'>φάσεως</span> <span class='ocrx_word' id='word_1_284' title='bbox 609 2870 719 2943; x_wconf 84' lang='grc' dir='ltr'><strong>γὰρ</strong></span> <span class='ocrx_word' id='word_1_285' title='bbox 746 2872 898 2926; x_wconf 75' lang='grc' dir='ltr'>οὐδὲν</span> <span class='ocrx_word' id='word_1_286' title='bbox 926 2872 1161 2942; x_wconf 78' lang='grc' dir='ltr'>μεταξύ.</span> <span class='ocrx_word' id='word_1_287' title='bbox 1196 2872 1356 2926; x_wconf 80' lang='grc' dir='ltr'>Ἀλλά</span> <span class='ocrx_word' id='word_1_288' title='bbox 1384 2872 1491 2943; x_wconf 79' lang='grc' dir='ltr'>μὴν</span> <span class='ocrx_word' id='word_1_289' title='bbox 1516 2876 1617 2926; x_wconf 86' lang='grc' dir='ltr'>οὐκ</span> <span class='ocrx_word' id='word_1_290' title='bbox 1645 2872 1942 2944; x_wconf 85' lang='grc' dir='ltr'>ἐκπορεύε-</span> 
     </span>
    </p>
   </div>
   <div class='ocr_carea' id='block_1_40' title="bbox 2047 1678 3517 1763">
    <p class='ocr_par' dir='ltr' id='par_1_40' title="bbox 2047 1678 3517 1763">
     <span class='ocr_line' id='line_1_40' title="bbox 2047 1678 3517 1763; baseline -0.001 -27"><span class='ocrx_word' id='word_1_291' title='bbox 2047 1681 2212 1737; x_wconf 88' lang='lat' dir='ltr'><strong>Patre</strong></span> <span class='ocrx_word' id='word_1_292' title='bbox 2243 1694 2342 1749; x_wconf 88' lang='lat' dir='ltr'><strong>per</strong></span> <span class='ocrx_word' id='word_1_293' title='bbox 2365 1678 2565 1734; x_wconf 89' lang='lat' dir='ltr'><strong>Filium</strong></span> <span class='ocrx_word' id='word_1_294' title='bbox 2599 1678 2904 1750; x_wconf 89' lang='lat' dir='ltr'><strong>procedere</strong></span> <span class='ocrx_word' id='word_1_295' title='bbox 2934 1694 2950 1745; x_wconf 84' lang='lat'><strong>&#39;,</strong></span> <span class='ocrx_word' id='word_1_296' title='bbox 2994 1684 3049 1733; x_wconf 89' lang='lat' dir='ltr'><strong>In</strong></span> <span class='ocrx_word' id='word_1_297' title='bbox 3088 1678 3237 1734; x_wconf 91' lang='lat' dir='ltr'><strong>hunc</strong></span> <span class='ocrx_word' id='word_1_298' title='bbox 3268 1678 3517 1763; x_wconf 83' lang='lat' dir='ltr'><strong>modum.</strong></span> 
     </span>
    </p>
   </div>
   <div class='ocr_carea' id='block_1_41' title="bbox 2114 1859 3627 1931">
    <p class='ocr_par' dir='ltr' id='par_1_41' title="bbox 2114 1859 3627 1931">
     <span class='ocr_line' id='line_1_41' title="bbox 2114 1859 3627 1931; baseline 0.001 -16"><span class='ocrx_word' id='word_1_299' title='bbox 2114 1859 2219 1915; x_wconf 90' lang='lat' dir='ltr'><strong>Per</strong></span> <span class='ocrx_word' id='word_1_300' title='bbox 2250 1859 2490 1928; x_wconf 85' lang='lat' dir='ltr'><strong>primam</strong></span> <span class='ocrx_word' id='word_1_301' title='bbox 2524 1868 2582 1914; x_wconf 90' lang='lat' dir='ltr'><strong>et</strong></span> <span class='ocrx_word' id='word_1_302' title='bbox 2611 1859 2987 1915; x_wconf 88' lang='lat' dir='ltr'><strong>immediatam</strong></span> <span class='ocrx_word' id='word_1_303' title='bbox 3020 1862 3400 1931; x_wconf 83' lang='lat' dir='ltr'><strong>Operationetn</strong></span> <span class='ocrx_word' id='word_1_304' title='bbox 3434 1864 3627 1917; x_wconf 85' lang='lat' dir='ltr'><strong>unius-</strong></span> 
     </span>
    </p>
   </div>
   <div class='ocr_carea' id='block_1_42' title="bbox 2044 1954 3621 2024">
    <p class='ocr_par' dir='ltr' id='par_1_42' title="bbox 2044 1954 3621 2024">
     <span class='ocr_line' id='line_1_42' title="bbox 2044 1954 3621 2024; baseline 0.003 -19"><span class='ocrx_word' id='word_1_305' title='bbox 2044 1954 2314 2022; x_wconf 81' lang='lat' dir='ltr'><strong>cujusque</strong></span> <span class='ocrx_word' id='word_1_306' title='bbox 2357 1961 2568 2009; x_wconf 71' lang='lat' dir='ltr'><strong>caetera:</strong></span> <span class='ocrx_word' id='word_1_307' title='bbox 2631 1968 2827 2008; x_wconf 90' lang='lat' dir='ltr'><strong>omnes</strong></span> <span class='ocrx_word' id='word_1_308' title='bbox 2881 1956 3237 2024; x_wconf 78' lang='lat' dir='ltr'><strong>operationes</strong></span> <span class='ocrx_word' id='word_1_309' title='bbox 3285 1954 3621 2010; x_wconf 79' lang='lat' dir='ltr'><strong>eﬂiciuntur.</strong></span> 
     </span>
    </p>
   </div>
   <div class='ocr_carea' id='block_1_43' title="bbox 2042 2040 3627 2117">
    <p class='ocr_par' dir='ltr' id='par_1_43' title="bbox 2042 2040 3627 2117">
     <span class='ocr_line' id='line_1_43' title="bbox 2042 2040 3627 2117; baseline 0.003 -19"><span class='ocrx_word' id='word_1_310' title='bbox 2042 2045 2225 2099; x_wconf 89' lang='lat' dir='ltr'><strong>Prima</strong></span> <span class='ocrx_word' id='word_1_311' title='bbox 2255 2052 2442 2099; x_wconf 90' lang='lat' dir='ltr'><strong>autem</strong></span> <span class='ocrx_word' id='word_1_312' title='bbox 2469 2055 2527 2100; x_wconf 91' lang='lat' dir='ltr'><strong>et</strong></span> <span class='ocrx_word' id='word_1_313' title='bbox 2563 2040 2881 2099; x_wconf 85' lang='lat' dir='ltr'><strong>immediata</strong></span> <span class='ocrx_word' id='word_1_314' title='bbox 2918 2048 3167 2115; x_wconf 84' lang='lat' dir='ltr'><strong>Operatio</strong></span> <span class='ocrx_word' id='word_1_315' title='bbox 3206 2048 3385 2103; x_wconf 86' lang='lat' dir='ltr'><strong>Patris</strong></span> <span class='ocrx_word' id='word_1_316' title='bbox 3416 2059 3501 2103; x_wconf 89' lang='lat' dir='ltr'><strong>est</strong></span> <span class='ocrx_word' id='word_1_317' title='bbox 3533 2064 3627 2117; x_wconf 81' lang='lat' dir='ltr'><strong>ge-</strong></span> 
     </span>
    </p>
   </div>
   <div class='ocr_carea' id='block_1_44' title="bbox 2044 2134 3625 2209">
    <p class='ocr_par' dir='ltr' id='par_1_44' title="bbox 2044 2134 3625 2209">
     <span class='ocr_line' id='line_1_44' title="bbox 2044 2134 3625 2209; baseline 0.001 -20"><span class='ocrx_word' id='word_1_318' title='bbox 2044 2149 2241 2190; x_wconf 88' lang='lat' dir='ltr'><strong>nerare</strong></span> <span class='ocrx_word' id='word_1_319' title='bbox 2266 2151 2281 2201; x_wconf 89' lang='lat'><strong>;</strong></span> <span class='ocrx_word' id='word_1_320' title='bbox 2318 2134 2486 2204; x_wconf 80' lang='lat' dir='ltr'><strong>igitur</strong></span> <span class='ocrx_word' id='word_1_321' title='bbox 2516 2150 2617 2205; x_wconf 90' lang='lat' dir='ltr'><strong>per</strong></span> <span class='ocrx_word' id='word_1_322' title='bbox 2645 2151 2912 2204; x_wconf 75' lang='lat' dir='ltr'><strong>generare</strong></span> <span class='ocrx_word' id='word_1_323' title='bbox 2942 2139 3196 2206; x_wconf 86' lang='lat' dir='ltr'><strong>operatio</strong></span> <span class='ocrx_word' id='word_1_324' title='bbox 3226 2138 3476 2209; x_wconf 86' lang='lat' dir='ltr'><strong>spirandi</strong></span> <span class='ocrx_word' id='word_1_325' title='bbox 3507 2141 3625 2192; x_wconf 84' lang='lat' dir='ltr'><strong>elli-</strong></span> 
     </span>
    </p>
   </div>
   <div class='ocr_carea' id='block_1_45' title="bbox 2043 2228 3627 2302">
    <p class='ocr_par' dir='ltr' id='par_1_45' title="bbox 2043 2228 3627 2302">
     <span class='ocr_line' id='line_1_45' title="bbox 2043 2228 3627 2302; baseline 0.001 -19"><span class='ocrx_word' id='word_1_326' title='bbox 2043 2229 2211 2283; x_wconf 88' lang='lat' dir='ltr'><strong>citur.</strong></span> <span class='ocrx_word' id='word_1_327' title='bbox 2247 2230 2428 2298; x_wconf 87' lang='lat' dir='ltr'><strong>Atque</strong></span> <span class='ocrx_word' id='word_1_328' title='bbox 2458 2229 2533 2283; x_wconf 89' lang='lat' dir='ltr'><strong>ita</strong></span> <span class='ocrx_word' id='word_1_329' title='bbox 2564 2244 2627 2283; x_wconf 83' lang='lat' dir='ltr'><strong>ex</strong></span> <span class='ocrx_word' id='word_1_330' title='bbox 2651 2228 2815 2284; x_wconf 87' lang='lat' dir='ltr'><strong>Patre</strong></span> <span class='ocrx_word' id='word_1_331' title='bbox 2848 2246 2946 2300; x_wconf 91' lang='lat' dir='ltr'><strong>per</strong></span> <span class='ocrx_word' id='word_1_332' title='bbox 2977 2231 3177 2287; x_wconf 86' lang='lat' dir='ltr'><strong>Filium</strong></span> <span class='ocrx_word' id='word_1_333' title='bbox 3218 2233 3472 2302; x_wconf 84' lang='lat' dir='ltr'><strong>procedit</strong></span> <span class='ocrx_word' id='word_1_334' title='bbox 3504 2234 3627 2302; x_wconf 88' lang='lat' dir='ltr'><strong>Spi-</strong></span> 
     </span>
    </p>
   </div>
   <div class='ocr_carea' id='block_1_46' title="bbox 2043 2319 3626 2394">
    <p class='ocr_par' dir='ltr' id='par_1_46' title="bbox 2043 2319 3626 2394">
     <span class='ocr_line' id='line_1_46' title="bbox 2043 2319 3626 2394; baseline 0.003 -20"><span class='ocrx_word' id='word_1_335' title='bbox 2043 2320 2186 2377; x_wconf 88' lang='lat' dir='ltr'><strong>ritus</strong></span> <span class='ocrx_word' id='word_1_336' title='bbox 2210 2330 2459 2377; x_wconf 88' lang='lat' dir='ltr'><strong>sanctus.</strong></span> <span class='ocrx_word' id='word_1_337' title='bbox 2489 2319 2627 2376; x_wconf 89' lang='lat' dir='ltr'><strong>Illud</strong></span> <span class='ocrx_word' id='word_1_338' title='bbox 2648 2328 2829 2383; x_wconf 89' lang='lat' dir='ltr'><strong>autem</strong></span> <span class='ocrx_word' id='word_1_339' title='bbox 2850 2339 2944 2392; x_wconf 83' lang='lat' dir='ltr'><strong>per</strong></span> <span class='ocrx_word' id='word_1_340' title='bbox 2980 2322 3208 2389; x_wconf 79' lang='lat' dir='ltr'><strong>Filium,</strong></span> <span class='ocrx_word' id='word_1_341' title='bbox 3235 2340 3399 2394; x_wconf 89' lang='lat' dir='ltr'><strong>quam</strong></span> <span class='ocrx_word' id='word_1_342' title='bbox 3426 2325 3626 2379; x_wconf 74' lang='lat' dir='ltr'><strong>habeat</strong></span> 
     </span>
    </p>
   </div>
   <div class='ocr_carea' id='block_1_47' title="bbox 2042 2410 3624 2481">
    <p class='ocr_par' dir='ltr' id='par_1_47' title="bbox 2042 2410 3624 2481">
     <span class='ocr_line' id='line_1_47' title="bbox 2042 2410 3624 2481; baseline -0.001 -16"><span class='ocrx_word' id='word_1_343' title='bbox 2042 2410 2176 2475; x_wconf 88' lang='lat' dir='ltr'><strong>vim,</strong></span> <span class='ocrx_word' id='word_1_344' title='bbox 2216 2410 2462 2481; x_wconf 90' lang='lat' dir='ltr'><strong>quidque</strong></span> <span class='ocrx_word' id='word_1_345' title='bbox 2513 2411 2603 2467; x_wconf 90' lang='lat' dir='ltr'><strong>hic</strong></span> <span class='ocrx_word' id='word_1_346' title='bbox 2654 2411 2969 2481; x_wconf 79' lang='lat' dir='ltr'><strong>praepositio</strong></span> <span class='ocrx_word' id='word_1_347' title='bbox 3015 2427 3110 2481; x_wconf 87' lang='lat' dir='ltr'><strong>per</strong></span> <span class='ocrx_word' id='word_1_348' title='bbox 3141 2411 3435 2481; x_wconf 75' lang='lat' dir='ltr'><strong>significet,</strong></span> <span class='ocrx_word' id='word_1_349' title='bbox 3472 2411 3624 2481; x_wconf 86' lang='lat' dir='ltr'><strong>quod</strong></span> 
     </span>
    </p>
   </div>
   <div class='ocr_carea' id='block_1_48' title="bbox 2044 2502 3623 2569">
    <p class='ocr_par' dir='ltr' id='par_1_48' title="bbox 2044 2502 3623 2569">
     <span class='ocr_line' id='line_1_48' title="bbox 2044 2502 3623 2569; baseline -0.001 -12"><span class='ocrx_word' id='word_1_350' title='bbox 2044 2503 2305 2558; x_wconf 89' lang='lat' dir='ltr'><strong>nimirum</strong></span> <span class='ocrx_word' id='word_1_351' title='bbox 2355 2517 2576 2559; x_wconf 83' lang='lat' dir='ltr'><strong>causam</strong></span> <span class='ocrx_word' id='word_1_352' title='bbox 2630 2503 3091 2559; x_wconf 82' lang='lat' dir='ltr'><strong>intervenientcm</strong></span> <span class='ocrx_word' id='word_1_353' title='bbox 3140 2514 3196 2557; x_wconf 89' lang='lat' dir='ltr'><strong>et</strong></span> <span class='ocrx_word' id='word_1_354' title='bbox 3249 2502 3528 2569; x_wconf 80' lang='lat' dir='ltr'><strong>mediam,</strong></span> <span class='ocrx_word' id='word_1_355' title='bbox 3568 2502 3623 2555; x_wconf 89' lang='lat' dir='ltr'><strong>in</strong></span> 
     </span>
    </p>
   </div>
   <div class='ocr_carea' id='block_1_49' title="bbox 2043 2594 3372 2665">
    <p class='ocr_par' dir='ltr' id='par_1_49' title="bbox 2043 2594 3372 2665">
     <span class='ocr_line' id='line_1_49' title="bbox 2043 2594 3372 2665; baseline -0.002 -14"><span class='ocrx_word' id='word_1_356' title='bbox 2043 2596 2298 2651; x_wconf 86' lang='lat' dir='ltr'><strong>oratione</strong></span> <span class='ocrx_word' id='word_1_357' title='bbox 2330 2594 2405 2651; x_wconf 82' lang='lat' dir='ltr'><strong>De</strong></span> <span class='ocrx_word' id='word_1_358' title='bbox 2439 2598 2727 2649; x_wconf 81' lang='lat' dir='ltr'><strong>concordia</strong></span> <span class='ocrx_word' id='word_1_359' title='bbox 2763 2595 2900 2651; x_wconf 88' lang='lat' dir='ltr'><strong>satis</strong></span> <span class='ocrx_word' id='word_1_360' title='bbox 2924 2596 3241 2651; x_wconf 88' lang='lat' dir='ltr'><strong>ostenditur</strong></span> <span class='ocrx_word' id='word_1_361' title='bbox 3272 2594 3372 2665; x_wconf 79' lang='lat' dir='ltr'><strong>(l).</strong></span> 
     </span>
    </p>
   </div>
   <div class='ocr_carea' id='block_1_50' title="bbox 2113 2688 3625 2761">
    <p class='ocr_par' dir='ltr' id='par_1_50' title="bbox 2113 2688 3625 2761">
     <span class='ocr_line' id='line_1_50' title="bbox 2113 2688 3625 2761; baseline -0.001 -17"><span class='ocrx_word' id='word_1_362' title='bbox 2113 2689 2383 2744; x_wconf 73' lang='lat' dir='ltr'><strong>Prazterea</strong></span> <span class='ocrx_word' id='word_1_363' title='bbox 2424 2688 2664 2759; x_wconf 88' lang='lat' dir='ltr'><strong>Spiritus</strong></span> <span class='ocrx_word' id='word_1_364' title='bbox 2687 2701 2911 2745; x_wconf 89' lang='lat' dir='ltr'><strong>sanctus</strong></span> <span class='ocrx_word' id='word_1_365' title='bbox 2950 2689 3039 2744; x_wconf 88' lang='lat' dir='ltr'><strong>vel</strong></span> <span class='ocrx_word' id='word_1_366' title='bbox 3072 2705 3101 2744; x_wconf 93' lang='lat' dir='ltr'><strong>a</strong></span> <span class='ocrx_word' id='word_1_367' title='bbox 3137 2690 3257 2744; x_wconf 88' lang='lat' dir='ltr'><strong>solo</strong></span> <span class='ocrx_word' id='word_1_368' title='bbox 3294 2689 3455 2745; x_wconf 86' lang='lat' dir='ltr'><strong>Patre</strong></span> <span class='ocrx_word' id='word_1_369' title='bbox 3489 2705 3625 2761; x_wconf 86' lang='lat' dir='ltr'><strong>pro-</strong></span> 
     </span>
    </p>
   </div>
   <div class='ocr_carea' id='block_1_51' title="bbox 2044 2782 3622 2845">
    <p class='ocr_par' dir='ltr' id='par_1_51' title="bbox 2044 2782 3622 2845">
     <span class='ocr_line' id='line_1_51' title="bbox 2044 2782 3622 2845; baseline -0.002 -8"><span class='ocrx_word' id='word_1_370' title='bbox 2044 2782 2216 2845; x_wconf 88' lang='lat' dir='ltr'><strong>cedit,</strong></span> <span class='ocrx_word' id='word_1_371' title='bbox 2256 2782 2345 2837; x_wconf 86' lang='lat' dir='ltr'><strong>vel</strong></span> <span class='ocrx_word' id='word_1_372' title='bbox 2379 2798 2490 2835; x_wconf 90' lang='lat' dir='ltr'><strong>non</strong></span> <span class='ocrx_word' id='word_1_373' title='bbox 2519 2797 2550 2837; x_wconf 87' lang='lat' dir='ltr'><strong>a</strong></span> <span class='ocrx_word' id='word_1_374' title='bbox 2590 2782 2711 2837; x_wconf 89' lang='lat' dir='ltr'><strong>solo</strong></span> <span class='ocrx_word' id='word_1_375' title='bbox 2739 2783 2926 2838; x_wconf 88' lang='lat' dir='ltr'><strong>Patre.</strong></span> <span class='ocrx_word' id='word_1_376' title='bbox 2964 2782 3435 2838; x_wconf 87' lang='lat' dir='ltr'><strong>Contradictionis</strong></span> <span class='ocrx_word' id='word_1_377' title='bbox 3474 2784 3622 2837; x_wconf 87' lang='lat' dir='ltr'><strong>enim</strong></span> 
     </span>
    </p>
   </div>
   <div class='ocr_carea' id='block_1_52' title="bbox 2047 2874 3622 2945">
    <p class='ocr_par' dir='ltr' id='par_1_52' title="bbox 2047 2874 3622 2945">
     <span class='ocr_line' id='line_1_52' title="bbox 2047 2874 3622 2945; baseline 0 -19"><span class='ocrx_word' id='word_1_378' title='bbox 2047 2874 2183 2928; x_wconf 86' lang='lat' dir='ltr'><strong>nihil</strong></span> <span class='ocrx_word' id='word_1_379' title='bbox 2216 2882 2299 2929; x_wconf 89' lang='lat' dir='ltr'><strong>est</strong></span> <span class='ocrx_word' id='word_1_380' title='bbox 2329 2874 2596 2929; x_wconf 89' lang='lat' dir='ltr'><strong>medium.</strong></span> <span class='ocrx_word' id='word_1_381' title='bbox 2618 2874 2784 2945; x_wconf 83' lang='lat' dir='ltr'><strong>Atqui</strong></span> <span class='ocrx_word' id='word_1_382' title='bbox 2813 2890 2922 2929; x_wconf 92' lang='lat' dir='ltr'><strong>non</strong></span> <span class='ocrx_word' id='word_1_383' title='bbox 2953 2891 2983 2929; x_wconf 92' lang='lat' dir='ltr'><strong>a</strong></span> <span class='ocrx_word' id='word_1_384' title='bbox 3010 2876 3130 2931; x_wconf 90' lang='lat' dir='ltr'><strong>solo</strong></span> <span class='ocrx_word' id='word_1_385' title='bbox 3158 2876 3320 2930; x_wconf 90' lang='lat' dir='ltr'><strong>Patre</strong></span> <span class='ocrx_word' id='word_1_386' title='bbox 3352 2875 3622 2944; x_wconf 82' lang='lat' dir='ltr'><strong>procedit.</strong></span> 
     </span>
    </p>
   </div>
   <div class='ocr_carea' id='block_1_53' title="bbox 362 2963 1939 3041">
    <p class='ocr_par' dir='ltr' id='par_1_53' title="bbox 362 2963 1939 3034">
     <span class='ocr_line' id='line_1_53' title="bbox 362 2963 1939 3034; baseline -0.002 -16"><span class='ocrx_word' id='word_1_387' title='bbox 362 2980 454 3018; x_wconf 82' lang='grc' dir='ltr'><strong>ται</strong></span> <span class='ocrx_word' id='word_1_388' title='bbox 482 2965 546 3017; x_wconf 87' lang='grc' dir='ltr'><strong>ἐκ</strong></span> <span class='ocrx_word' id='word_1_389' title='bbox 574 2964 737 3034; x_wconf 86' lang='grc' dir='ltr'>μόνου</span> <span class='ocrx_word' id='word_1_390' title='bbox 764 2963 857 3016; x_wconf 89' lang='grc' dir='ltr'><strong>τοῦ</strong></span> <span class='ocrx_word' id='word_1_391' title='bbox 886 2964 1130 3034; x_wconf 84' lang='grc' dir='ltr'>Πατρός⁶</span> <span class='ocrx_word' id='word_1_392' title='bbox 1164 2965 1214 3017; x_wconf 81' lang='grc' dir='ltr'><strong>εί</strong></span> <span class='ocrx_word' id='word_1_393' title='bbox 1238 2964 1295 3017; x_wconf 84' lang='grc' dir='ltr'>δὲ</span> <span class='ocrx_word' id='word_1_394' title='bbox 1320 2965 1417 3017; x_wconf 88' lang='grc' dir='ltr'><strong>ούκ</strong></span> <span class='ocrx_word' id='word_1_395' title='bbox 1443 2964 1509 3018; x_wconf 80' lang='grc' dir='ltr'><strong>ἐκ</strong></span> <span class='ocrx_word' id='word_1_396' title='bbox 1535 2964 1731 3033; x_wconf 86' lang='grc' dir='ltr'>μόνου,</span> <span class='ocrx_word' id='word_1_397' title='bbox 1759 2965 1854 3018; x_wconf 79' lang='grc' dir='ltr'>καὶ</span> <span class='ocrx_word' id='word_1_398' title='bbox 1880 2963 1939 3015; x_wconf 79' lang='grc' dir='ltr'><strong>ἐκ</strong></span> 
     </span>
    </p>
   </div>
   <div class='ocr_carea' id='block_1_54' title="bbox 2041 2963 3625 3041">
    <p class='ocr_par' dir='ltr' id='par_1_54' title="bbox 2047 2965 3625 3041">
     <span class='ocr_line' id='line_1_54' title="bbox 2047 2965 3625 3041; baseline -0.001 -20"><span class='ocrx_word' id='word_1_399' title='bbox 2047 2965 2107 3021; x_wconf 90' lang='lat' dir='ltr'><strong>Si</strong></span> <span class='ocrx_word' id='word_1_400' title='bbox 2139 2974 2320 3021; x_wconf 85' lang='lat' dir='ltr'><strong>autem</strong></span> <span class='ocrx_word' id='word_1_401' title='bbox 2344 2982 2455 3021; x_wconf 92' lang='lat' dir='ltr'><strong>non</strong></span> <span class='ocrx_word' id='word_1_402' title='bbox 2495 2982 2525 3021; x_wconf 90' lang='lat' dir='ltr'><strong>a</strong></span> <span class='ocrx_word' id='word_1_403' title='bbox 2553 2968 2672 3023; x_wconf 91' lang='lat' dir='ltr'><strong>solo</strong></span> <span class='ocrx_word' id='word_1_404' title='bbox 2694 3007 2710 3033; x_wconf 89' lang='lat'><strong>,</strong></span> <span class='ocrx_word' id='word_1_405' title='bbox 2740 2967 2911 3038; x_wconf 81' lang='lat' dir='ltr'><strong>igitur</strong></span> <span class='ocrx_word' id='word_1_406' title='bbox 2946 2977 3003 3023; x_wconf 91' lang='lat' dir='ltr'><strong>et</strong></span> <span class='ocrx_word' id='word_1_407' title='bbox 3040 2982 3068 3023; x_wconf 90' lang='lat' dir='ltr'><strong>a</strong></span> <span class='ocrx_word' id='word_1_408' title='bbox 3110 2967 3268 3023; x_wconf 89' lang='lat' dir='ltr'><strong>Filio.</strong></span> <span class='ocrx_word' id='word_1_409' title='bbox 3297 2967 3452 3041; x_wconf 78' lang='lat' dir='ltr'><strong>Quod</strong></span> <span class='ocrx_word' id='word_1_410' title='bbox 3492 2983 3625 3021; x_wconf 88' lang='lat' dir='ltr'><strong>vero</strong></span> 
     </span>
    </p>
   </div>
   <div class='ocr_carea' id='block_1_55' title="bbox 364 3054 1939 3130">
    <p class='ocr_par' dir='ltr' id='par_1_55' title="bbox 364 3054 1939 3127">
     <span class='ocr_line' id='line_1_55' title="bbox 364 3054 1939 3127; baseline 0 -19"><span class='ocrx_word' id='word_1_411' title='bbox 364 3055 460 3109; x_wconf 82' lang='grc' dir='ltr'><strong>τοῦ</strong></span> <span class='ocrx_word' id='word_1_412' title='bbox 494 3054 626 3109; x_wconf 87' lang='grc' dir='ltr'>Υίοῦ</span> <span class='ocrx_word' id='word_1_413' title='bbox 660 3056 790 3126; x_wconf 76' lang='grc' dir='ltr'>ἄρα.</span> <span class='ocrx_word' id='word_1_414' title='bbox 819 3056 942 3110; x_wconf 83' lang='grc' dir='ltr'>Ὀτι</span> <span class='ocrx_word' id='word_1_415' title='bbox 974 3056 1019 3109; x_wconf 76' lang='grc' dir='ltr'>δ’</span> <span class='ocrx_word' id='word_1_416' title='bbox 1044 3056 1146 3111; x_wconf 80' lang='grc' dir='ltr'><strong>οὐκ</strong></span> <span class='ocrx_word' id='word_1_417' title='bbox 1178 3059 1241 3110; x_wconf 84' lang='grc' dir='ltr'><strong>ἐκ</strong></span> <span class='ocrx_word' id='word_1_418' title='bbox 1278 3057 1441 3127; x_wconf 90' lang='grc' dir='ltr'>μόνου</span> <span class='ocrx_word' id='word_1_419' title='bbox 1473 3054 1567 3110; x_wconf 87' lang='grc' dir='ltr'><strong>τοῦ</strong></span> <span class='ocrx_word' id='word_1_420' title='bbox 1604 3055 1819 3127; x_wconf 83' lang='grc' dir='ltr'>Πατρὸς</span> <span class='ocrx_word' id='word_1_421' title='bbox 1849 3057 1939 3108; x_wconf 88' lang='grc' dir='ltr'>ἐκ-</span> 
     </span>
    </p>
   </div>
   <div class='ocr_carea' id='block_1_56' title="bbox 2041 3054 3624 3130">
    <p class='ocr_par' dir='ltr' id='par_1_56' title="bbox 2045 3059 3624 3130">
     <span class='ocr_line' id='line_1_56' title="bbox 2045 3059 3624 3130; baseline -0.001 -17"><span class='ocrx_word' id='word_1_422' title='bbox 2045 3073 2156 3114; x_wconf 88' lang='lat' dir='ltr'><strong>non</strong></span> <span class='ocrx_word' id='word_1_423' title='bbox 2192 3074 2223 3113; x_wconf 92' lang='lat' dir='ltr'><strong>a</strong></span> <span class='ocrx_word' id='word_1_424' title='bbox 2248 3059 2368 3115; x_wconf 89' lang='lat' dir='ltr'><strong>solo</strong></span> <span class='ocrx_word' id='word_1_425' title='bbox 2401 3060 2565 3114; x_wconf 91' lang='lat' dir='ltr'><strong>Patre</strong></span> <span class='ocrx_word' id='word_1_426' title='bbox 2599 3060 2881 3130; x_wconf 87' lang='lat' dir='ltr'><strong>procedat,</strong></span> <span class='ocrx_word' id='word_1_427' title='bbox 2907 3064 2989 3117; x_wconf 90' lang='lat' dir='ltr'><strong>sic</strong></span> <span class='ocrx_word' id='word_1_428' title='bbox 3013 3060 3345 3116; x_wconf 83' lang='lat' dir='ltr'><strong>ostenditur.</strong></span> <span class='ocrx_word' id='word_1_429' title='bbox 3377 3059 3624 3113; x_wconf 86' lang='lat' dir='ltr'><strong>Primum</strong></span> 
     </span>
    </p>
   </div>
   <div class='ocr_carea' id='block_1_57' title="bbox 365 3148 1939 3229">
    <p class='ocr_par' dir='ltr' id='par_1_57' title="bbox 365 3148 1939 3222">
     <span class='ocr_line' id='line_1_57' title="bbox 365 3148 1939 3222; baseline 0.003 -22"><span class='ocrx_word' id='word_1_430' title='bbox 365 3148 697 3217; x_wconf 71' lang='grc' dir='ltr'>τωρεύεται,</span> <span class='ocrx_word' id='word_1_431' title='bbox 741 3148 1020 3204; x_wconf 78' lang='grc' dir='ltr'>δείκνυται</span> <span class='ocrx_word' id='word_1_432' title='bbox 1067 3149 1260 3214; x_wconf 79' lang='grc' dir='ltr'>οὕτως.</span> <span class='ocrx_word' id='word_1_433' title='bbox 1309 3151 1510 3221; x_wconf 85' lang='grc' dir='ltr'>Πρῶτα</span> <span class='ocrx_word' id='word_1_434' title='bbox 1560 3149 1661 3222; x_wconf 83' lang='grc' dir='ltr'>μὲν</span> <span class='ocrx_word' id='word_1_435' title='bbox 1704 3148 1939 3219; x_wconf 73' lang='grc' dir='ltr'>οὐδαμοῦ</span> 
     </span>
    </p>
   </div>
   <div class='ocr_carea' id='block_1_58' title="bbox 2041 3148 3623 3229">
    <p class='ocr_par' dir='ltr' id='par_1_58' title="bbox 2046 3148 3623 3221">
     <span class='ocr_line' id='line_1_58' title="bbox 2046 3148 3623 3221; baseline -0.001 -18"><span class='ocrx_word' id='word_1_436' title='bbox 2046 3148 2269 3219; x_wconf 90' lang='lat' dir='ltr'><strong>quidem</strong></span> <span class='ocrx_word' id='word_1_437' title='bbox 2307 3165 2603 3220; x_wconf 89' lang='lat' dir='ltr'><strong>nusquam,</strong></span> <span class='ocrx_word' id='word_1_438' title='bbox 2635 3166 2815 3220; x_wconf 88' lang='lat' dir='ltr'><strong>neque</strong></span> <span class='ocrx_word' id='word_1_439' title='bbox 2842 3151 2895 3204; x_wconf 92' lang='lat' dir='ltr'><strong>in</strong></span> <span class='ocrx_word' id='word_1_440' title='bbox 2941 3150 3131 3206; x_wconf 84' lang='lat' dir='ltr'><strong>divina</strong></span> <span class='ocrx_word' id='word_1_441' title='bbox 3160 3149 3475 3221; x_wconf 87' lang='lat' dir='ltr'><strong>Scriptura,</strong></span> <span class='ocrx_word' id='word_1_442' title='bbox 3522 3165 3623 3202; x_wconf 90' lang='lat' dir='ltr'><strong>ne-</strong></span> 
     </span>
    </p>
   </div>
   <div class='ocr_carea' id='block_1_59' title="bbox 364 3238 1938 3315">
    <p class='ocr_par' dir='ltr' id='par_1_59' title="bbox 364 3238 1938 3315">
     <span class='ocr_line' id='line_1_59' title="bbox 364 3238 1938 3315; baseline 0.003 -23"><span class='ocrx_word' id='word_1_443' title='bbox 364 3238 490 3294; x_wconf 76' lang='grc' dir='ltr'>οῦτε</span> <span class='ocrx_word' id='word_1_444' title='bbox 521 3242 620 3310; x_wconf 83' lang='grc' dir='ltr'>τῆς</span> <span class='ocrx_word' id='word_1_445' title='bbox 650 3241 799 3305; x_wconf 78' lang='grc' dir='ltr'>θείας</span> <span class='ocrx_word' id='word_1_446' title='bbox 828 3242 1076 3311; x_wconf 84' lang='grc' dir='ltr'>Γραφῆς,</span> <span class='ocrx_word' id='word_1_447' title='bbox 1105 3241 1234 3313; x_wconf 73' lang='grc' dir='ltr'>,οὔτε</span> <span class='ocrx_word' id='word_1_448' title='bbox 1264 3244 1373 3296; x_wconf 84' lang='grc' dir='ltr'>τῶν</span> <span class='ocrx_word' id='word_1_449' title='bbox 1403 3242 1744 3296; x_wconf 79' lang='grc' dir='ltr'><strong>διδασκάλων</strong></span> <span class='ocrx_word' id='word_1_450' title='bbox 1771 3242 1938 3315; x_wconf 69' lang='grc' dir='ltr'>εὕρη-</span> 
     </span>
    </p>
   </div>
   <div class='ocr_carea' id='block_1_60' title="bbox 365 3335 1933 3406">
    <p class='ocr_par' dir='ltr' id='par_1_60' title="bbox 365 3335 1933 3406">
     <span class='ocr_line' id='line_1_60' title="bbox 365 3335 1933 3406; baseline 0.002 -21"><span class='ocrx_word' id='word_1_451' title='bbox 365 3352 456 3386; x_wconf 82' lang='grc' dir='ltr'><strong>ται</strong></span> <span class='ocrx_word' id='word_1_452' title='bbox 495 3335 786 3404; x_wconf 71' lang='grc' dir='ltr'>εἰρημένον</span> <span class='ocrx_word' id='word_1_453' title='bbox 810 3350 826 3367; x_wconf 87' lang='grc'><strong>·</strong></span> <span class='ocrx_word' id='word_1_454' title='bbox 861 3336 890 3389; x_wconf 83' lang='grc' dir='ltr'><strong>ὃ</strong></span> <span class='ocrx_word' id='word_1_455' title='bbox 924 3336 980 3389; x_wconf 76' lang='grc' dir='ltr'><strong>δέ</strong></span> <span class='ocrx_word' id='word_1_456' title='bbox 1016 3336 1122 3389; x_wconf 89' lang='grc' dir='ltr'><strong>ύπό</strong></span> <span class='ocrx_word' id='word_1_457' title='bbox 1152 3353 1299 3399; x_wconf 85' lang='grc' dir='ltr'>τινος</span> <span class='ocrx_word' id='word_1_458' title='bbox 1329 3337 1536 3390; x_wconf 82' lang='grc' dir='ltr'>τούτων</span> <span class='ocrx_word' id='word_1_459' title='bbox 1567 3336 1668 3390; x_wconf 80' lang='grc' dir='ltr'><strong>οὐκ</strong></span> <span class='ocrx_word' id='word_1_460' title='bbox 1703 3336 1933 3406; x_wconf 75' lang='grc' dir='ltr'>εἴρηται,</span> 
     </span>
    </p>
   </div>
   <div class='ocr_carea' id='block_1_61' title="bbox 365 3426 1935 3499">
    <p class='ocr_par' dir='ltr' id='par_1_61' title="bbox 365 3426 1935 3499">
     <span class='ocr_line' id='line_1_61' title="bbox 365 3426 1935 3499; baseline 0.003 -23"><span class='ocrx_word' id='word_1_461' title='bbox 365 3426 544 3478; x_wconf 72' lang='grc' dir='ltr'>οὐδενὶ</span> <span class='ocrx_word' id='word_1_462' title='bbox 593 3427 891 3496; x_wconf 83' lang='grc' dir='ltr'>τολμητέον</span> <span class='ocrx_word' id='word_1_463' title='bbox 943 3428 1118 3482; x_wconf 84' lang='grc' dir='ltr'>είπεῖν</span> <span class='ocrx_word' id='word_1_464' title='bbox 1147 3446 1161 3459; x_wconf 77' lang='grc' dir='ltr'><strong><em>ο</em></strong></span> <span class='ocrx_word' id='word_1_465' title='bbox 1209 3428 1401 3481; x_wconf 73' lang='grc' dir='ltr'>ἔπειτα</span> <span class='ocrx_word' id='word_1_466' title='bbox 1452 3427 1513 3481; x_wconf 82' lang='grc' dir='ltr'><strong>τὸ</strong></span> <span class='ocrx_word' id='word_1_467' title='bbox 1567 3429 1935 3499; x_wconf 87' lang='grc' dir='ltr'>προϐάλλειν,</span> 
     </span>
    </p>
   </div>
   <div class='ocr_carea' id='block_1_62' title="bbox 365 3519 1936 3591">
    <p class='ocr_par' dir='ltr' id='par_1_62' title="bbox 365 3519 1936 3591">
     <span class='ocr_line' id='line_1_62' title="bbox 365 3519 1936 3591; baseline 0.002 -19"><span class='ocrx_word' id='word_1_468' title='bbox 365 3520 616 3588; x_wconf 82' lang='grc' dir='ltr'>ἐνέργεια</span> <span class='ocrx_word' id='word_1_469' title='bbox 649 3519 740 3571; x_wconf 88' lang='grc' dir='ltr'><strong>τοῦ</strong></span> <span class='ocrx_word' id='word_1_470' title='bbox 782 3519 993 3588; x_wconf 81' lang='grc' dir='ltr'>Πατρὸς</span> <span class='ocrx_word' id='word_1_471' title='bbox 1030 3520 1297 3589; x_wconf 79' lang='grc' dir='ltr'>οὺσιώδης</span> <span class='ocrx_word' id='word_1_472' title='bbox 1334 3519 1467 3573; x_wconf 80' lang='grc' dir='ltr'>οῦσα</span> <span class='ocrx_word' id='word_1_473' title='bbox 1504 3520 1568 3572; x_wconf 84' lang='grc' dir='ltr'><strong>οὐ</strong></span> <span class='ocrx_word' id='word_1_474' title='bbox 1610 3521 1801 3591; x_wconf 86' lang='grc' dir='ltr'>πρώτη</span> <span class='ocrx_word' id='word_1_475' title='bbox 1828 3521 1936 3575; x_wconf 76' lang='grc' dir='ltr'>οὐδ’</span> 
     </span>
    </p>
   </div>
   <div class='ocr_carea' id='block_1_63' title="bbox 366 3611 1936 3686">
    <p class='ocr_par' dir='ltr' id='par_1_63' title="bbox 366 3611 1936 3686">
     <span class='ocr_line' id='line_1_63' title="bbox 366 3611 1936 3686; baseline 0.002 -21"><span class='ocrx_word' id='word_1_476' title='bbox 366 3611 594 3680; x_wconf 83' lang='grc' dir='ltr'>ἀμεσος,</span> <span class='ocrx_word' id='word_1_477' title='bbox 622 3611 953 3665; x_wconf 85' lang='grc' dir='ltr'>ἐπιτελεῖται</span> <span class='ocrx_word' id='word_1_478' title='bbox 982 3611 1069 3666; x_wconf 75' lang='grc' dir='ltr'><strong>διὰ</strong></span> <span class='ocrx_word' id='word_1_479' title='bbox 1094 3614 1190 3682; x_wconf 87' lang='grc' dir='ltr'>τῆς</span> <span class='ocrx_word' id='word_1_480' title='bbox 1218 3613 1463 3683; x_wconf 84' lang='grc' dir='ltr'>πρώτης,</span> <span class='ocrx_word' id='word_1_481' title='bbox 1492 3614 1615 3683; x_wconf 76' lang='grc' dir='ltr'>ἥτις</span> <span class='ocrx_word' id='word_1_482' title='bbox 1641 3615 1936 3686; x_wconf 81' lang='grc' dir='ltr'>ἀπεδείχθη</span> 
     </span>
    </p>
   </div>
   <div class='ocr_carea' id='block_1_64' title="bbox 365 3696 1939 3771">
    <p class='ocr_par' dir='ltr' id='par_1_64' title="bbox 365 3696 1939 3771">
     <span class='ocr_line' id='line_1_64' title="bbox 365 3696 1939 3771; baseline 0.001 -16"><span class='ocrx_word' id='word_1_483' title='bbox 365 3696 499 3755; x_wconf 82' lang='grc' dir='ltr'>οὖσα</span> <span class='ocrx_word' id='word_1_484' title='bbox 531 3702 593 3754; x_wconf 84' lang='grc' dir='ltr'><strong>τὸ</strong></span> <span class='ocrx_word' id='word_1_485' title='bbox 625 3703 820 3771; x_wconf 81' lang='grc' dir='ltr'>γεννᾷν</span> <span class='ocrx_word' id='word_1_486' title='bbox 853 3702 950 3755; x_wconf 80' lang='grc' dir='ltr'>καὶ</span> <span class='ocrx_word' id='word_1_487' title='bbox 982 3702 1014 3771; x_wconf 85' lang='grc' dir='ltr'>ἠ</span> <span class='ocrx_word' id='word_1_488' title='bbox 1048 3701 1302 3771; x_wconf 83' lang='grc' dir='ltr'>γέννησις</span> <span class='ocrx_word' id='word_1_489' title='bbox 1329 3717 1343 3731; x_wconf 89' lang='grc'><strong>·</strong></span> <span class='ocrx_word' id='word_1_490' title='bbox 1381 3701 1523 3755; x_wconf 80' lang='grc' dir='ltr'>ὥστε</span> <span class='ocrx_word' id='word_1_491' title='bbox 1559 3702 1654 3755; x_wconf 66' lang='grc' dir='ltr'><strong>καὶ⁸</strong></span> <span class='ocrx_word' id='word_1_492' title='bbox 1686 3703 1777 3755; x_wconf 77' lang='grc' dir='ltr'><strong>τὸν</strong></span> <span class='ocrx_word' id='word_1_493' title='bbox 1813 3703 1939 3756; x_wconf 83' lang='grc' dir='ltr'><strong>Υἱὸν</strong></span> 
     </span>
    </p>
   </div>
   <div class='ocr_carea' id='block_1_65' title="bbox 364 3792 1939 3865">
    <p class='ocr_par' dir='ltr' id='par_1_65' title="bbox 364 3792 1939 3865">
     <span class='ocr_line' id='line_1_65' title="bbox 364 3792 1939 3865; baseline 0.001 -20"><span class='ocrx_word' id='word_1_494' title='bbox 364 3792 570 3863; x_wconf 84' lang='grc' dir='ltr'>ταύτης</span> <span class='ocrx_word' id='word_1_495' title='bbox 602 3793 819 3865; x_wconf 82' lang='grc' dir='ltr'><strong>ἀνάγκη</strong></span> <span class='ocrx_word' id='word_1_496' title='bbox 851 3794 951 3863; x_wconf 76' lang='grc' dir='ltr'>τῆς</span> <span class='ocrx_word' id='word_1_497' title='bbox 982 3794 1267 3864; x_wconf 80' lang='grc' dir='ltr'>ἐνεργείας</span> <span class='ocrx_word' id='word_1_498' title='bbox 1296 3796 1595 3860; x_wconf 81' lang='grc' dir='ltr'>κοινωνεῖν,</span> <span class='ocrx_word' id='word_1_499' title='bbox 1628 3796 1723 3849; x_wconf 74' lang='grc' dir='ltr'><strong>καὶ</strong></span> <span class='ocrx_word' id='word_1_500' title='bbox 1748 3795 1818 3849; x_wconf 86' lang='grc' dir='ltr'>δι’</span> <span class='ocrx_word' id='word_1_501' title='bbox 1842 3795 1939 3848; x_wconf 80' lang='grc' dir='ltr'>αύ-</span> 
     </span>
    </p>
   </div>
   <div class='ocr_carea' id='block_1_66' title="bbox 364 3885 1937 3958">
    <p class='ocr_par' dir='ltr' id='par_1_66' title="bbox 364 3885 1937 3958">
     <span class='ocr_line' id='line_1_66' title="bbox 364 3885 1937 3958; baseline 0.001 -19"><span class='ocrx_word' id='word_1_502' title='bbox 364 3885 458 3940; x_wconf 87' lang='grc' dir='ltr'><strong>τοῦ</strong></span> <span class='ocrx_word' id='word_1_503' title='bbox 498 3886 559 3939; x_wconf 80' lang='grc' dir='ltr'><strong>τὸ</strong></span> <span class='ocrx_word' id='word_1_504' title='bbox 603 3886 830 3957; x_wconf 78' lang='grc' dir='ltr'>Πνεῦμα</span> <span class='ocrx_word' id='word_1_505' title='bbox 873 3887 935 3939; x_wconf 78' lang='grc' dir='ltr'>τὸ</span> <span class='ocrx_word' id='word_1_506' title='bbox 977 3886 1134 3955; x_wconf 76' lang='grc' dir='ltr'>ἅγιον</span> <span class='ocrx_word' id='word_1_507' title='bbox 1177 3888 1599 3958; x_wconf 85' lang='grc' dir='ltr'>ἐκπορεύεσθαι.</span> <span class='ocrx_word' id='word_1_508' title='bbox 1627 3887 1837 3952; x_wconf 81' lang='grc' dir='ltr'>Ἀλλως</span> <span class='ocrx_word' id='word_1_509' title='bbox 1878 3906 1937 3941; x_wconf 92' lang='grc' dir='ltr'><strong>τε</strong></span> 
     </span>
    </p>
   </div>
   <div class='ocr_carea' id='block_1_67' title="bbox 365 3974 1941 4048">
    <p class='ocr_par' dir='ltr' id='par_1_67' title="bbox 365 3974 1941 4048">
     <span class='ocr_line' id='line_1_67' title="bbox 365 3974 1941 4048; baseline 0.004 -21"><span class='ocrx_word' id='word_1_510' title='bbox 365 3974 587 4028; x_wconf 86' lang='grc' dir='ltr'>πάντων</span> <span class='ocrx_word' id='word_1_511' title='bbox 611 3976 887 4029; x_wconf 84' lang='grc' dir='ltr'>κοινωνῶν</span> <span class='ocrx_word' id='word_1_512' title='bbox 912 3978 939 4029; x_wconf 83' lang='grc' dir='ltr'><em>ὁ</em></span> <span class='ocrx_word' id='word_1_513' title='bbox 965 3977 1096 4041; x_wconf 82' lang='grc' dir='ltr'>Υἱὸς</span> <span class='ocrx_word' id='word_1_514' title='bbox 1118 3976 1195 4047; x_wconf 86' lang='grc' dir='ltr'>τῷ</span> <span class='ocrx_word' id='word_1_515' title='bbox 1221 3980 1418 4047; x_wconf 86' lang='grc' dir='ltr'>Πατρὶ,</span> <span class='ocrx_word' id='word_1_516' title='bbox 1443 3978 1583 4048; x_wconf 83' lang='grc' dir='ltr'>πλὴν</span> <span class='ocrx_word' id='word_1_517' title='bbox 1607 3979 1716 4033; x_wconf 84' lang='grc' dir='ltr'>τῶν</span> <span class='ocrx_word' id='word_1_518' title='bbox 1746 3997 1941 4033; x_wconf 87' lang='grc' dir='ltr'>συστα-</span> 
     </span>
    </p>
   </div>
   <div class='ocr_carea' id='block_1_68' title="bbox 364 4064 1941 4141">
    <p class='ocr_par' dir='ltr' id='par_1_68' title="bbox 364 4064 1941 4141">
     <span class='ocr_line' id='line_1_68' title="bbox 364 4064 1941 4141; baseline 0.004 -25"><span class='ocrx_word' id='word_1_519' title='bbox 364 4064 536 4118; x_wconf 85' lang='grc' dir='ltr'>τικῶν</span> <span class='ocrx_word' id='word_1_520' title='bbox 565 4064 867 4135; x_wconf 85' lang='grc' dir='ltr'>ίδιοτήτων,</span> <span class='ocrx_word' id='word_1_521' title='bbox 897 4068 1219 4139; x_wconf 87' lang='grc' dir='ltr'>κοινωνήσει</span> <span class='ocrx_word' id='word_1_522' title='bbox 1248 4071 1341 4122; x_wconf 77' lang='grc' dir='ltr'>καὶ</span> <span class='ocrx_word' id='word_1_523' title='bbox 1365 4070 1465 4141; x_wconf 81' lang='grc' dir='ltr'><strong>τῆς</strong></span> <span class='ocrx_word' id='word_1_524' title='bbox 1492 4070 1585 4123; x_wconf 89' lang='grc' dir='ltr'><strong>τοῦ</strong></span> <span class='ocrx_word' id='word_1_525' title='bbox 1612 4070 1941 4141; x_wconf 76' lang='grc' dir='ltr'>προϐάλλειν</span> 
     </span>
    </p>
   </div>
   <div class='ocr_carea' id='block_1_69' title="bbox 364 4156 1937 4231">
    <p class='ocr_par' dir='ltr' id='par_1_69' title="bbox 364 4156 1937 4231">
     <span class='ocr_line' id='line_1_69' title="bbox 364 4156 1937 4231; baseline 0.002 -21"><span class='ocrx_word' id='word_1_526' title='bbox 364 4156 669 4227; x_wconf 76' lang='grc' dir='ltr'>δυνάμεως,</span> <span class='ocrx_word' id='word_1_527' title='bbox 698 4158 937 4228; x_wconf 83' lang='grc' dir='ltr'>φυσικῆς</span> <span class='ocrx_word' id='word_1_528' title='bbox 968 4159 1173 4230; x_wconf 62' lang='grc' dir='ltr'>μὲνκτῷ</span> <span class='ocrx_word' id='word_1_529' title='bbox 1201 4161 1397 4231; x_wconf 81' lang='grc' dir='ltr'>Πατρὶ,</span> <span class='ocrx_word' id='word_1_530' title='bbox 1428 4161 1490 4214; x_wconf 76' lang='grc' dir='ltr'><strong>οὐ</strong></span> <span class='ocrx_word' id='word_1_531' title='bbox 1522 4162 1855 4230; x_wconf 75' lang='grc' dir='ltr'>συστατικῆς</span> <span class='ocrx_word' id='word_1_532' title='bbox 1880 4162 1937 4215; x_wconf 75' lang='grc' dir='ltr'>δὲ</span> 
     </span>
    </p>
   </div>
   <div class='ocr_carea' id='block_1_70' title="bbox 280 4249 1938 4324">
    <p class='ocr_par' dir='ltr' id='par_1_70' title="bbox 280 4249 1938 4324">
     <span class='ocr_line' id='line_1_70' title="bbox 280 4249 1938 4324; baseline 0.001 -19"><span class='ocrx_word' id='word_1_533' title='bbox 280 4274 287 4281; x_wconf 83' lang='grc'><strong>·</strong></span> <span class='ocrx_word' id='word_1_534' title='bbox 365 4250 459 4305; x_wconf 88' lang='grc' dir='ltr'><strong>τοῦ</strong></span> <span class='ocrx_word' id='word_1_535' title='bbox 495 4249 789 4320; x_wconf 83' lang='grc' dir='ltr'>προσώπου</span> <span class='ocrx_word' id='word_1_536' title='bbox 822 4250 1023 4315; x_wconf 88' lang='grc' dir='ltr'>αὐτοῦ,</span> <span class='ocrx_word' id='word_1_537' title='bbox 1058 4251 1133 4314; x_wconf 82' lang='grc' dir='ltr'>ὡς</span> <span class='ocrx_word' id='word_1_538' title='bbox 1170 4252 1385 4321; x_wconf 73' lang='grc' dir='ltr'>εἴρηται</span> <span class='ocrx_word' id='word_1_539' title='bbox 1409 4290 1425 4317; x_wconf 92' lang='grc'><strong>,</strong></span> <span class='ocrx_word' id='word_1_540' title='bbox 1461 4252 1649 4324; x_wconf 77' lang='grc' dir='ltr'>οὔσης.</span> <span class='ocrx_word' id='word_1_541' title='bbox 1678 4254 1842 4306; x_wconf 81' lang='grc' dir='ltr'>Ὥστε</span> <span class='ocrx_word' id='word_1_542' title='bbox 1878 4254 1938 4307; x_wconf 83' lang='grc' dir='ltr'><strong>τὸ</strong></span> 
     </span>
    </p>
   </div>
   <div class='ocr_carea' id='block_1_71' title="bbox 366 4342 1935 4416">
    <p class='ocr_par' dir='ltr' id='par_1_71' title="bbox 366 4342 1935 4416">
     <span class='ocr_line' id='line_1_71' title="bbox 366 4342 1935 4416; baseline 0.002 -20"><span class='ocrx_word' id='word_1_543' title='bbox 366 4342 591 4414; x_wconf 81' lang='grc' dir='ltr'>Πνεῦμα</span> <span class='ocrx_word' id='word_1_544' title='bbox 623 4344 688 4397; x_wconf 89' lang='grc' dir='ltr'><strong>ἐκ</strong></span> <span class='ocrx_word' id='word_1_545' title='bbox 722 4343 934 4413; x_wconf 85' lang='grc' dir='ltr'>Πατρδς</span> <span class='ocrx_word' id='word_1_546' title='bbox 972 4344 1067 4397; x_wconf 75' lang='grc' dir='ltr'>καὶ</span> <span class='ocrx_word' id='word_1_547' title='bbox 1102 4343 1257 4407; x_wconf 83' lang='grc' dir='ltr'>Υίοῦ,</span> <span class='ocrx_word' id='word_1_548' title='bbox 1293 4344 1325 4414; x_wconf 84' lang='grc' dir='ltr'>ἢ</span> <span class='ocrx_word' id='word_1_549' title='bbox 1362 4346 1429 4399; x_wconf 87' lang='grc' dir='ltr'><strong>ἐκ</strong></span> <span class='ocrx_word' id='word_1_550' title='bbox 1464 4345 1677 4416; x_wconf 78' lang='grc' dir='ltr'>Πατρδς</span> <span class='ocrx_word' id='word_1_551' title='bbox 1709 4346 1776 4398; x_wconf 88' lang='grc' dir='ltr'>δι’</span> <span class='ocrx_word' id='word_1_552' title='bbox 1806 4346 1935 4399; x_wconf 79' lang='grc' dir='ltr'>Υίοῦ</span> 
     </span>
    </p>
   </div>
   <div class='ocr_carea' id='block_1_72' title="bbox 366 4434 1938 4511">
    <p class='ocr_par' dir='ltr' id='par_1_72' title="bbox 366 4434 1938 4511">
     <span class='ocr_line' id='line_1_72' title="bbox 366 4434 1938 4511; baseline 0.003 -23"><span class='ocrx_word' id='word_1_553' title='bbox 366 4434 752 4507; x_wconf 82' lang='grc' dir='ltr'>ἐκπορεύεται.</span> <span class='ocrx_word' id='word_1_554' title='bbox 785 4436 1044 4508; x_wconf 80' lang='grc' dir='ltr'>Διαφέρει</span> <span class='ocrx_word' id='word_1_555' title='bbox 1078 4437 1189 4507; x_wconf 87' lang='grc' dir='ltr'>γὰρ</span> <span class='ocrx_word' id='word_1_556' title='bbox 1222 4438 1375 4492; x_wconf 69' lang='grc' dir='ltr'>οὐδὲν</span> <span class='ocrx_word' id='word_1_557' title='bbox 1406 4440 1501 4493; x_wconf 74' lang='grc' dir='ltr'><strong>ἐπὶ</strong></span> <span class='ocrx_word' id='word_1_558' title='bbox 1529 4441 1627 4511; x_wconf 80' lang='grc' dir='ltr'>τῆς</span> <span class='ocrx_word' id='word_1_559' title='bbox 1660 4439 1938 4507; x_wconf 82' lang='grc' dir='ltr'>θεολογίας</span> 
     </span>
    </p>
   </div>
   <div class='ocr_carea' id='block_1_73' title="bbox 364 4527 779 4600">
    <p class='ocr_par' dir='ltr' id='par_1_73' title="bbox 364 4527 779 4600">
     <span class='ocr_line' id='line_1_73' title="bbox 364 4527 779 4600; baseline 0.002 -19"><span class='ocrx_word' id='word_1_560' title='bbox 364 4530 464 4600; x_wconf 79' lang='grc' dir='ltr'>τῆς</span> <span class='ocrx_word' id='word_1_561' title='bbox 495 4527 565 4582; x_wconf 77' lang='grc' dir='ltr'><strong>ἐκ</strong></span> <span class='ocrx_word' id='word_1_562' title='bbox 593 4529 627 4599; x_wconf 77' lang='grc' dir='ltr'><strong>ἠ</strong></span> <span class='ocrx_word' id='word_1_563' title='bbox 659 4527 779 4583; x_wconf 83' lang='grc' dir='ltr'>διά.</span> 
     </span>
    </p>
   </div>
   <div class='ocr_carea' id='block_1_74' title="bbox 437 4688 1940 4781">
    <p class='ocr_par' dir='ltr' id='par_1_74' title="bbox 437 4688 1940 4781">
     <span class='ocr_line' id='line_1_74' title="bbox 437 4688 1940 4781; baseline 0.003 -22"><span class='ocrx_word' id='word_1_564' title='bbox 437 4707 500 4759; x_wconf 82' lang='grc' dir='ltr'><strong>Εἰ</strong></span> <span class='ocrx_word' id='word_1_565' title='bbox 538 4705 595 4760; x_wconf 78' lang='grc' dir='ltr'>δέ</span> <span class='ocrx_word' id='word_1_566' title='bbox 629 4723 713 4771; x_wconf 89' lang='grc' dir='ltr'><strong>τις</strong></span> <span class='ocrx_word' id='word_1_567' title='bbox 753 4707 928 4775; x_wconf 82' lang='grc' dir='ltr'>εῐποι,</span> <span class='ocrx_word' id='word_1_568' title='bbox 967 4706 1154 4779; x_wconf 79' lang='grc' dir='ltr'>κοινὴν</span> <span class='ocrx_word' id='word_1_569' title='bbox 1191 4704 1329 4762; x_wconf 71' lang='grc' dir='ltr'>εἶναι</span> <span class='ocrx_word' id='word_1_570' title='bbox 1371 4709 1483 4763; x_wconf 74' lang='grc' dir='ltr'>δεῖν</span> <span class='ocrx_word' id='word_1_571' title='bbox 1518 4688 1613 4764; x_wconf 59' lang='grc' dir='ltr'><strong>καί</strong></span> <span class='ocrx_word' id='word_1_572' title='bbox 1646 4708 1722 4781; x_wconf 82' lang='grc' dir='ltr'>τῷ</span> <span class='ocrx_word' id='word_1_573' title='bbox 1765 4710 1940 4764; x_wconf 77' lang='grc' dir='ltr'>Πνεύ-</span> 
     </span>
    </p>
   </div>
   <div class='ocr_carea' id='block_1_75' title="bbox 368 4799 1939 4873">
    <p class='ocr_par' dir='ltr' id='par_1_75' title="bbox 368 4799 1939 4873">
     <span class='ocr_line' id='line_1_75' title="bbox 368 4799 1939 4873; baseline 0.003 -21"><span class='ocrx_word' id='word_1_574' title='bbox 368 4816 497 4869; x_wconf 87' lang='grc' dir='ltr'>ματι</span> <span class='ocrx_word' id='word_1_575' title='bbox 532 4799 610 4871; x_wconf 84' lang='grc' dir='ltr'>τῷ</span> <span class='ocrx_word' id='word_1_576' title='bbox 646 4799 790 4870; x_wconf 79' lang='grc' dir='ltr'>ἁγίῳ</span> <span class='ocrx_word' id='word_1_577' title='bbox 824 4800 925 4867; x_wconf 81' lang='grc' dir='ltr'>τὴν</span> <span class='ocrx_word' id='word_1_578' title='bbox 960 4801 1189 4872; x_wconf 82' lang='grc' dir='ltr'>δύναμιν</span> <span class='ocrx_word' id='word_1_579' title='bbox 1208 4802 1303 4856; x_wconf 91' lang='grc' dir='ltr'><strong>τοῦ</strong></span> <span class='ocrx_word' id='word_1_580' title='bbox 1342 4802 1689 4873; x_wconf 84' lang='grc' dir='ltr'>προϐάλλειν,</span> <span class='ocrx_word' id='word_1_581' title='bbox 1730 4803 1805 4866; x_wconf 90' lang='grc' dir='ltr'><strong>ώς</strong></span> <span class='ocrx_word' id='word_1_582' title='bbox 1845 4804 1939 4856; x_wconf 81' lang='grc' dir='ltr'>ού-</span> 
     </span>
    </p>
   </div>
   <div class='ocr_carea' id='block_1_76' title="bbox 368 4891 1942 4965">
    <p class='ocr_par' dir='ltr' id='par_1_76' title="bbox 368 4891 1942 4965">
     <span class='ocr_line' id='line_1_76' title="bbox 368 4891 1942 4965; baseline 0.004 -20"><span class='ocrx_word' id='word_1_583' title='bbox 368 4891 573 4962; x_wconf 86' lang='grc' dir='ltr'>σιώδη·</span> <span class='ocrx_word' id='word_1_584' title='bbox 629 4894 853 4949; x_wconf 82' lang='grc' dir='ltr'>πάντων</span> <span class='ocrx_word' id='word_1_585' title='bbox 901 4894 1012 4965; x_wconf 77' lang='grc' dir='ltr'>γὰρ</span> <span class='ocrx_word' id='word_1_586' title='bbox 1064 4898 1159 4952; x_wconf 68' lang='grc' dir='ltr'><strong>κα)⁸</strong></span> <span class='ocrx_word' id='word_1_587' title='bbox 1207 4896 1340 4951; x_wconf 81' lang='grc' dir='ltr'>αὐτὸ</span> <span class='ocrx_word' id='word_1_588' title='bbox 1389 4898 1639 4951; x_wconf 82' lang='grc' dir='ltr'>κοινωνεῖ</span> <span class='ocrx_word' id='word_1_589' title='bbox 1681 4897 1792 4952; x_wconf 83' lang='grc' dir='ltr'>τῶν</span> <span class='ocrx_word' id='word_1_590' title='bbox 1845 4898 1942 4951; x_wconf 82' lang='grc' dir='ltr'>ού-</span> 
     </span>
    </p>
   </div>
   <div class='ocr_carea' id='block_1_77' title="bbox 368 4984 608 5038">
    <p class='ocr_par' dir='ltr' id='par_1_77' title="bbox 368 4984 608 5038">
     <span class='ocr_line' id='line_1_77' title="bbox 368 4984 608 5038; baseline 0.008 -2"><span class='ocrx_word' id='word_1_591' title='bbox 368 4984 575 5038; x_wconf 87' lang='grc' dir='ltr'>σιωδῶν</span> <span class='ocrx_word' id='word_1_592' title='bbox 594 5002 608 5016; x_wconf 85' lang='grc'><strong>·</strong></span> 
     </span>
    </p>
   </div>
   <div class='ocr_carea' id='block_1_78' title="bbox 438 5076 1942 5147">
    <p class='ocr_par' dir='ltr' id='par_1_78' title="bbox 438 5076 1942 5147">
     <span class='ocr_line' id='line_1_78' title="bbox 438 5076 1942 5147; baseline 0.005 -19"><span class='ocrx_word' id='word_1_593' title='bbox 438 5076 675 5129; x_wconf 80' lang='grc' dir='ltr'>Μαθέτω</span> <span class='ocrx_word' id='word_1_594' title='bbox 710 5079 738 5131; x_wconf 86' lang='grc' dir='ltr'><strong>ό</strong></span> <span class='ocrx_word' id='word_1_595' title='bbox 770 5076 1013 5141; x_wconf 86' lang='grc' dir='ltr'>τοιοῦτος</span> <span class='ocrx_word' id='word_1_596' title='bbox 1046 5079 1209 5132; x_wconf 87' lang='grc' dir='ltr'>τοῦτο</span> <span class='ocrx_word' id='word_1_597' title='bbox 1247 5079 1512 5134; x_wconf 81' lang='grc' dir='ltr'>ἀδύνατον</span> <span class='ocrx_word' id='word_1_598' title='bbox 1546 5076 1686 5135; x_wconf 79' lang='grc' dir='ltr'>εῖναι</span> <span class='ocrx_word' id='word_1_599' title='bbox 1710 5122 1725 5147; x_wconf 94' lang='grc'><strong>,</strong></span> <span class='ocrx_word' id='word_1_600' title='bbox 1758 5082 1847 5135; x_wconf 81' lang='grc' dir='ltr'><strong>διά</strong></span> <span class='ocrx_word' id='word_1_601' title='bbox 1880 5083 1942 5135; x_wconf 77' lang='grc' dir='ltr'>τὸ</span> 
     </span>
    </p>
   </div>
   <div class='ocr_carea' id='block_1_79' title="bbox 366 5169 1942 5243">
    <p class='ocr_par' dir='ltr' id='par_1_79' title="bbox 366 5169 1942 5243">
     <span class='ocr_line' id='line_1_79' title="bbox 366 5169 1942 5243; baseline 0.004 -22"><span class='ocrx_word' id='word_1_602' title='bbox 366 5169 715 5222; x_wconf 86' lang='grc' dir='ltr'>ἀντιπίπτειν</span> <span class='ocrx_word' id='word_1_603' title='bbox 751 5172 818 5240; x_wconf 85' lang='grc' dir='ltr'>τῇ</span> <span class='ocrx_word' id='word_1_604' title='bbox 861 5171 1025 5225; x_wconf 87' lang='grc' dir='ltr'>αὑτοῦ</span> <span class='ocrx_word' id='word_1_605' title='bbox 1069 5172 1314 5242; x_wconf 74' lang='grc' dir='ltr'>ἰδιότητι.</span> <span class='ocrx_word' id='word_1_606' title='bbox 1356 5175 1431 5226; x_wconf 89' lang='grc' dir='ltr'><strong>Οὺ</strong></span> <span class='ocrx_word' id='word_1_607' title='bbox 1472 5173 1696 5227; x_wconf 88' lang='grc' dir='ltr'>δύναται</span> <span class='ocrx_word' id='word_1_608' title='bbox 1735 5173 1844 5243; x_wconf 85' lang='grc' dir='ltr'>γὰρ</span> <span class='ocrx_word' id='word_1_609' title='bbox 1883 5173 1942 5227; x_wconf 81' lang='grc' dir='ltr'>τὸ</span> 
     </span>
    </p>
   </div>
   <div class='ocr_carea' id='block_1_80' title="bbox 366 5259 1941 5337">
    <p class='ocr_par' dir='ltr' id='par_1_80' title="bbox 366 5259 1941 5337">
     <span class='ocr_line' id='line_1_80' title="bbox 366 5259 1941 5337; baseline 0.005 -24"><span class='ocrx_word' id='word_1_610' title='bbox 366 5259 497 5313; x_wconf 85' lang='grc' dir='ltr'>αὐτὸ</span> <span class='ocrx_word' id='word_1_611' title='bbox 540 5260 732 5314; x_wconf 85' lang='grc' dir='ltr'>ἐαυτοῦ</span> <span class='ocrx_word' id='word_1_612' title='bbox 775 5262 948 5317; x_wconf 76' lang='grc' dir='ltr'>αἴτιον</span> <span class='ocrx_word' id='word_1_613' title='bbox 990 5261 1151 5318; x_wconf 77' lang='grc' dir='ltr'>εἶναι.</span> <span class='ocrx_word' id='word_1_614' title='bbox 1184 5265 1435 5320; x_wconf 88' lang='grc' dir='ltr'>Ἕκαστα</span> <span class='ocrx_word' id='word_1_615' title='bbox 1476 5266 1585 5337; x_wconf 78' lang='grc' dir='ltr'>γὰρ</span> <span class='ocrx_word' id='word_1_616' title='bbox 1629 5268 1739 5321; x_wconf 87' lang='grc' dir='ltr'>τῶν</span> <span class='ocrx_word' id='word_1_617' title='bbox 1779 5267 1941 5321; x_wconf 85' lang='grc' dir='ltr'>θείων</span> 
     </span>
    </p>
   </div>
   <div class='ocr_carea' id='block_1_81' title="bbox 439 5434 1939 5507">
    <p class='ocr_par' dir='ltr' id='par_1_81' title="bbox 439 5434 1939 5507">
     <span class='ocr_line' id='line_1_81' title="bbox 439 5434 1939 5507; baseline 0.004 -20"><span class='ocrx_word' id='word_1_618' title='bbox 439 5436 517 5503; x_wconf 85' lang='lat' dir='ltr'><strong>(l)</strong></span> <span class='ocrx_word' id='word_1_619' title='bbox 554 5434 680 5491; x_wconf 61' lang='lat' dir='ltr'><strong>Haec</strong></span> <span class='ocrx_word' id='word_1_620' title='bbox 713 5435 886 5505; x_wconf 86' lang='lat' dir='ltr'><strong>prima</strong></span> <span class='ocrx_word' id='word_1_621' title='bbox 920 5435 1173 5507; x_wconf 87' lang='lat' dir='ltr'><strong>probatio</strong></span> <span class='ocrx_word' id='word_1_622' title='bbox 1215 5454 1338 5493; x_wconf 91' lang='lat' dir='ltr'><strong>cttm</strong></span> <span class='ocrx_word' id='word_1_623' title='bbox 1376 5438 1448 5492; x_wconf 91' lang='lat' dir='ltr'><strong>sit</strong></span> <span class='ocrx_word' id='word_1_624' title='bbox 1486 5439 1758 5506; x_wconf 79' lang='lat' dir='ltr'><strong>negativa,</strong></span> <span class='ocrx_word' id='word_1_625' title='bbox 1800 5438 1939 5493; x_wconf 86' lang='lat' dir='ltr'><strong>nihil</strong></span> 
     </span>
    </p>
   </div>
   <div class='ocr_carea' id='block_1_82' title="bbox 366 5507 1942 5578">
    <p class='ocr_par' dir='ltr' id='par_1_82' title="bbox 366 5507 1942 5578">
     <span class='ocr_line' id='line_1_82' title="bbox 366 5507 1942 5578; baseline 0.004 -21"><span class='ocrx_word' id='word_1_626' title='bbox 366 5522 498 5559; x_wconf 79' lang='lat' dir='ltr'><strong>sane</strong></span> <span class='ocrx_word' id='word_1_627' title='bbox 528 5507 755 5578; x_wconf 83' lang='lat' dir='ltr'><strong>valeret,</strong></span> <span class='ocrx_word' id='word_1_628' title='bbox 794 5507 899 5561; x_wconf 88' lang='lat' dir='ltr'><strong>nisi</strong></span> <span class='ocrx_word' id='word_1_629' title='bbox 939 5517 1086 5578; x_wconf 70' lang='lat' dir='ltr'><strong>esset</strong></span> <span class='ocrx_word' id='word_1_630' title='bbox 1114 5509 1181 5561; x_wconf 90' lang='lat' dir='ltr'><strong>ad</strong></span> <span class='ocrx_word' id='word_1_631' title='bbox 1221 5508 1525 5562; x_wconf 86' lang='lat' dir='ltr'><strong>hominem.</strong></span> <span class='ocrx_word' id='word_1_632' title='bbox 1566 5510 1789 5578; x_wconf 76' lang='lat' dir='ltr'><strong>Optime</strong></span> <span class='ocrx_word' id='word_1_633' title='bbox 1838 5510 1942 5564; x_wconf 82' lang='lat' dir='ltr'><strong>ita-</strong></span> 
     </span>
    </p>
   </div>
   <div class='ocr_carea' id='block_1_83' title="bbox 365 5575 1942 5649">
    <p class='ocr_par' dir='ltr' id='par_1_83' title="bbox 365 5575 1942 5649">
     <span class='ocr_line' id='line_1_83' title="bbox 365 5575 1942 5649; baseline 0.003 -22"><span class='ocrx_word' id='word_1_634' title='bbox 365 5590 482 5649; x_wconf 75' lang='lat' dir='ltr'><strong>que</strong></span> <span class='ocrx_word' id='word_1_635' title='bbox 514 5577 710 5631; x_wconf 85' lang='lat' dir='ltr'><strong>militat</strong></span> <span class='ocrx_word' id='word_1_636' title='bbox 743 5579 1017 5649; x_wconf 78' lang='lat' dir='ltr'><strong>adversus</strong></span> <span class='ocrx_word' id='word_1_637' title='bbox 1041 5575 1279 5642; x_wconf 65' lang='lat' dir='ltr'><strong>Grascos,</strong></span> <span class='ocrx_word' id='word_1_638' title='bbox 1312 5578 1405 5649; x_wconf 88' lang='lat' dir='ltr'><strong>qui</strong></span> <span class='ocrx_word' id='word_1_639' title='bbox 1444 5592 1510 5632; x_wconf 79' lang='lat' dir='ltr'><strong>ex</strong></span> <span class='ocrx_word' id='word_1_640' title='bbox 1538 5575 1846 5649; x_wconf 75' lang='lat' dir='ltr'><strong>Evangelio</strong></span> <span class='ocrx_word' id='word_1_641' title='bbox 1884 5586 1942 5633; x_wconf 90' lang='lat' dir='ltr'><strong>et</strong></span> 
     </span>
    </p>
   </div>
   <div class='ocr_carea' id='block_1_84' title="bbox 366 5646 1939 5719">
    <p class='ocr_par' dir='ltr' id='par_1_84' title="bbox 366 5646 1939 5719">
     <span class='ocr_line' id='line_1_84' title="bbox 366 5646 1939 5719; baseline 0.003 -20"><span class='ocrx_word' id='word_1_642' title='bbox 366 5646 651 5719; x_wconf 81' lang='lat' dir='ltr'><strong>Scriptura</strong></span> <span class='ocrx_word' id='word_1_643' title='bbox 705 5662 855 5719; x_wconf 78' lang='lat' dir='ltr'><strong>sacra</strong></span> <span class='ocrx_word' id='word_1_644' title='bbox 889 5646 1204 5719; x_wconf 84' lang='lat' dir='ltr'><strong>nitebantur</strong></span> <span class='ocrx_word' id='word_1_645' title='bbox 1248 5646 1481 5719; x_wconf 84' lang='lat' dir='ltr'><strong>probare</strong></span> <span class='ocrx_word' id='word_1_646' title='bbox 1528 5646 1795 5718; x_wconf 77' lang='lat' dir='ltr'><strong>Spiritum</strong></span> <span class='ocrx_word' id='word_1_647' title='bbox 1831 5664 1939 5703; x_wconf 91' lang='lat' dir='ltr'><strong>non</strong></span> 
     </span>
    </p>
   </div>
   <div class='ocr_carea' id='block_1_85' title="bbox 369 5717 1940 5784">
    <p class='ocr_par' dir='ltr' id='par_1_85' title="bbox 369 5717 1940 5784">
     <span class='ocr_line' id='line_1_85' title="bbox 369 5717 1940 5784; baseline 0.006 -20"><span class='ocrx_word' id='word_1_648' title='bbox 369 5717 665 5784; x_wconf 79' lang='lat' dir='ltr'><strong>procedere</strong></span> <span class='ocrx_word' id='word_1_649' title='bbox 698 5733 763 5772; x_wconf 83' lang='lat' dir='ltr'><strong>ex</strong></span> <span class='ocrx_word' id='word_1_650' title='bbox 803 5717 963 5778; x_wconf 83' lang='lat' dir='ltr'><strong>Filio,</strong></span> <span class='ocrx_word' id='word_1_651' title='bbox 1006 5717 1132 5783; x_wconf 85' lang='lat' dir='ltr'><strong>quia</strong></span> <span class='ocrx_word' id='word_1_652' title='bbox 1169 5717 1260 5773; x_wconf 77' lang='lat' dir='ltr'><strong>ibi</strong></span> <span class='ocrx_word' id='word_1_653' title='bbox 1298 5734 1405 5771; x_wconf 86' lang='lat' dir='ltr'><strong>non</strong></span> <span class='ocrx_word' id='word_1_654' title='bbox 1442 5717 1675 5773; x_wconf 87' lang='lat' dir='ltr'><strong>habetur</strong></span> <span class='ocrx_word' id='word_1_655' title='bbox 1723 5720 1831 5773; x_wconf 91' lang='lat' dir='ltr'><strong>nisi</strong></span> <span class='ocrx_word' id='word_1_656' title='bbox 1870 5734 1940 5774; x_wconf 84' lang='lat' dir='ltr'><strong>ex</strong></span> 
     </span>
    </p>
   </div>
   <div class='ocr_carea' id='block_1_86' title="bbox 371 5786 1943 5860">
    <p class='ocr_par' dir='ltr' id='par_1_86' title="bbox 371 5786 1943 5860">
     <span class='ocr_line' id='line_1_86' title="bbox 371 5786 1943 5860; baseline 0.004 -20"><span class='ocrx_word' id='word_1_657' title='bbox 371 5786 529 5841; x_wconf 85' lang='lat' dir='ltr'><strong>l’atre</strong></span> <span class='ocrx_word' id='word_1_658' title='bbox 563 5789 882 5858; x_wconf 86' lang='lat' dir='ltr'><strong>procedere.</strong></span> <span class='ocrx_word' id='word_1_659' title='bbox 919 5788 1056 5842; x_wconf 85' lang='lat' dir='ltr'><strong>Dicit</strong></span> <span class='ocrx_word' id='word_1_660' title='bbox 1083 5804 1216 5860; x_wconf 75' lang='lat' dir='ltr'><strong>ergo</strong></span> <span class='ocrx_word' id='word_1_661' title='bbox 1250 5788 1539 5844; x_wconf 87' lang='lat' dir='ltr'><strong>Bessarion</strong></span> <span class='ocrx_word' id='word_1_662' title='bbox 1591 5789 1669 5846; x_wconf 91' lang='lat' dir='ltr'><strong>ibi</strong></span> <span class='ocrx_word' id='word_1_663' title='bbox 1704 5803 1815 5846; x_wconf 92' lang='lat' dir='ltr'><strong>non</strong></span> <span class='ocrx_word' id='word_1_664' title='bbox 1847 5790 1943 5846; x_wconf 87' lang='lat' dir='ltr'><strong>ha-</strong></span> 
     </span>
    </p>
   </div>
   <div class='ocr_carea' id='block_1_87' title="bbox 2042 3243 3625 3314">
    <p class='ocr_par' dir='ltr' id='par_1_87' title="bbox 2042 3243 3625 3314">
     <span class='ocr_line' id='line_1_87' title="bbox 2042 3243 3625 3314; baseline 0 -17"><span class='ocrx_word' id='word_1_665' title='bbox 2042 3256 2150 3314; x_wconf 90' lang='lat' dir='ltr'><strong>que</strong></span> <span class='ocrx_word' id='word_1_666' title='bbox 2180 3243 2326 3313; x_wconf 81' lang='lat' dir='ltr'><strong>apud</strong></span> <span class='ocrx_word' id='word_1_667' title='bbox 2357 3244 2639 3311; x_wconf 90' lang='lat' dir='ltr'><strong>doctores,</strong></span> <span class='ocrx_word' id='word_1_668' title='bbox 2675 3244 2956 3300; x_wconf 87' lang='lat' dir='ltr'><strong>invenitur</strong></span> <span class='ocrx_word' id='word_1_669' title='bbox 2984 3244 3217 3301; x_wconf 91' lang='lat' dir='ltr'><strong>dictum.</strong></span> <span class='ocrx_word' id='word_1_670' title='bbox 3250 3244 3404 3312; x_wconf 88' lang='lat' dir='ltr'><strong>Quod</strong></span> <span class='ocrx_word' id='word_1_671' title='bbox 3436 3253 3625 3298; x_wconf 85' lang='lat' dir='ltr'><strong>autem</strong></span> 
     </span>
    </p>
   </div>
   <div class='ocr_carea' id='block_1_88' title="bbox 2042 3335 3623 3403">
    <p class='ocr_par' dir='ltr' id='par_1_88' title="bbox 2042 3335 3623 3403">
     <span class='ocr_line' id='line_1_88' title="bbox 2042 3335 3623 3403; baseline -0.001 -12"><span class='ocrx_word' id='word_1_672' title='bbox 2042 3351 2073 3391; x_wconf 85' lang='lat' dir='ltr'><strong>a</strong></span> <span class='ocrx_word' id='word_1_673' title='bbox 2100 3336 2321 3391; x_wconf 89' lang='lat' dir='ltr'><strong>nemine</strong></span> <span class='ocrx_word' id='word_1_674' title='bbox 2360 3337 2594 3392; x_wconf 89' lang='lat' dir='ltr'><strong>istorum</strong></span> <span class='ocrx_word' id='word_1_675' title='bbox 2643 3335 2853 3391; x_wconf 89' lang='lat' dir='ltr'><strong>dictum</strong></span> <span class='ocrx_word' id='word_1_676' title='bbox 2899 3345 3005 3403; x_wconf 91' lang='lat' dir='ltr'><strong>est,</strong></span> <span class='ocrx_word' id='word_1_677' title='bbox 3058 3336 3265 3392; x_wconf 88' lang='lat' dir='ltr'><strong>nemini</strong></span> <span class='ocrx_word' id='word_1_678' title='bbox 3308 3337 3623 3393; x_wconf 88' lang='lat' dir='ltr'><strong>audendum</strong></span> 
     </span>
    </p>
   </div>
   <div class='ocr_carea' id='block_1_89' title="bbox 2041 3426 3626 3497">
    <p class='ocr_par' dir='ltr' id='par_1_89' title="bbox 2041 3426 3626 3497">
     <span class='ocr_line' id='line_1_89' title="bbox 2041 3426 3626 3497; baseline 0.001 -16"><span class='ocrx_word' id='word_1_679' title='bbox 2041 3434 2125 3481; x_wconf 83' lang='lat' dir='ltr'><strong>est</strong></span> <span class='ocrx_word' id='word_1_680' title='bbox 2156 3426 2363 3481; x_wconf 90' lang='lat' dir='ltr'><strong>dicere.</strong></span> <span class='ocrx_word' id='word_1_681' title='bbox 2396 3426 2603 3481; x_wconf 88' lang='lat' dir='ltr'><strong>Deinde</strong></span> <span class='ocrx_word' id='word_1_682' title='bbox 2642 3427 2973 3496; x_wconf 88' lang='lat' dir='ltr'><strong>producere,</strong></span> <span class='ocrx_word' id='word_1_683' title='bbox 2993 3442 3118 3482; x_wconf 91' lang='lat' dir='ltr'><strong>cum</strong></span> <span class='ocrx_word' id='word_1_684' title='bbox 3151 3427 3223 3482; x_wconf 91' lang='lat' dir='ltr'><strong>sit</strong></span> <span class='ocrx_word' id='word_1_685' title='bbox 3250 3429 3497 3497; x_wconf 82' lang='lat' dir='ltr'><strong>Operatio</strong></span> <span class='ocrx_word' id='word_1_686' title='bbox 3525 3428 3626 3483; x_wconf 86' lang='lat' dir='ltr'><strong>Pa-</strong></span> 
     </span>
    </p>
   </div>
   <div class='ocr_carea' id='block_1_90' title="bbox 2043 3517 3624 3588">
    <p class='ocr_par' dir='ltr' id='par_1_90' title="bbox 2043 3517 3624 3588">
     <span class='ocr_line' id='line_1_90' title="bbox 2043 3517 3624 3588; baseline 0.001 -18"><span class='ocrx_word' id='word_1_687' title='bbox 2043 3518 2143 3572; x_wconf 91' lang='lat' dir='ltr'><strong>tris</strong></span> <span class='ocrx_word' id='word_1_688' title='bbox 2169 3517 2505 3583; x_wconf 89' lang='lat' dir='ltr'><strong>essentialis,</strong></span> <span class='ocrx_word' id='word_1_689' title='bbox 2544 3533 2651 3571; x_wconf 92' lang='lat' dir='ltr'><strong>non</strong></span> <span class='ocrx_word' id='word_1_690' title='bbox 2684 3519 2861 3586; x_wconf 89' lang='lat' dir='ltr'><strong>prima</strong></span> <span class='ocrx_word' id='word_1_691' title='bbox 2897 3533 3080 3588; x_wconf 87' lang='lat' dir='ltr'><strong>neque</strong></span> <span class='ocrx_word' id='word_1_692' title='bbox 3124 3518 3437 3573; x_wconf 83' lang='lat' dir='ltr'><strong>itnntediata</strong></span> <span class='ocrx_word' id='word_1_693' title='bbox 3459 3559 3473 3584; x_wconf 90' lang='lat'><strong>,</strong></span> <span class='ocrx_word' id='word_1_694' title='bbox 3505 3519 3624 3574; x_wconf 83' lang='lat' dir='ltr'><strong>eili-</strong></span> 
     </span>
    </p>
   </div>
   <div class='ocr_carea' id='block_1_91' title="bbox 2041 3610 3625 3681">
    <p class='ocr_par' dir='ltr' id='par_1_91' title="bbox 2041 3610 3625 3681">
     <span class='ocr_line' id='line_1_91' title="bbox 2041 3610 3625 3681; baseline 0.001 -18"><span class='ocrx_word' id='word_1_695' title='bbox 2041 3610 2193 3663; x_wconf 80' lang='lat' dir='ltr'><strong>citur</strong></span> <span class='ocrx_word' id='word_1_696' title='bbox 2238 3624 2333 3678; x_wconf 92' lang='lat' dir='ltr'><strong>per</strong></span> <span class='ocrx_word' id='word_1_697' title='bbox 2377 3611 2632 3678; x_wconf 89' lang='lat' dir='ltr'><strong>primam,</strong></span> <span class='ocrx_word' id='word_1_698' title='bbox 2683 3624 2808 3678; x_wconf 77' lang='lat' dir='ltr'><strong>qua:</strong></span> <span class='ocrx_word' id='word_1_699' title='bbox 2864 3619 3086 3665; x_wconf 90' lang='lat' dir='ltr'><strong>ostensa</strong></span> <span class='ocrx_word' id='word_1_700' title='bbox 3136 3619 3219 3666; x_wconf 90' lang='lat' dir='ltr'><strong>est</strong></span> <span class='ocrx_word' id='word_1_701' title='bbox 3258 3627 3523 3681; x_wconf 85' lang='lat' dir='ltr'><strong>generare</strong></span> <span class='ocrx_word' id='word_1_702' title='bbox 3568 3622 3625 3665; x_wconf 85' lang='lat' dir='ltr'><strong>ct</strong></span> 
     </span>
    </p>
   </div>
   <div class='ocr_carea' id='block_1_92' title="bbox 2043 3698 3623 3769">
    <p class='ocr_par' dir='ltr' id='par_1_92' title="bbox 2043 3698 3623 3769">
     <span class='ocr_line' id='line_1_92' title="bbox 2043 3698 3623 3769; baseline 0.003 -18"><span class='ocrx_word' id='word_1_703' title='bbox 2043 3699 2365 3768; x_wconf 80' lang='lat' dir='ltr'><strong>generatio;</strong></span> <span class='ocrx_word' id='word_1_704' title='bbox 2404 3698 2480 3752; x_wconf 91' lang='lat' dir='ltr'><strong>ita</strong></span> <span class='ocrx_word' id='word_1_705' title='bbox 2519 3708 2579 3752; x_wconf 94' lang='lat' dir='ltr'><strong>ut</strong></span> <span class='ocrx_word' id='word_1_706' title='bbox 2614 3712 2839 3753; x_wconf 89' lang='lat' dir='ltr'><strong>necesse</strong></span> <span class='ocrx_word' id='word_1_707' title='bbox 2892 3698 2963 3753; x_wconf 87' lang='lat' dir='ltr'><strong>sit</strong></span> <span class='ocrx_word' id='word_1_708' title='bbox 2991 3699 3159 3754; x_wconf 89' lang='lat' dir='ltr'><strong>etiam</strong></span> <span class='ocrx_word' id='word_1_709' title='bbox 3217 3699 3418 3754; x_wconf 85' lang='lat' dir='ltr'><strong>Filium</strong></span> <span class='ocrx_word' id='word_1_710' title='bbox 3457 3701 3623 3769; x_wconf 86' lang='lat' dir='ltr'><strong>hujus</strong></span> 
     </span>
    </p>
   </div>
   <div class='ocr_carea' id='block_1_93' title="bbox 2042 3792 3618 3862">
    <p class='ocr_par' dir='ltr' id='par_1_93' title="bbox 2042 3792 3618 3862">
     <span class='ocr_line' id='line_1_93' title="bbox 2042 3792 3618 3862; baseline -0.001 -16"><span class='ocrx_word' id='word_1_711' title='bbox 2042 3792 2379 3861; x_wconf 77' lang='lat' dir='ltr'><strong>operationis</strong></span> <span class='ocrx_word' id='word_1_712' title='bbox 2402 3793 2723 3862; x_wconf 85' lang='lat' dir='ltr'><strong>participem</strong></span> <span class='ocrx_word' id='word_1_713' title='bbox 2753 3807 2898 3855; x_wconf 89' lang='lat' dir='ltr'><strong>esse,</strong></span> <span class='ocrx_word' id='word_1_714' title='bbox 2921 3808 2985 3848; x_wconf 90' lang='lat' dir='ltr'><strong>ac</strong></span> <span class='ocrx_word' id='word_1_715' title='bbox 3010 3808 3108 3862; x_wconf 91' lang='lat' dir='ltr'><strong>per</strong></span> <span class='ocrx_word' id='word_1_716' title='bbox 3137 3794 3319 3862; x_wconf 90' lang='lat' dir='ltr'><strong>ipsum</strong></span> <span class='ocrx_word' id='word_1_717' title='bbox 3348 3792 3618 3859; x_wconf 73' lang='lat' dir='ltr'><strong>Spiritum</strong></span> 
     </span>
    </p>
   </div>
   <div class='ocr_carea' id='block_1_94' title="bbox 2041 3882 3620 3951">
    <p class='ocr_par' dir='ltr' id='par_1_94' title="bbox 2041 3882 3620 3951">
     <span class='ocr_line' id='line_1_94' title="bbox 2041 3882 3620 3951; baseline 0 -16"><span class='ocrx_word' id='word_1_718' title='bbox 2041 3890 2291 3936; x_wconf 83' lang='lat' dir='ltr'><strong>sanctum</strong></span> <span class='ocrx_word' id='word_1_719' title='bbox 2340 3882 2661 3951; x_wconf 81' lang='lat' dir='ltr'><strong>procedere.</strong></span> <span class='ocrx_word' id='word_1_720' title='bbox 2700 3883 3013 3938; x_wconf 69' lang='lat' dir='ltr'><strong>Praesertim</strong></span> <span class='ocrx_word' id='word_1_721' title='bbox 3047 3897 3174 3937; x_wconf 90' lang='lat' dir='ltr'><strong>cum</strong></span> <span class='ocrx_word' id='word_1_722' title='bbox 3208 3891 3264 3937; x_wconf 90' lang='lat' dir='ltr'><strong>et</strong></span> <span class='ocrx_word' id='word_1_723' title='bbox 3296 3882 3468 3937; x_wconf 83' lang='lat' dir='ltr'><strong>Filius</strong></span> <span class='ocrx_word' id='word_1_724' title='bbox 3503 3898 3620 3935; x_wconf 75' lang='lat' dir='ltr'><strong>ont~</strong></span> 
     </span>
    </p>
   </div>
   <div class='ocr_carea' id='block_1_95' title="bbox 2043 3974 3624 4044">
    <p class='ocr_par' dir='ltr' id='par_1_95' title="bbox 2043 3974 3624 4044">
     <span class='ocr_line' id='line_1_95' title="bbox 2043 3974 3624 4044; baseline 0.003 -17"><span class='ocrx_word' id='word_1_725' title='bbox 2043 3974 2134 4027; x_wconf 90' lang='lat' dir='ltr'><strong>nia</strong></span> <span class='ocrx_word' id='word_1_726' title='bbox 2186 3974 2292 4028; x_wconf 88' lang='lat' dir='ltr'><strong>sibi</strong></span> <span class='ocrx_word' id='word_1_727' title='bbox 2332 3975 2650 4029; x_wconf 84' lang='lat' dir='ltr'><strong>communia</strong></span> <span class='ocrx_word' id='word_1_728' title='bbox 2702 3990 2828 4029; x_wconf 88' lang='lat' dir='ltr'><strong>cum</strong></span> <span class='ocrx_word' id='word_1_729' title='bbox 2866 3974 3029 4030; x_wconf 87' lang='lat' dir='ltr'><strong>Patre</strong></span> <span class='ocrx_word' id='word_1_730' title='bbox 3077 3974 3282 4029; x_wconf 87' lang='lat' dir='ltr'><strong>habeat</strong></span> <span class='ocrx_word' id='word_1_731' title='bbox 3311 4015 3326 4039; x_wconf 89' lang='lat'><strong>,</strong></span> <span class='ocrx_word' id='word_1_732' title='bbox 3377 3976 3624 4044; x_wconf 77' lang='lat' dir='ltr'><strong>exceptis</strong></span> 
     </span>
    </p>
   </div>
   <div class='ocr_carea' id='block_1_96' title="bbox 2041 4064 3622 4138">
    <p class='ocr_par' dir='ltr' id='par_1_96' title="bbox 2041 4064 3622 4138">
     <span class='ocr_line' id='line_1_96' title="bbox 2041 4064 3622 4138; baseline 0.002 -18"><span class='ocrx_word' id='word_1_733' title='bbox 2041 4064 2412 4120; x_wconf 83' lang='lat' dir='ltr'><strong>constitutivis</strong></span> <span class='ocrx_word' id='word_1_734' title='bbox 2464 4066 2939 4136; x_wconf 89' lang='lat' dir='ltr'><strong>proprietatibus,</strong></span> <span class='ocrx_word' id='word_1_735' title='bbox 2997 4081 3347 4121; x_wconf 88' lang='lat' dir='ltr'><strong>communem</strong></span> <span class='ocrx_word' id='word_1_736' title='bbox 3399 4083 3622 4138; x_wconf 84' lang='lat' dir='ltr'><strong>quoque</strong></span> 
     </span>
    </p>
   </div>
   <div class='ocr_carea' id='block_1_97' title="bbox 2042 4156 3624 4228">
    <p class='ocr_par' dir='ltr' id='par_1_97' title="bbox 2042 4156 3624 4228">
     <span class='ocr_line' id='line_1_97' title="bbox 2042 4156 3624 4228; baseline 0.002 -17"><span class='ocrx_word' id='word_1_737' title='bbox 2042 4156 2265 4211; x_wconf 86' lang='lat' dir='ltr'><strong>habebit</strong></span> <span class='ocrx_word' id='word_1_738' title='bbox 2294 4157 2593 4228; x_wconf 89' lang='lat' dir='ltr'><strong>potentiam</strong></span> <span class='ocrx_word' id='word_1_739' title='bbox 2624 4157 2985 4227; x_wconf 90' lang='lat' dir='ltr'><strong>producendi,</strong></span> <span class='ocrx_word' id='word_1_740' title='bbox 3007 4174 3128 4227; x_wconf 72' lang='lat' dir='ltr'><strong>qua:</strong></span> <span class='ocrx_word' id='word_1_741' title='bbox 3150 4158 3371 4227; x_wconf 88' lang='lat' dir='ltr'><strong>quidem</strong></span> <span class='ocrx_word' id='word_1_742' title='bbox 3400 4170 3624 4214; x_wconf 89' lang='lat' dir='ltr'><strong>natura-</strong></span> 
     </span>
    </p>
   </div>
   <div class='ocr_carea' id='block_1_98' title="bbox 2040 4247 3618 4320">
    <p class='ocr_par' dir='ltr' id='par_1_98' title="bbox 2040 4247 3618 4320">
     <span class='ocr_line' id='line_1_98' title="bbox 2040 4247 3618 4320; baseline 0.003 -18"><span class='ocrx_word' id='word_1_743' title='bbox 2040 4247 2110 4303; x_wconf 89' lang='lat' dir='ltr'><strong>lis</strong></span> <span class='ocrx_word' id='word_1_744' title='bbox 2135 4262 2217 4302; x_wconf 88' lang='lat' dir='ltr'><strong>est</strong></span> <span class='ocrx_word' id='word_1_745' title='bbox 2241 4248 2413 4315; x_wconf 89' lang='lat' dir='ltr'><strong>Patri,</strong></span> <span class='ocrx_word' id='word_1_746' title='bbox 2434 4263 2542 4303; x_wconf 92' lang='lat' dir='ltr'><strong>non</strong></span> <span class='ocrx_word' id='word_1_747' title='bbox 2572 4258 2750 4305; x_wconf 86' lang='lat' dir='ltr'><strong>tamen</strong></span> <span class='ocrx_word' id='word_1_748' title='bbox 2784 4250 2933 4304; x_wconf 93' lang='lat' dir='ltr'><strong>illius</strong></span> <span class='ocrx_word' id='word_1_749' title='bbox 2958 4265 3210 4320; x_wconf 63' lang='lat' dir='ltr'><strong>personas</strong></span> <span class='ocrx_word' id='word_1_750' title='bbox 3234 4251 3618 4315; x_wconf 79' lang='lat' dir='ltr'><strong>constitutiva.</strong></span> 
     </span>
    </p>
   </div>
   <div class='ocr_carea' id='block_1_99' title="bbox 2042 4341 3617 4412">
    <p class='ocr_par' dir='ltr' id='par_1_99' title="bbox 2042 4341 3617 4412">
     <span class='ocr_line' id='line_1_99' title="bbox 2042 4341 3617 4412; baseline 0.003 -17"><span class='ocrx_word' id='word_1_751' title='bbox 2042 4350 2103 4396; x_wconf 89' lang='lat' dir='ltr'><strong>ut</strong></span> <span class='ocrx_word' id='word_1_752' title='bbox 2143 4341 2352 4396; x_wconf 88' lang='lat' dir='ltr'><strong>dictum</strong></span> <span class='ocrx_word' id='word_1_753' title='bbox 2390 4352 2496 4397; x_wconf 88' lang='lat' dir='ltr'><strong>est.</strong></span> <span class='ocrx_word' id='word_1_754' title='bbox 2544 4342 2735 4411; x_wconf 88' lang='lat' dir='ltr'><strong>Itaque</strong></span> <span class='ocrx_word' id='word_1_755' title='bbox 2783 4341 3025 4412; x_wconf 89' lang='lat' dir='ltr'><strong>Spiritus</strong></span> <span class='ocrx_word' id='word_1_756' title='bbox 3059 4359 3125 4398; x_wconf 82' lang='lat' dir='ltr'><strong>ex</strong></span> <span class='ocrx_word' id='word_1_757' title='bbox 3159 4342 3319 4398; x_wconf 89' lang='lat' dir='ltr'><strong>Patre</strong></span> <span class='ocrx_word' id='word_1_758' title='bbox 3363 4354 3419 4398; x_wconf 92' lang='lat' dir='ltr'><strong>et</strong></span> <span class='ocrx_word' id='word_1_759' title='bbox 3458 4344 3617 4407; x_wconf 84' lang='lat' dir='ltr'><strong>Filio,</strong></span> 
     </span>
    </p>
   </div>
   <div class='ocr_carea' id='block_1_100' title="bbox 2040 4431 3621 4504">
    <p class='ocr_par' dir='ltr' id='par_1_100' title="bbox 2040 4431 3621 4504">
     <span class='ocr_line' id='line_1_100' title="bbox 2040 4431 3621 4504; baseline 0.002 -20"><span class='ocrx_word' id='word_1_760' title='bbox 2040 4431 2127 4485; x_wconf 88' lang='lat' dir='ltr'><strong>vel</strong></span> <span class='ocrx_word' id='word_1_761' title='bbox 2157 4448 2225 4486; x_wconf 80' lang='lat' dir='ltr'><strong>ex</strong></span> <span class='ocrx_word' id='word_1_762' title='bbox 2260 4431 2422 4487; x_wconf 81' lang='lat' dir='ltr'><strong>Patre</strong></span> <span class='ocrx_word' id='word_1_763' title='bbox 2462 4448 2560 4502; x_wconf 87' lang='lat' dir='ltr'><strong>per</strong></span> <span class='ocrx_word' id='word_1_764' title='bbox 2593 4432 2793 4487; x_wconf 88' lang='lat' dir='ltr'><strong>Filium</strong></span> <span class='ocrx_word' id='word_1_765' title='bbox 2821 4435 3093 4504; x_wconf 90' lang='lat' dir='ltr'><strong>procedit.</strong></span> <span class='ocrx_word' id='word_1_766' title='bbox 3127 4434 3184 4489; x_wconf 90' lang='lat' dir='ltr'><strong>Si</strong></span> <span class='ocrx_word' id='word_1_767' title='bbox 3226 4433 3448 4504; x_wconf 81' lang='lat' dir='ltr'><strong>quidem</strong></span> <span class='ocrx_word' id='word_1_768' title='bbox 3478 4434 3621 4487; x_wconf 90' lang='lat' dir='ltr'><strong>inter</strong></span> 
     </span>
    </p>
   </div>
   <div class='ocr_carea' id='block_1_101' title="bbox 1975 4509 3620 4595">
    <p class='ocr_par' dir='ltr' id='par_1_101' title="bbox 1975 4509 3620 4595">
     <span class='ocr_line' id='line_1_101' title="bbox 1975 4509 3620 4595; baseline 0.002 -22"><span class='ocrx_word' id='word_1_769' title='bbox 1975 4509 2019 4563; x_wconf 78' lang='grc' dir='ltr'><strong>Ι)</strong></span> <span class='ocrx_word' id='word_1_770' title='bbox 2052 4522 2491 4592; x_wconf 82' lang='lat' dir='ltr'><strong>praepositionem</strong></span> <span class='ocrx_word' id='word_1_771' title='bbox 2525 4540 2609 4590; x_wconf 63' lang='grc' dir='ltr'>η,</span> <span class='ocrx_word' id='word_1_772' title='bbox 2641 4536 2697 4578; x_wconf 84' lang='lat' dir='ltr'><strong>et</strong></span> <span class='ocrx_word' id='word_1_773' title='bbox 2727 4541 2843 4594; x_wconf 81' lang='lat' dir='ltr'><strong>per,</strong></span> <span class='ocrx_word' id='word_1_774' title='bbox 2874 4525 2927 4578; x_wconf 92' lang='lat' dir='ltr'><strong>in</strong></span> <span class='ocrx_word' id='word_1_775' title='bbox 2970 4524 3248 4595; x_wconf 75' lang='lat' dir='ltr'><strong>theologia</strong></span> <span class='ocrx_word' id='word_1_776' title='bbox 3282 4524 3419 4577; x_wconf 87' lang='lat' dir='ltr'><strong>nihil</strong></span> <span class='ocrx_word' id='word_1_777' title='bbox 3453 4524 3620 4578; x_wconf 87' lang='lat' dir='ltr'><strong>inter-</strong></span> 
     </span>
    </p>
   </div>
   <div class='ocr_carea' id='block_1_102' title="bbox 2042 4623 2149 4669">
    <p class='ocr_par' dir='ltr' id='par_1_102' title="bbox 2042 4623 2149 4669">
     <span class='ocr_line' id='line_1_102' title="bbox 2042 4623 2149 4669; baseline -0.028 0"><span class='ocrx_word' id='word_1_778' title='bbox 2042 4623 2149 4669; x_wconf 76' lang='grc' dir='ltr'>εει.</span> 
     </span>
    </p>
   </div>
   <div class='ocr_carea' id='block_1_103' title="bbox 2115 4707 3617 4777">
    <p class='ocr_par' dir='ltr' id='par_1_103' title="bbox 2115 4707 3617 4777">
     <span class='ocr_line' id='line_1_103' title="bbox 2115 4707 3617 4777; baseline 0 -16"><span class='ocrx_word' id='word_1_779' title='bbox 2115 4708 2172 4761; x_wconf 79' lang='lat' dir='ltr'><strong>Si</strong></span> <span class='ocrx_word' id='word_1_780' title='bbox 2204 4708 2330 4777; x_wconf 88' lang='lat' dir='ltr'><strong>quis</strong></span> <span class='ocrx_word' id='word_1_781' title='bbox 2362 4722 2492 4762; x_wconf 88' lang='lat' dir='ltr'><strong>vero</strong></span> <span class='ocrx_word' id='word_1_782' title='bbox 2527 4707 2673 4763; x_wconf 88' lang='lat' dir='ltr'><strong>dicat</strong></span> <span class='ocrx_word' id='word_1_783' title='bbox 2718 4723 3071 4764; x_wconf 87' lang='lat' dir='ltr'><strong>communem</strong></span> <span class='ocrx_word' id='word_1_784' title='bbox 3101 4708 3306 4764; x_wconf 86' lang='lat' dir='ltr'><strong>debere</strong></span> <span class='ocrx_word' id='word_1_785' title='bbox 3336 4724 3455 4763; x_wconf 90' lang='lat' dir='ltr'><strong>esse</strong></span> <span class='ocrx_word' id='word_1_786' title='bbox 3492 4724 3617 4763; x_wconf 87' lang='lat' dir='ltr'><strong>cum</strong></span> 
     </span>
    </p>
   </div>
   <div class='ocr_carea' id='block_1_104' title="bbox 2044 4798 3619 4872">
    <p class='ocr_par' dir='ltr' id='par_1_104' title="bbox 2044 4798 3619 4872">
     <span class='ocr_line' id='line_1_104' title="bbox 2044 4798 3619 4872; baseline 0.002 -20"><span class='ocrx_word' id='word_1_787' title='bbox 2044 4798 2155 4853; x_wconf 89' lang='lat' dir='ltr'><strong>illis</strong></span> <span class='ocrx_word' id='word_1_788' title='bbox 2178 4809 2234 4852; x_wconf 89' lang='lat' dir='ltr'><strong>et</strong></span> <span class='ocrx_word' id='word_1_789' title='bbox 2263 4799 2491 4869; x_wconf 88' lang='lat' dir='ltr'><strong>Spiritui</strong></span> <span class='ocrx_word' id='word_1_790' title='bbox 2520 4811 2714 4856; x_wconf 86' lang='lat' dir='ltr'><strong>sancto</strong></span> <span class='ocrx_word' id='word_1_791' title='bbox 2741 4802 2850 4855; x_wconf 90' lang='lat' dir='ltr'><strong>vim</strong></span> <span class='ocrx_word' id='word_1_792' title='bbox 2875 4802 3241 4872; x_wconf 86' lang='lat' dir='ltr'><strong>producendi,</strong></span> <span class='ocrx_word' id='word_1_793' title='bbox 3271 4802 3475 4872; x_wconf 85' lang='lat' dir='ltr'><strong>quippe</strong></span> <span class='ocrx_word' id='word_1_794' title='bbox 3498 4818 3619 4871; x_wconf 72' lang='lat' dir='ltr'><strong>qua:</strong></span> 
     </span>
    </p>
   </div>
   <div class='ocr_carea' id='block_1_105' title="bbox 2044 4892 3617 4965">
    <p class='ocr_par' dir='ltr' id='par_1_105' title="bbox 2044 4892 3617 4965">
     <span class='ocr_line' id='line_1_105' title="bbox 2044 4892 3617 4965; baseline 0.004 -20"><span class='ocrx_word' id='word_1_795' title='bbox 2044 4892 2116 4945; x_wconf 87' lang='lat' dir='ltr'><strong>sit</strong></span> <span class='ocrx_word' id='word_1_796' title='bbox 2138 4893 2482 4959; x_wconf 88' lang='lat' dir='ltr'><strong>essentialis;</strong></span> <span class='ocrx_word' id='word_1_797' title='bbox 2513 4896 2763 4951; x_wconf 91' lang='lat' dir='ltr'><strong>omnium</strong></span> <span class='ocrx_word' id='word_1_798' title='bbox 2807 4896 2957 4950; x_wconf 88' lang='lat' dir='ltr'><strong>enim</strong></span> <span class='ocrx_word' id='word_1_799' title='bbox 3005 4896 3385 4951; x_wconf 86' lang='lat' dir='ltr'><strong>essentialium</strong></span> <span class='ocrx_word' id='word_1_800' title='bbox 3416 4903 3469 4949; x_wconf 91' lang='lat' dir='ltr'><strong>et</strong></span> <span class='ocrx_word' id='word_1_801' title='bbox 3500 4897 3617 4965; x_wconf 87' lang='lat' dir='ltr'><strong>ipse</strong></span> 
     </span>
    </p>
   </div>
   <div class='ocr_carea' id='block_1_106' title="bbox 2046 4982 2731 5057">
    <p class='ocr_par' dir='ltr' id='par_1_106' title="bbox 2046 4982 2731 5057">
     <span class='ocr_line' id='line_1_106' title="bbox 2046 4982 2731 5057; baseline 0.007 -21"><span class='ocrx_word' id='word_1_802' title='bbox 2046 4982 2283 5054; x_wconf 90' lang='lat' dir='ltr'><strong>Spiritus</strong></span> <span class='ocrx_word' id='word_1_803' title='bbox 2304 4988 2581 5057; x_wconf 86' lang='lat' dir='ltr'><strong>particeps</strong></span> <span class='ocrx_word' id='word_1_804' title='bbox 2608 4996 2731 5043; x_wconf 92' lang='lat' dir='ltr'><strong>est:</strong></span> 
     </span>
    </p>
   </div>
   <div class='ocr_carea' id='block_1_107' title="bbox 2112 5077 3615 5149">
    <p class='ocr_par' dir='ltr' id='par_1_107' title="bbox 2112 5077 3615 5149">
     <span class='ocr_line' id='line_1_107' title="bbox 2112 5077 3615 5149; baseline -0.001 -18"><span class='ocrx_word' id='word_1_805' title='bbox 2112 5077 2297 5133; x_wconf 89' lang='lat' dir='ltr'><strong>Discat</strong></span> <span class='ocrx_word' id='word_1_806' title='bbox 2332 5080 2433 5133; x_wconf 91' lang='lat' dir='ltr'><strong>iste</strong></span> <span class='ocrx_word' id='word_1_807' title='bbox 2461 5079 2584 5133; x_wconf 92' lang='lat' dir='ltr'><strong>talis</strong></span> <span class='ocrx_word' id='word_1_808' title='bbox 2610 5078 2718 5134; x_wconf 88' lang='lat' dir='ltr'><strong>hoc</strong></span> <span class='ocrx_word' id='word_1_809' title='bbox 2742 5079 2896 5135; x_wconf 90' lang='lat' dir='ltr'><strong>nullo</strong></span> <span class='ocrx_word' id='word_1_810' title='bbox 2920 5078 3084 5135; x_wconf 91' lang='lat' dir='ltr'><strong>modo</strong></span> <span class='ocrx_word' id='word_1_811' title='bbox 3115 5079 3230 5134; x_wconf 81' lang='lat' dir='ltr'><strong>ﬁeri</strong></span> <span class='ocrx_word' id='word_1_812' title='bbox 3258 5094 3442 5149; x_wconf 90' lang='lat' dir='ltr'><strong>posse,</strong></span> <span class='ocrx_word' id='word_1_813' title='bbox 3469 5078 3615 5147; x_wconf 84' lang='lat' dir='ltr'><strong>quod</strong></span> 
     </span>
    </p>
   </div>
   <div class='ocr_carea' id='block_1_108' title="bbox 2041 5170 3615 5243">
    <p class='ocr_par' dir='ltr' id='par_1_108' title="bbox 2041 5170 3615 5243">
     <span class='ocr_line' id='line_1_108' title="bbox 2041 5170 3615 5243; baseline -0.005 -15"><span class='ocrx_word' id='word_1_814' title='bbox 2041 5170 2163 5241; x_wconf 85' lang='lat' dir='ltr'><strong>ejus</strong></span> <span class='ocrx_word' id='word_1_815' title='bbox 2200 5170 2525 5241; x_wconf 90' lang='lat' dir='ltr'><strong>proprietati</strong></span> <span class='ocrx_word' id='word_1_816' title='bbox 2559 5181 2852 5243; x_wconf 81' lang='lat' dir='ltr'><strong>repugnet.</strong></span> <span class='ocrx_word' id='word_1_817' title='bbox 2895 5172 3016 5228; x_wconf 89' lang='lat' dir='ltr'><strong>Non</strong></span> <span class='ocrx_word' id='word_1_818' title='bbox 3064 5173 3212 5228; x_wconf 92' lang='lat' dir='ltr'><strong>enim</strong></span> <span class='ocrx_word' id='word_1_819' title='bbox 3261 5181 3439 5241; x_wconf 87' lang='lat' dir='ltr'><strong>potest</strong></span> <span class='ocrx_word' id='word_1_820' title='bbox 3470 5170 3615 5223; x_wconf 81' lang='lat' dir='ltr'><strong>idem</strong></span> 
     </span>
    </p>
   </div>
   <div class='ocr_carea' id='block_1_109' title="bbox 2041 5262 3616 5337">
    <p class='ocr_par' dir='ltr' id='par_1_109' title="bbox 2041 5262 3616 5337">
     <span class='ocr_line' id='line_1_109' title="bbox 2041 5262 3616 5337; baseline -0.001 -22"><span class='ocrx_word' id='word_1_821' title='bbox 2041 5262 2126 5316; x_wconf 89' lang='lat' dir='ltr'><strong>sui</strong></span> <span class='ocrx_word' id='word_1_822' title='bbox 2160 5262 2336 5332; x_wconf 89' lang='lat' dir='ltr'><strong>ipsius</strong></span> <span class='ocrx_word' id='word_1_823' title='bbox 2384 5277 2547 5318; x_wconf 88' lang='lat' dir='ltr'><strong>causa</strong></span> <span class='ocrx_word' id='word_1_824' title='bbox 2594 5279 2739 5319; x_wconf 90' lang='lat' dir='ltr'><strong>esse.</strong></span> <span class='ocrx_word' id='word_1_825' title='bbox 2782 5262 3025 5337; x_wconf 71' lang='lat' dir='ltr'><strong>Singula:</strong></span> <span class='ocrx_word' id='word_1_826' title='bbox 3070 5265 3221 5320; x_wconf 90' lang='lat' dir='ltr'><strong>enim</strong></span> <span class='ocrx_word' id='word_1_827' title='bbox 3257 5263 3460 5318; x_wconf 79' lang='lat' dir='ltr'><strong>divina:</strong></span> <span class='ocrx_word' id='word_1_828' title='bbox 3492 5275 3616 5331; x_wconf 87' lang='lat' dir='ltr'><strong>pcr-</strong></span> 
     </span>
    </p>
   </div>
   <div class='ocr_carea' id='block_1_110' title="bbox 2041 5442 3616 5515">
    <p class='ocr_par' dir='ltr' id='par_1_110' title="bbox 2041 5442 3616 5515">
     <span class='ocr_line' id='line_1_110' title="bbox 2041 5442 3616 5515; baseline 0 -19"><span class='ocrx_word' id='word_1_829' title='bbox 2041 5442 2259 5515; x_wconf 12' lang='lat' dir='ltr'><strong>beriiex</strong></span> <span class='ocrx_word' id='word_1_830' title='bbox 2291 5444 2409 5499; x_wconf 91' lang='lat' dir='ltr'><strong>solo</strong></span> <span class='ocrx_word' id='word_1_831' title='bbox 2446 5445 2626 5508; x_wconf 89' lang='lat' dir='ltr'><strong>Patre,</strong></span> <span class='ocrx_word' id='word_1_832' title='bbox 2667 5461 2798 5515; x_wconf 78' lang='lat' dir='ltr'><strong>ergo</strong></span> <span class='ocrx_word' id='word_1_833' title='bbox 2832 5456 2889 5502; x_wconf 90' lang='lat' dir='ltr'><strong>et</strong></span> <span class='ocrx_word' id='word_1_834' title='bbox 2926 5463 2993 5501; x_wconf 82' lang='lat' dir='ltr'><strong>ex</strong></span> <span class='ocrx_word' id='word_1_835' title='bbox 3031 5444 3191 5499; x_wconf 85' lang='lat' dir='ltr'><strong>Filio.</strong></span> <span class='ocrx_word' id='word_1_836' title='bbox 3228 5444 3296 5515; x_wconf 85' lang='lat' dir='ltr'><strong>Et</strong></span> <span class='ocrx_word' id='word_1_837' title='bbox 3325 5444 3397 5497; x_wconf 92' lang='lat' dir='ltr'><strong>ita</strong></span> <span class='ocrx_word' id='word_1_838' title='bbox 3444 5442 3616 5515; x_wconf 82' lang='lat' dir='ltr'><strong>semel</strong></span> 
     </span>
    </p>
   </div>
   <div class='ocr_carea' id='block_1_111' title="bbox 2041 5512 3615 5585">
    <p class='ocr_par' dir='ltr' id='par_1_111' title="bbox 2041 5512 3615 5585">
     <span class='ocr_line' id='line_1_111' title="bbox 2041 5512 3615 5585; baseline -0.001 -18"><span class='ocrx_word' id='word_1_839' title='bbox 2041 5513 2241 5585; x_wconf 73' lang='lat' dir='ltr'><strong>accidit</strong></span> <span class='ocrx_word' id='word_1_840' title='bbox 2261 5524 2341 5581; x_wconf 90' lang='lat' dir='ltr'><strong>ut,</strong></span> <span class='ocrx_word' id='word_1_841' title='bbox 2362 5531 2487 5568; x_wconf 84' lang='lat' dir='ltr'><strong>cum</strong></span> <span class='ocrx_word' id='word_1_842' title='bbox 2517 5512 3047 5585; x_wconf 44' lang='lat' dir='ltr'><strong>quidam—Graeculus</strong></span> <span class='ocrx_word' id='word_1_843' title='bbox 3075 5512 3615 5585; x_wconf 67' lang='lat' dir='ltr'><strong>obiecissetcuidam</strong></span> 
     </span>
    </p>
   </div>
   <div class='ocr_carea' id='block_1_112' title="bbox 2043 5582 3615 5665">
    <p class='ocr_par' dir='ltr' id='par_1_112' title="bbox 2043 5582 3615 5665">
     <span class='ocr_line' id='line_1_112' title="bbox 2043 5582 3615 5665; baseline -0.001 -29"><span class='ocrx_word' id='word_1_844' title='bbox 2043 5582 2260 5665; x_wconf 48' lang='lat' dir='ltr'><strong>Eatino.</strong></span> <span class='ocrx_word' id='word_1_845' title='bbox 2311 5601 2409 5665; x_wconf 77' lang='lat' dir='ltr'><strong>cur</strong></span> <span class='ocrx_word' id='word_1_846' title='bbox 2464 5582 2642 5640; x_wconf 78' lang='lat' dir='ltr'><strong>Latini</strong></span> <span class='ocrx_word' id='word_1_847' title='bbox 2693 5586 3025 5665; x_wconf 60' lang='lat' dir='ltr'><strong>addiderint</strong></span> <span class='ocrx_word' id='word_1_848' title='bbox 3049 5586 3115 5639; x_wconf 90' lang='lat' dir='ltr'><strong>ad</strong></span> <span class='ocrx_word' id='word_1_849' title='bbox 3148 5582 3615 5665; x_wconf 43' lang='lat' dir='ltr'><strong>&#39;Sytul‘tolumvex</strong></span> 
     </span>
    </p>
   </div>
   <div class='ocr_carea' id='block_1_113' title="bbox 2042 5651 3611 5722">
    <p class='ocr_par' dir='ltr' id='par_1_113' title="bbox 2042 5651 3611 5722">
     <span class='ocr_line' id='line_1_113' title="bbox 2042 5651 3611 5722; baseline -0.003 -17"><span class='ocrx_word' id='word_1_850' title='bbox 2042 5651 2181 5708; x_wconf 85' lang='lat' dir='ltr'><strong>Filio</strong></span> <span class='ocrx_word' id='word_1_851' title='bbox 2209 5654 2524 5721; x_wconf 89' lang='lat' dir='ltr'><strong>procedere,</strong></span> <span class='ocrx_word' id='word_1_852' title='bbox 2551 5672 2675 5710; x_wconf 91' lang='lat' dir='ltr'><strong>cum</strong></span> <span class='ocrx_word' id='word_1_853' title='bbox 2698 5672 2803 5708; x_wconf 84' lang='lat' dir='ltr'><strong>non</strong></span> <span class='ocrx_word' id='word_1_854' title='bbox 2829 5657 2901 5709; x_wconf 87' lang='lat' dir='ltr'><strong>sit</strong></span> <span class='ocrx_word' id='word_1_855' title='bbox 2920 5656 3183 5722; x_wconf 83' lang='lat' dir='ltr'><strong>scriptum</strong></span> <span class='ocrx_word' id='word_1_856' title='bbox 3218 5651 3270 5708; x_wconf 90' lang='lat' dir='ltr'><strong>iu</strong></span> <span class='ocrx_word' id='word_1_857' title='bbox 3296 5652 3611 5718; x_wconf 66' lang='lat' dir='ltr'><strong>Evangelii»,</strong></span> 
     </span>
    </p>
   </div>
   <div class='ocr_carea' id='block_1_114' title="bbox 2043 5724 3613 5795">
    <p class='ocr_par' dir='ltr' id='par_1_114' title="bbox 2043 5724 3613 5795">
     <span class='ocr_line' id='line_1_114' title="bbox 2043 5724 3613 5795; baseline 0.001 -20"><span class='ocrx_word' id='word_1_858' title='bbox 2043 5726 2240 5795; x_wconf 89' lang='lat' dir='ltr'><strong>merito</strong></span> <span class='ocrx_word' id='word_1_859' title='bbox 2266 5726 2528 5792; x_wconf 83' lang='lat' dir='ltr'><strong>audierit,</strong></span> <span class='ocrx_word' id='word_1_860' title='bbox 2561 5741 2660 5781; x_wconf 91' lang='lat' dir='ltr'><strong>cur</strong></span> <span class='ocrx_word' id='word_1_861' title='bbox 2690 5726 2856 5780; x_wconf 88' lang='lat' dir='ltr'><strong>etiam</strong></span> <span class='ocrx_word' id='word_1_862' title='bbox 2890 5725 2990 5795; x_wconf 90' lang='lat' dir='ltr'><strong>ipsi</strong></span> <span class='ocrx_word' id='word_1_863' title='bbox 3024 5724 3197 5779; x_wconf 58' lang='lat' dir='ltr'><strong>Graeci</strong></span> <span class='ocrx_word' id='word_1_864' title='bbox 3235 5724 3514 5780; x_wconf 76' lang='lat' dir='ltr'><strong>fateantur</strong></span> <span class='ocrx_word' id='word_1_865' title='bbox 3543 5736 3613 5777; x_wconf 69' lang='lat' dir='ltr'><strong>ex</strong></span> 
     </span>
    </p>
   </div>
   <div class='ocr_carea' id='block_1_115' title="bbox 2043 5794 3145 5863">
    <p class='ocr_par' dir='ltr' id='par_1_115' title="bbox 2043 5794 3145 5863">
     <span class='ocr_line' id='line_1_115' title="bbox 2043 5794 3145 5863; baseline 0.001 -15"><span class='ocrx_word' id='word_1_866' title='bbox 2043 5794 2161 5851; x_wconf 88' lang='lat' dir='ltr'><strong>solo</strong></span> <span class='ocrx_word' id='word_1_867' title='bbox 2194 5794 2396 5852; x_wconf 75' lang='lat' dir='ltr'><strong>l’alre?</strong></span> <span class='ocrx_word' id='word_1_868' title='bbox 2424 5796 2543 5862; x_wconf 90' lang='lat' dir='ltr'><strong>Quo</strong></span> <span class='ocrx_word' id='word_1_869' title='bbox 2568 5811 2832 5863; x_wconf 78' lang='lat' dir='ltr'><strong>responso</strong></span> <span class='ocrx_word' id='word_1_870' title='bbox 2854 5794 3145 5852; x_wconf 85' lang='lat' dir='ltr'><strong>conticuit.</strong></span> 
     </span>
    </p>
   </div>
  </div>
