4124 6424
478 354 587 420 367

1439 348 1952 410 BESSARlONlS
1987 348 2047 408 S.
2094 350 2165 412 Il.
2203 349 2273 409 E.
2315 348 2789 412 CARDINALIS

3633 344 3743 411 368

476 490 628 533 sonas
656 472 842 529 omnia
873 468 1196 527 essentidia
1231 467 1335 523 sibi
1387 478 1583 524 mutuo
1613 467 2051 535 communicant,

2172 471 2473 541 προσώπων
2504 470 2827 525 κοινωνοῦσι
2858 469 3077 527 πάντων
3108 468 3363 542 ἀλλήλοις
3393 468 3502 523 τῶν
3534 470 3744 525 οὗσιω-

478 576 771 624 mancntes
802 565 856 619 in
898 578 965 618 eo
1003 561 1152 633 quod
1183 570 1331 626 sunt,
1364 571 1421 617 et
1448 570 1736 617 servantes
1762 576 1891 616 suas
1927 576 2056 630 pro-

478 660 764 729 prietates.
817 655 1044 712 Mancns
1093 653 1268 717 enim,
1309 653 1489 722 inquit
1524 666 1755 723 magnus
1792 649 2052 715 Basilius,

479 751 657 804 Filius
686 750 742 803 in
773 763 861 814 eo,
905 747 1053 819 quod
1084 747 1157 802 sit
1187 746 1359 801 Filius
1381 788 1395 813 ,
1433 744 1603 800 habet
1639 743 1820 798 omnia
1852 742 2055 797 Patris.

476 841 651 909 Igitur
679 848 733 896 et
770 841 1015 911 Spiritus
1051 853 1282 893 manens
1312 837 1368 891 in
1402 851 1469 892 eo
1501 836 1647 906 quod
1693 835 1766 891 sit
1795 834 2054 904 Spiritus,

476 932 646 987 habet
674 933 861 989 omnia
879 932 1070 988 Patris
1095 942 1151 986 et
1176 930 1324 986 Filii.
1358 930 1495 985 Esse
1521 929 1692 998 igitur
1717 942 1939 983 causam
1969 927 2055 981 sui

476 1025 673 1092 ipsius,
713 1024 961 1095 proprias.
997 1022 1199 1078 rationi
1242 1031 1538 1092 repugnat,
1588 1028 1642 1075 ut
1676 1019 1884 1074 dictum
1915 1025 2000 1072 est
2039 1032 2055 1071 :

475 1115 547 1169 ob
577 1130 813 1185 eamque
846 1129 1100 1182 causam,
1137 1113 1372 1169 activam
1398 1111 1813 1183 processionem
1855 1109 2058 1165 habere

478 1204 708 1258 minime
732 1212 933 1273 potest.

552 1294 613 1350 Si
677 1294 801 1365 quis
842 1309 978 1350 vero
1023 1310 1217 1350 rursus
1261 1294 1462 1350 dixerit
1491 1293 1694 1363 :Atqui
1719 1292 1765 1347 si
1817 1290 2060 1360 Spiritus

478 1387 819 1458 operationis
861 1385 1208 1457 producendi
1258 1385 1366 1440 erit
1418 1400 1654 1454 expers.
1710 1382 1902 1437 saltem
1953 1382 2061 1435 erit

480 1474 759 1545 particeps
785 1474 1113 1544 generandi,
1138 1474 1605 1545 quemadmodum
1635 1472 1806 1527 Filius
1835 1467 2059 1543 particio

478 1574 573 1638 pat
601 1566 707 1620 vim
744 1565 1089 1636 producendi
1124 1581 1140 1620 :

552 1658 674 1713 Non
714 1672 841 1712 eum
887 1658 1078 1728 fugiat,
1121 1657 1266 1713 istud
1313 1673 1533 1730 quoque
1565 1658 1715 1713 nullo
1749 1657 1913 1713 modo
1940 1657 2059 1712 fieri

480 1763 667 1819 posse.
702 1750 908 1816 Primo,
948 1750 1096 1820 quod
1126 1753 1376 1821 operatio
1395 1752 1692 1831 generandi
1734 1752 1805 1806 sit
1837 1761 2060 1806 ostensa

481 1855 603 1895 esse
631 1840 882 1910 operatio
916 1843 1291 1898 constitutiva:
1312 1844 1513 1913 speciei
1549 1828 1799 1915 persenae
1844 1845 2022 1900 Patris
2045 1886 2059 1912 ,
2090 1818 2135 1877 Β

482 1945 606 2000 quas
641 1939 728 1987 est
754 1932 1291 1991 incommunicabilis
1317 1936 1472 1990 alteri
1496 1950 1742 2004 persona:
1769 1956 1782 1991 :
1817 1936 1887 1990 ob
1913 1952 2066 1991 eam-

482 2039 591 2093 que
621 2039 843 2081 causam
878 2026 998 2083 ileri
1029 2041 1139 2083 non
1167 2036 1370 2097 potest,
1416 2038 1478 2084 ut
1515 2029 1689 2083 altera
1728 2043 1967 2097 persona
2001 2029 2066 2083 il-

484 2115 596 2170 lam
624 2118 942 2189 participet.

560 2207 790 2275 Deinde,
832 2208 980 2278 quod
1031 2209 1525 2265 contradictionem
1570 2211 1624 2265 in
1669 2226 1728 2266 se
1763 2212 2063 2268 contineat.

488 2294 547 2352 Si
571 2296 721 2351 enim
750 2298 865 2368 ipse
898 2299 1137 2370 Spiritus
1168 2311 1399 2371 generat
1432 2301 1651 2366 Filium,
1686 2303 1936 2373 procedit
1969 2320 2067 2358 au-

486 2397 597 2444 tem
629 2386 719 2445 ab‘
742 2392 860 2461 ipso
885 2436 899 2458 ,
943 2393 1049 2448 erit
1087 2404 1342 2464 respectu
1392 2395 1665 2466 ejusdem,
1707 2404 1762 2451 et
1796 2412 1980 2464 causa,
2011 2406 2067 2454 et

489 2488 801 2536 causatum.
840 2480 953 2538 Hoc
984 2491 1170 2538 autem
1205 2494 1290 2539 est
1326 2488 1718 2545 contradictio.

564 2573 635 2626 At
662 2572 808 2627 enim
836 2574 1071 2632 fortasse
1092 2576 1240 2631 dicet
1268 2578 1563 2648 quispiam,
1604 2579 1747 2633 istud
1768 2580 2064 2635 absurdum

493 2666 651 2734 sequi
699 2680 857 2721 exeo
889 2669 1036 2737 quod
1075 2685 1568 2740 praesupponamus
1614 2672 1811 2726 Filium
1857 2674 2065 2743 produ-

489 2772 615 2813 cere
662 2758 931 2829 Spiritum
976 2776 990 2813 :
1040 2770 1097 2816 at
1154 2762 1201 2817 si
1248 2763 1352 2818 hoc
1404 2779 1514 2819 non
1556 2776 1921 2834 supponatur,
1970 2767 2063 2821 sed

492 2858 708 2903 tantum
743 2847 1012 2919 Spiritum
1045 2866 1170 2906 cum
1198 2852 1361 2907 Patre
1392 2870 1654 2924 generare
1692 2856 1913 2921 Filium,
1952 2872 2063 2912 non

491 2939 732 3008 amplius
760 2938 907 2995 istud
932 2940 1156 2997 absurdi
1192 2952 1474 3012 sequetur.
1507 2943 1616 2997 Cur
1646 2946 1792 2999 enim
1826 2945 2070 3015 Spiritus

487 3043 615 3083 cum
648 3029 812 3085 Patre
854 3045 964 3085 non
994 3040 1223 3100 generat
1264 3033 1450 3101 potius
1488 3031 1709 3104 Filium,
1749 3036 1843 3091 sed
1894 3035 2069 3093 Filius

495 3135 624 3174 cum
650 3120 815 3176 Patre
852 3122 1112 3191 producit
1140 3122 1448 3193 Spiritum?

562 3212 621 3268 Si
652 3211 777 3283 quis
811 3228 944 3284 ergo
980 3213 1087 3269 ista
1127 3214 1348 3284 dixerit,
1383 3217 1618 3287 primum
1647 3222 1783 3274 sciat
1824 3236 1882 3276 se
1917 3238 2066 3292 qua:-

491 3321 638 3372 rere,
676 3321 798 3376 quas
828 3322 995 3364 nemo
1029 3308 1175 3363 alius
1206 3325 1450 3380 unquam
1490 3312 1579 3366 vel
1626 3314 1866 3383 cogitare
1902 3330 2069 3371 ausus

490 3406 598 3452 est.
643 3396 853 3454 Deinde
891 3399 978 3454 vis
1030 3402 1331 3470 generandi
1386 3402 1730 3474 intelligitur,
1774 3414 2069 3476 antequam

494 3487 839 3560 intelligatur
872 3488 957 3545 vis
997 3491 1366 3561 producendi,
1399 3503 1657 3564 tanquam
1688 3496 1861 3565 prima
1890 3505 1944 3551 et
1971 3498 2073 3551 im-

494 3581 736 3636 mediata
770 3580 1022 3652 operatio
1052 3583 1254 3651 Patris,
1292 3593 1352 3640 ut
1386 3595 1669 3641 ostensum
1698 3596 1801 3643 est.
1836 3588 1918 3644 Ob
1948 3605 2068 3644 eam

495 3671 673 3744 ipsam
730 3688 977 3740 causam,
1026 3690 1139 3730 non
1196 3685 1380 3745 potest
1426 3676 1591 3749 hujus
1636 3681 1911 3751 particeps
1950 3696 2074 3738 esse

500 3764 763 3835 Spiritus.
806 3763 1156 3821 Producendi
1201 3782 1335 3822 vero
1378 3769 1481 3837 vis,
1522 3785 1646 3823 cum
1680 3781 1804 3841 post
1844 3788 2075 3842 genera-

496 3855 705 3911 tionem
736 3853 863 3911 Filii
896 3855 1257 3928 intelligatur,
1284 3867 1341 3913 et
1364 3873 1463 3928 per
1492 3860 1899 3928 generationem
1924 3861 2073 3919 illius

496 3948 788 4017 edieiatur,
823 3960 882 4006 ut
915 3962 1200 4007 ostensum
1231 3964 1347 4019 est,
1395 3953 1515 4007 ﬁeri
1538 3937 1756 4024 potest,
1804 3956 1914 4011 imo
1943 3972 2075 4013 vero

497 4052 554 4098 et
585 4044 957 4099 necessarium
992 4054 1097 4108 est,
1126 4055 1185 4100 ut
1216 4060 1337 4099 cum
1363 4048 1478 4117 ipso
1507 4047 1965 4103 conununicetur.

574 4132 630 4189 Si
666 4137 792 4204 quis
818 4149 951 4190 vero
979 4150 1172 4190 rursus
1212 4136 1282 4191 ob
1323 4136 1422 4192 bas
1442 4153 1632 4193 causas
1660 4140 1862 4194 dixerit
1889 4159 1903 4195 :
1934 4141 2075 4212 Ergo

501 4228 684 4282 minor
710 4236 795 4283 est
828 4226 1071 4298 Spiritus
1101 4226 1262 4282 Patre
1287 4244 1349 4284 ac
1380 4227 1541 4295 Filio,
1571 4231 1619 4286 si
1650 4231 1873 4299 quidem
1913 4233 2075 4289 Pater

503 4330 731 4391 generat
761 4316 988 4386 Filium,
1020 4330 1074 4375 et
1100 4321 1360 4390 producit
1382 4322 1671 4390 Spiritum,
1697 4324 1871 4379 Filius
1891 4337 2073 4380 autem

499 4420 555 4467 et
586 4413 700 4480 ipse
735 4426 862 4465 cum
897 4410 1057 4465 Patre
1100 4412 1360 4481 producit
1401 4410 1670 4482 Spiritum
1703 4428 1715 4464 :
1746 4423 1801 4469 at
1836 4416 2076 4485 Spiritus

2157 560 2300 623 δῶν,
2339 563 2574 632 μένοντα
2604 565 2663 616 ἐν
2696 563 2775 631 τῷ
2806 558 2948 616 εἶναι
2986 563 3014 616 ὅ
3048 564 3156 616 είσι
3183 604 3198 629 ,
3232 564 3330 617 καὶ
3368 561 3608 626 σώζοντα
3639 562 3743 633 τὴν

2157 653 2369 707 ἑαυτῶν
2403 654 2668 726 ἰδιότητα.
2700 655 2896 709 Μένων
2926 656 3071 725 γὰρ.
3104 655 3271 725 φησὶν
3301 656 3328 708 6
3364 655 3535 723 μέγας
3571 655 3743 707 Βασί-

2155 743 2321 810 λειος,
2356 749 2384 800 6
2419 746 2547 810 Tib;
2585 747 2645 800 ἐν
2680 746 2761 815 τῷ
2799 743 2942 802 εἶναι
2981 745 3131 811 Υίδς,
3171 747 3286 817 ἔχει
3328 746 3507 799 πάντα
3542 746 3613 799 τὰ
3647 746 3742 799 τοῦ

2157 836 2391 907 Πατρός.
2443 837 2552 891 Καὶ
2601 837 2662 891 τὸ
2711 837 2938 908 Πνεῦμα
2986 824 3312 908 ἄραῆμίνον
3362 839 3420 891 ἐν
3467 837 3546 908 τῷ
3597 832 3742 890 εἶναι

2158 928 2402 996 Πνεῦμα,
2431 930 2541 1000 ἔχει
2559 930 2740 985 πάντα
2765 930 2834 984 τὰ
2862 929 2954 983 τοῦ
2975 928 3188 999 Πατρὸς
3214 930 3310 983 καὶ
3340 927 3434 982 τοῦ
3466 928 3601 982 Υίοῦ
3621 944 3635 959 ο
3665 926 3746 996 τῷ

2160 1020 2277 1092 ἰδίῳ
2303 1017 2396 1075 οὖν
2422 1021 2588 1091 λόγῳ,
2616 1021 2691 1085 ὡς
2718 1020 2955 1091 εἴρηται,
2986 1022 3222 1091 μάχεται
3248 1019 3310 1073 τὸ
3339 1018 3537 1073 ἐαυτοῦ
3570 1020 3748 1073 αῐτιον

2157 1106 2301 1166 εἶναι
2326 1128 2341 1144 σ
2384 1117 2479 1166 καὶ
2519 1111 2609 1166 διὰ
2649 1111 2810 1166 τοῦτο
2852 1111 2954 1183 τὴν
2996 1110 3368 1183 ἐνεργητικὴν
3410 1110 3745 1182 ἐκπύρωσιν

2161 1204 2305 1275 ἔχειν
2332 1203 2393 1257 οὐ
2422 1204 2670 1258 δύναται.

2230 1295 2295 1349 El
2326 1293 2383 1347 δέ
2411 1311 2495 1357 τις
2527 1295 2689 1350 πάλιν
2718 1296 2886 1357 εἴποι,
2910 1293 3055 1346 Ἀλλ’
3079 1293 3127 1346 εί
3154 1292 3228 1364 μὴ
3251 1292 3354 1363 τῆς
3380 1293 3474 1346 τοῦ
3506 1290 3745 1363 προϐάλ-

2159 1385 2277 1439 λειν
2328 1387 2614 1458 ἐνεργείας
2664 1387 2917 1440 κοινωνεῖ
2965 1385 3025 1438 τὸ
3077 1382 3338 1453 Πνεῦμα,
3390 1384 3741 1451 κοινωνήσειε

2161 1473 2291 1544 γοῦν
2328 1477 2426 1545 τῆς
2463 1477 2557 1530 τοῦ
2596 1479 2826 1549 γεννᾷν,
2868 1475 3059 1548 ὥσπερ
3098 1476 3127 1529 6
3164 1476 3290 1539 le;
3330 1474 3430 1545 τῆς
3469 1474 3563 1527 τοῦ
3606 1492 3742 1544 προ-

2162 1568 2379 1622 6ἀλλειν
2406 1579 2420 1595 ⁸

2232 1661 2324 1728 Μὴ
2370 1661 2683 1715 λανθανέτω
2723 1663 2845 1717 οὐδὲ
2883 1660 3040 1715 τοῦτο
3076 1659 3304 1715 δυνατὸν
3342 1654 3504 1714 εῐναι.
3544 1659 3742 1729 Πρῶτα

2166 1751 2264 1821 μὲν
2292 1752 2378 1805 διὰ
2406 1752 2465 1804 τὸ
2493 1754 2591 1824 τὴν
2624 1755 2718 1808 τοῦ
2747 1756 2942 1824 γεννᾷν
2972 1754 3254 1823 ἐνέργειαν
3283 1752 3377 1806 τοῦ
3411 1754 3741 1813 συρτατικοῦ

2166 1840 2340 1905 εἴδους
2400 1843 2496 1896 τοῦ
2552 1845 2820 1915 πατρικοῦ
2869 1844 3165 1912 προσώπου
3215 1844 3313 1899 καὶ
3372 1843 3743 1910 ἁκοινωνήτου

2168 1933 2305 2002 πρὸς
2337 1933 2521 2005 ἕτερον
2556 1936 2937 2005 ἀποδεδεῖχθαι
2972 1936 3260 2006 ἐνέργειαν
3282 1976 3295 1999 ,
3331 1937 3425 1989 καὶ
3461 1936 3552 1987 διὰ
3582 1933 3744 1986 τοῦτο

2166 2023 2428 2078 ἀδύνατον
2463 2021 2602 2079 εἶναι
2635 2026 2964 2097 κοινωνῆσαι
3013 2027 3165 2098 αὐτῷ
3203 2026 3390 2098 ἕτερον
3426 2026 3745 2096 πρόσωπον.

2244 2203 2477 2257 Ἔπειτα
2512 2202 2567 2256 δὲ
2600 2203 2687 2259 διὰ
2717 2204 2775 2257 τὸ
2817 2202 3091 2275 περιέχειν
3122 2206 3413 2275 ἀντίφασιν
3442 2208 3499 2259 ἐν
3530 2207 3742 2277 ἐαυτῷ*

2168 2296 2216 2347 εί
2250 2298 2360 2365 γὰρ
2392 2296 2520 2349 αὑτέ
2553 2298 2717 2367 γεννᾷ
2753 2298 2851 2365 μὲν
2880 2297 2970 2349 τὸν
3005 2297 3153 2362 Υίὸν,
3187 2298 3549 2368 ἐκπορεύεται
3581 2299 3625 2350 δ’
3651 2300 3745 2352 ὑπ’

2168 2387 2357 2453 αὑτοῦ,
2390 2388 2542 2442 ἔσται
2574 2389 2709 2458 πρὸς
2740 2390 2798 2441 τὸ
2830 2389 2960 2441 αὐτὸ
2993 2389 3087 2442 καὶ
3118 2389 3311 2455 αἴτιον,
3348 2390 3441 2442 καὶ
3472 2392 3741 2444 αἰτιατόν.

2169 2481 2340 2534 Τοῦτο
2368 2482 2411 2534 δ’
2437 2483 2584 2535 ἐστὶν
2615 2481 2923 2550 ἀντίφασις.

2252 2573 2389 2626 Ἀλλ’
2416 2572 2545 2635 ἴσως
2578 2575 2692 2642 ἐρεῖ
2725 2590 2806 2635 τις
2838 2572 2996 2625 τοῦτο
3028 2573 3087 2625 τὸ
3121 2571 3322 2627 ἄτοπον
3358 2573 3585 2627 ἕπεσθαι
3607 2615 3619 2635 ,
3654 2572 3745 2626 διὰ

2169 2666 2230 2718 τδ
2263 2665 2727 2736 προϋποτίθεσθαι
2759 2665 2849 2717 τὸν
2881 2664 3008 2716 Tibv
3041 2666 3367 2733 προϐάλλειν
3397 2666 3458 2719 τὸ
3493 2666 3741 2735 Πνεῦμα.

2172 2759 2233 2811 Εἰ
2260 2759 2314 2810 δὲ
2344 2758 2418 2828 μὴ
2440 2758 2598 2810 τοῦτο
2622 2757 2934 2825 ὑποτεθείη,
2962 2756 3096 2809 ἀλλὰ
3125 2757 3305 2824 μόνον,
3331 2759 3412 2811 ὃτι
3436 2758 3495 2810 τὺ
3522 2758 3745 2828 Πνεῦμα

2174 2852 2271 2905 σὺν
2301 2851 2377 2919 τῷ
2411 2851 2583 2921 Πατρὶ
2610 2852 2772 2920 γεννᾷ
2803 2850 2893 2902 τὸν
2924 2850 3075 2913 lev,
3104 2850 3261 2905 τοῦτο
3287 2853 3388 2905 οὐκ
3417 2853 3495 2905 ἔτι
3526 2855 3586 2905 τὸ
3614 2852 3744 2905 ἄτο-

2173 2962 2273 2998 πον
2302 2944 2508 3005 ἐψεται.
2541 2944 2694 2997 Διατί
2725 2946 2833 3012 γὰρ
2863 2944 2925 2996 οὐ
2962 2944 3160 3013 μᾶλλον
3193 2945 3253 2997 τὸ
3289 2944 3513 3013 Πνεῦμα
3541 2946 3636 2998 σὺν
3666 2944 3761 3013 τῷ’

2171 3036 2349 3107 Πατρὶ
2396 3038 2561 3106 γεννᾷ
2602 3038 2692 3090 τὸν
2735 3037 2886 3101 Υἱὸν,
2931 3037 3099 3090 ἀλλ’ὁ
3144 3038 3270 3102 Tib;
3314 3034 3411 3093 σὺν
3449 3038 3528 3110 τῷ
3569 3038 3746 3109 Πατρὶ

2090 3163 2137 3228 C
2172 3127 2465 3197 προϐάλλει
2495 3128 2555 3179 τὸ
2587 3128 2845 3197 Πνεῦμας

2241 3220 2308 3271 Εἴ
2334 3237 2415 3282 τις
2447 3217 2541 3271 οῦν
2570 3220 2739 3271 ταῦτα
2774 3220 2906 3290 φαίη
2931 3261 2946 3286 ,
2979 3220 3172 3293 πρῶτα
3210 3220 3309 3289 μὲν
3339 3221 3469 3273 ἴστω
3501 3219 3680 3288 ζητῶν
3709 3206 3745 3274 ἃ

2173 3310 2361 3378 μηδεὶς
2396 3308 2557 3371 ἄλλος
2593 3308 2725 3361 ποτὲ
2760 3310 2869 3363 οὐδ’
2894 3309 3146 3378 ἐννοῆσαι
3182 3309 3479 3378 ἐτόλμησεν
3503 3328 3518 3342 ο
3556 3310 3747 3362 ἔπειτα

2170 3403 2203 3471 ἡ
2256 3401 2354 3469 μὲν
2396 3401 2491 3454 τοῦ
2537 3402 2731 3471 γεννᾷν
2777 3402 3010 3471 δύναμις
3057 3405 3464 3472 προεπινοείται
3508 3404 3608 3471 τῆς
3651 3402 3746 3455 τοῦ

2174 3491 2497 3562 προϐάλλειν
2531 3490 2850 3560 δυνάμεως,
2886 3490 2961 3554 ὡς
2998 3491 3190 3561 πρώτη
3226 3491 3321 3544 καὶ
3352 3491 3554 3560 ἄμεσος
3590 3490 3748 3561 ἐνέρ-

2174 3599 2299 3651 γεια
2328 3583 2422 3636 τοῦ
2457 3583 2690 3653 Πατρδς,
2723 3583 2865 3637 καθὰ
2895 3584 3278 3637 ἀποδέδεικται
3303 3599 3317 3613 υ
3350 3588 3443 3635 καὶ
3472 3582 3561 3635 διὰ
3589 3582 3749 3635 τοῦτο

2173 3676 2233 3730 οὺ
2271 3676 2494 3731 δύναται
2526 3676 2729 3748 ταύτης
2772 3680 3056 3731 κοινωνεῖν
3091 3678 3152 3730 τὸ
3194 3677 3458 3745 Πνεῦμαο
3491 3678 3525 3746 ὴ
3565 3676 3621 3728 δὲ
3653 3674 3748 3727 τοῦ

2174 3768 2499 3838 προῦἀλλειν
2547 3768 2909 3838 ἐπινοουμένη
2960 3768 3058 3838 τῆς
3106 3766 3202 3820 τοῦ
3256 3767 3385 3819 Υίοῦ
3436 3766 3748 3835 γεννήσεως

2174 3860 2268 3913 καὶ
2297 3860 2386 3914 διὰ
2415 3860 2512 3929 τῆς
2546 3860 2713 3913 αὑτοῦ
2746 3859 3058 3928 γεννήσεως
3090 3856 3485 3926 ἐπιτελουμένη
3506 3895 3521 3920 ,
3554 3856 3629 3917 ὡς
3660 3855 3749 3907 δὲ-

2175 3951 2384 4005 δεικται
2406 3990 2422 4016 ,
2460 3952 2561 4005 οὐκ
2599 3950 2861 4013 ἀδύνατος
2884 3990 2900 4017 ,
2935 3949 3070 4004 ἀλλὰ
3107 3947 3310 4016 μᾶλλον
3347 3947 3441 4001 καὶ
3476 3944 3749 4013 ἀναγκαία

2178 4043 2328 4114 αὐτῷ
2359 4042 2759 4097 κοινωνείσθαι.
3200 4034 3209 4042 ’
3518 4042 3543 4056 ⁵

2249 4135 2313 4190 El
2347 4135 2405 4189 δέ
2437 4152 2519 4196 τις
2553 4133 2704 4197 αὖθις
2740 4133 2830 4188 διὰ
2860 4134 3036 4188 ταῦτα
3072 4134 3250 4197 εἴποι,
3286 4130 3494 4186 Οὐκοῦν
3529 4131 3750 4183 ἔλαττον

2178 4227 2239 4281 τὸ
2284 4229 2510 4298 Πνεῦμα
2555 4228 2768 4297 Πατρδς
2808 4228 2904 4281 καὶ
2945 4225 3098 4293 Υίοῦ,
3142 4225 3303 4295 εἰπερ
3342 4225 3371 4278 6
3416 4224 3517 4293 μὲν
3562 4221 3751 4291 Πατὴρ
3837 4234 3853 4247 ⁸

2182 4323 2347 4392 γεννᾷ
2374 4322 2465 4373 τὸν
2494 4320 2622 4373 Υἱὸν
2650 4320 2744 4373 καὶ
2773 4319 3066 4388 προϐάλλει
3094 4319 3155 4371 τὸ
3188 4315 3409 4383 Πνεῦμα
3432 4333 3447 4348 ο
3478 4319 3505 4369 6
3534 4315 3590 4369 δέ
3622 4314 3754 4376 Υίὸς

2181 4415 2275 4467 καὶ
2309 4414 2471 4474 αὐτὸς
2508 4413 2607 4465 σὺν
2639 4412 2717 4482 τῷ
2753 4413 2931 4481 Πατρὶ
2964 4408 3260 4482 προϐάλλει
3292 4409 3352 4462 τὸ
3386 4407 3614 4475 Πνεῦμα
3640 4421 3654 4436 ⁶
3688 4406 3753 4458 τὸ

503 4517 686 4571 neque
730 4499 930 4555 Filium
967 4510 1213 4573 generat,
1248 4517 1429 4573 neque
1475 4503 1738 4574 scipsum,
1790 4521 1970 4577 neque
2000 4509 2070 4563 al-

2182 4505 2241 4560 δὲ
2273 4504 2501 4575 Πνεῦμα
2528 4504 2650 4557 οὔτε
2679 4504 2769 4556 τὸν
2809 4505 2846 4557 Υ
2852 4504 2929 4557 ίὸν
2956 4505 3142 4573 γεννᾷ,
3172 4500 3285 4556 οὔθ’
3310 4501 3469 4555 eam
3497 4498 3611 4553 οὗθ’
3635 4498 3755 4551 ἐτε-

503 4607 684 4650 terum
722 4592 994 4662 Spiritum
1028 4594 1299 4663 producit.

574 4686 726 4741 Vana
757 4694 841 4740 est
868 4684 972 4739 ista
1009 4685 1171 4750 ratio,
1210 4696 1267 4741 et
1303 4698 1494 4744 contra
1532 4689 1713 4761 ipsum
1740 4692 1913 4763 magis
1946 4706 2077 4748 con-

500 4777 712 4841 cludit,
752 4777 849 4847 qui
891 4777 996 4832 lioc
1036 4777 1260 4833 dixerit.
1301 4779 1359 4836 Si
1400 4782 1548 4835 enim
1585 4782 1789 4838 nullius
1824 4799 2075 4853 persona:

504 4884 729 4925 causam
771 4882 921 4935 esse,
978 4868 1422 4939 imperfectionis
1474 4880 1530 4926 et
1567 4872 1973 4930 imminutionis
2019 4875 2076 4930 in

498 4958 778 5016 Trinitate
847 4958 955 5016 hoc
1002 4959 1219 5032 signum
1268 4975 1390 5016 esse
1455 4972 1676 5033 Oportet
1713 4966 2074 5023 existimare:

501 5052 677 5124 igitur
724 5052 874 5124 quod
932 5052 1163 5119 minus,
1216 5068 1285 5108 eo
1337 5054 1484 5124 quod
1544 5056 1667 5125 plus
1717 5072 2077 5126 personarum

501 5144 764 5217 producit
804 5144 920 5217 (Ι),
962 5143 1339 5214 imperfectius
1394 5146 1521 5201 erit.
1574 5148 1683 5203 Sed
1735 5164 1859 5206 cum
1907 5151 2083 5207 Filius

506 5237 676 5293 unius
710 5246 922 5293 tantum
960 5252 1207 5307 persona:
1250 5236 1524 5308 Spiritus,
1559 5254 1685 5294 cum
1721 5241 1881 5310 Patre
1914 5257 2079 5297 causa

509 5332 605 5397 sit,
632 5331 816 5385 minor
842 5331 951 5386 erit
978 5330 1159 5393 Patre,
1192 5331 1287 5395 qui
1318 5338 1375 5384 et
1408 5330 1583 5400 ipsius
1609 5330 1752 5395 Filii,
1772 5346 1827 5387 et
1843 5334 2081 5405 Spiritus

507 5440 676 5479 causa
716 5424 958 5479 exsistit.
998 5424 1070 5476 At
1105 5421 1255 5476 enim
1300 5420 1405 5477 hoc
1440 5423 1527 5478 vel
1567 5426 1846 5494 cogitare,
1888 5427 2083 5481 absur-

507 5517 640 5569 dum
681 5524 812 5570 est:
859 5513 1027 5584 igitur
1068 5510 1204 5567 illud
1244 5525 1465 5581 quoque
1516 5512 1763 5582 ejusdem
1821 5512 2083 5568 absurdi-

506 5607 637 5661 tatis
697 5614 801 5662 est.
858 5604 989 5665 Esse
1049 5603 1199 5658 enim
1251 5618 1475 5658 causam
1534 5605 1619 5659 vel
1682 5616 1967 5660 causatum
2026 5606 2082 5659 in

581 5728 659 5795 (Ι)
714 5726 1041 5795 lstmlsane
1091 5722 1145 5776 in
1201 5723 1377 5777 solum
1431 5723 1595 5777 etiam
1635 5719 2084 5795 Patremhmagis

510 5791 783 5867 quadrare
836 5794 1075 5861 videtur,
1127 5795 1220 5863 qui
1266 5797 1419 5867 juxta
1474 5796 1814 5849 recentiores
1864 5791 2085 5847 (ἑταῖρος

2182 4613 2274 4669 ρον
2304 4596 2525 4664 πνεῦμα
2555 4591 2892 4665 προϐάλλεί·

2250 4689 2495 4750 Μάταιος
2527 4690 2554 4741 6
2579 4688 2768 4755 λόγος,
2803 4687 2898 4740 καὶ
2929 4686 3054 4740 καθ’
3079 4686 3274 4740 ἑαυτοῦ
3310 4686 3511 4756 μᾶλλον
3541 4687 3568 4739 6
3598 4684 3756 4738 τοῦτο

2182 4781 2409 4851 φάσκων
2444 4781 2809 4851 συμπεραίνει
2830 4794 2845 4809 ο
2880 4781 2927 4832 εί
2963 4781 3071 4850 γὰρ
3107 4779 3360 4841 ἀτελείας
3391 4782 3488 4832 καὶ
3521 4776 3752 4831 ἐλαττὼσ

2184 4890 2320 4935 σεως
2347 4871 2507 4925 τοῦτο
2536 4873 2762 4941 σημεῖον
2787 4872 2846 4923 ἐν
2871 4872 2941 4941 τῇ
2968 4871 3163 4941 Τριάδι
3192 4870 3399 4923 οἴεσθαι
3424 4870 3526 4934 δεῖ,
3554 4869 3614 4922 τὸ
3644 4885 3755 4936 μη-

2179 4965 2329 5028 δενὸς
2359 4964 2467 5017 τῶν
2500 4963 2809 5033 προσώπων
2839 4963 3012 5016 αἴτιον
3042 4957 3181 5015 εἶναι
3203 5003 3217 5027 ,
3251 4963 3343 5015 καὶ
3369 4960 3428 5013 τὸ
3455 4961 3756 5013 ἐλαττόνων

2182 5057 2290 5125 ἄρα
2328 5055 2633 5125 προσώπων
2668 5052 2842 5106 αἴτιον
2878 5052 2974 5106 τοῦ
3017 5052 3278 5104 πλειόνων
3315 5051 3493 5105 αἰτίου
3532 5050 3753 5103 ἔλαττον

2182 5149 2356 5201 ἔσται.
2395 5146 2536 5199 Ἀλλ’
2562 5147 2590 5199 6
2633 5145 2760 5209 Tib;
2802 5144 2919 5206 ἐνὸς
2960 5142 3258 5212 προσώπου
3298 5143 3392 5196 τοῦ
3435 5143 3756 5212 Πνεῦματος

2186 5242 2348 5312 μόνου
2386 5240 2558 5303 αἴτιος
2594 5237 2670 5291 ὢν
2708 5238 2805 5290 σὺν
2836 5237 2915 5306 τῷ
2957 5236 3154 5307 Πατρὶ,
3196 5236 3435 5289 ἐλάττων
3469 5235 3627 5288 ἐσται
3662 5233 3757 5286 τοῦ

2185 5331 2420 5401 Πατρὸς,
2458 5330 2633 5382 αἰτίου
2670 5328 2821 5385 ὄντος
2858 5328 2953 5379 καὶ
3019 5326 3185 5379 αὑτοῦ
3222 5324 3318 5378 τοῦ
3360 5325 3493 5378 Υίοῦ
3533 5325 3628 5377 καὶ
3663 5322 3757 5376 τοῦ

2185 5422 2329 5475 Πνεύ
2340 5437 2525 5491 ματος.
2565 5418 2725 5472 Ἀλλὰ
2750 5416 2907 5470 τοῦτο
2934 5418 3135 5471 ἄτοπον
3164 5415 3261 5468 καὶ
3295 5415 3455 5485 μόνον
3483 5414 3757 5482 ἐννοῆσαι.

2187 5514 2427 5567 Κάκείνο
2463 5510 2644 5563 τοίνυν
2684 5509 2783 5578 τῆς
2822 5508 3014 5575 ὁμοίας
3055 5504 3206 5558 ἐστὶν
3241 5504 3493 5568 ἀτοπίας.
3535 5504 3607 5555 Τὸ
3644 5503 3755 5574 γὰρ

2187 5608 2358 5660 αἴτιον
2387 5605 2419 5675 ἢ
2452 5603 2693 5656 αἰτιατδν
2722 5597 2863 5654 εἶναι
2894 5601 2951 5651 ἐν
2993 5600 3060 5668 τῇ
3088 5596 3278 5667 Τριάδι
3309 5599 3391 5659 si;
3437 5596 3507 5648 τὰ
3538 5611 3756 5665 προσω-

2189 5720 2340 5774 solus
2383 5727 2439 5771 et
2482 5723 2711 5786 generat
2750 5722 2805 5767 et
2847 5710 3128 5786 producit.
3175 5707 3363 5786 Neque
3402 5717 3585 5786 tamen
3634 5706 3762 5763 inde

2189 5791 2274 5846 vel
2310 5778 2641 5859 tnajor'aliis
2674 5778 2928 5856 personis
2959 5789 3226 5837 censetur
3255 5778 3340 5834 vel
3372 5780 3578 5834 minor.
