  <div class='ocr_page' id='page_1' title='image "/cluster/home/n/w/nwhite01/storage/ocr_20150623/161/coo.31924054870666/274.png"; bbox 0 0 4124 6464; ppageno 0'>
   <div class='ocr_carea' id='block_1_1' title="bbox 457 395 568 456">
    <p class='ocr_par' dir='ltr' id='par_1_1' title="bbox 457 395 568 456">
     <span class='ocr_line' id='line_1_1' title="bbox 457 395 568 456; baseline 0.009 -2"><span class='ocrx_word' id='word_1_1' title='bbox 457 395 568 456; x_wconf 75' lang='grc' dir='ltr'><strong>3ίῖ9</strong></span> 
     </span>
    </p>
   </div>
   <div class='ocr_carea' id='block_1_2' title="bbox 1396 389 2805 468">
    <p class='ocr_par' dir='ltr' id='par_1_2' title="bbox 1396 389 2805 468">
     <span class='ocr_line' id='line_1_2' title="bbox 1396 389 2805 468; baseline 0.002 -17"><span class='ocrx_word' id='word_1_2' title='bbox 1396 391 1498 452; x_wconf 86' lang='lat' dir='ltr'><strong>DE</strong></span> <span class='ocrx_word' id='word_1_3' title='bbox 1534 389 2070 452; x_wconf 76' lang='lat' dir='ltr'><strong>PROCESSIONE</strong></span> <span class='ocrx_word' id='word_1_4' title='bbox 2113 393 2480 468; x_wconf 82' lang='lat' dir='ltr'><strong>SPIRITUS</strong></span> <span class='ocrx_word' id='word_1_5' title='bbox 2511 393 2805 454; x_wconf 81' lang='lat' dir='ltr'><strong>SANCTI.</strong></span> 
     </span>
    </p>
   </div>
   <div class='ocr_carea' id='block_1_3' title="bbox 3616 382 3722 443">
    <p class='ocr_par' dir='ltr' id='par_1_3' title="bbox 3616 382 3722 443">
     <span class='ocr_line' id='line_1_3' title="bbox 3616 382 3722 443; baseline 0 0"><span class='ocrx_word' id='word_1_6' title='bbox 3616 382 3722 443; x_wconf 81' lang='grc' dir='ltr'><strong>3το</strong></span> 
     </span>
    </p>
   </div>
   <div class='ocr_carea' id='block_1_4' title="bbox 463 461 2078 572">
    <p class='ocr_par' dir='ltr' id='par_1_4' title="bbox 463 497 2048 572">
     <span class='ocr_line' id='line_1_4' title="bbox 463 497 2048 572; baseline -0.006 -12"><span class='ocrx_word' id='word_1_7' title='bbox 463 506 604 560; x_wconf 67' lang='lat' dir='ltr'><strong>arma:</strong></span> <span class='ocrx_word' id='word_1_8' title='bbox 651 499 1062 572; x_wconf 77' lang='grc' dir='ltr'>ἀναφερόμενον</span> <span class='ocrx_word' id='word_1_9' title='bbox 1117 497 1423 568; x_wconf 75' lang='grc' dir='ltr'><strong>ἰδιώματα,</strong></span> <span class='ocrx_word' id='word_1_10' title='bbox 1475 499 1600 552; x_wconf 80' lang='grc' dir='ltr'>οὐτε</span> <span class='ocrx_word' id='word_1_11' title='bbox 1657 501 1882 566; x_wconf 78' lang='grc' dir='ltr'>μεῖζον,</span> <span class='ocrx_word' id='word_1_12' title='bbox 1935 497 2048 552; x_wconf 79' lang='grc' dir='ltr'>οὐτ’</span> 
     </span>
    </p>
   </div>
   <div class='ocr_carea' id='block_1_5' title="bbox 2179 461 3724 572">
    <p class='ocr_par' dir='ltr' id='par_1_5' title="bbox 2179 493 3724 570">
     <span class='ocr_line' id='line_1_5' title="bbox 2179 493 3724 570; baseline -0.001 -20"><span class='ocrx_word' id='word_1_13' title='bbox 2179 497 2458 566; x_wconf 80' lang='lat' dir='ltr'><strong>i&#39;rinitate,</strong></span> <span class='ocrx_word' id='word_1_14' title='bbox 2508 499 2656 570; x_wconf 90' lang='lat' dir='ltr'><strong>quod</strong></span> <span class='ocrx_word' id='word_1_15' title='bbox 2713 499 2778 554; x_wconf 87' lang='lat' dir='ltr'><strong>ad</strong></span> <span class='ocrx_word' id='word_1_16' title='bbox 2829 497 3152 568; x_wconf 86' lang='lat' dir='ltr'><strong>personales</strong></span> <span class='ocrx_word' id='word_1_17' title='bbox 3213 493 3582 567; x_wconf 86' lang='lat' dir='ltr'><strong>proprietates</strong></span> <span class='ocrx_word' id='word_1_18' title='bbox 3635 507 3724 548; x_wconf 84' lang='lat' dir='ltr'><strong>re-</strong></span> 
     </span>
    </p>
   </div>
   <div class='ocr_carea' id='block_1_6' title="bbox 468 585 1944 663">
    <p class='ocr_par' dir='ltr' id='par_1_6' title="bbox 468 585 1944 663">
     <span class='ocr_line' id='line_1_6' title="bbox 468 585 1944 663; baseline -0.006 -10"><span class='ocrx_word' id='word_1_19' title='bbox 468 599 688 653; x_wconf 73' lang='grc' dir='ltr'>ἐλαττον</span> <span class='ocrx_word' id='word_1_20' title='bbox 718 595 907 662; x_wconf 73' lang='grc' dir='ltr'>ἕτερον</span> <span class='ocrx_word' id='word_1_21' title='bbox 940 591 1129 663; x_wconf 81' lang='grc' dir='ltr'>ἐτέρου</span> <span class='ocrx_word' id='word_1_22' title='bbox 1163 591 1308 643; x_wconf 84' lang='grc' dir='ltr'>ποιεῖ</span> <span class='ocrx_word' id='word_1_23' title='bbox 1337 589 1370 660; x_wconf 84' lang='grc' dir='ltr'><strong>ἧ</strong></span> <span class='ocrx_word' id='word_1_24' title='bbox 1406 585 1568 656; x_wconf 76' lang='grc' dir='ltr'>εἶναι,</span> <span class='ocrx_word' id='word_1_25' title='bbox 1603 591 1637 662; x_wconf 79' lang='grc' dir='ltr'><strong>ἦ</strong></span> <span class='ocrx_word' id='word_1_26' title='bbox 1667 589 1944 657; x_wconf 80' lang='grc' dir='ltr'>λέγεσθαι.</span> 
     </span>
    </p>
   </div>
   <div class='ocr_carea' id='block_1_7' title="bbox 544 767 2050 843">
    <p class='ocr_par' dir='ltr' id='par_1_7' title="bbox 544 767 2050 843">
     <span class='ocr_line' id='line_1_7' title="bbox 544 767 2050 843; baseline -0.005 -14"><span class='ocrx_word' id='word_1_27' title='bbox 544 775 664 830; x_wconf 84' lang='grc' dir='ltr'>Ἔτι</span> <span class='ocrx_word' id='word_1_28' title='bbox 697 775 744 826; x_wconf 82' lang='grc' dir='ltr'><strong>εί</strong></span> <span class='ocrx_word' id='word_1_29' title='bbox 777 774 810 843; x_wconf 82' lang='grc' dir='ltr'><strong>ἡ</strong></span> <span class='ocrx_word' id='word_1_30' title='bbox 844 769 940 825; x_wconf 82' lang='grc' dir='ltr'><strong>τοῦ</strong></span> <span class='ocrx_word' id='word_1_31' title='bbox 973 770 1169 841; x_wconf 73' lang='grc' dir='ltr'>γεννᾷν</span> <span class='ocrx_word' id='word_1_32' title='bbox 1203 769 1299 822; x_wconf 79' lang='grc' dir='ltr'><strong>καὶ</strong></span> <span class='ocrx_word' id='word_1_33' title='bbox 1329 767 1422 822; x_wconf 88' lang='grc' dir='ltr'><strong>τοῦ</strong></span> <span class='ocrx_word' id='word_1_34' title='bbox 1456 767 1786 840; x_wconf 78' lang='grc' dir='ltr'>προϐάλλειν</span> <span class='ocrx_word' id='word_1_35' title='bbox 1815 768 2050 839; x_wconf 85' lang='grc' dir='ltr'>δύναμις</span> 
     </span>
    </p>
   </div>
   <div class='ocr_carea' id='block_1_8' title="bbox 471 860 2052 936">
    <p class='ocr_par' dir='ltr' id='par_1_8' title="bbox 471 860 2052 936">
     <span class='ocr_line' id='line_1_8' title="bbox 471 860 2052 936; baseline -0.006 -14"><span class='ocrx_word' id='word_1_36' title='bbox 471 869 638 936; x_wconf 80' lang='grc' dir='ltr'>ἄμφω</span> <span class='ocrx_word' id='word_1_37' title='bbox 675 865 1004 919; x_wconf 71' lang='grc' dir='ltr'>συστατικαὶ</span> <span class='ocrx_word' id='word_1_38' title='bbox 1031 861 1126 914; x_wconf 82' lang='grc' dir='ltr'>τοῦ</span> <span class='ocrx_word' id='word_1_39' title='bbox 1163 861 1458 930; x_wconf 81' lang='grc' dir='ltr'><strong>προσώπου</strong></span> <span class='ocrx_word' id='word_1_40' title='bbox 1495 861 1604 914; x_wconf 69' lang='lat' dir='ltr'><strong>sict</strong></span> <span class='ocrx_word' id='word_1_41' title='bbox 1651 861 1746 914; x_wconf 88' lang='grc' dir='ltr'><strong>τοῦ</strong></span> <span class='ocrx_word' id='word_1_42' title='bbox 1783 860 2052 931; x_wconf 79' lang='grc' dir='ltr'><strong>πατρικοῦ</strong></span> 
     </span>
    </p>
   </div>
   <div class='ocr_carea' id='block_1_9' title="bbox 473 948 2054 1028">
    <p class='ocr_par' dir='ltr' id='par_1_9' title="bbox 473 948 2054 1028">
     <span class='ocr_line' id='line_1_9' title="bbox 473 948 2054 1028; baseline -0.004 -17"><span class='ocrx_word' id='word_1_43' title='bbox 473 960 580 1028; x_wconf 77' lang='grc' dir='ltr'>ίδίᾳ</span> <span class='ocrx_word' id='word_1_44' title='bbox 603 959 698 1010; x_wconf 77' lang='grc' dir='ltr'><strong>καὶ</strong></span> <span class='ocrx_word' id='word_1_45' title='bbox 725 956 828 1010; x_wconf 81' lang='grc' dir='ltr'><strong>άνά</strong></span> <span class='ocrx_word' id='word_1_46' title='bbox 855 955 1019 1025; x_wconf 79' lang='grc' dir='ltr'>μέρος</span> <span class='ocrx_word' id='word_1_47' title='bbox 1041 995 1056 1021; x_wconf 91' lang='grc'><strong>,</strong></span> <span class='ocrx_word' id='word_1_48' title='bbox 1081 953 1326 1024; x_wconf 79' lang='grc' dir='ltr'><strong>ἑκάστης</strong></span> <span class='ocrx_word' id='word_1_49' title='bbox 1350 953 1407 1006; x_wconf 84' lang='grc' dir='ltr'>δὲ</span> <span class='ocrx_word' id='word_1_50' title='bbox 1434 953 1719 1021; x_wconf 75' lang='grc' dir='ltr'><strong>ἐνεργείας</strong></span> <span class='ocrx_word' id='word_1_51' title='bbox 1743 948 1881 1014; x_wconf 78' lang='grc' dir='ltr'>εἶδός</span> <span class='ocrx_word' id='word_1_52' title='bbox 1907 953 2054 1005; x_wconf 75' lang='grc' dir='ltr'>ἐστιν</span> 
     </span>
    </p>
   </div>
   <div class='ocr_carea' id='block_1_10' title="bbox 471 1044 2055 1119">
    <p class='ocr_par' dir='ltr' id='par_1_10' title="bbox 471 1044 2055 1119">
     <span class='ocr_line' id='line_1_10' title="bbox 471 1044 2055 1119; baseline -0.002 -16"><span class='ocrx_word' id='word_1_53' title='bbox 471 1052 614 1119; x_wconf 71' lang='grc' dir='ltr'><strong>ἀργή</strong></span> <span class='ocrx_word' id='word_1_54' title='bbox 644 1065 657 1079; x_wconf 88' lang='grc'><strong>·</strong></span> <span class='ocrx_word' id='word_1_55' title='bbox 691 1050 786 1101; x_wconf 87' lang='grc' dir='ltr'><strong>δύο</strong></span> <span class='ocrx_word' id='word_1_56' title='bbox 824 1049 939 1116; x_wconf 84' lang='grc' dir='ltr'>είδη</span> <span class='ocrx_word' id='word_1_57' title='bbox 974 1047 1084 1099; x_wconf 86' lang='grc' dir='ltr'><strong>τῶν</strong></span> <span class='ocrx_word' id='word_1_58' title='bbox 1119 1045 1213 1099; x_wconf 80' lang='grc' dir='ltr'>δύο</span> <span class='ocrx_word' id='word_1_59' title='bbox 1247 1046 1456 1100; x_wconf 81' lang='grc' dir='ltr'>τούτων</span> <span class='ocrx_word' id='word_1_60' title='bbox 1490 1045 1782 1116; x_wconf 79' lang='grc' dir='ltr'>ἐνεργειῶν</span> <span class='ocrx_word' id='word_1_61' title='bbox 1819 1044 2055 1100; x_wconf 80' lang='grc' dir='ltr'>ἔσονται.</span> 
     </span>
    </p>
   </div>
   <div class='ocr_carea' id='block_1_11' title="bbox 471 1129 2054 1207">
    <p class='ocr_par' dir='ltr' id='par_1_11' title="bbox 471 1129 2054 1207">
     <span class='ocr_line' id='line_1_11' title="bbox 471 1129 2054 1207; baseline -0.003 -13"><span class='ocrx_word' id='word_1_62' title='bbox 471 1143 749 1195; x_wconf 80' lang='grc' dir='ltr'>Ἐκαστον</span> <span class='ocrx_word' id='word_1_63' title='bbox 794 1139 852 1192; x_wconf 72' lang='grc' dir='ltr'>δὲ</span> <span class='ocrx_word' id='word_1_64' title='bbox 902 1138 1233 1191; x_wconf 71' lang='grc' dir='ltr'>συστατικδν</span> <span class='ocrx_word' id='word_1_65' title='bbox 1280 1129 1421 1201; x_wconf 78' lang='grc' dir='ltr'>εἶδος</span> <span class='ocrx_word' id='word_1_66' title='bbox 1467 1139 1761 1206; x_wconf 88' lang='grc' dir='ltr'>πρόσωπον</span> <span class='ocrx_word' id='word_1_67' title='bbox 1805 1139 2054 1207; x_wconf 80' lang='grc' dir='ltr'>συνιστᾷ.</span> 
     </span>
    </p>
   </div>
   <div class='ocr_carea' id='block_1_12' title="bbox 481 1227 2060 1300">
    <p class='ocr_par' dir='ltr' id='par_1_12' title="bbox 481 1227 2060 1300">
     <span class='ocr_line' id='line_1_12' title="bbox 481 1227 2060 1300; baseline -0.001 -16"><span class='ocrx_word' id='word_1_68' title='bbox 481 1235 590 1284; x_wconf 73' lang='grc' dir='ltr'><strong>Καὶ·</strong></span> <span class='ocrx_word' id='word_1_69' title='bbox 626 1231 800 1294; x_wconf 81' lang='grc' dir='ltr'>οὑτως</span> <span class='ocrx_word' id='word_1_70' title='bbox 837 1233 864 1283; x_wconf 85' lang='grc' dir='ltr'>ὁ</span> <span class='ocrx_word' id='word_1_71' title='bbox 909 1230 1098 1300; x_wconf 77' lang='grc' dir='ltr'>Πατὴρ</span> <span class='ocrx_word' id='word_1_72' title='bbox 1137 1229 1232 1282; x_wconf 83' lang='grc' dir='ltr'>δύο</span> <span class='ocrx_word' id='word_1_73' title='bbox 1265 1229 1538 1300; x_wconf 84' lang='grc' dir='ltr'>πρόσωπα</span> <span class='ocrx_word' id='word_1_74' title='bbox 1579 1228 1753 1284; x_wconf 76' lang='grc' dir='ltr'>ἔσται.</span> <span class='ocrx_word' id='word_1_75' title='bbox 1789 1227 1964 1282; x_wconf 85' lang='grc' dir='ltr'>Τοῦτο</span> <span class='ocrx_word' id='word_1_76' title='bbox 2001 1229 2060 1282; x_wconf 80' lang='grc' dir='ltr'>δὲ</span> 
     </span>
    </p>
   </div>
   <div class='ocr_carea' id='block_1_13' title="bbox 481 1318 2062 1391">
    <p class='ocr_par' dir='ltr' id='par_1_13' title="bbox 481 1318 2062 1391">
     <span class='ocr_line' id='line_1_13' title="bbox 481 1318 2062 1391; baseline -0.002 -16"><span class='ocrx_word' id='word_1_77' title='bbox 481 1323 706 1377; x_wconf 79' lang='grc' dir='ltr'><strong>ἄτοπον.</strong></span> <span class='ocrx_word' id='word_1_78' title='bbox 740 1323 852 1373; x_wconf 85' lang='grc' dir='ltr'><strong>Οὐκ</strong></span> <span class='ocrx_word' id='word_1_79' title='bbox 882 1321 990 1391; x_wconf 76' lang='grc' dir='ltr'><strong>ἄρα</strong></span> <span class='ocrx_word' id='word_1_80' title='bbox 1022 1323 1054 1390; x_wconf 84' lang='grc' dir='ltr'>ἠ</span> <span class='ocrx_word' id='word_1_81' title='bbox 1087 1321 1178 1373; x_wconf 90' lang='grc' dir='ltr'><strong>τοῦ</strong></span> <span class='ocrx_word' id='word_1_82' title='bbox 1213 1319 1546 1390; x_wconf 77' lang='grc' dir='ltr'>προϐάλλειν</span> <span class='ocrx_word' id='word_1_83' title='bbox 1575 1318 1806 1389; x_wconf 87' lang='grc' dir='ltr'>δύναμις</span> <span class='ocrx_word' id='word_1_84' title='bbox 1835 1321 2062 1390; x_wconf 79' lang='grc' dir='ltr'>συνιστᾷ</span> 
     </span>
    </p>
   </div>
   <div class='ocr_carea' id='block_1_14' title="bbox 481 1407 2060 1478">
    <p class='ocr_par' dir='ltr' id='par_1_14' title="bbox 481 1407 2060 1478">
     <span class='ocr_line' id='line_1_14' title="bbox 481 1407 2060 1478; baseline 0.001 -21"><span class='ocrx_word' id='word_1_85' title='bbox 481 1409 540 1458; x_wconf 74' lang='grc' dir='ltr'>τὸ</span> <span class='ocrx_word' id='word_1_86' title='bbox 578 1409 872 1476; x_wconf 73' lang='grc' dir='ltr'>πρόσωπον</span> <span class='ocrx_word' id='word_1_87' title='bbox 905 1407 999 1460; x_wconf 90' lang='grc' dir='ltr'><strong>τοῦ</strong></span> <span class='ocrx_word' id='word_1_88' title='bbox 1040 1407 1276 1477; x_wconf 77' lang='grc' dir='ltr'><strong>Πατρός.</strong></span> <span class='ocrx_word' id='word_1_89' title='bbox 1313 1407 1376 1460; x_wconf 85' lang='grc' dir='ltr'><strong>Εἰ</strong></span> <span class='ocrx_word' id='word_1_90' title='bbox 1407 1407 1461 1460; x_wconf 75' lang='grc' dir='ltr'>δὲ</span> <span class='ocrx_word' id='word_1_91' title='bbox 1497 1408 1570 1477; x_wconf 82' lang='grc' dir='ltr'>μὴ</span> <span class='ocrx_word' id='word_1_92' title='bbox 1609 1409 1836 1478; x_wconf 79' lang='grc' dir='ltr'>συνιστᾷ</span> <span class='ocrx_word' id='word_1_93' title='bbox 1859 1449 1871 1470; x_wconf 91' lang='grc'><strong>,</strong></span> <span class='ocrx_word' id='word_1_94' title='bbox 1905 1409 2060 1478; x_wconf 69' lang='grc' dir='ltr'>κοινὴ</span> 
     </span>
    </p>
   </div>
   <div class='ocr_carea' id='block_1_15' title="bbox 487 1499 2062 1570">
    <p class='ocr_par' dir='ltr' id='par_1_15' title="bbox 487 1499 2062 1570">
     <span class='ocr_line' id='line_1_15' title="bbox 487 1499 2062 1570; baseline 0.002 -18"><span class='ocrx_word' id='word_1_95' title='bbox 487 1500 592 1567; x_wconf 79' lang='grc' dir='ltr'><strong>ἄρα</strong></span> <span class='ocrx_word' id='word_1_96' title='bbox 625 1502 738 1551; x_wconf 69' lang='grc' dir='ltr'>ἐστὶ</span> <span class='ocrx_word' id='word_1_97' title='bbox 769 1501 864 1552; x_wconf 75' lang='grc' dir='ltr'><strong>καὶ</strong></span> <span class='ocrx_word' id='word_1_98' title='bbox 892 1499 969 1569; x_wconf 82' lang='grc' dir='ltr'><strong>τῷ</strong></span> <span class='ocrx_word' id='word_1_99' title='bbox 1001 1500 1138 1567; x_wconf 83' lang='grc' dir='ltr'><strong>Υἱῷ.</strong></span> <span class='ocrx_word' id='word_1_100' title='bbox 1167 1501 1278 1554; x_wconf 75' lang='grc' dir='ltr'><strong>Καὶ</strong></span> <span class='ocrx_word' id='word_1_101' title='bbox 1309 1499 1482 1563; x_wconf 74' lang='grc' dir='ltr'>οὕτως</span> <span class='ocrx_word' id='word_1_102' title='bbox 1509 1499 1570 1552; x_wconf 85' lang='grc' dir='ltr'><strong>τδ</strong></span> <span class='ocrx_word' id='word_1_103' title='bbox 1601 1499 1826 1570; x_wconf 73' lang='grc' dir='ltr'>Πνεῦμα</span> <span class='ocrx_word' id='word_1_104' title='bbox 1857 1503 1921 1554; x_wconf 77' lang='grc' dir='ltr'><strong>ὲκ</strong></span> <span class='ocrx_word' id='word_1_105' title='bbox 1951 1502 2062 1554; x_wconf 73' lang='grc' dir='ltr'>Πα-</span> 
     </span>
    </p>
   </div>
   <div class='ocr_carea' id='block_1_16' title="bbox 485 1589 1318 1662">
    <p class='ocr_par' dir='ltr' id='par_1_16' title="bbox 485 1589 1318 1662">
     <span class='ocr_line' id='line_1_16' title="bbox 485 1589 1318 1662; baseline 0.006 -22"><span class='ocrx_word' id='word_1_106' title='bbox 485 1591 611 1658; x_wconf 70' lang='grc' dir='ltr'>τρὸς</span> <span class='ocrx_word' id='word_1_107' title='bbox 643 1591 735 1642; x_wconf 71' lang='grc' dir='ltr'><strong>καὶ</strong></span> <span class='ocrx_word' id='word_1_108' title='bbox 769 1591 902 1643; x_wconf 85' lang='grc' dir='ltr'>Υίοῦ</span> <span class='ocrx_word' id='word_1_109' title='bbox 933 1589 1318 1662; x_wconf 79' lang='grc' dir='ltr'><strong>ἐκπορεύεται.</strong></span> 
     </span>
    </p>
   </div>
   <div class='ocr_carea' id='block_1_17' title="bbox 563 1769 2067 1840">
    <p class='ocr_par' dir='ltr' id='par_1_17' title="bbox 563 1769 2067 1840">
     <span class='ocr_line' id='line_1_17' title="bbox 563 1769 2067 1840; baseline -0.002 -14"><span class='ocrx_word' id='word_1_110' title='bbox 563 1775 684 1826; x_wconf 78' lang='grc' dir='ltr'><strong>Ἔτι</strong></span> <span class='ocrx_word' id='word_1_111' title='bbox 721 1772 918 1832; x_wconf 81' lang='grc' dir='ltr'>κοινῶς</span> <span class='ocrx_word' id='word_1_112' title='bbox 959 1771 1109 1840; x_wconf 68' lang='grc' dir='ltr'>παρὰ</span> <span class='ocrx_word' id='word_1_113' title='bbox 1155 1769 1374 1824; x_wconf 84' lang='grc' dir='ltr'>πάντων</span> <span class='ocrx_word' id='word_1_114' title='bbox 1411 1769 1754 1840; x_wconf 83' lang='grc' dir='ltr'>ὁμολογεῖται</span> <span class='ocrx_word' id='word_1_115' title='bbox 1783 1771 1893 1824; x_wconf 85' lang='grc' dir='ltr'><strong>τῶν</strong></span> <span class='ocrx_word' id='word_1_116' title='bbox 1922 1769 2067 1824; x_wconf 86' lang='grc' dir='ltr'>διδα-</span> 
     </span>
    </p>
   </div>
   <div class='ocr_carea' id='block_1_18' title="bbox 2149 585 3728 662">
    <p class='ocr_par' dir='ltr' id='par_1_18' title="bbox 2149 585 3728 662">
     <span class='ocr_line' id='line_1_18' title="bbox 2149 585 3728 662; baseline -0.003 -21"><span class='ocrx_word' id='word_1_117' title='bbox 2149 588 2352 656; x_wconf 88' lang='lat' dir='ltr'><strong>fertur,</strong></span> <span class='ocrx_word' id='word_1_118' title='bbox 2402 606 2582 660; x_wconf 84' lang='lat' dir='ltr'><strong>neque</strong></span> <span class='ocrx_word' id='word_1_119' title='bbox 2631 591 2895 662; x_wconf 86' lang='lat' dir='ltr'><strong>majorem</strong></span> <span class='ocrx_word' id='word_1_120' title='bbox 2941 589 3029 644; x_wconf 83' lang='lat' dir='ltr'><strong>vel</strong></span> <span class='ocrx_word' id='word_1_121' title='bbox 3071 602 3192 644; x_wconf 88' lang='lat' dir='ltr'><strong>esse</strong></span> <span class='ocrx_word' id='word_1_122' title='bbox 3232 586 3320 642; x_wconf 80' lang='lat' dir='ltr'><strong>vel</strong></span> <span class='ocrx_word' id='word_1_123' title='bbox 3360 585 3508 652; x_wconf 89' lang='lat' dir='ltr'><strong>dici,</strong></span> <span class='ocrx_word' id='word_1_124' title='bbox 3546 599 3728 654; x_wconf 81' lang='lat' dir='ltr'><strong>neque</strong></span> 
     </span>
    </p>
   </div>
   <div class='ocr_carea' id='block_1_19' title="bbox 2151 681 3093 738">
    <p class='ocr_par' dir='ltr' id='par_1_19' title="bbox 2151 681 3093 738">
     <span class='ocr_line' id='line_1_19' title="bbox 2151 681 3093 738; baseline 0.001 -5"><span class='ocrx_word' id='word_1_125' title='bbox 2151 681 2424 736; x_wconf 86' lang='lat' dir='ltr'><strong>minorem</strong></span> <span class='ocrx_word' id='word_1_126' title='bbox 2459 682 2698 738; x_wconf 89' lang='lat' dir='ltr'><strong>alterum</strong></span> <span class='ocrx_word' id='word_1_127' title='bbox 2732 681 2910 738; x_wconf 90' lang='lat' dir='ltr'><strong>altero</strong></span> <span class='ocrx_word' id='word_1_128' title='bbox 2943 681 3093 736; x_wconf 89' lang='lat' dir='ltr'><strong>facit.</strong></span> 
     </span>
    </p>
   </div>
   <div class='ocr_carea' id='block_1_20' title="bbox 2225 767 3730 845">
    <p class='ocr_par' dir='ltr' id='par_1_20' title="bbox 2225 767 3730 845">
     <span class='ocr_line' id='line_1_20' title="bbox 2225 767 3730 845; baseline -0.008 -14"><span class='ocrx_word' id='word_1_129' title='bbox 2225 777 2534 840; x_wconf 75' lang='lat' dir='ltr'><strong>Praeterea,</strong></span> <span class='ocrx_word' id='word_1_130' title='bbox 2573 775 2617 828; x_wconf 89' lang='lat' dir='ltr'><strong>si</strong></span> <span class='ocrx_word' id='word_1_131' title='bbox 2659 783 2896 845; x_wconf 88' lang='lat' dir='ltr'><strong>utraque</strong></span> <span class='ocrx_word' id='word_1_132' title='bbox 2955 774 3038 829; x_wconf 86' lang='lat' dir='ltr'><strong>vis</strong></span> <span class='ocrx_word' id='word_1_133' title='bbox 3085 769 3388 843; x_wconf 77' lang='lat' dir='ltr'><strong>generandi</strong></span> <span class='ocrx_word' id='word_1_134' title='bbox 3429 779 3486 824; x_wconf 89' lang='lat' dir='ltr'><strong>et</strong></span> <span class='ocrx_word' id='word_1_135' title='bbox 3525 767 3730 837; x_wconf 76' lang='lat' dir='ltr'><strong>produ-</strong></span> 
     </span>
    </p>
   </div>
   <div class='ocr_carea' id='block_1_21' title="bbox 2153 865 3732 937">
    <p class='ocr_par' dir='ltr' id='par_1_21' title="bbox 2153 865 3732 937">
     <span class='ocr_line' id='line_1_21' title="bbox 2153 865 3732 937; baseline -0.009 -11"><span class='ocrx_word' id='word_1_136' title='bbox 2153 869 2314 926; x_wconf 86' lang='lat' dir='ltr'><strong>cendi</strong></span> <span class='ocrx_word' id='word_1_137' title='bbox 2339 869 2628 924; x_wconf 87' lang='lat' dir='ltr'><strong>constituit</strong></span> <span class='ocrx_word' id='word_1_138' title='bbox 2658 881 2954 937; x_wconf 82' lang='lat' dir='ltr'><strong>personam</strong></span> <span class='ocrx_word' id='word_1_139' title='bbox 2989 865 3168 920; x_wconf 88' lang='lat' dir='ltr'><strong>Patris</strong></span> <span class='ocrx_word' id='word_1_140' title='bbox 3198 877 3450 917; x_wconf 84' lang='lat' dir='ltr'><strong>seorsum</strong></span> <span class='ocrx_word' id='word_1_141' title='bbox 3483 869 3538 915; x_wconf 91' lang='lat' dir='ltr'><strong>et</strong></span> <span class='ocrx_word' id='word_1_142' title='bbox 3573 875 3732 928; x_wconf 86' lang='lat' dir='ltr'><strong>sepa-</strong></span> 
     </span>
    </p>
   </div>
   <div class='ocr_carea' id='block_1_22' title="bbox 2155 953 3731 1029">
    <p class='ocr_par' dir='ltr' id='par_1_22' title="bbox 2155 953 3731 1029">
     <span class='ocr_line' id='line_1_22' title="bbox 2155 953 3731 1029; baseline -0.009 -13"><span class='ocrx_word' id='word_1_143' title='bbox 2155 963 2342 1026; x_wconf 89' lang='lat' dir='ltr'><strong>ratim,</strong></span> <span class='ocrx_word' id='word_1_144' title='bbox 2395 960 2836 1029; x_wconf 87' lang='lat' dir='ltr'><strong>uniuscujusque</strong></span> <span class='ocrx_word' id='word_1_145' title='bbox 2897 965 3080 1011; x_wconf 87' lang='lat' dir='ltr'><strong>autem</strong></span> <span class='ocrx_word' id='word_1_146' title='bbox 3119 955 3460 1025; x_wconf 86' lang='lat' dir='ltr'><strong>operationis</strong></span> <span class='ocrx_word' id='word_1_147' title='bbox 3515 953 3731 1019; x_wconf 87' lang='lat' dir='ltr'><strong>species</strong></span> 
     </span>
    </p>
   </div>
   <div class='ocr_carea' id='block_1_23' title="bbox 2155 1047 3722 1120">
    <p class='ocr_par' dir='ltr' id='par_1_23' title="bbox 2155 1047 3722 1120">
     <span class='ocr_line' id='line_1_23' title="bbox 2155 1047 3722 1120; baseline -0.012 -12"><span class='ocrx_word' id='word_1_148' title='bbox 2155 1059 2241 1108; x_wconf 88' lang='lat' dir='ltr'><strong>est</strong></span> <span class='ocrx_word' id='word_1_149' title='bbox 2279 1050 2654 1120; x_wconf 86' lang='lat' dir='ltr'><strong>principium:</strong></span> <span class='ocrx_word' id='word_1_150' title='bbox 2697 1050 2820 1102; x_wconf 67' lang='lat' dir='ltr'><strong>duae</strong></span> <span class='ocrx_word' id='word_1_151' title='bbox 2857 1048 3074 1118; x_wconf 84' lang='lat' dir='ltr'><strong>species</strong></span> <span class='ocrx_word' id='word_1_152' title='bbox 3112 1055 3277 1100; x_wconf 90' lang='lat' dir='ltr'><strong>erunt</strong></span> <span class='ocrx_word' id='word_1_153' title='bbox 3317 1047 3552 1098; x_wconf 87' lang='lat' dir='ltr'><strong>duarum</strong></span> <span class='ocrx_word' id='word_1_154' title='bbox 3595 1055 3722 1107; x_wconf 84' lang='lat' dir='ltr'><strong>ope-</strong></span> 
     </span>
    </p>
   </div>
   <div class='ocr_carea' id='block_1_24' title="bbox 2159 1133 3735 1208">
    <p class='ocr_par' dir='ltr' id='par_1_24' title="bbox 2159 1133 3735 1208">
     <span class='ocr_line' id='line_1_24' title="bbox 2159 1133 3735 1208; baseline -0.009 -12"><span class='ocrx_word' id='word_1_155' title='bbox 2159 1141 2456 1196; x_wconf 89' lang='lat' dir='ltr'><strong>rationum.</strong></span> <span class='ocrx_word' id='word_1_156' title='bbox 2511 1139 2868 1208; x_wconf 67' lang='lat' dir='ltr'><strong>Unaquaeque</strong></span> <span class='ocrx_word' id='word_1_157' title='bbox 2908 1147 3094 1192; x_wconf 90' lang='lat' dir='ltr'><strong>autem</strong></span> <span class='ocrx_word' id='word_1_158' title='bbox 3129 1137 3488 1192; x_wconf 88' lang='lat' dir='ltr'><strong>constitutiva</strong></span> <span class='ocrx_word' id='word_1_159' title='bbox 3523 1133 3735 1202; x_wconf 81' lang='lat' dir='ltr'><strong>species</strong></span> 
     </span>
    </p>
   </div>
   <div class='ocr_carea' id='block_1_25' title="bbox 2160 1221 3705 1300">
    <p class='ocr_par' dir='ltr' id='par_1_25' title="bbox 2160 1221 3705 1300">
     <span class='ocr_line' id='line_1_25' title="bbox 2160 1221 3705 1300; baseline -0.008 -14"><span class='ocrx_word' id='word_1_160' title='bbox 2160 1246 2454 1300; x_wconf 83' lang='lat' dir='ltr'><strong>personam</strong></span> <span class='ocrx_word' id='word_1_161' title='bbox 2490 1221 2800 1285; x_wconf 71' lang='lat' dir='ltr'><strong>constiluit.</strong></span> <span class='ocrx_word' id='word_1_162' title='bbox 2833 1230 3016 1298; x_wconf 73' lang='lat' dir='ltr'><strong>Atque</strong></span> <span class='ocrx_word' id='word_1_163' title='bbox 3058 1230 3132 1283; x_wconf 85' lang='lat' dir='ltr'><strong>ita</strong></span> <span class='ocrx_word' id='word_1_164' title='bbox 3171 1229 3334 1283; x_wconf 84' lang='lat' dir='ltr'><strong>Pater</strong></span> <span class='ocrx_word' id='word_1_165' title='bbox 3367 1224 3574 1294; x_wconf 77' lang='lat' dir='ltr'><strong>duplici</strong></span> <span class='ocrx_word' id='word_1_166' title='bbox 3609 1240 3705 1292; x_wconf 86' lang='lat' dir='ltr'><strong>per</strong></span> 
     </span>
    </p>
   </div>
   <div class='ocr_carea' id='block_1_26' title="bbox 2161 1317 3732 1394">
    <p class='ocr_par' dir='ltr' id='par_1_26' title="bbox 2161 1317 3732 1394">
     <span class='ocr_line' id='line_1_26' title="bbox 2161 1317 3732 1394; baseline -0.007 -16"><span class='ocrx_word' id='word_1_167' title='bbox 2161 1338 2298 1378; x_wconf 85' lang='lat' dir='ltr'><strong>sena</strong></span> <span class='ocrx_word' id='word_1_168' title='bbox 2348 1323 2455 1378; x_wconf 89' lang='lat' dir='ltr'><strong>erit</strong></span> <span class='ocrx_word' id='word_1_169' title='bbox 2511 1323 2799 1394; x_wconf 75' lang='lat' dir='ltr'><strong>praalitus.</strong></span> <span class='ocrx_word' id='word_1_170' title='bbox 2863 1320 2980 1376; x_wconf 85' lang='lat' dir='ltr'><strong>Hoc</strong></span> <span class='ocrx_word' id='word_1_171' title='bbox 3009 1331 3192 1376; x_wconf 88' lang='lat' dir='ltr'><strong>autem</strong></span> <span class='ocrx_word' id='word_1_172' title='bbox 3259 1317 3566 1373; x_wconf 87' lang='lat' dir='ltr'><strong>absurdum</strong></span> <span class='ocrx_word' id='word_1_173' title='bbox 3627 1325 3732 1368; x_wconf 88' lang='lat' dir='ltr'><strong>est.</strong></span> 
     </span>
    </p>
   </div>
   <div class='ocr_carea' id='block_1_27' title="bbox 2161 1413 3732 1485">
    <p class='ocr_par' dir='ltr' id='par_1_27' title="bbox 2161 1413 3732 1485">
     <span class='ocr_line' id='line_1_27' title="bbox 2161 1413 3732 1485; baseline -0.008 -13"><span class='ocrx_word' id='word_1_174' title='bbox 2161 1416 2284 1472; x_wconf 84' lang='lat' dir='ltr'><strong>Non</strong></span> <span class='ocrx_word' id='word_1_175' title='bbox 2329 1416 2500 1485; x_wconf 80' lang='lat' dir='ltr'><strong>igitur</strong></span> <span class='ocrx_word' id='word_1_176' title='bbox 2541 1413 2883 1484; x_wconf 74' lang='lat' dir='ltr'><strong>producendi</strong></span> <span class='ocrx_word' id='word_1_177' title='bbox 2927 1413 3160 1468; x_wconf 79' lang='lat' dir='ltr'><strong>facultas</strong></span> <span class='ocrx_word' id='word_1_178' title='bbox 3199 1413 3491 1466; x_wconf 88' lang='lat' dir='ltr'><strong>constituit</strong></span> <span class='ocrx_word' id='word_1_179' title='bbox 3549 1423 3732 1475; x_wconf 88' lang='lat' dir='ltr'><strong>perso-</strong></span> 
     </span>
    </p>
   </div>
   <div class='ocr_carea' id='block_1_28' title="bbox 2166 1494 3740 1578">
    <p class='ocr_par' dir='ltr' id='par_1_28' title="bbox 2166 1494 3740 1578">
     <span class='ocr_line' id='line_1_28' title="bbox 2166 1494 3740 1578; baseline -0.007 -20"><span class='ocrx_word' id='word_1_180' title='bbox 2166 1521 2290 1558; x_wconf 86' lang='lat' dir='ltr'><strong>nam</strong></span> <span class='ocrx_word' id='word_1_181' title='bbox 2347 1505 2544 1558; x_wconf 79' lang='lat' dir='ltr'><strong>Patris.</strong></span> <span class='ocrx_word' id='word_1_182' title='bbox 2599 1503 2654 1556; x_wconf 89' lang='lat' dir='ltr'><strong>Si</strong></span> <span class='ocrx_word' id='word_1_183' title='bbox 2710 1518 2842 1557; x_wconf 83' lang='lat' dir='ltr'><strong>vero</strong></span> <span class='ocrx_word' id='word_1_184' title='bbox 2869 1519 2992 1578; x_wconf 27' lang='lat' dir='ltr'><strong>[non</strong></span> <span class='ocrx_word' id='word_1_185' title='bbox 3035 1500 3351 1564; x_wconf 84' lang='lat' dir='ltr'><strong>constituit,</strong></span> <span class='ocrx_word' id='word_1_186' title='bbox 3424 1494 3740 1550; x_wconf 85' lang='lat' dir='ltr'><strong>communis</strong></span> 
     </span>
    </p>
   </div>
   <div class='ocr_carea' id='block_1_29' title="bbox 2166 1575 3743 1666">
    <p class='ocr_par' dir='ltr' id='par_1_29' title="bbox 2166 1575 3743 1666">
     <span class='ocr_line' id='line_1_29' title="bbox 2166 1575 3743 1666; baseline -0.008 -16"><span class='ocrx_word' id='word_1_187' title='bbox 2166 1611 2297 1666; x_wconf 81' lang='lat' dir='ltr'><strong>ergo</strong></span> <span class='ocrx_word' id='word_1_188' title='bbox 2333 1596 2440 1649; x_wconf 87' lang='lat' dir='ltr'><strong>erit</strong></span> <span class='ocrx_word' id='word_1_189' title='bbox 2485 1605 2540 1649; x_wconf 86' lang='lat' dir='ltr'><strong>et</strong></span> <span class='ocrx_word' id='word_1_190' title='bbox 2573 1593 2734 1660; x_wconf 88' lang='lat' dir='ltr'><strong>Filio,</strong></span> <span class='ocrx_word' id='word_1_191' title='bbox 2776 1605 2832 1650; x_wconf 87' lang='lat' dir='ltr'><strong>et</strong></span> <span class='ocrx_word' id='word_1_192' title='bbox 2866 1575 2946 1649; x_wconf 75' lang='lat' dir='ltr'><strong>Sic</strong></span> <span class='ocrx_word' id='word_1_193' title='bbox 2982 1593 3222 1663; x_wconf 84' lang='lat' dir='ltr'><strong>Spiritus</strong></span> <span class='ocrx_word' id='word_1_194' title='bbox 3271 1607 3338 1646; x_wconf 78' lang='lat' dir='ltr'><strong>ex</strong></span> <span class='ocrx_word' id='word_1_195' title='bbox 3373 1590 3538 1644; x_wconf 87' lang='lat' dir='ltr'><strong>Patre</strong></span> <span class='ocrx_word' id='word_1_196' title='bbox 3579 1587 3743 1640; x_wconf 86' lang='lat' dir='ltr'><strong>Filio-</strong></span> 
     </span>
    </p>
   </div>
   <div class='ocr_carea' id='block_1_30' title="bbox 2169 1687 3566 1758">
    <p class='ocr_par' dir='ltr' id='par_1_30' title="bbox 2169 1687 3566 1758">
     <span class='ocr_line' id='line_1_30' title="bbox 2169 1687 3566 1758; baseline -0.004 -18"><span class='ocrx_word' id='word_1_197' title='bbox 2169 1703 2274 1758; x_wconf 86' lang='lat' dir='ltr'><strong>que</strong></span> <span class='ocrx_word' id='word_1_198' title='bbox 2311 1687 2581 1755; x_wconf 87' lang='lat' dir='ltr'><strong>procedit.</strong></span> <span class='ocrx_word' id='word_1_199' title='bbox 3069 1721 3072 1723; x_wconf 90' lang='lat'><strong><em>-</em></strong></span> <span class='ocrx_word' id='word_1_200' title='bbox 3523 1709 3566 1734; x_wconf 92' lang='lat'><strong>-.</strong></span> 
     </span>
    </p>
   </div>
   <div class='ocr_carea' id='block_1_31' title="bbox 2240 1768 3740 1838">
    <p class='ocr_par' dir='ltr' id='par_1_31' title="bbox 2240 1768 3740 1838">
     <span class='ocr_line' id='line_1_31' title="bbox 2240 1768 3740 1838; baseline -0.009 -4"><span class='ocrx_word' id='word_1_201' title='bbox 2240 1780 2510 1834; x_wconf 82' lang='lat' dir='ltr'><strong>Pra-terea</strong></span> <span class='ocrx_word' id='word_1_202' title='bbox 2555 1781 2699 1834; x_wconf 86' lang='lat' dir='ltr'><strong>inter</strong></span> <span class='ocrx_word' id='word_1_203' title='bbox 2749 1794 2944 1834; x_wconf 90' lang='lat' dir='ltr'><strong>omnes</strong></span> <span class='ocrx_word' id='word_1_204' title='bbox 2976 1778 3237 1833; x_wconf 85' lang='lat' dir='ltr'><strong>doctores</strong></span> <span class='ocrx_word' id='word_1_205' title='bbox 3271 1773 3532 1831; x_wconf 85' lang='lat' dir='ltr'><strong>convenit</strong></span> <span class='ocrx_word' id='word_1_206' title='bbox 3568 1768 3740 1838; x_wconf 86' lang='lat' dir='ltr'><strong>Spiri-</strong></span> 
     </span>
    </p>
   </div>
   <div class='ocr_carea' id='block_1_32' title="bbox 486 1853 2078 1942">
    <p class='ocr_par' dir='ltr' id='par_1_32' title="bbox 486 1861 2061 1932">
     <span class='ocr_line' id='line_1_32' title="bbox 486 1861 2061 1932; baseline -0.001 -16"><span class='ocrx_word' id='word_1_207' title='bbox 486 1863 720 1928; x_wconf 76' lang='grc' dir='ltr'>σκάλων,</span> <span class='ocrx_word' id='word_1_208' title='bbox 754 1864 828 1925; x_wconf 84' lang='grc' dir='ltr'>ὼς</span> <span class='ocrx_word' id='word_1_209' title='bbox 865 1862 926 1914; x_wconf 73' lang='grc' dir='ltr'><strong>τὸ</strong></span> <span class='ocrx_word' id='word_1_210' title='bbox 965 1862 1192 1930; x_wconf 74' lang='grc' dir='ltr'>Πνεῦμα</span> <span class='ocrx_word' id='word_1_211' title='bbox 1229 1861 1288 1914; x_wconf 83' lang='grc' dir='ltr'>τὸ</span> <span class='ocrx_word' id='word_1_212' title='bbox 1329 1863 1485 1928; x_wconf 80' lang='grc' dir='ltr'>ἆγιον</span> <span class='ocrx_word' id='word_1_213' title='bbox 1525 1862 1771 1932; x_wconf 75' lang='grc' dir='ltr'><strong>πρόεισιν</strong></span> <span class='ocrx_word' id='word_1_214' title='bbox 1811 1862 1870 1926; x_wconf 76' lang='grc' dir='ltr'><strong>ἐξ</strong></span> <span class='ocrx_word' id='word_1_215' title='bbox 1908 1861 2061 1915; x_wconf 81' lang='grc' dir='ltr'>Υἱοῦ.</span> 
     </span>
    </p>
   </div>
   <div class='ocr_carea' id='block_1_33' title="bbox 2179 1853 3740 1942">
    <p class='ocr_par' dir='ltr' id='par_1_33' title="bbox 2179 1859 3740 1942">
     <span class='ocr_line' id='line_1_33' title="bbox 2179 1859 3740 1942; baseline -0.001 -18"><span class='ocrx_word' id='word_1_216' title='bbox 2179 1881 2286 1924; x_wconf 84' lang='lat' dir='ltr'><strong>tum</strong></span> <span class='ocrx_word' id='word_1_217' title='bbox 2341 1884 2595 1924; x_wconf 82' lang='lat' dir='ltr'><strong>sanetum</strong></span> <span class='ocrx_word' id='word_1_218' title='bbox 2646 1871 2874 1942; x_wconf 82' lang='lat' dir='ltr'><strong>produci</strong></span> <span class='ocrx_word' id='word_1_219' title='bbox 2923 1878 2980 1924; x_wconf 88' lang='lat' dir='ltr'><strong>et</strong></span> <span class='ocrx_word' id='word_1_220' title='bbox 3028 1881 3290 1922; x_wconf 87' lang='lat' dir='ltr'><strong>emanare</strong></span> <span class='ocrx_word' id='word_1_221' title='bbox 3343 1881 3412 1919; x_wconf 80' lang='lat' dir='ltr'><strong>ex</strong></span> <span class='ocrx_word' id='word_1_222' title='bbox 3445 1861 3645 1923; x_wconf 62' lang='lat' dir='ltr'><strong>&#39;lt‘ilioi</strong></span> <span class='ocrx_word' id='word_1_223' title='bbox 3695 1859 3740 1915; x_wconf 74' lang='lat' dir='ltr'><strong>Si</strong></span> 
     </span>
    </p>
   </div>
   <div class='ocr_carea' id='block_1_34' title="bbox 487 1952 2058 2024">
    <p class='ocr_par' dir='ltr' id='par_1_34' title="bbox 487 1952 2058 2024">
     <span class='ocr_line' id='line_1_34' title="bbox 487 1952 2058 2024; baseline 0.002 -18"><span class='ocrx_word' id='word_1_224' title='bbox 487 1955 545 2007; x_wconf 78' lang='lat' dir='ltr'><strong>Ei</strong></span> <span class='ocrx_word' id='word_1_225' title='bbox 575 1953 668 2006; x_wconf 80' lang='grc' dir='ltr'>οὖν</span> <span class='ocrx_word' id='word_1_226' title='bbox 696 1953 944 2024; x_wconf 73' lang='grc' dir='ltr'><strong>πρόεισιν</strong></span> <span class='ocrx_word' id='word_1_227' title='bbox 973 1953 1032 2016; x_wconf 77' lang='grc' dir='ltr'>ἐξ</span> <span class='ocrx_word' id='word_1_228' title='bbox 1060 1952 1252 2018; x_wconf 85' lang='grc' dir='ltr'>αὑτοῦ,</span> <span class='ocrx_word' id='word_1_229' title='bbox 1285 1954 1500 2022; x_wconf 75' lang='grc' dir='ltr'><strong>πρόεισι</strong></span> <span class='ocrx_word' id='word_1_230' title='bbox 1532 1953 1751 2015; x_wconf 84' lang='grc' dir='ltr'>πάντως</span> <span class='ocrx_word' id='word_1_231' title='bbox 1785 1953 2058 2023; x_wconf 80' lang='grc' dir='ltr'>φυσικῶς.</span> 
     </span>
    </p>
   </div>
   <div class='ocr_carea' id='block_1_35' title="bbox 483 2043 2060 2114">
    <p class='ocr_par' dir='ltr' id='par_1_35' title="bbox 483 2043 2060 2114">
     <span class='ocr_line' id='line_1_35' title="bbox 483 2043 2060 2114; baseline 0.001 -18"><span class='ocrx_word' id='word_1_232' title='bbox 483 2045 649 2097; x_wconf 76' lang='grc' dir='ltr'>Οὐδὲν</span> <span class='ocrx_word' id='word_1_233' title='bbox 679 2045 786 2114; x_wconf 70' lang='grc' dir='ltr'>γὰρ</span> <span class='ocrx_word' id='word_1_234' title='bbox 820 2047 875 2096; x_wconf 82' lang='grc' dir='ltr'>ἐν</span> <span class='ocrx_word' id='word_1_235' title='bbox 907 2043 986 2113; x_wconf 85' lang='grc' dir='ltr'>τῷ</span> <span class='ocrx_word' id='word_1_236' title='bbox 1013 2043 1134 2113; x_wconf 84' lang='grc' dir='ltr'><strong>Θεῷ</strong></span> <span class='ocrx_word' id='word_1_237' title='bbox 1165 2045 1316 2113; x_wconf 58' lang='grc' dir='ltr'>πσρὰ</span> <span class='ocrx_word' id='word_1_238' title='bbox 1346 2045 1543 2113; x_wconf 74' lang='grc' dir='ltr'>φύσιν,</span> <span class='ocrx_word' id='word_1_239' title='bbox 1577 2043 1703 2096; x_wconf 72' lang='grc' dir='ltr'>οὐτε</span> <span class='ocrx_word' id='word_1_240' title='bbox 1738 2045 2060 2114; x_wconf 80' lang='grc' dir='ltr'>ἐπίκτητον.</span> 
     </span>
    </p>
   </div>
   <div class='ocr_carea' id='block_1_36' title="bbox 495 2135 2070 2206">
    <p class='ocr_par' dir='ltr' id='par_1_36' title="bbox 495 2135 2070 2206">
     <span class='ocr_line' id='line_1_36' title="bbox 495 2135 2070 2206; baseline -0.001 -16"><span class='ocrx_word' id='word_1_241' title='bbox 495 2135 606 2190; x_wconf 78' lang='grc' dir='ltr'>Γών</span> <span class='ocrx_word' id='word_1_242' title='bbox 633 2137 744 2206; x_wconf 72' lang='grc' dir='ltr'><strong>γὰρ</strong></span> <span class='ocrx_word' id='word_1_243' title='bbox 771 2137 1092 2206; x_wconf 73' lang='grc' dir='ltr'><strong>κτισμάτων</strong></span> <span class='ocrx_word' id='word_1_244' title='bbox 1115 2138 1230 2189; x_wconf 79' lang='grc' dir='ltr'>ἐστὶ</span> <span class='ocrx_word' id='word_1_245' title='bbox 1255 2137 1313 2188; x_wconf 88' lang='grc' dir='ltr'><strong>τδ</strong></span> <span class='ocrx_word' id='word_1_246' title='bbox 1343 2138 1416 2206; x_wconf 75' lang='grc' dir='ltr'>μὴ</span> <span class='ocrx_word' id='word_1_247' title='bbox 1445 2135 1604 2204; x_wconf 77' lang='grc' dir='ltr'>φύσει</span> <span class='ocrx_word' id='word_1_248' title='bbox 1631 2138 1693 2188; x_wconf 78' lang='grc' dir='ltr'><strong>ὲκ</strong></span> <span class='ocrx_word' id='word_1_249' title='bbox 1719 2135 1854 2188; x_wconf 87' lang='grc' dir='ltr'>Θεοῦ</span> <span class='ocrx_word' id='word_1_250' title='bbox 1883 2135 2070 2205; x_wconf 67' lang='grc' dir='ltr'>πριιῖὲ-</span> 
     </span>
    </p>
   </div>
   <div class='ocr_carea' id='block_1_37' title="bbox 487 2227 2069 2298">
    <p class='ocr_par' dir='ltr' id='par_1_37' title="bbox 487 2227 2069 2298">
     <span class='ocr_line' id='line_1_37' title="bbox 487 2227 2069 2298; baseline 0 -18"><span class='ocrx_word' id='word_1_251' title='bbox 487 2247 592 2281; x_wconf 69' lang='lat' dir='ltr'><strong>vat.</strong></span> <span class='ocrx_word' id='word_1_252' title='bbox 620 2229 684 2280; x_wconf 84' lang='lat' dir='ltr'><strong>Ei</strong></span> <span class='ocrx_word' id='word_1_253' title='bbox 712 2231 893 2282; x_wconf 78' lang='grc' dir='ltr'><strong>τοίνυν</strong></span> <span class='ocrx_word' id='word_1_254' title='bbox 922 2228 1064 2282; x_wconf 78' lang='grc' dir='ltr'>κατὰ</span> <span class='ocrx_word' id='word_1_255' title='bbox 1097 2228 1261 2297; x_wconf 80' lang='grc' dir='ltr'>φύσιν</span> <span class='ocrx_word' id='word_1_256' title='bbox 1289 2230 1345 2294; x_wconf 76' lang='grc' dir='ltr'><strong>ἐξ</strong></span> <span class='ocrx_word' id='word_1_257' title='bbox 1377 2227 1506 2281; x_wconf 86' lang='grc' dir='ltr'>Υἱοῦ</span> <span class='ocrx_word' id='word_1_258' title='bbox 1534 2228 1595 2281; x_wconf 82' lang='grc' dir='ltr'>τὸ</span> <span class='ocrx_word' id='word_1_259' title='bbox 1626 2227 1849 2298; x_wconf 85' lang='grc' dir='ltr'>Πνεῦμα</span> <span class='ocrx_word' id='word_1_260' title='bbox 1880 2228 2069 2298; x_wconf 83' lang='grc' dir='ltr'>πρόει-</span> 
     </span>
    </p>
   </div>
   <div class='ocr_carea' id='block_1_38' title="bbox 492 2319 2068 2392">
    <p class='ocr_par' dir='ltr' id='par_1_38' title="bbox 492 2319 2068 2392">
     <span class='ocr_line' id='line_1_38' title="bbox 492 2319 2068 2392; baseline 0.001 -21"><span class='ocrx_word' id='word_1_261' title='bbox 492 2337 600 2385; x_wconf 83' lang='grc' dir='ltr'>σιν,</span> <span class='ocrx_word' id='word_1_262' title='bbox 627 2321 662 2390; x_wconf 82' lang='grc' dir='ltr'><strong>ἡ</strong></span> <span class='ocrx_word' id='word_1_263' title='bbox 688 2321 742 2373; x_wconf 74' lang='grc' dir='ltr'>δὲ</span> <span class='ocrx_word' id='word_1_264' title='bbox 769 2320 914 2373; x_wconf 78' lang='grc' dir='ltr'>κατὰ</span> <span class='ocrx_word' id='word_1_265' title='bbox 939 2319 1104 2392; x_wconf 81' lang='grc' dir='ltr'>φύσιν</span> <span class='ocrx_word' id='word_1_266' title='bbox 1133 2321 1353 2390; x_wconf 80' lang='grc' dir='ltr'>πρόοδος</span> <span class='ocrx_word' id='word_1_267' title='bbox 1381 2322 1438 2372; x_wconf 85' lang='grc' dir='ltr'><strong>ὲν</strong></span> <span class='ocrx_word' id='word_1_268' title='bbox 1463 2323 1576 2384; x_wconf 84' lang='grc' dir='ltr'>τοῖς</span> <span class='ocrx_word' id='word_1_269' title='bbox 1601 2320 1768 2383; x_wconf 78' lang='grc' dir='ltr'>Θείοις</span> <span class='ocrx_word' id='word_1_270' title='bbox 1794 2320 1958 2389; x_wconf 82' lang='grc' dir='ltr'>διχῶς</span> <span class='ocrx_word' id='word_1_271' title='bbox 1983 2322 2068 2374; x_wconf 84' lang='grc' dir='ltr'><strong>ὲν-</strong></span> 
     </span>
    </p>
   </div>
   <div class='ocr_carea' id='block_1_39' title="bbox 491 2409 2066 2484">
    <p class='ocr_par' dir='ltr' id='par_1_39' title="bbox 491 2409 2066 2484">
     <span class='ocr_line' id='line_1_39' title="bbox 491 2409 2066 2484; baseline 0.001 -18"><span class='ocrx_word' id='word_1_272' title='bbox 491 2413 702 2483; x_wconf 79' lang='grc' dir='ltr'>δέχεται</span> <span class='ocrx_word' id='word_1_273' title='bbox 736 2409 874 2466; x_wconf 79' lang='grc' dir='ltr'>εἶναι</span> <span class='ocrx_word' id='word_1_274' title='bbox 896 2453 910 2478; x_wconf 94' lang='grc'><strong>,</strong></span> <span class='ocrx_word' id='word_1_275' title='bbox 942 2413 975 2484; x_wconf 79' lang='grc' dir='ltr'>ἢ</span> <span class='ocrx_word' id='word_1_276' title='bbox 1007 2413 1148 2466; x_wconf 77' lang='grc' dir='ltr'>κατὰ</span> <span class='ocrx_word' id='word_1_277' title='bbox 1180 2414 1433 2482; x_wconf 63' lang='grc' dir='ltr'>γέννησιν</span> <span class='ocrx_word' id='word_1_278' title='bbox 1454 2453 1468 2476; x_wconf 95' lang='grc'><strong>,</strong></span> <span class='ocrx_word' id='word_1_279' title='bbox 1505 2413 1536 2483; x_wconf 83' lang='grc' dir='ltr'>ἢ</span> <span class='ocrx_word' id='word_1_280' title='bbox 1569 2415 1688 2466; x_wconf 83' lang='grc' dir='ltr'>κατ’</span> <span class='ocrx_word' id='word_1_281' title='bbox 1713 2414 2066 2482; x_wconf 81' lang='grc' dir='ltr'>ὲκπόρευσιν,</span> 
     </span>
    </p>
   </div>
   <div class='ocr_carea' id='block_1_40' title="bbox 493 2501 2070 2577">
    <p class='ocr_par' dir='ltr' id='par_1_40' title="bbox 493 2501 2070 2577">
     <span class='ocr_line' id='line_1_40' title="bbox 493 2501 2070 2577; baseline 0.001 -19"><span class='ocrx_word' id='word_1_282' title='bbox 493 2507 636 2559; x_wconf 75' lang='grc' dir='ltr'>κατὰ</span> <span class='ocrx_word' id='word_1_283' title='bbox 666 2507 916 2574; x_wconf 79' lang='grc' dir='ltr'>γέννησιν</span> <span class='ocrx_word' id='word_1_284' title='bbox 941 2507 996 2558; x_wconf 74' lang='grc' dir='ltr'>δὲ</span> <span class='ocrx_word' id='word_1_285' title='bbox 1026 2507 1085 2559; x_wconf 85' lang='grc' dir='ltr'>οὑ</span> <span class='ocrx_word' id='word_1_286' title='bbox 1117 2507 1368 2577; x_wconf 83' lang='grc' dir='ltr'>πρόεισιν</span> <span class='ocrx_word' id='word_1_287' title='bbox 1395 2506 1455 2570; x_wconf 83' lang='grc' dir='ltr'>ἐξ</span> <span class='ocrx_word' id='word_1_288' title='bbox 1484 2506 1673 2570; x_wconf 85' lang='grc' dir='ltr'>αὑτοῦ,</span> <span class='ocrx_word' id='word_1_289' title='bbox 1701 2501 1736 2575; x_wconf 78' lang='grc' dir='ltr'>ἦ</span> <span class='ocrx_word' id='word_1_290' title='bbox 1768 2505 1876 2575; x_wconf 84' lang='grc' dir='ltr'>γάρ</span> <span class='ocrx_word' id='word_1_291' title='bbox 1909 2506 1974 2559; x_wconf 84' lang='grc' dir='ltr'>ἂν</span> <span class='ocrx_word' id='word_1_292' title='bbox 2000 2501 2070 2576; x_wconf 86' lang='grc' dir='ltr'><strong>ἦν</strong></span> 
     </span>
    </p>
   </div>
   <div class='ocr_carea' id='block_1_41' title="bbox 493 2597 2070 2669">
    <p class='ocr_par' dir='ltr' id='par_1_41' title="bbox 493 2597 2070 2669">
     <span class='ocr_line' id='line_1_41' title="bbox 493 2597 2070 2669; baseline 0 -18"><span class='ocrx_word' id='word_1_293' title='bbox 493 2599 620 2659; x_wconf 74' lang='grc' dir='ltr'>Υἱὸς</span> <span class='ocrx_word' id='word_1_294' title='bbox 653 2597 747 2649; x_wconf 90' lang='grc' dir='ltr'><strong>τοῦ</strong></span> <span class='ocrx_word' id='word_1_295' title='bbox 779 2597 908 2651; x_wconf 65' lang='lat' dir='ltr'><strong>Tibi}</strong></span> <span class='ocrx_word' id='word_1_296' title='bbox 939 2599 999 2650; x_wconf 82' lang='grc' dir='ltr'>τὸ</span> <span class='ocrx_word' id='word_1_297' title='bbox 1033 2599 1257 2667; x_wconf 85' lang='grc' dir='ltr'>Πνεῦμα</span> <span class='ocrx_word' id='word_1_298' title='bbox 1287 2615 1302 2627; x_wconf 86' lang='grc'><strong>’</strong></span> <span class='ocrx_word' id='word_1_299' title='bbox 1335 2601 1583 2668; x_wconf 80' lang='grc' dir='ltr'>πρόεισιν</span> <span class='ocrx_word' id='word_1_300' title='bbox 1617 2599 1724 2669; x_wconf 76' lang='grc' dir='ltr'>ἄρα</span> <span class='ocrx_word' id='word_1_301' title='bbox 1757 2598 1878 2651; x_wconf 72' lang='grc' dir='ltr'>κατ’</span> <span class='ocrx_word' id='word_1_302' title='bbox 1904 2600 2070 2651; x_wconf 79' lang='grc' dir='ltr'>ἐκπό-</span> 
     </span>
    </p>
   </div>
   <div class='ocr_carea' id='block_1_42' title="bbox 496 2690 2072 2761">
    <p class='ocr_par' dir='ltr' id='par_1_42' title="bbox 496 2690 2072 2761">
     <span class='ocr_line' id='line_1_42' title="bbox 496 2690 2072 2761; baseline 0.003 -22"><span class='ocrx_word' id='word_1_303' title='bbox 496 2705 701 2761; x_wconf 82' lang='grc' dir='ltr'>ρευσιν.</span> <span class='ocrx_word' id='word_1_304' title='bbox 730 2691 892 2744; x_wconf 80' lang='grc' dir='ltr'>Ὥστε</span> <span class='ocrx_word' id='word_1_305' title='bbox 923 2693 954 2760; x_wconf 88' lang='grc' dir='ltr'>ἡ</span> <span class='ocrx_word' id='word_1_306' title='bbox 986 2695 1048 2743; x_wconf 82' lang='grc' dir='ltr'><strong>ὲκ</strong></span> <span class='ocrx_word' id='word_1_307' title='bbox 1078 2691 1170 2744; x_wconf 87' lang='grc' dir='ltr'>τοῦ</span> <span class='ocrx_word' id='word_1_308' title='bbox 1201 2691 1331 2744; x_wconf 75' lang='grc' dir='ltr'><strong>Υίοῦ</strong></span> <span class='ocrx_word' id='word_1_309' title='bbox 1366 2691 1459 2743; x_wconf 92' lang='grc' dir='ltr'>τοῦ</span> <span class='ocrx_word' id='word_1_310' title='bbox 1497 2690 1814 2760; x_wconf 77' lang='grc' dir='ltr'>Πνεῦματος</span> <span class='ocrx_word' id='word_1_311' title='bbox 1846 2690 2072 2760; x_wconf 82' lang='grc' dir='ltr'><strong>πρόοδος</strong></span> 
     </span>
    </p>
   </div>
   <div class='ocr_carea' id='block_1_43' title="bbox 494 2780 1557 2853">
    <p class='ocr_par' dir='ltr' id='par_1_43' title="bbox 494 2780 1557 2853">
     <span class='ocr_line' id='line_1_43' title="bbox 494 2780 1557 2853; baseline 0.007 -22"><span class='ocrx_word' id='word_1_312' title='bbox 494 2780 580 2850; x_wconf 77' lang='grc' dir='ltr'>εἴη</span> <span class='ocrx_word' id='word_1_313' title='bbox 611 2781 678 2833; x_wconf 82' lang='grc' dir='ltr'>ἂν</span> <span class='ocrx_word' id='word_1_314' title='bbox 705 2781 776 2843; x_wconf 61' lang='grc' dir='ltr'>ὡ,</span> <span class='ocrx_word' id='word_1_315' title='bbox 807 2785 1245 2853; x_wconf 75' lang='grc' dir='ltr'>ἐκπορευομένου</span> <span class='ocrx_word' id='word_1_316' title='bbox 1277 2783 1336 2847; x_wconf 81' lang='grc' dir='ltr'>ἐξ</span> <span class='ocrx_word' id='word_1_317' title='bbox 1368 2781 1557 2838; x_wconf 81' lang='grc' dir='ltr'>αὑτοῦ.</span> 
     </span>
    </p>
   </div>
   <div class='ocr_carea' id='block_1_44' title="bbox 2166 1956 3742 2032">
    <p class='ocr_par' dir='ltr' id='par_1_44' title="bbox 2166 1956 3742 2032">
     <span class='ocr_line' id='line_1_44' title="bbox 2166 1956 3742 2032; baseline -0.006 -15"><span class='ocrx_word' id='word_1_318' title='bbox 2166 1978 2300 2032; x_wconf 83' lang='lat' dir='ltr'><strong>ergo</strong></span> <span class='ocrx_word' id='word_1_319' title='bbox 2337 1971 2554 2016; x_wconf 89' lang='lat' dir='ltr'><strong>emanat</strong></span> <span class='ocrx_word' id='word_1_320' title='bbox 2594 1963 2660 2016; x_wconf 87' lang='lat' dir='ltr'><strong>ab</strong></span> <span class='ocrx_word' id='word_1_321' title='bbox 2699 1963 2826 2026; x_wconf 90' lang='lat' dir='ltr'><strong>illo,</strong></span> <span class='ocrx_word' id='word_1_322' title='bbox 2863 1963 3088 2016; x_wconf 92' lang='lat' dir='ltr'><strong>omnino</strong></span> <span class='ocrx_word' id='word_1_323' title='bbox 3130 1969 3350 2015; x_wconf 88' lang='lat' dir='ltr'><strong>emanat</strong></span> <span class='ocrx_word' id='word_1_324' title='bbox 3389 1956 3742 2010; x_wconf 87' lang='lat' dir='ltr'><strong>naturaliter.</strong></span> 
     </span>
    </p>
   </div>
   <div class='ocr_carea' id='block_1_45' title="bbox 2167 2053 3744 2122">
    <p class='ocr_par' dir='ltr' id='par_1_45' title="bbox 2167 2053 3744 2122">
     <span class='ocr_line' id='line_1_45' title="bbox 2167 2053 3744 2122; baseline -0.005 -14"><span class='ocrx_word' id='word_1_325' title='bbox 2167 2053 2312 2108; x_wconf 85' lang='lat' dir='ltr'><strong>Nihil</strong></span> <span class='ocrx_word' id='word_1_326' title='bbox 2365 2056 2511 2108; x_wconf 88' lang='lat' dir='ltr'><strong>enim</strong></span> <span class='ocrx_word' id='word_1_327' title='bbox 2569 2055 2622 2108; x_wconf 92' lang='lat' dir='ltr'><strong>in</strong></span> <span class='ocrx_word' id='word_1_328' title='bbox 2677 2055 2790 2109; x_wconf 82' lang='lat' dir='ltr'><strong>Deo</strong></span> <span class='ocrx_word' id='word_1_329' title='bbox 2841 2064 2927 2109; x_wconf 89' lang='lat' dir='ltr'><strong>est</strong></span> <span class='ocrx_word' id='word_1_330' title='bbox 2977 2064 3174 2122; x_wconf 75' lang='lat' dir='ltr'><strong>prmter</strong></span> <span class='ocrx_word' id='word_1_331' title='bbox 3225 2061 3514 2112; x_wconf 87' lang='lat' dir='ltr'><strong>naturam,</strong></span> <span class='ocrx_word' id='word_1_332' title='bbox 3565 2059 3744 2114; x_wconf 83' lang='lat' dir='ltr'><strong>neque</strong></span> 
     </span>
    </p>
   </div>
   <div class='ocr_carea' id='block_1_46' title="bbox 2168 2139 3743 2210">
    <p class='ocr_par' dir='ltr' id='par_1_46' title="bbox 2168 2139 3743 2210">
     <span class='ocr_line' id='line_1_46' title="bbox 2168 2139 3743 2210; baseline -0.007 -10"><span class='ocrx_word' id='word_1_333' title='bbox 2168 2147 2578 2201; x_wconf 84' lang='lat' dir='ltr'><strong>adventitiutn:</strong></span> <span class='ocrx_word' id='word_1_334' title='bbox 2637 2160 3018 2201; x_wconf 89' lang='lat' dir='ltr'><strong>creaturarum</strong></span> <span class='ocrx_word' id='word_1_335' title='bbox 3077 2146 3224 2200; x_wconf 88' lang='lat' dir='ltr'><strong>enim</strong></span> <span class='ocrx_word' id='word_1_336' title='bbox 3284 2153 3365 2198; x_wconf 89' lang='lat' dir='ltr'><strong>est</strong></span> <span class='ocrx_word' id='word_1_337' title='bbox 3423 2139 3743 2210; x_wconf 83' lang='lat' dir='ltr'><strong>proprium,</strong></span> 
     </span>
    </p>
   </div>
   <div class='ocr_carea' id='block_1_47' title="bbox 2171 2231 3742 2305">
    <p class='ocr_par' dir='ltr' id='par_1_47' title="bbox 2171 2231 3742 2305">
     <span class='ocr_line' id='line_1_47' title="bbox 2171 2231 3742 2305; baseline -0.008 -13"><span class='ocrx_word' id='word_1_338' title='bbox 2171 2253 2280 2292; x_wconf 87' lang='lat' dir='ltr'><strong>non</strong></span> <span class='ocrx_word' id='word_1_339' title='bbox 2319 2251 2514 2292; x_wconf 85' lang='lat' dir='ltr'><strong>natura</strong></span> <span class='ocrx_word' id='word_1_340' title='bbox 2553 2255 2618 2293; x_wconf 79' lang='lat' dir='ltr'><strong>ex</strong></span> <span class='ocrx_word' id='word_1_341' title='bbox 2657 2239 2769 2292; x_wconf 87' lang='lat' dir='ltr'><strong>Deo</strong></span> <span class='ocrx_word' id='word_1_342' title='bbox 2807 2253 3114 2302; x_wconf 86' lang='lat' dir='ltr'><strong>emanare;</strong></span> <span class='ocrx_word' id='word_1_343' title='bbox 3148 2237 3190 2291; x_wconf 88' lang='lat' dir='ltr'><strong>si</strong></span> <span class='ocrx_word' id='word_1_344' title='bbox 3231 2236 3402 2305; x_wconf 84' lang='lat' dir='ltr'><strong>igitur</strong></span> <span class='ocrx_word' id='word_1_345' title='bbox 3438 2231 3742 2288; x_wconf 87' lang='lat' dir='ltr'><strong>secundum</strong></span> 
     </span>
    </p>
   </div>
   <div class='ocr_carea' id='block_1_48' title="bbox 2173 2331 3746 2401">
    <p class='ocr_par' dir='ltr' id='par_1_48' title="bbox 2173 2331 3746 2401">
     <span class='ocr_line' id='line_1_48' title="bbox 2173 2331 3746 2401; baseline -0.01 -15"><span class='ocrx_word' id='word_1_346' title='bbox 2173 2341 2426 2386; x_wconf 89' lang='lat' dir='ltr'><strong>naturam</strong></span> <span class='ocrx_word' id='word_1_347' title='bbox 2475 2349 2544 2388; x_wconf 79' lang='lat' dir='ltr'><strong>ex</strong></span> <span class='ocrx_word' id='word_1_348' title='bbox 2594 2334 2734 2389; x_wconf 82' lang='lat' dir='ltr'><strong>Filio</strong></span> <span class='ocrx_word' id='word_1_349' title='bbox 2789 2332 3029 2401; x_wconf 84' lang='lat' dir='ltr'><strong>Spiritus</strong></span> <span class='ocrx_word' id='word_1_350' title='bbox 3084 2339 3340 2390; x_wconf 85' lang='lat' dir='ltr'><strong>emanat,</strong></span> <span class='ocrx_word' id='word_1_351' title='bbox 3395 2341 3514 2396; x_wconf 61' lang='lat' dir='ltr'><strong>quae</strong></span> <span class='ocrx_word' id='word_1_352' title='bbox 3563 2331 3746 2376; x_wconf 76' lang='lat' dir='ltr'><strong>auten:</strong></span> 
     </span>
    </p>
   </div>
   <div class='ocr_carea' id='block_1_49' title="bbox 2171 2415 3749 2487">
    <p class='ocr_par' dir='ltr' id='par_1_49' title="bbox 2171 2415 3749 2487">
     <span class='ocr_line' id='line_1_49' title="bbox 2171 2415 3749 2487; baseline -0.009 -9"><span class='ocrx_word' id='word_1_353' title='bbox 2171 2424 2475 2478; x_wconf 88' lang='lat' dir='ltr'><strong>secundum</strong></span> <span class='ocrx_word' id='word_1_354' title='bbox 2527 2435 2782 2478; x_wconf 89' lang='lat' dir='ltr'><strong>naturam</strong></span> <span class='ocrx_word' id='word_1_355' title='bbox 2837 2423 3150 2486; x_wconf 87' lang='lat' dir='ltr'><strong>emanatio,</strong></span> <span class='ocrx_word' id='word_1_356' title='bbox 3205 2428 3260 2473; x_wconf 88' lang='lat' dir='ltr'><strong>et</strong></span> <span class='ocrx_word' id='word_1_357' title='bbox 3310 2415 3604 2487; x_wconf 78' lang='lat' dir='ltr'><strong>productio</strong></span> <span class='ocrx_word' id='word_1_358' title='bbox 3659 2420 3749 2465; x_wconf 85' lang='lat' dir='ltr'><strong>est</strong></span> 
     </span>
    </p>
   </div>
   <div class='ocr_carea' id='block_1_50' title="bbox 2173 2506 3750 2586">
    <p class='ocr_par' dir='ltr' id='par_1_50' title="bbox 2173 2506 3750 2586">
     <span class='ocr_line' id='line_1_50' title="bbox 2173 2506 3750 2586; baseline -0.008 -19"><span class='ocrx_word' id='word_1_359' title='bbox 2173 2512 2228 2567; x_wconf 89' lang='lat' dir='ltr'><strong>in</strong></span> <span class='ocrx_word' id='word_1_360' title='bbox 2271 2515 2508 2579; x_wconf 83' lang='lat' dir='ltr'><strong>divinis,</strong></span> <span class='ocrx_word' id='word_1_361' title='bbox 2568 2516 2863 2586; x_wconf 83' lang='lat' dir='ltr'><strong>dupliciter</strong></span> <span class='ocrx_word' id='word_1_362' title='bbox 2917 2513 3380 2582; x_wconf 28' lang='lat' dir='ltr'><strong>contingithesse,</strong></span> <span class='ocrx_word' id='word_1_363' title='bbox 3420 2506 3508 2560; x_wconf 84' lang='lat' dir='ltr'><strong>vel</strong></span> <span class='ocrx_word' id='word_1_364' title='bbox 3549 2517 3750 2558; x_wconf 84' lang='lat' dir='ltr'><strong>secun-</strong></span> 
     </span>
    </p>
   </div>
   <div class='ocr_carea' id='block_1_51' title="bbox 2173 2601 3750 2676">
    <p class='ocr_par' dir='ltr' id='par_1_51' title="bbox 2173 2601 3750 2676">
     <span class='ocr_line' id='line_1_51' title="bbox 2173 2601 3750 2676; baseline -0.008 -16"><span class='ocrx_word' id='word_1_365' title='bbox 2173 2605 2301 2660; x_wconf 88' lang='lat' dir='ltr'><strong>dum</strong></span> <span class='ocrx_word' id='word_1_366' title='bbox 2361 2609 2810 2676; x_wconf 82' lang='lat' dir='ltr'><strong>generationem,</strong></span> <span class='ocrx_word' id='word_1_367' title='bbox 2871 2608 2955 2662; x_wconf 89' lang='lat' dir='ltr'><strong>vel</strong></span> <span class='ocrx_word' id='word_1_368' title='bbox 3027 2605 3462 2675; x_wconf 81' lang='lat' dir='ltr'><strong>processionem.</strong></span> <span class='ocrx_word' id='word_1_369' title='bbox 3535 2601 3604 2650; x_wconf 87' lang='lat' dir='ltr'><strong>At</strong></span> <span class='ocrx_word' id='word_1_370' title='bbox 3661 2610 3750 2649; x_wconf 86' lang='lat' dir='ltr'><strong>se-</strong></span> 
     </span>
    </p>
   </div>
   <div class='ocr_carea' id='block_1_52' title="bbox 2097 2689 3752 2770">
    <p class='ocr_par' dir='ltr' id='par_1_52' title="bbox 2097 2689 3752 2770">
     <span class='ocr_line' id='line_1_52' title="bbox 2097 2689 3752 2770; baseline -0.007 -18"><span class='ocrx_word' id='word_1_371' title='bbox 2097 2765 2102 2770; x_wconf 12' lang='lat' dir='ltr'><strong>l</strong></span> <span class='ocrx_word' id='word_1_372' title='bbox 2175 2699 2416 2752; x_wconf 89' lang='lat' dir='ltr'><strong>cundum</strong></span> <span class='ocrx_word' id='word_1_373' title='bbox 2456 2701 2872 2770; x_wconf 80' lang='lat' dir='ltr'><strong>generationem</strong></span> <span class='ocrx_word' id='word_1_374' title='bbox 2904 2703 2971 2754; x_wconf 88' lang='lat' dir='ltr'><strong>ab</strong></span> <span class='ocrx_word' id='word_1_375' title='bbox 3008 2689 3138 2768; x_wconf 11' lang='lat' dir='ltr'><strong>ipso,</strong></span> <span class='ocrx_word' id='word_1_376' title='bbox 3163 2713 3273 2750; x_wconf 87' lang='lat' dir='ltr'><strong>non</strong></span> <span class='ocrx_word' id='word_1_377' title='bbox 3306 2705 3566 2757; x_wconf 84' lang='lat' dir='ltr'><strong>emanat;</strong></span> <span class='ocrx_word' id='word_1_378' title='bbox 3600 2696 3752 2744; x_wconf 80' lang='lat' dir='ltr'><strong>esset</strong></span> 
     </span>
    </p>
   </div>
   <div class='ocr_carea' id='block_1_53' title="bbox 2177 2782 3750 2862">
    <p class='ocr_par' dir='ltr' id='par_1_53' title="bbox 2177 2782 3750 2862">
     <span class='ocr_line' id='line_1_53' title="bbox 2177 2782 3750 2862; baseline -0.008 -17"><span class='ocrx_word' id='word_1_379' title='bbox 2177 2792 2323 2845; x_wconf 86' lang='lat' dir='ltr'><strong>enim</strong></span> <span class='ocrx_word' id='word_1_380' title='bbox 2365 2793 2609 2862; x_wconf 87' lang='lat' dir='ltr'><strong>profecto</strong></span> <span class='ocrx_word' id='word_1_381' title='bbox 2645 2793 2887 2862; x_wconf 87' lang='lat' dir='ltr'><strong>Spiritus</strong></span> <span class='ocrx_word' id='word_1_382' title='bbox 2921 2801 3144 2846; x_wconf 89' lang='lat' dir='ltr'><strong>sanctus</strong></span> <span class='ocrx_word' id='word_1_383' title='bbox 3179 2789 3299 2843; x_wconf 82' lang='lat' dir='ltr'><strong>Filii</strong></span> <span class='ocrx_word' id='word_1_384' title='bbox 3357 2787 3522 2840; x_wconf 81' lang='lat' dir='ltr'><strong>ﬁlius.</strong></span> <span class='ocrx_word' id='word_1_385' title='bbox 3579 2782 3750 2846; x_wconf 70' lang='lat' dir='ltr'><strong>Igitur</strong></span> 
     </span>
    </p>
   </div>
   <div class='ocr_carea' id='block_1_54' title="bbox 493 2873 2078 2952">
    <p class='ocr_par' dir='ltr' id='par_1_54' title="bbox 493 2873 2078 2944">
     <span class='ocr_line' id='line_1_54' title="bbox 493 2873 2078 2944; baseline 0.004 -18"><span class='ocrx_word' id='word_1_386' title='bbox 493 2881 714 2927; x_wconf 82' lang='lat' dir='ltr'><strong>emanat</strong></span> <span class='ocrx_word' id='word_1_387' title='bbox 777 2874 1083 2928; x_wconf 90' lang='lat' dir='ltr'><strong>secundum</strong></span> <span class='ocrx_word' id='word_1_388' title='bbox 1149 2873 1584 2944; x_wconf 86' lang='lat' dir='ltr'><strong>processionem,</strong></span> <span class='ocrx_word' id='word_1_389' title='bbox 1641 2881 1702 2927; x_wconf 89' lang='lat' dir='ltr'><strong>ut</strong></span> <span class='ocrx_word' id='word_1_390' title='bbox 1751 2875 2078 2932; x_wconf 68' lang='lat' dir='ltr'><strong>cmanatioi</strong></span> 
     </span>
    </p>
   </div>
   <div class='ocr_carea' id='block_1_55' title="bbox 2179 2873 3750 2952">
    <p class='ocr_par' dir='ltr' id='par_1_55' title="bbox 2179 2875 3750 2952">
     <span class='ocr_line' id='line_1_55' title="bbox 2179 2875 3750 2952; baseline -0.006 -16"><span class='ocrx_word' id='word_1_391' title='bbox 2179 2882 2304 2937; x_wconf 83' lang='lat' dir='ltr'><strong>&#39;itus</strong></span> <span class='ocrx_word' id='word_1_392' title='bbox 2360 2898 2426 2938; x_wconf 86' lang='lat' dir='ltr'><strong>ex</strong></span> <span class='ocrx_word' id='word_1_393' title='bbox 2483 2883 2620 2938; x_wconf 88' lang='lat' dir='ltr'><strong>Filio</strong></span> <span class='ocrx_word' id='word_1_394' title='bbox 2671 2885 2745 2938; x_wconf 87' lang='lat' dir='ltr'><strong>sit</strong></span> <span class='ocrx_word' id='word_1_395' title='bbox 2799 2895 3054 2952; x_wconf 83' lang='lat' dir='ltr'><strong>tanquam</strong></span> <span class='ocrx_word' id='word_1_396' title='bbox 3107 2895 3235 2934; x_wconf 84' lang='lat' dir='ltr'><strong>vere</strong></span> <span class='ocrx_word' id='word_1_397' title='bbox 3293 2876 3644 2948; x_wconf 84' lang='lat' dir='ltr'><strong>procedentis</strong></span> <span class='ocrx_word' id='word_1_398' title='bbox 3681 2875 3750 2928; x_wconf 90' lang='lat' dir='ltr'><strong>ab</strong></span> 
     </span>
    </p>
   </div>
   <div class='ocr_carea' id='block_1_56' title="bbox 496 2967 642 3038">
    <p class='ocr_par' dir='ltr' id='par_1_56' title="bbox 496 2967 642 3038">
     <span class='ocr_line' id='line_1_56' title="bbox 496 2967 642 3038; baseline -0.014 -15"><span class='ocrx_word' id='word_1_399' title='bbox 496 2967 642 3038; x_wconf 84' lang='lat' dir='ltr'><strong>ipso.</strong></span> 
     </span>
    </p>
   </div>
   <div class='ocr_carea' id='block_1_57' title="bbox 572 3063 2075 3139">
    <p class='ocr_par' dir='ltr' id='par_1_57' title="bbox 572 3063 2075 3139">
     <span class='ocr_line' id='line_1_57' title="bbox 572 3063 2075 3139; baseline 0.004 -25"><span class='ocrx_word' id='word_1_400' title='bbox 572 3063 636 3114; x_wconf 86' lang='lat' dir='ltr'><strong>El</strong></span> <span class='ocrx_word' id='word_1_401' title='bbox 668 3063 723 3115; x_wconf 85' lang='grc' dir='ltr'><em>δέ</em></span> <span class='ocrx_word' id='word_1_402' title='bbox 752 3081 834 3127; x_wconf 83' lang='grc' dir='ltr'><strong>τις</strong></span> <span class='ocrx_word' id='word_1_403' title='bbox 869 3063 1041 3128; x_wconf 77' lang='grc' dir='ltr'>εἴποι,</span> <span class='ocrx_word' id='word_1_404' title='bbox 1075 3063 1151 3125; x_wconf 88' lang='grc' dir='ltr'>ὡς</span> <span class='ocrx_word' id='word_1_405' title='bbox 1185 3064 1216 3134; x_wconf 83' lang='grc' dir='ltr'>ἡ</span> <span class='ocrx_word' id='word_1_406' title='bbox 1248 3065 1479 3131; x_wconf 78' lang='grc' dir='ltr'><strong>πρόοδος</strong></span> <span class='ocrx_word' id='word_1_407' title='bbox 1514 3064 1656 3136; x_wconf 72' lang='grc' dir='ltr'>αὕτη</span> <span class='ocrx_word' id='word_1_408' title='bbox 1684 3065 1783 3139; x_wconf 74' lang='grc' dir='ltr'><strong>τὴν</strong></span> <span class='ocrx_word' id='word_1_409' title='bbox 1812 3066 1890 3130; x_wconf 78' lang='grc' dir='ltr'>εἰς</span> <span class='ocrx_word' id='word_1_410' title='bbox 1925 3067 2075 3138; x_wconf 76' lang='grc' dir='ltr'>ἡμᾶς</span> 
     </span>
    </p>
   </div>
   <div class='ocr_carea' id='block_1_58' title="bbox 499 3146 1468 3227">
    <p class='ocr_par' dir='ltr' id='par_1_58' title="bbox 499 3146 1468 3227">
     <span class='ocr_line' id='line_1_58' title="bbox 499 3146 1468 3227; baseline 0.004 -19"><span class='ocrx_word' id='word_1_411' title='bbox 499 3155 781 3224; x_wconf 73' lang='grc' dir='ltr'>ἐνέργειαν</span> <span class='ocrx_word' id='word_1_412' title='bbox 811 3146 960 3226; x_wconf 83' lang='grc' dir='ltr'><strong>δηλοί</strong></span> <span class='ocrx_word' id='word_1_413' title='bbox 993 3155 1088 3208; x_wconf 71' lang='grc' dir='ltr'><strong>καὶ</strong></span> <span class='ocrx_word' id='word_1_414' title='bbox 1118 3156 1217 3226; x_wconf 79' lang='grc' dir='ltr'>τὴν</span> <span class='ocrx_word' id='word_1_415' title='bbox 1245 3156 1407 3227; x_wconf 81' lang='grc' dir='ltr'>χάριν</span> <span class='ocrx_word' id='word_1_416' title='bbox 1431 3173 1468 3212; x_wconf 85' lang='grc'><strong>⁸.</strong></span> 
     </span>
    </p>
   </div>
   <div class='ocr_carea' id='block_1_59' title="bbox 569 3248 2079 3323">
    <p class='ocr_par' dir='ltr' id='par_1_59' title="bbox 569 3248 2079 3323">
     <span class='ocr_line' id='line_1_59' title="bbox 569 3248 2079 3323; baseline 0.002 -21"><span class='ocrx_word' id='word_1_417' title='bbox 569 3248 792 3302; x_wconf 83' lang='grc' dir='ltr'>Ματαία</span> <span class='ocrx_word' id='word_1_418' title='bbox 821 3248 886 3300; x_wconf 79' lang='grc' dir='ltr'>ἂν</span> <span class='ocrx_word' id='word_1_419' title='bbox 914 3251 998 3316; x_wconf 81' lang='grc' dir='ltr'>εἴη</span> <span class='ocrx_word' id='word_1_420' title='bbox 1028 3249 1189 3302; x_wconf 87' lang='grc' dir='ltr'>τοῦτο</span> <span class='ocrx_word' id='word_1_421' title='bbox 1219 3251 1534 3321; x_wconf 78' lang='grc' dir='ltr'>καταφυγή.</span> <span class='ocrx_word' id='word_1_422' title='bbox 1567 3251 1630 3305; x_wconf 79' lang='lat' dir='ltr'><strong>El</strong></span> <span class='ocrx_word' id='word_1_423' title='bbox 1659 3253 1770 3323; x_wconf 85' lang='grc' dir='ltr'>γὰρ</span> <span class='ocrx_word' id='word_1_424' title='bbox 1798 3253 1896 3306; x_wconf 75' lang='lat' dir='ltr'><strong>xui.</strong></span> <span class='ocrx_word' id='word_1_425' title='bbox 1923 3253 2079 3323; x_wconf 82' lang='grc' dir='ltr'>χάρι-</span> 
     </span>
    </p>
   </div>
   <div class='ocr_carea' id='block_1_60' title="bbox 498 3342 2080 3414">
    <p class='ocr_par' dir='ltr' id='par_1_60' title="bbox 498 3342 2080 3414">
     <span class='ocr_line' id='line_1_60' title="bbox 498 3342 2080 3414; baseline 0.003 -22"><span class='ocrx_word' id='word_1_426' title='bbox 498 3342 588 3403; x_wconf 84' lang='grc' dir='ltr'><strong>τός</strong></span> <span class='ocrx_word' id='word_1_427' title='bbox 620 3359 765 3403; x_wconf 81' lang='grc' dir='ltr'>τινος</span> <span class='ocrx_word' id='word_1_428' title='bbox 793 3343 954 3411; x_wconf 79' lang='grc' dir='ltr'>ἡμεῖς</span> <span class='ocrx_word' id='word_1_429' title='bbox 988 3343 1515 3414; x_wconf 82' lang='grc' dir='ltr'>μεταλα;·.6άνομεν,</span> <span class='ocrx_word' id='word_1_430' title='bbox 1546 3347 1640 3397; x_wconf 73' lang='grc' dir='ltr'><strong>καὶ</strong></span> <span class='ocrx_word' id='word_1_431' title='bbox 1670 3345 1729 3396; x_wconf 85' lang='grc' dir='ltr'>οὐ</span> <span class='ocrx_word' id='word_1_432' title='bbox 1760 3346 1860 3414; x_wconf 79' lang='grc' dir='ltr'>τῆς</span> <span class='ocrx_word' id='word_1_433' title='bbox 1891 3345 2080 3406; x_wconf 85' lang='grc' dir='ltr'>οὐσίας</span> 
     </span>
    </p>
   </div>
   <div class='ocr_carea' id='block_1_61' title="bbox 500 3432 2080 3506">
    <p class='ocr_par' dir='ltr' id='par_1_61' title="bbox 500 3432 2080 3506">
     <span class='ocr_line' id='line_1_61' title="bbox 500 3432 2080 3506; baseline 0.003 -21"><span class='ocrx_word' id='word_1_434' title='bbox 500 3432 593 3485; x_wconf 76' lang='grc' dir='ltr'><strong>τοῦ</strong></span> <span class='ocrx_word' id='word_1_435' title='bbox 624 3433 958 3503; x_wconf 83' lang='grc' dir='ltr'>Πνεύματος,</span> <span class='ocrx_word' id='word_1_436' title='bbox 989 3434 1144 3489; x_wconf 87' lang='grc' dir='ltr'>οὐσία</span> <span class='ocrx_word' id='word_1_437' title='bbox 1173 3435 1277 3503; x_wconf 88' lang='grc' dir='ltr'><strong>γάρ</strong></span> <span class='ocrx_word' id='word_1_438' title='bbox 1305 3437 1452 3490; x_wconf 77' lang='grc' dir='ltr'>ἐστιν</span> <span class='ocrx_word' id='word_1_439' title='bbox 1479 3436 1780 3504; x_wconf 68' lang='grc' dir='ltr'>άμέθεκτος</span> <span class='ocrx_word' id='word_1_440' title='bbox 1799 3452 1814 3467; x_wconf 91' lang='grc'><strong>·</strong></span> <span class='ocrx_word' id='word_1_441' title='bbox 1842 3438 1990 3506; x_wconf 80' lang='grc' dir='ltr'>ὅμως</span> <span class='ocrx_word' id='word_1_442' title='bbox 2018 3436 2080 3490; x_wconf 89' lang='grc' dir='ltr'>οὐ</span> 
     </span>
    </p>
   </div>
   <div class='ocr_carea' id='block_1_62' title="bbox 503 3524 2081 3598">
    <p class='ocr_par' dir='ltr' id='par_1_62' title="bbox 503 3524 2081 3598">
     <span class='ocr_line' id='line_1_62' title="bbox 503 3524 2081 3598; baseline 0.003 -22"><span class='ocrx_word' id='word_1_443' title='bbox 503 3524 667 3594; x_wconf 83' lang='grc' dir='ltr'>χάρις</span> <span class='ocrx_word' id='word_1_444' title='bbox 713 3524 1082 3596; x_wconf 83' lang='grc' dir='ltr'>ἀνυπόστατος</span> <span class='ocrx_word' id='word_1_445' title='bbox 1127 3527 1378 3596; x_wconf 80' lang='grc' dir='ltr'>πρόεισιν</span> <span class='ocrx_word' id='word_1_446' title='bbox 1417 3527 1476 3592; x_wconf 79' lang='grc' dir='ltr'>ἐξ</span> <span class='ocrx_word' id='word_1_447' title='bbox 1519 3527 1679 3593; x_wconf 81' lang='grc' dir='ltr'>Υίοῦ,</span> <span class='ocrx_word' id='word_1_448' title='bbox 1724 3527 1840 3580; x_wconf 78' lang='grc' dir='ltr'>ἀλλ’</span> <span class='ocrx_word' id='word_1_449' title='bbox 1871 3526 2008 3598; x_wconf 83' lang='grc' dir='ltr'>αὑτὴ</span> <span class='ocrx_word' id='word_1_450' title='bbox 2047 3530 2081 3596; x_wconf 84' lang='grc' dir='ltr'><strong>ἡ</strong></span> 
     </span>
    </p>
   </div>
   <div class='ocr_carea' id='block_1_63' title="bbox 506 3613 2080 3690">
    <p class='ocr_par' dir='ltr' id='par_1_63' title="bbox 506 3613 2080 3690">
     <span class='ocr_line' id='line_1_63' title="bbox 506 3613 2080 3690; baseline 0.001 -21"><span class='ocrx_word' id='word_1_451' title='bbox 506 3615 630 3670; x_wconf 84' lang='grc' dir='ltr'>θεία</span> <span class='ocrx_word' id='word_1_452' title='bbox 654 3615 746 3669; x_wconf 86' lang='grc' dir='ltr'>τοῦ</span> <span class='ocrx_word' id='word_1_453' title='bbox 777 3616 1096 3686; x_wconf 79' lang='grc' dir='ltr'>Πνεῦματος</span> <span class='ocrx_word' id='word_1_454' title='bbox 1124 3619 1442 3679; x_wconf 75' lang='grc' dir='ltr'>ὑπόστασις.</span> <span class='ocrx_word' id='word_1_455' title='bbox 1475 3621 1580 3671; x_wconf 78' lang='grc' dir='ltr'><strong>Καὶ</strong></span> <span class='ocrx_word' id='word_1_456' title='bbox 1608 3619 1767 3690; x_wconf 81' lang='grc' dir='ltr'>δῆλον</span> <span class='ocrx_word' id='word_1_457' title='bbox 1794 3619 1854 3684; x_wconf 78' lang='grc' dir='ltr'>ἐξ</span> <span class='ocrx_word' id='word_1_458' title='bbox 1881 3613 1955 3672; x_wconf 81' lang='grc' dir='ltr'>ὧν</span> <span class='ocrx_word' id='word_1_459' title='bbox 1984 3619 2080 3674; x_wconf 80' lang='grc' dir='ltr'>άλ-</span> 
     </span>
    </p>
   </div>
   <div class='ocr_carea' id='block_1_64' title="bbox 507 3708 2084 3784">
    <p class='ocr_par' dir='ltr' id='par_1_64' title="bbox 507 3708 2084 3784">
     <span class='ocr_line' id='line_1_64' title="bbox 507 3708 2084 3784; baseline 0 -20"><span class='ocrx_word' id='word_1_460' title='bbox 507 3708 617 3765; x_wconf 80' lang='grc' dir='ltr'>λιυν</span> <span class='ocrx_word' id='word_1_461' title='bbox 655 3712 950 3782; x_wconf 78' lang='grc' dir='ltr'><strong>ῥημάτων,</strong></span> <span class='ocrx_word' id='word_1_462' title='bbox 986 3714 1461 3784; x_wconf 72' lang='grc' dir='ltr'>ἐμφοιτικωτέρων</span> <span class='ocrx_word' id='word_1_463' title='bbox 1501 3716 1627 3781; x_wconf 70' lang='grc' dir='ltr'>περὶ</span> <span class='ocrx_word' id='word_1_464' title='bbox 1660 3714 1887 3777; x_wconf 76' lang='grc' dir='ltr'>τούτου,</span> <span class='ocrx_word' id='word_1_465' title='bbox 1919 3713 2084 3782; x_wconf 79' lang='grc' dir='ltr'>φασὶν</span> 
     </span>
    </p>
   </div>
   <div class='ocr_carea' id='block_1_65' title="bbox 507 3803 2086 3874">
    <p class='ocr_par' dir='ltr' id='par_1_65' title="bbox 507 3803 2086 3874">
     <span class='ocr_line' id='line_1_65' title="bbox 507 3803 2086 3874; baseline 0.001 -18"><span class='ocrx_word' id='word_1_466' title='bbox 507 3803 558 3857; x_wconf 76' lang='grc' dir='ltr'><strong>οἱ</strong></span> <span class='ocrx_word' id='word_1_467' title='bbox 586 3803 920 3870; x_wconf 76' lang='grc' dir='ltr'>διδάσκαλοι,</span> <span class='ocrx_word' id='word_1_468' title='bbox 953 3804 1048 3858; x_wconf 87' lang='grc' dir='ltr'><strong>τοῦ</strong></span> <span class='ocrx_word' id='word_1_469' title='bbox 1081 3805 1426 3872; x_wconf 73' lang='grc' dir='ltr'>ἀναὸλὺζειν,</span> <span class='ocrx_word' id='word_1_470' title='bbox 1457 3806 1624 3874; x_wconf 81' lang='grc' dir='ltr'>λέγω,</span> <span class='ocrx_word' id='word_1_471' title='bbox 1654 3807 1748 3859; x_wconf 88' lang='grc' dir='ltr'><strong>τοῦ</strong></span> <span class='ocrx_word' id='word_1_472' title='bbox 1782 3808 1872 3858; x_wconf 71' lang='grc' dir='ltr'><strong>καὶ</strong></span> <span class='ocrx_word' id='word_1_473' title='bbox 1905 3805 2086 3873; x_wconf 80' lang='grc' dir='ltr'>πηγά-</span> 
     </span>
    </p>
   </div>
   <div class='ocr_carea' id='block_1_66' title="bbox 509 3895 2082 3970">
    <p class='ocr_par' dir='ltr' id='par_1_66' title="bbox 509 3895 2082 3970">
     <span class='ocr_line' id='line_1_66' title="bbox 509 3895 2082 3970; baseline 0.003 -21"><span class='ocrx_word' id='word_1_474' title='bbox 509 3895 647 3961; x_wconf 80' lang='grc' dir='ltr'>ζειν,</span> <span class='ocrx_word' id='word_1_475' title='bbox 697 3895 794 3951; x_wconf 77' lang='grc' dir='ltr'><strong>καὶ</strong></span> <span class='ocrx_word' id='word_1_476' title='bbox 841 3895 1168 3968; x_wconf 74' lang='grc' dir='ltr'>ἐκλάμπειν.</span> <span class='ocrx_word' id='word_1_477' title='bbox 1208 3901 1274 3952; x_wconf 80' lang='grc' dir='ltr'>Ἀ</span> <span class='ocrx_word' id='word_1_478' title='bbox 1321 3899 1428 3952; x_wconf 83' lang='grc' dir='ltr'>τίνι</span> <span class='ocrx_word' id='word_1_479' title='bbox 1482 3901 1558 3969; x_wconf 84' lang='grc' dir='ltr'>μὴ</span> <span class='ocrx_word' id='word_1_480' title='bbox 1605 3901 1970 3970; x_wconf 76' lang='grc' dir='ltr'>τυφλώττοντι</span> <span class='ocrx_word' id='word_1_481' title='bbox 2021 3901 2082 3953; x_wconf 90' lang='grc' dir='ltr'><strong>οὐ</strong></span> 
     </span>
    </p>
   </div>
   <div class='ocr_carea' id='block_1_67' title="bbox 509 3989 2088 4060">
    <p class='ocr_par' dir='ltr' id='par_1_67' title="bbox 509 3989 2088 4060">
     <span class='ocr_line' id='line_1_67' title="bbox 509 3989 2088 4060; baseline 0.001 -17"><span class='ocrx_word' id='word_1_482' title='bbox 509 3989 820 4059; x_wconf 85' lang='grc' dir='ltr'>γνώρισμα,</span> <span class='ocrx_word' id='word_1_483' title='bbox 860 3991 958 4057; x_wconf 78' lang='grc' dir='ltr'>τὴν</span> <span class='ocrx_word' id='word_1_484' title='bbox 993 3989 1230 4057; x_wconf 75' lang='grc' dir='ltr'>ὓπαρξιν</span> <span class='ocrx_word' id='word_1_485' title='bbox 1265 3989 1356 4042; x_wconf 80' lang='grc' dir='ltr'><strong>τοῦ</strong></span> <span class='ocrx_word' id='word_1_486' title='bbox 1401 3991 1716 4060; x_wconf 82' lang='grc' dir='ltr'>Πνεύματος</span> <span class='ocrx_word' id='word_1_487' title='bbox 1758 3993 1818 4044; x_wconf 84' lang='grc' dir='ltr'>οὑ</span> <span class='ocrx_word' id='word_1_488' title='bbox 1865 3991 2088 4060; x_wconf 83' lang='grc' dir='ltr'>μετάδο-</span> 
     </span>
    </p>
   </div>
   <div class='ocr_carea' id='block_1_68' title="bbox 511 4081 2086 4156">
    <p class='ocr_par' dir='ltr' id='par_1_68' title="bbox 511 4081 2086 4156">
     <span class='ocr_line' id='line_1_68' title="bbox 511 4081 2086 4156; baseline -0.001 -20"><span class='ocrx_word' id='word_1_489' title='bbox 511 4098 632 4146; x_wconf 87' lang='grc' dir='ltr'>σιν,</span> <span class='ocrx_word' id='word_1_490' title='bbox 663 4081 782 4136; x_wconf 76' lang='grc' dir='ltr'>οὐδὲ</span> <span class='ocrx_word' id='word_1_491' title='bbox 814 4085 1078 4154; x_wconf 79' lang='grc' dir='ltr'><strong>χορηγίαν</strong></span> <span class='ocrx_word' id='word_1_492' title='bbox 1112 4084 1340 4153; x_wconf 88' lang='grc' dir='ltr'>δηλοῦν;</span> <span class='ocrx_word' id='word_1_493' title='bbox 1373 4084 1440 4139; x_wconf 83' lang='grc' dir='ltr'>’Π</span> <span class='ocrx_word' id='word_1_494' title='bbox 1473 4085 1700 4156; x_wconf 68' lang='grc' dir='ltr'>τοιαύτη</span> <span class='ocrx_word' id='word_1_495' title='bbox 1737 4085 1828 4138; x_wconf 81' lang='grc' dir='ltr'>οῦν</span> <span class='ocrx_word' id='word_1_496' title='bbox 1863 4085 1921 4150; x_wconf 76' lang='grc' dir='ltr'>ἐξ</span> <span class='ocrx_word' id='word_1_497' title='bbox 1955 4081 2086 4137; x_wconf 84' lang='grc' dir='ltr'>Υίοῦ</span> 
     </span>
    </p>
   </div>
   <div class='ocr_carea' id='block_1_69' title="bbox 509 4173 2089 4247">
    <p class='ocr_par' dir='ltr' id='par_1_69' title="bbox 509 4173 2089 4247">
     <span class='ocr_line' id='line_1_69' title="bbox 509 4173 2089 4247; baseline -0.001 -19"><span class='ocrx_word' id='word_1_498' title='bbox 509 4173 852 4242; x_wconf 78' lang='grc' dir='ltr'>ὐποστατικὴ</span> <span class='ocrx_word' id='word_1_499' title='bbox 877 4175 968 4228; x_wconf 89' lang='grc' dir='ltr'>τοῦ</span> <span class='ocrx_word' id='word_1_500' title='bbox 1003 4175 1321 4244; x_wconf 82' lang='grc' dir='ltr'>Πνεὺματος</span> <span class='ocrx_word' id='word_1_501' title='bbox 1352 4177 1598 4244; x_wconf 76' lang='grc' dir='ltr'>πρόοδος,</span> <span class='ocrx_word' id='word_1_502' title='bbox 1625 4177 1656 4247; x_wconf 88' lang='grc' dir='ltr'>ἢ</span> <span class='ocrx_word' id='word_1_503' title='bbox 1683 4177 1899 4246; x_wconf 80' lang='grc' dir='ltr'>δουλική</span> <span class='ocrx_word' id='word_1_504' title='bbox 1943 4177 2089 4228; x_wconf 81' lang='grc' dir='ltr'>ἐστιν</span> 
     </span>
    </p>
   </div>
   <div class='ocr_carea' id='block_1_70' title="bbox 510 4263 2088 4336">
    <p class='ocr_par' dir='ltr' id='par_1_70' title="bbox 510 4263 2088 4336">
     <span class='ocr_line' id='line_1_70' title="bbox 510 4263 2088 4336; baseline 0.001 -18"><span class='ocrx_word' id='word_1_505' title='bbox 510 4265 546 4336; x_wconf 78' lang='grc' dir='ltr'><strong>ἢ</strong></span> <span class='ocrx_word' id='word_1_506' title='bbox 579 4263 808 4335; x_wconf 84' lang='grc' dir='ltr'>φυσική.</span> <span class='ocrx_word' id='word_1_507' title='bbox 847 4265 990 4319; x_wconf 81' lang='grc' dir='ltr'>Ἀλλ’</span> <span class='ocrx_word' id='word_1_508' title='bbox 1017 4267 1138 4319; x_wconf 73' lang='grc' dir='ltr'>ἐπεὶ</span> <span class='ocrx_word' id='word_1_509' title='bbox 1169 4267 1392 4335; x_wconf 77' lang='grc' dir='ltr'>δουλικὴ</span> <span class='ocrx_word' id='word_1_510' title='bbox 1423 4269 1524 4320; x_wconf 86' lang='grc' dir='ltr'>οὐκ</span> <span class='ocrx_word' id='word_1_511' title='bbox 1555 4269 1724 4332; x_wconf 79' lang='grc' dir='ltr'>ἔστιν,</span> <span class='ocrx_word' id='word_1_512' title='bbox 1759 4268 1816 4332; x_wconf 85' lang='grc' dir='ltr'>ὲξ</span> <span class='ocrx_word' id='word_1_513' title='bbox 1845 4269 2088 4336; x_wconf 84' lang='grc' dir='ltr'>ἀνάγκης</span> 
     </span>
    </p>
   </div>
   <div class='ocr_carea' id='block_1_71' title="bbox 511 4355 2088 4429">
    <p class='ocr_par' dir='ltr' id='par_1_71' title="bbox 511 4355 2088 4429">
     <span class='ocr_line' id='line_1_71' title="bbox 511 4355 2088 4429; baseline 0.001 -21"><span class='ocrx_word' id='word_1_514' title='bbox 511 4357 630 4410; x_wconf 77' lang='grc' dir='ltr'>ἐστι</span> <span class='ocrx_word' id='word_1_515' title='bbox 673 4359 898 4424; x_wconf 71' lang='grc' dir='ltr'>φυσική.</span> <span class='ocrx_word' id='word_1_516' title='bbox 942 4355 1150 4426; x_wconf 77' lang='grc' dir='ltr'>Φυσικὴ</span> <span class='ocrx_word' id='word_1_517' title='bbox 1197 4357 1254 4410; x_wconf 82' lang='grc' dir='ltr'>δὲ</span> <span class='ocrx_word' id='word_1_518' title='bbox 1299 4359 1526 4427; x_wconf 84' lang='grc' dir='ltr'>πρόοδος</span> <span class='ocrx_word' id='word_1_519' title='bbox 1571 4359 1628 4422; x_wconf 80' lang='grc' dir='ltr'><strong>ἐξ</strong></span> <span class='ocrx_word' id='word_1_520' title='bbox 1675 4360 1805 4411; x_wconf 86' lang='grc' dir='ltr'>Υἱοῦ</span> <span class='ocrx_word' id='word_1_521' title='bbox 1851 4363 1948 4429; x_wconf 80' lang='grc' dir='ltr'>τῆς</span> <span class='ocrx_word' id='word_1_522' title='bbox 1991 4357 2088 4412; x_wconf 87' lang='grc' dir='ltr'><strong>τοῦ</strong></span> 
     </span>
    </p>
   </div>
   <div class='ocr_carea' id='block_1_72' title="bbox 2254 3047 3756 3138">
    <p class='ocr_par' dir='ltr' id='par_1_72' title="bbox 2254 3047 3756 3138">
     <span class='ocr_line' id='line_1_72' title="bbox 2254 3047 3756 3138; baseline -0.009 -12"><span class='ocrx_word' id='word_1_523' title='bbox 2254 3069 2311 3126; x_wconf 89' lang='lat' dir='ltr'><strong>Si</strong></span> <span class='ocrx_word' id='word_1_524' title='bbox 2352 3069 2476 3138; x_wconf 88' lang='lat' dir='ltr'><strong>quis</strong></span> <span class='ocrx_word' id='word_1_525' title='bbox 2529 3047 2678 3124; x_wconf 36' lang='lat' dir='ltr'><strong>vero.</strong></span> <span class='ocrx_word' id='word_1_526' title='bbox 2711 3067 2859 3122; x_wconf 88' lang='lat' dir='ltr'><strong>dicat</strong></span> <span class='ocrx_word' id='word_1_527' title='bbox 2907 3067 3050 3119; x_wconf 81' lang='lat' dir='ltr'><strong>hanc</strong></span> <span class='ocrx_word' id='word_1_528' title='bbox 3105 3063 3518 3134; x_wconf 84' lang='lat' dir='ltr'><strong>processionem</strong></span> <span class='ocrx_word' id='word_1_529' title='bbox 3563 3075 3756 3130; x_wconf 87' lang='lat' dir='ltr'><strong>opera-</strong></span> 
     </span>
    </p>
   </div>
   <div class='ocr_carea' id='block_1_73' title="bbox 2101 3144 3330 3228">
    <p class='ocr_par' dir='ltr' id='par_1_73' title="bbox 2101 3144 3330 3228">
     <span class='ocr_line' id='line_1_73' title="bbox 2101 3144 3330 3228; baseline -0.007 -9"><span class='ocrx_word' id='word_1_530' title='bbox 2101 3144 2144 3204; x_wconf 70' lang='grc' dir='ltr'>ο</span> <span class='ocrx_word' id='word_1_531' title='bbox 2180 3161 2380 3219; x_wconf 80' lang='lat' dir='ltr'><strong>tionem</strong></span> <span class='ocrx_word' id='word_1_532' title='bbox 2413 3159 2479 3214; x_wconf 92' lang='lat' dir='ltr'><strong>ad</strong></span> <span class='ocrx_word' id='word_1_533' title='bbox 2513 3175 2612 3214; x_wconf 88' lang='lat' dir='ltr'><strong>nos</strong></span> <span class='ocrx_word' id='word_1_534' title='bbox 2639 3170 2696 3213; x_wconf 90' lang='lat' dir='ltr'><strong>et</strong></span> <span class='ocrx_word' id='word_1_535' title='bbox 2727 3159 2959 3228; x_wconf 78' lang='lat' dir='ltr'><strong>gratiam</strong></span> <span class='ocrx_word' id='word_1_536' title='bbox 2992 3157 3330 3227; x_wconf 82' lang='lat' dir='ltr'><strong>significare,</strong></span> 
     </span>
    </p>
   </div>
   <div class='ocr_carea' id='block_1_74' title="bbox 2249 3243 3758 3320">
    <p class='ocr_par' dir='ltr' id='par_1_74' title="bbox 2249 3243 3758 3320">
     <span class='ocr_line' id='line_1_74' title="bbox 2249 3243 3758 3320; baseline -0.01 -12"><span class='ocrx_word' id='word_1_537' title='bbox 2249 3252 2465 3308; x_wconf 77' lang='lat' dir='ltr'><strong>Vanum</strong></span> <span class='ocrx_word' id='word_1_538' title='bbox 2510 3260 2597 3305; x_wconf 88' lang='lat' dir='ltr'><strong>est</strong></span> <span class='ocrx_word' id='word_1_539' title='bbox 2643 3252 2763 3320; x_wconf 85' lang='lat' dir='ltr'><strong>ejus</strong></span> <span class='ocrx_word' id='word_1_540' title='bbox 2817 3249 2924 3304; x_wconf 88' lang='lat' dir='ltr'><strong>hoc</strong></span> <span class='ocrx_word' id='word_1_541' title='bbox 2971 3249 3266 3318; x_wconf 81' lang='lat' dir='ltr'><strong>refugium.</strong></span> <span class='ocrx_word' id='word_1_542' title='bbox 3307 3245 3420 3298; x_wconf 81' lang='lat' dir='ltr'><strong>Etsi</strong></span> <span class='ocrx_word' id='word_1_543' title='bbox 3455 3243 3602 3297; x_wconf 89' lang='lat' dir='ltr'><strong>enim</strong></span> <span class='ocrx_word' id='word_1_544' title='bbox 3638 3256 3758 3310; x_wconf 81' lang='lat' dir='ltr'><strong>gra-</strong></span> 
     </span>
    </p>
   </div>
   <div class='ocr_carea' id='block_1_75' title="bbox 2186 3335 3760 3413">
    <p class='ocr_par' dir='ltr' id='par_1_75' title="bbox 2186 3335 3760 3413">
     <span class='ocr_line' id='line_1_75' title="bbox 2186 3335 3760 3413; baseline -0.01 -13"><span class='ocrx_word' id='word_1_545' title='bbox 2186 3347 2314 3400; x_wconf 88' lang='lat' dir='ltr'><strong>tiam</strong></span> <span class='ocrx_word' id='word_1_546' title='bbox 2346 3344 2637 3413; x_wconf 85' lang='lat' dir='ltr'><strong>quamdam</strong></span> <span class='ocrx_word' id='word_1_547' title='bbox 2671 3344 3066 3412; x_wconf 84' lang='lat' dir='ltr'><strong>participamns</strong></span> <span class='ocrx_word' id='word_1_548' title='bbox 3087 3383 3099 3402; x_wconf 83' lang='lat'><strong>,</strong></span> <span class='ocrx_word' id='word_1_549' title='bbox 3127 3339 3468 3406; x_wconf 85' lang='lat' dir='ltr'><strong>minimeque</strong></span> <span class='ocrx_word' id='word_1_550' title='bbox 3503 3335 3760 3390; x_wconf 88' lang='lat' dir='ltr'><strong>substan-</strong></span> 
     </span>
    </p>
   </div>
   <div class='ocr_carea' id='block_1_76' title="bbox 2187 3427 3759 3510">
    <p class='ocr_par' dir='ltr' id='par_1_76' title="bbox 2187 3427 3759 3510">
     <span class='ocr_line' id='line_1_76' title="bbox 2187 3427 3759 3510; baseline -0.01 -14"><span class='ocrx_word' id='word_1_551' title='bbox 2187 3445 2316 3497; x_wconf 84' lang='lat' dir='ltr'><strong>tiam</strong></span> <span class='ocrx_word' id='word_1_552' title='bbox 2351 3441 2633 3510; x_wconf 81' lang='lat' dir='ltr'><strong>Spiritus;</strong></span> <span class='ocrx_word' id='word_1_553' title='bbox 2669 3437 2980 3490; x_wconf 83' lang='lat' dir='ltr'><strong>substantia</strong></span> <span class='ocrx_word' id='word_1_554' title='bbox 3014 3437 3160 3488; x_wconf 91' lang='lat' dir='ltr'><strong>enim</strong></span> <span class='ocrx_word' id='word_1_555' title='bbox 3195 3443 3281 3488; x_wconf 88' lang='lat' dir='ltr'><strong>est</strong></span> <span class='ocrx_word' id='word_1_556' title='bbox 3315 3427 3759 3500; x_wconf 79' lang='lat' dir='ltr'><strong>itnparticipabi-</strong></span> 
     </span>
    </p>
   </div>
   <div class='ocr_carea' id='block_1_77' title="bbox 2185 3522 3759 3600">
    <p class='ocr_par' dir='ltr' id='par_1_77' title="bbox 2185 3522 3759 3600">
     <span class='ocr_line' id='line_1_77' title="bbox 2185 3522 3759 3600; baseline -0.011 -10"><span class='ocrx_word' id='word_1_557' title='bbox 2185 3535 2294 3600; x_wconf 89' lang='lat' dir='ltr'><strong>iis;</strong></span> <span class='ocrx_word' id='word_1_558' title='bbox 2340 3551 2447 3588; x_wconf 91' lang='lat' dir='ltr'><strong>non</strong></span> <span class='ocrx_word' id='word_1_559' title='bbox 2484 3543 2666 3586; x_wconf 81' lang='lat' dir='ltr'><strong>tamen</strong></span> <span class='ocrx_word' id='word_1_560' title='bbox 2698 3529 2870 3599; x_wconf 79' lang='lat' dir='ltr'><strong>gratia</strong></span> <span class='ocrx_word' id='word_1_561' title='bbox 2919 3527 3336 3582; x_wconf 78' lang='lat' dir='ltr'><strong>subsistentiam</strong></span> <span class='ocrx_word' id='word_1_562' title='bbox 3386 3540 3494 3578; x_wconf 91' lang='lat' dir='ltr'><strong>non</strong></span> <span class='ocrx_word' id='word_1_563' title='bbox 3542 3522 3759 3576; x_wconf 84' lang='lat' dir='ltr'><strong>habens</strong></span> 
     </span>
    </p>
   </div>
   <div class='ocr_carea' id='block_1_78' title="bbox 2187 3614 3762 3699">
    <p class='ocr_par' dir='ltr' id='par_1_78' title="bbox 2187 3614 3762 3699">
     <span class='ocr_line' id='line_1_78' title="bbox 2187 3614 3762 3699; baseline -0.01 -19"><span class='ocrx_word' id='word_1_564' title='bbox 2187 3629 2438 3699; x_wconf 63' lang='lat' dir='ltr'><strong>procedit</strong></span> <span class='ocrx_word' id='word_1_565' title='bbox 2468 3641 2533 3678; x_wconf 80' lang='lat' dir='ltr'><strong>ex</strong></span> <span class='ocrx_word' id='word_1_566' title='bbox 2567 3624 2709 3678; x_wconf 88' lang='lat' dir='ltr'><strong>Filio</strong></span> <span class='ocrx_word' id='word_1_567' title='bbox 2734 3662 2749 3686; x_wconf 97' lang='lat'><strong>,</strong></span> <span class='ocrx_word' id='word_1_568' title='bbox 2795 3621 2892 3675; x_wconf 89' lang='lat' dir='ltr'><strong>sed</strong></span> <span class='ocrx_word' id='word_1_569' title='bbox 2953 3621 3065 3690; x_wconf 85' lang='lat' dir='ltr'><strong>ipsa</strong></span> <span class='ocrx_word' id='word_1_570' title='bbox 3096 3621 3279 3673; x_wconf 83' lang='lat' dir='ltr'><strong>divina</strong></span> <span class='ocrx_word' id='word_1_571' title='bbox 3317 3616 3556 3686; x_wconf 86' lang='lat' dir='ltr'><strong>Spiritus</strong></span> <span class='ocrx_word' id='word_1_572' title='bbox 3586 3614 3762 3684; x_wconf 86' lang='lat' dir='ltr'><strong>hypo-</strong></span> 
     </span>
    </p>
   </div>
   <div class='ocr_carea' id='block_1_79' title="bbox 2187 3711 3763 3778">
    <p class='ocr_par' dir='ltr' id='par_1_79' title="bbox 2187 3711 3763 3778">
     <span class='ocr_line' id='line_1_79' title="bbox 2187 3711 3763 3778; baseline -0.011 -2"><span class='ocrx_word' id='word_1_573' title='bbox 2187 3721 2371 3776; x_wconf 86' lang='lat' dir='ltr'><strong>stasis.</strong></span> <span class='ocrx_word' id='word_1_574' title='bbox 2401 3719 2470 3774; x_wconf 90' lang='lat' dir='ltr'><strong>Et</strong></span> <span class='ocrx_word' id='word_1_575' title='bbox 2497 3717 2848 3772; x_wconf 85' lang='lat' dir='ltr'><strong>manifestum</strong></span> <span class='ocrx_word' id='word_1_576' title='bbox 2871 3724 2958 3768; x_wconf 88' lang='lat' dir='ltr'><strong>est</strong></span> <span class='ocrx_word' id='word_1_577' title='bbox 2991 3730 3054 3768; x_wconf 80' lang='lat' dir='ltr'><strong>ex</strong></span> <span class='ocrx_word' id='word_1_578' title='bbox 3077 3714 3198 3767; x_wconf 86' lang='lat' dir='ltr'><strong>aliis</strong></span> <span class='ocrx_word' id='word_1_579' title='bbox 3229 3711 3430 3771; x_wconf 85' lang='lat' dir='ltr'><strong>verbis,</strong></span> <span class='ocrx_word' id='word_1_580' title='bbox 3457 3724 3576 3778; x_wconf 63' lang='lat' dir='ltr'><strong>quas</strong></span> <span class='ocrx_word' id='word_1_581' title='bbox 3603 3721 3763 3776; x_wconf 86' lang='lat' dir='ltr'><strong>aper-</strong></span> 
     </span>
    </p>
   </div>
   <div class='ocr_carea' id='block_1_80' title="bbox 2189 3797 3761 3882">
    <p class='ocr_par' dir='ltr' id='par_1_80' title="bbox 2189 3797 3761 3882">
     <span class='ocr_line' id='line_1_80' title="bbox 2189 3797 3761 3882; baseline -0.01 -14"><span class='ocrx_word' id='word_1_582' title='bbox 2189 3815 2299 3868; x_wconf 90' lang='lat' dir='ltr'><strong>tius</strong></span> <span class='ocrx_word' id='word_1_583' title='bbox 2321 3824 2375 3868; x_wconf 90' lang='lat' dir='ltr'><strong>et</strong></span> <span class='ocrx_word' id='word_1_584' title='bbox 2395 3811 2796 3882; x_wconf 68' lang='lat' dir='ltr'><strong>signiﬁcantius</strong></span> <span class='ocrx_word' id='word_1_585' title='bbox 2821 3809 3082 3864; x_wconf 85' lang='lat' dir='ltr'><strong>doctores</strong></span> <span class='ocrx_word' id='word_1_586' title='bbox 3130 3806 3360 3867; x_wconf 87' lang='lat' dir='ltr'><strong>dicunt,</strong></span> <span class='ocrx_word' id='word_1_587' title='bbox 3387 3797 3724 3856; x_wconf 84' lang='lat' dir='ltr'><strong>scaturiendi</strong></span> <span class='ocrx_word' id='word_1_588' title='bbox 3745 3837 3761 3864; x_wconf 84' lang='lat'><strong>,</strong></span> 
     </span>
    </p>
   </div>
   <div class='ocr_carea' id='block_1_81' title="bbox 2190 3889 3762 3974">
    <p class='ocr_par' dir='ltr' id='par_1_81' title="bbox 2190 3889 3762 3974">
     <span class='ocr_line' id='line_1_81' title="bbox 2190 3889 3762 3974; baseline -0.01 -13"><span class='ocrx_word' id='word_1_589' title='bbox 2190 3909 2413 3974; x_wconf 89' lang='lat' dir='ltr'><strong>inquam</strong></span> <span class='ocrx_word' id='word_1_590' title='bbox 2445 3945 2459 3964; x_wconf 90' lang='lat'><strong>.</strong></span> <span class='ocrx_word' id='word_1_591' title='bbox 2495 3914 2552 3958; x_wconf 90' lang='lat' dir='ltr'><strong>et</strong></span> <span class='ocrx_word' id='word_1_592' title='bbox 2607 3905 2782 3958; x_wconf 88' lang='lat' dir='ltr'><strong>instar</strong></span> <span class='ocrx_word' id='word_1_593' title='bbox 2832 3902 3002 3956; x_wconf 89' lang='lat' dir='ltr'><strong>fontis</strong></span> <span class='ocrx_word' id='word_1_594' title='bbox 3047 3895 3377 3958; x_wconf 85' lang='lat' dir='ltr'><strong>emanandi,</strong></span> <span class='ocrx_word' id='word_1_595' title='bbox 3412 3902 3469 3948; x_wconf 91' lang='lat' dir='ltr'><strong>et</strong></span> <span class='ocrx_word' id='word_1_596' title='bbox 3517 3889 3762 3962; x_wconf 84' lang='lat' dir='ltr'><strong>lucendi.</strong></span> 
     </span>
    </p>
   </div>
   <div class='ocr_carea' id='block_1_82' title="bbox 2189 3993 3768 4064">
    <p class='ocr_par' dir='ltr' id='par_1_82' title="bbox 2189 3993 3768 4064">
     <span class='ocr_line' id='line_1_82' title="bbox 2189 3993 3768 4064; baseline -0.01 -13"><span class='ocrx_word' id='word_1_597' title='bbox 2189 3997 2321 4064; x_wconf 66' lang='lat' dir='ltr'><strong>Quae</strong></span> <span class='ocrx_word' id='word_1_598' title='bbox 2351 3997 2440 4051; x_wconf 92' lang='lat' dir='ltr'><strong>cui</strong></span> <span class='ocrx_word' id='word_1_599' title='bbox 2487 4011 2595 4049; x_wconf 93' lang='lat' dir='ltr'><strong>non</strong></span> <span class='ocrx_word' id='word_1_600' title='bbox 2628 3993 2940 4050; x_wconf 59' lang='lat' dir='ltr'><strong>carentis-nti</strong></span> <span class='ocrx_word' id='word_1_601' title='bbox 2990 4006 3100 4044; x_wconf 89' lang='lat' dir='ltr'><strong>non</strong></span> <span class='ocrx_word' id='word_1_602' title='bbox 3133 3995 3456 4058; x_wconf 80' lang='lat' dir='ltr'><strong>argumento</strong></span> <span class='ocrx_word' id='word_1_603' title='bbox 3483 3999 3609 4039; x_wconf 88' lang='lat' dir='ltr'><strong>esse</strong></span> <span class='ocrx_word' id='word_1_604' title='bbox 3640 3997 3768 4052; x_wconf 85' lang='lat' dir='ltr'><strong>pos-</strong></span> 
     </span>
    </p>
   </div>
   <div class='ocr_carea' id='block_1_83' title="bbox 2190 4073 3768 4152">
    <p class='ocr_par' dir='ltr' id='par_1_83' title="bbox 2190 4073 3768 4152">
     <span class='ocr_line' id='line_1_83' title="bbox 2190 4073 3768 4152; baseline -0.011 -10"><span class='ocrx_word' id='word_1_605' title='bbox 2190 4095 2321 4142; x_wconf 88' lang='lat' dir='ltr'><strong>snnt</strong></span> <span class='ocrx_word' id='word_1_606' title='bbox 2364 4085 2749 4140; x_wconf 77' lang='lat' dir='ltr'><strong>exsistentiam</strong></span> <span class='ocrx_word' id='word_1_607' title='bbox 2809 4082 3106 4152; x_wconf 87' lang='lat' dir='ltr'><strong>Spiritus,_</strong></span> <span class='ocrx_word' id='word_1_608' title='bbox 3141 4094 3252 4133; x_wconf 92' lang='lat' dir='ltr'><strong>non</strong></span> <span class='ocrx_word' id='word_1_609' title='bbox 3305 4073 3768 4132; x_wconf 88' lang='lat' dir='ltr'><strong>communicatio-</strong></span> 
     </span>
    </p>
   </div>
   <div class='ocr_carea' id='block_1_84' title="bbox 2191 4160 3770 4244">
    <p class='ocr_par' dir='ltr' id='par_1_84' title="bbox 2191 4160 3770 4244">
     <span class='ocr_line' id='line_1_84' title="bbox 2191 4160 3770 4244; baseline -0.012 -12"><span class='ocrx_word' id='word_1_610' title='bbox 2191 4193 2317 4232; x_wconf 92' lang='lat' dir='ltr'><strong>nem</strong></span> <span class='ocrx_word' id='word_1_611' title='bbox 2341 4216 2356 4242; x_wconf 89' lang='lat'><strong>,</strong></span> <span class='ocrx_word' id='word_1_612' title='bbox 2395 4190 2583 4244; x_wconf 88' lang='lat' dir='ltr'><strong>neque</strong></span> <span class='ocrx_word' id='word_1_613' title='bbox 2619 4173 2972 4229; x_wconf 87' lang='lat' dir='ltr'><strong>collationem</strong></span> <span class='ocrx_word' id='word_1_614' title='bbox 3011 4171 3252 4239; x_wconf 85' lang='lat' dir='ltr'><strong>aliquam</strong></span> <span class='ocrx_word' id='word_1_615' title='bbox 3289 4167 3558 4220; x_wconf 91' lang='lat' dir='ltr'><strong>donorum</strong></span> <span class='ocrx_word' id='word_1_616' title='bbox 3595 4160 3770 4224; x_wconf 75' lang='lat' dir='ltr'><strong>signi-</strong></span> 
     </span>
    </p>
   </div>
   <div class='ocr_carea' id='block_1_85' title="bbox 2192 4253 3770 4333">
    <p class='ocr_par' dir='ltr' id='par_1_85' title="bbox 2192 4253 3770 4333">
     <span class='ocr_line' id='line_1_85' title="bbox 2192 4253 3770 4333; baseline -0.01 -11"><span class='ocrx_word' id='word_1_617' title='bbox 2192 4266 2398 4322; x_wconf 81' lang='lat' dir='ltr'><strong>ﬁcare?</strong></span> <span class='ocrx_word' id='word_1_618' title='bbox 2446 4265 2595 4319; x_wconf 88' lang='lat' dir='ltr'><strong>Talis</strong></span> <span class='ocrx_word' id='word_1_619' title='bbox 2642 4263 2809 4333; x_wconf 82' lang='lat' dir='ltr'><strong>igitur</strong></span> <span class='ocrx_word' id='word_1_620' title='bbox 2859 4278 2924 4316; x_wconf 79' lang='lat' dir='ltr'><strong>ex</strong></span> <span class='ocrx_word' id='word_1_621' title='bbox 2960 4260 3097 4315; x_wconf 87' lang='lat' dir='ltr'><strong>Filio</strong></span> <span class='ocrx_word' id='word_1_622' title='bbox 3140 4255 3480 4328; x_wconf 76' lang='lat' dir='ltr'><strong>bypostatica</strong></span> <span class='ocrx_word' id='word_1_623' title='bbox 3526 4253 3770 4322; x_wconf 81' lang='lat' dir='ltr'><strong>Spiritus</strong></span> 
     </span>
    </p>
   </div>
   <div class='ocr_carea' id='block_1_86' title="bbox 2195 4347 3767 4430">
    <p class='ocr_par' dir='ltr' id='par_1_86' title="bbox 2195 4347 3767 4430">
     <span class='ocr_line' id='line_1_86' title="bbox 2195 4347 3767 4430; baseline -0.01 -18"><span class='ocrx_word' id='word_1_624' title='bbox 2195 4358 2522 4430; x_wconf 90' lang='lat' dir='ltr'><strong>productio,</strong></span> <span class='ocrx_word' id='word_1_625' title='bbox 2573 4357 2660 4411; x_wconf 85' lang='lat' dir='ltr'><strong>vel</strong></span> <span class='ocrx_word' id='word_1_626' title='bbox 2701 4355 2922 4409; x_wconf 87' lang='lat' dir='ltr'><strong>servilis</strong></span> <span class='ocrx_word' id='word_1_627' title='bbox 2965 4363 3050 4408; x_wconf 90' lang='lat' dir='ltr'><strong>est</strong></span> <span class='ocrx_word' id='word_1_628' title='bbox 3092 4352 3176 4406; x_wconf 87' lang='lat' dir='ltr'><strong>vel</strong></span> <span class='ocrx_word' id='word_1_629' title='bbox 3227 4349 3518 4404; x_wconf 85' lang='lat' dir='ltr'><strong>naturalis.</strong></span> <span class='ocrx_word' id='word_1_630' title='bbox 3560 4347 3767 4401; x_wconf 82' lang='lat' dir='ltr'><strong>Verum</strong></span> 
     </span>
    </p>
   </div>
   <div class='ocr_carea' id='block_1_87' title="bbox 511 4439 2078 4539">
    <p class='ocr_par' dir='ltr' id='par_1_87' title="bbox 511 4449 2078 4521">
     <span class='ocr_line' id='line_1_87' title="bbox 511 4449 2078 4521; baseline 0.001 -17"><span class='ocrx_word' id='word_1_631' title='bbox 511 4449 831 4519; x_wconf 77' lang='grc' dir='ltr'>Πνεῦματος</span> <span class='ocrx_word' id='word_1_632' title='bbox 868 4449 1222 4512; x_wconf 74' lang='grc' dir='ltr'>ὑποστάσεως</span> <span class='ocrx_word' id='word_1_633' title='bbox 1256 4450 1306 4500; x_wconf 86' lang='grc' dir='ltr'><strong>τί</strong></span> <span class='ocrx_word' id='word_1_634' title='bbox 1340 4449 1405 4502; x_wconf 88' lang='grc' dir='ltr'>ἂν</span> <span class='ocrx_word' id='word_1_635' title='bbox 1437 4449 1566 4504; x_wconf 82' lang='grc' dir='ltr'>ἄλλο</span> <span class='ocrx_word' id='word_1_636' title='bbox 1603 4455 1756 4521; x_wconf 77' lang='grc' dir='ltr'>παρᾶ</span> <span class='ocrx_word' id='word_1_637' title='bbox 1786 4453 1885 4506; x_wconf 60' lang='grc' dir='ltr'><strong>τὴν</strong></span> <span class='ocrx_word' id='word_1_638' title='bbox 1921 4452 2078 4506; x_wconf 82' lang='grc' dir='ltr'>αὑτοῦ</span> 
     </span>
    </p>
   </div>
   <div class='ocr_carea' id='block_1_88' title="bbox 2179 4439 3772 4539">
    <p class='ocr_par' dir='ltr' id='par_1_88' title="bbox 2195 4439 3772 4518">
     <span class='ocr_line' id='line_1_88' title="bbox 2195 4439 3772 4518; baseline -0.008 -15"><span class='ocrx_word' id='word_1_639' title='bbox 2195 4447 2642 4518; x_wconf 87' lang='lat' dir='ltr'><strong>quandoquidem</strong></span> <span class='ocrx_word' id='word_1_640' title='bbox 2699 4461 2806 4498; x_wconf 93' lang='lat' dir='ltr'><strong>non</strong></span> <span class='ocrx_word' id='word_1_641' title='bbox 2865 4455 2952 4499; x_wconf 88' lang='lat' dir='ltr'><strong>est</strong></span> <span class='ocrx_word' id='word_1_642' title='bbox 3001 4443 3262 4505; x_wconf 88' lang='lat' dir='ltr'><strong>servilis,</strong></span> <span class='ocrx_word' id='word_1_643' title='bbox 3319 4439 3636 4494; x_wconf 82' lang='lat' dir='ltr'><strong>necessario</strong></span> <span class='ocrx_word' id='word_1_644' title='bbox 3684 4445 3772 4491; x_wconf 87' lang='lat' dir='ltr'><strong>est</strong></span> 
     </span>
    </p>
   </div>
   <div class='ocr_carea' id='block_1_89' title="bbox 513 4540 1690 4612">
    <p class='ocr_par' dir='ltr' id='par_1_89' title="bbox 513 4540 1690 4612">
     <span class='ocr_line' id='line_1_89' title="bbox 513 4540 1690 4612; baseline 0.002 -18"><span class='ocrx_word' id='word_1_645' title='bbox 513 4541 840 4612; x_wconf 76' lang='grc' dir='ltr'>ὲκπόρευσιν</span> <span class='ocrx_word' id='word_1_646' title='bbox 871 4541 991 4612; x_wconf 74' lang='grc' dir='ltr'>εἴης</span> <span class='ocrx_word' id='word_1_647' title='bbox 1025 4540 1161 4594; x_wconf 78' lang='grc' dir='ltr'>Οὐδὲ</span> <span class='ocrx_word' id='word_1_648' title='bbox 1193 4542 1399 4595; x_wconf 85' lang='grc' dir='ltr'>πλάσαι</span> <span class='ocrx_word' id='word_1_649' title='bbox 1433 4543 1638 4612; x_wconf 73' lang='grc' dir='ltr'>ῥᾴδιον.</span> <span class='ocrx_word' id='word_1_650' title='bbox 1687 4607 1690 4612; x_wconf 92' lang='lat'><strong>_</strong></span> 
     </span>
    </p>
   </div>
   <div class='ocr_carea' id='block_1_90' title="bbox 590 4805 2085 4877">
    <p class='ocr_par' dir='ltr' id='par_1_90' title="bbox 590 4805 2085 4877">
     <span class='ocr_line' id='line_1_90' title="bbox 590 4805 2085 4877; baseline -0.003 -15"><span class='ocrx_word' id='word_1_651' title='bbox 590 4807 732 4872; x_wconf 77' lang='grc' dir='ltr'>Ἔτι,</span> <span class='ocrx_word' id='word_1_652' title='bbox 760 4809 819 4861; x_wconf 79' lang='grc' dir='ltr'>τὸ</span> <span class='ocrx_word' id='word_1_653' title='bbox 857 4805 1077 4877; x_wconf 77' lang='grc' dir='ltr'>Πνεῦμα</span> <span class='ocrx_word' id='word_1_654' title='bbox 1110 4807 1168 4859; x_wconf 67' lang='grc' dir='ltr'><strong>τὺ</strong></span> <span class='ocrx_word' id='word_1_655' title='bbox 1198 4805 1352 4875; x_wconf 66' lang='grc' dir='ltr'>ἅγιον</span> <span class='ocrx_word' id='word_1_656' title='bbox 1388 4808 1450 4858; x_wconf 77' lang='grc' dir='ltr'>ἐκ</span> <span class='ocrx_word' id='word_1_657' title='bbox 1489 4805 1588 4872; x_wconf 81' lang='grc' dir='ltr'>τῆς</span> <span class='ocrx_word' id='word_1_658' title='bbox 1623 4807 1810 4869; x_wconf 78' lang='grc' dir='ltr'>οὐσίας</span> <span class='ocrx_word' id='word_1_659' title='bbox 1844 4806 1936 4859; x_wconf 84' lang='grc' dir='ltr'>τοῦ</span> <span class='ocrx_word' id='word_1_660' title='bbox 1969 4807 2085 4858; x_wconf 73' lang='grc' dir='ltr'>Πασ</span> 
     </span>
    </p>
   </div>
   <div class='ocr_carea' id='block_1_91' title="bbox 513 4896 2092 4973">
    <p class='ocr_par' dir='ltr' id='par_1_91' title="bbox 513 4896 2092 4973">
     <span class='ocr_line' id='line_1_91' title="bbox 513 4896 2092 4973; baseline -0.001 -19"><span class='ocrx_word' id='word_1_661' title='bbox 513 4903 641 4973; x_wconf 71' lang='grc' dir='ltr'>τρδς</span> <span class='ocrx_word' id='word_1_662' title='bbox 669 4896 810 4956; x_wconf 79' lang='grc' dir='ltr'>εἶναι</span> <span class='ocrx_word' id='word_1_663' title='bbox 838 4902 933 4954; x_wconf 74' lang='grc' dir='ltr'><strong>καὶ</strong></span> <span class='ocrx_word' id='word_1_664' title='bbox 961 4901 1053 4954; x_wconf 90' lang='grc' dir='ltr'><strong>τοῦ</strong></span> <span class='ocrx_word' id='word_1_665' title='bbox 1087 4899 1242 4966; x_wconf 82' lang='grc' dir='ltr'>Υίοῦ,</span> <span class='ocrx_word' id='word_1_666' title='bbox 1280 4902 1376 4954; x_wconf 72' lang='grc' dir='ltr'><strong>καὶ</strong></span> <span class='ocrx_word' id='word_1_667' title='bbox 1413 4901 1476 4951; x_wconf 80' lang='grc' dir='ltr'><strong>ἐκ</strong></span> <span class='ocrx_word' id='word_1_668' title='bbox 1533 4899 1632 4968; x_wconf 82' lang='grc' dir='ltr'>τῆς</span> <span class='ocrx_word' id='word_1_669' title='bbox 1677 4899 1863 4962; x_wconf 82' lang='grc' dir='ltr'>οὐσίας</span> <span class='ocrx_word' id='word_1_670' title='bbox 1913 4899 2092 4952; x_wconf 83' lang='grc' dir='ltr'>αὐτῶν</span> 
     </span>
    </p>
   </div>
   <div class='ocr_carea' id='block_1_92' title="bbox 515 4991 2094 5065">
    <p class='ocr_par' dir='ltr' id='par_1_92' title="bbox 515 4991 2094 5065">
     <span class='ocr_line' id='line_1_92' title="bbox 515 4991 2094 5065; baseline -0.003 -17"><span class='ocrx_word' id='word_1_671' title='bbox 515 4997 806 5065; x_wconf 78' lang='grc' dir='ltr'>ὑπάρχειν,</span> <span class='ocrx_word' id='word_1_672' title='bbox 869 4996 1022 5063; x_wconf 74' lang='grc' dir='ltr'>κοινῇ</span> <span class='ocrx_word' id='word_1_673' title='bbox 1058 4993 1262 5055; x_wconf 80' lang='grc' dir='ltr'>πάντες</span> <span class='ocrx_word' id='word_1_674' title='bbox 1299 4992 1608 5046; x_wconf 84' lang='grc' dir='ltr'>ἀνατολικοί</span> <span class='ocrx_word' id='word_1_675' title='bbox 1638 5007 1698 5044; x_wconf 86' lang='grc' dir='ltr'><strong>τε</strong></span> <span class='ocrx_word' id='word_1_676' title='bbox 1755 4991 1847 5045; x_wconf 72' lang='grc' dir='ltr'><strong>καὶ</strong></span> <span class='ocrx_word' id='word_1_677' title='bbox 1886 4993 2094 5046; x_wconf 61' lang='grc' dir='ltr'><strong>διστικοῖ¹</strong></span> 
     </span>
    </p>
   </div>
   <div class='ocr_carea' id='block_1_93' title="bbox 517 5083 2095 5158">
    <p class='ocr_par' dir='ltr' id='par_1_93' title="bbox 517 5083 2095 5158">
     <span class='ocr_line' id='line_1_93' title="bbox 517 5083 2095 5158; baseline -0.001 -20"><span class='ocrx_word' id='word_1_678' title='bbox 517 5089 680 5158; x_wconf 77' lang='grc' dir='ltr'>βοῶσι</span> <span class='ocrx_word' id='word_1_679' title='bbox 713 5087 982 5155; x_wconf 81' lang='grc' dir='ltr'>Πατέρες.</span> <span class='ocrx_word' id='word_1_680' title='bbox 1037 5085 1199 5138; x_wconf 74' lang='grc' dir='ltr'>Ἀλλά</span> <span class='ocrx_word' id='word_1_681' title='bbox 1240 5084 1302 5137; x_wconf 84' lang='grc' dir='ltr'>τὸ</span> <span class='ocrx_word' id='word_1_682' title='bbox 1330 5087 1395 5136; x_wconf 85' lang='grc' dir='ltr'>ἐκ</span> <span class='ocrx_word' id='word_1_683' title='bbox 1423 5083 1524 5153; x_wconf 77' lang='grc' dir='ltr'>τῆς</span> <span class='ocrx_word' id='word_1_684' title='bbox 1551 5083 1740 5142; x_wconf 80' lang='grc' dir='ltr'>οὐσίας</span> <span class='ocrx_word' id='word_1_685' title='bbox 1772 5085 1914 5146; x_wconf 68' lang='grc' dir='ltr'>τινος</span> <span class='ocrx_word' id='word_1_686' title='bbox 1948 5083 2006 5136; x_wconf 86' lang='grc' dir='ltr'><strong>’ὀν</strong></span> <span class='ocrx_word' id='word_1_687' title='bbox 2035 5086 2095 5136; x_wconf 83' lang='grc' dir='ltr'>ἑν</span> 
     </span>
    </p>
   </div>
   <div class='ocr_carea' id='block_1_94' title="bbox 512 5173 2094 5250">
    <p class='ocr_par' dir='ltr' id='par_1_94' title="bbox 512 5173 2094 5250">
     <span class='ocr_line' id='line_1_94' title="bbox 512 5173 2094 5250; baseline -0.003 -19"><span class='ocrx_word' id='word_1_688' title='bbox 512 5183 579 5250; x_wconf 77' lang='grc' dir='ltr'>τῇ</span> <span class='ocrx_word' id='word_1_689' title='bbox 609 5180 802 5249; x_wconf 80' lang='grc' dir='ltr'>Τριάδι</span> <span class='ocrx_word' id='word_1_690' title='bbox 855 5179 950 5232; x_wconf 70' lang='grc' dir='ltr'><strong>καὶ</strong></span> <span class='ocrx_word' id='word_1_691' title='bbox 983 5179 1046 5230; x_wconf 74' lang='grc' dir='ltr'><strong>ἐκ</strong></span> <span class='ocrx_word' id='word_1_692' title='bbox 1075 5177 1173 5246; x_wconf 79' lang='grc' dir='ltr'>τῆς</span> <span class='ocrx_word' id='word_1_693' title='bbox 1202 5176 1558 5238; x_wconf 81' lang='grc' dir='ltr'>ὑποστάσεως</span> <span class='ocrx_word' id='word_1_694' title='bbox 1596 5173 1746 5244; x_wconf 84' lang='grc' dir='ltr'>αὐτῷ</span> <span class='ocrx_word' id='word_1_695' title='bbox 1788 5177 1958 5230; x_wconf 81' lang='grc' dir='ltr'>ἐστιν.</span> <span class='ocrx_word' id='word_1_696' title='bbox 2020 5175 2094 5228; x_wconf 83' lang='grc' dir='ltr'><strong>Τὸ</strong></span> 
     </span>
    </p>
   </div>
   <div class='ocr_carea' id='block_1_95' title="bbox 519 5265 2096 5340">
    <p class='ocr_par' dir='ltr' id='par_1_95' title="bbox 519 5265 2096 5340">
     <span class='ocr_line' id='line_1_95' title="bbox 519 5265 2096 5340; baseline -0.001 -18"><span class='ocrx_word' id='word_1_697' title='bbox 519 5269 748 5340; x_wconf 82' lang='grc' dir='ltr'>Πνεῦμα</span> <span class='ocrx_word' id='word_1_698' title='bbox 771 5270 881 5337; x_wconf 74' lang='grc' dir='ltr'><strong>ἄρα</strong></span> <span class='ocrx_word' id='word_1_699' title='bbox 905 5267 964 5322; x_wconf 84' lang='grc' dir='ltr'><strong>τδ</strong></span> <span class='ocrx_word' id='word_1_700' title='bbox 996 5269 1153 5336; x_wconf 81' lang='grc' dir='ltr'>ἆγιον</span> <span class='ocrx_word' id='word_1_701' title='bbox 1183 5269 1248 5320; x_wconf 82' lang='grc' dir='ltr'>ὲκ</span> <span class='ocrx_word' id='word_1_702' title='bbox 1269 5265 1370 5336; x_wconf 81' lang='grc' dir='ltr'>τῆς</span> <span class='ocrx_word' id='word_1_703' title='bbox 1395 5267 1585 5329; x_wconf 78' lang='grc' dir='ltr'>οὐσίας</span> <span class='ocrx_word' id='word_1_704' title='bbox 1637 5265 1730 5319; x_wconf 90' lang='grc' dir='ltr'><strong>τοῦ</strong></span> <span class='ocrx_word' id='word_1_705' title='bbox 1763 5267 1894 5320; x_wconf 86' lang='grc' dir='ltr'>Υἰοῦ</span> <span class='ocrx_word' id='word_1_706' title='bbox 1936 5267 2096 5334; x_wconf 81' lang='grc' dir='ltr'>λεγό-</span> 
     </span>
    </p>
   </div>
   <div class='ocr_carea' id='block_1_96' title="bbox 519 5358 2095 5433">
    <p class='ocr_par' dir='ltr' id='par_1_96' title="bbox 519 5358 2095 5433">
     <span class='ocr_line' id='line_1_96' title="bbox 519 5358 2095 5433; baseline -0.001 -17"><span class='ocrx_word' id='word_1_707' title='bbox 519 5380 682 5433; x_wconf 81' lang='grc' dir='ltr'>μενον</span> <span class='ocrx_word' id='word_1_708' title='bbox 733 5359 898 5425; x_wconf 83' lang='grc' dir='ltr'>εἶναι,</span> <span class='ocrx_word' id='word_1_709' title='bbox 938 5359 1037 5415; x_wconf 71' lang='grc' dir='ltr'><strong>καὶ</strong></span> <span class='ocrx_word' id='word_1_710' title='bbox 1075 5363 1139 5414; x_wconf 87' lang='grc' dir='ltr'><strong>ὲκ</strong></span> <span class='ocrx_word' id='word_1_711' title='bbox 1171 5360 1273 5430; x_wconf 81' lang='grc' dir='ltr'>τῆς</span> <span class='ocrx_word' id='word_1_712' title='bbox 1323 5358 1490 5413; x_wconf 90' lang='grc' dir='ltr'>αὐτοῦ</span> <span class='ocrx_word' id='word_1_713' title='bbox 1542 5360 1690 5413; x_wconf 74' lang='grc' dir='ltr'>ἔστιν</span> <span class='ocrx_word' id='word_1_714' title='bbox 1721 5359 2095 5424; x_wconf 81' lang='grc' dir='ltr'>ὑποστάσεως.</span> 
     </span>
    </p>
   </div>
   <div class='ocr_carea' id='block_1_97' title="bbox 519 5450 2097 5523">
    <p class='ocr_par' dir='ltr' id='par_1_97' title="bbox 519 5450 2097 5523">
     <span class='ocr_line' id='line_1_97' title="bbox 519 5450 2097 5523; baseline -0.001 -16"><span class='ocrx_word' id='word_1_715' title='bbox 519 5455 645 5508; x_wconf 84' lang='grc' dir='ltr'>Ὀτι</span> <span class='ocrx_word' id='word_1_716' title='bbox 669 5453 714 5507; x_wconf 80' lang='grc' dir='ltr'>δ’</span> <span class='ocrx_word' id='word_1_717' title='bbox 743 5455 802 5506; x_wconf 80' lang='grc' dir='ltr'>ἐν</span> <span class='ocrx_word' id='word_1_718' title='bbox 831 5455 898 5522; x_wconf 76' lang='grc' dir='ltr'><strong>τῇ</strong></span> <span class='ocrx_word' id='word_1_719' title='bbox 930 5451 1124 5523; x_wconf 88' lang='grc' dir='ltr'>Τριάδι</span> <span class='ocrx_word' id='word_1_720' title='bbox 1157 5450 1220 5504; x_wconf 76' lang='grc' dir='ltr'>τὸ</span> <span class='ocrx_word' id='word_1_721' title='bbox 1258 5451 1322 5503; x_wconf 80' lang='grc' dir='ltr'><strong>ἐκ</strong></span> <span class='ocrx_word' id='word_1_722' title='bbox 1351 5450 1450 5521; x_wconf 84' lang='grc' dir='ltr'><strong>τῆς</strong></span> <span class='ocrx_word' id='word_1_723' title='bbox 1479 5450 1669 5513; x_wconf 83' lang='grc' dir='ltr'>οὐσίας</span> <span class='ocrx_word' id='word_1_724' title='bbox 1701 5451 1842 5515; x_wconf 72' lang='grc' dir='ltr'>τινος</span> <span class='ocrx_word' id='word_1_725' title='bbox 1895 5451 1956 5505; x_wconf 82' lang='grc' dir='ltr'><strong>ὃν</strong></span> <span class='ocrx_word' id='word_1_726' title='bbox 1999 5454 2097 5506; x_wconf 71' lang='grc' dir='ltr'><strong>καὶ</strong></span> 
     </span>
    </p>
   </div>
   <div class='ocr_carea' id='block_1_98' title="bbox 519 5527 2096 5613">
    <p class='ocr_par' dir='ltr' id='par_1_98' title="bbox 519 5527 2096 5613">
     <span class='ocr_line' id='line_1_98' title="bbox 519 5527 2096 5613; baseline -0.002 -15"><span class='ocrx_word' id='word_1_727' title='bbox 519 5545 582 5598; x_wconf 68' lang='grc' dir='ltr'><strong>ἐκ</strong></span> <span class='ocrx_word' id='word_1_728' title='bbox 613 5544 714 5613; x_wconf 81' lang='grc' dir='ltr'>τῆς</span> <span class='ocrx_word' id='word_1_729' title='bbox 753 5539 919 5595; x_wconf 87' lang='grc' dir='ltr'>αὑτοῦ</span> <span class='ocrx_word' id='word_1_730' title='bbox 951 5543 1100 5595; x_wconf 71' lang='grc' dir='ltr'>ἔστιν</span> <span class='ocrx_word' id='word_1_731' title='bbox 1127 5527 1504 5604; x_wconf 72' lang='grc' dir='ltr'>ὑποστάσεως,</span> <span class='ocrx_word' id='word_1_732' title='bbox 1535 5539 1696 5610; x_wconf 82' lang='grc' dir='ltr'>δῆλον</span> <span class='ocrx_word' id='word_1_733' title='bbox 1726 5542 1954 5595; x_wconf 82' lang='grc' dir='ltr'><strong>ἐκεῖθεν.</strong></span> <span class='ocrx_word' id='word_1_734' title='bbox 1991 5543 2096 5596; x_wconf 90' lang='grc' dir='ltr'><strong>Οὐ-</strong></span> 
     </span>
    </p>
   </div>
   <div class='ocr_carea' id='block_1_99' title="bbox 520 5633 2096 5706">
    <p class='ocr_par' dir='ltr' id='par_1_99' title="bbox 520 5633 2096 5706">
     <span class='ocr_line' id='line_1_99' title="bbox 520 5633 2096 5706; baseline 0 -16"><span class='ocrx_word' id='word_1_735' title='bbox 520 5638 612 5690; x_wconf 87' lang='grc' dir='ltr'><strong>σία</strong></span> <span class='ocrx_word' id='word_1_736' title='bbox 644 5637 740 5690; x_wconf 69' lang='grc' dir='ltr'><strong>καὶ</strong></span> <span class='ocrx_word' id='word_1_737' title='bbox 771 5634 1074 5699; x_wconf 85' lang='grc' dir='ltr'>ὑπόστασις</span> <span class='ocrx_word' id='word_1_738' title='bbox 1099 5634 1184 5704; x_wconf 69' lang='grc' dir='ltr'><strong>ἐφ’</strong></span> <span class='ocrx_word' id='word_1_739' title='bbox 1203 5634 1437 5688; x_wconf 80' lang='grc' dir='ltr'>ἑκάστου</span> <span class='ocrx_word' id='word_1_740' title='bbox 1460 5633 1567 5687; x_wconf 89' lang='grc' dir='ltr'><strong>τῶν</strong></span> <span class='ocrx_word' id='word_1_741' title='bbox 1592 5633 1754 5688; x_wconf 85' lang='grc' dir='ltr'>Θείων</span> <span class='ocrx_word' id='word_1_742' title='bbox 1784 5635 2096 5706; x_wconf 85' lang='grc' dir='ltr'>προσώπων</span> 
     </span>
    </p>
   </div>
   <div class='ocr_carea' id='block_1_100' title="bbox 519 5729 2098 5806">
    <p class='ocr_par' dir='ltr' id='par_1_100' title="bbox 519 5729 2098 5806">
     <span class='ocr_line' id='line_1_100' title="bbox 519 5729 2098 5806; baseline -0.002 -20"><span class='ocrx_word' id='word_1_743' title='bbox 519 5734 580 5786; x_wconf 75' lang='grc' dir='ltr'><strong>ἓν</strong></span> <span class='ocrx_word' id='word_1_744' title='bbox 605 5733 712 5786; x_wconf 86' lang='grc' dir='ltr'>είσι</span> <span class='ocrx_word' id='word_1_745' title='bbox 747 5733 1003 5803; x_wconf 80' lang='grc' dir='ltr'>πρᾶγμα,</span> <span class='ocrx_word' id='word_1_746' title='bbox 1051 5731 1148 5784; x_wconf 79' lang='grc' dir='ltr'><strong>καὶ</strong></span> <span class='ocrx_word' id='word_1_747' title='bbox 1177 5729 1346 5793; x_wconf 82' lang='grc' dir='ltr'>οὑτως</span> <span class='ocrx_word' id='word_1_748' title='bbox 1372 5731 1454 5796; x_wconf 74' lang='grc' dir='ltr'>ἓν,</span> <span class='ocrx_word' id='word_1_749' title='bbox 1475 5730 1550 5794; x_wconf 82' lang='grc' dir='ltr'><strong>ὡς</strong></span> <span class='ocrx_word' id='word_1_750' title='bbox 1577 5730 1722 5800; x_wconf 85' lang='grc' dir='ltr'>λόγῳ</span> <span class='ocrx_word' id='word_1_751' title='bbox 1758 5733 1904 5802; x_wconf 82' lang='grc' dir='ltr'>μόνῳ</span> <span class='ocrx_word' id='word_1_752' title='bbox 1933 5731 2098 5806; x_wconf 78' lang='grc' dir='ltr'>ἀλλή-</span> 
     </span>
    </p>
   </div>
   <div class='ocr_carea' id='block_1_101' title="bbox 517 5823 2094 5898">
    <p class='ocr_par' dir='ltr' id='par_1_101' title="bbox 517 5823 2094 5898">
     <span class='ocr_line' id='line_1_101' title="bbox 517 5823 2094 5898; baseline 0.001 -20"><span class='ocrx_word' id='word_1_753' title='bbox 517 5825 630 5881; x_wconf 81' lang='grc' dir='ltr'><strong>λων</strong></span> <span class='ocrx_word' id='word_1_754' title='bbox 673 5824 1080 5896; x_wconf 74' lang='grc' dir='ltr'>διακρίνεσθαι.</span> <span class='ocrx_word' id='word_1_755' title='bbox 1113 5825 1174 5878; x_wconf 82' lang='grc' dir='ltr'><strong>Εἰ</strong></span> <span class='ocrx_word' id='word_1_756' title='bbox 1220 5825 1327 5893; x_wconf 79' lang='grc' dir='ltr'><strong>γάρ</strong></span> <span class='ocrx_word' id='word_1_757' title='bbox 1364 5825 1653 5895; x_wconf 80' lang='grc' dir='ltr'>πράγματι</span> <span class='ocrx_word' id='word_1_758' title='bbox 1690 5823 1938 5896; x_wconf 74' lang='grc' dir='ltr'>ἀλλήλων</span> <span class='ocrx_word' id='word_1_759' title='bbox 1963 5827 2094 5898; x_wconf 78' lang='grc' dir='ltr'>πρό-</span> 
     </span>
    </p>
   </div>
   <div class='ocr_carea' id='block_1_102' title="bbox 2194 4528 3772 4605">
    <p class='ocr_par' dir='ltr' id='par_1_102' title="bbox 2194 4528 3772 4605">
     <span class='ocr_line' id='line_1_102' title="bbox 2194 4528 3772 4605; baseline -0.009 -9"><span class='ocrx_word' id='word_1_760' title='bbox 2194 4541 2492 4596; x_wconf 87' lang='lat' dir='ltr'><strong>naturalis.</strong></span> <span class='ocrx_word' id='word_1_761' title='bbox 2540 4537 2822 4593; x_wconf 84' lang='lat' dir='ltr'><strong>Naturalis</strong></span> <span class='ocrx_word' id='word_1_762' title='bbox 2857 4553 2988 4592; x_wconf 84' lang='lat' dir='ltr'><strong>vero</strong></span> <span class='ocrx_word' id='word_1_763' title='bbox 3025 4534 3319 4605; x_wconf 89' lang='lat' dir='ltr'><strong>produetio</strong></span> <span class='ocrx_word' id='word_1_764' title='bbox 3355 4546 3604 4602; x_wconf 73' lang='lat' dir='ltr'><strong>persome</strong></span> <span class='ocrx_word' id='word_1_765' title='bbox 3644 4528 3772 4598; x_wconf 86' lang='lat' dir='ltr'><strong>Spi-</strong></span> 
     </span>
    </p>
   </div>
   <div class='ocr_carea' id='block_1_103' title="bbox 2194 4626 3772 4700">
    <p class='ocr_par' dir='ltr' id='par_1_103' title="bbox 2194 4626 3772 4700">
     <span class='ocr_line' id='line_1_103' title="bbox 2194 4626 3772 4700; baseline -0.006 -12"><span class='ocrx_word' id='word_1_766' title='bbox 2194 4635 2338 4688; x_wconf 91' lang='lat' dir='ltr'><strong>ritus</strong></span> <span class='ocrx_word' id='word_1_767' title='bbox 2383 4649 2450 4688; x_wconf 83' lang='lat' dir='ltr'><strong>ex</strong></span> <span class='ocrx_word' id='word_1_768' title='bbox 2493 4633 2672 4695; x_wconf 88' lang='lat' dir='ltr'><strong>Filio,</strong></span> <span class='ocrx_word' id='word_1_769' title='bbox 2720 4630 2854 4700; x_wconf 90' lang='lat' dir='ltr'><strong>quid</strong></span> <span class='ocrx_word' id='word_1_770' title='bbox 2905 4629 3056 4684; x_wconf 85' lang='lat' dir='ltr'><strong>aliud</strong></span> <span class='ocrx_word' id='word_1_771' title='bbox 3100 4630 3174 4683; x_wconf 89' lang='lat' dir='ltr'><strong>sit</strong></span> <span class='ocrx_word' id='word_1_772' title='bbox 3221 4637 3424 4698; x_wconf 82' lang='lat' dir='ltr'><strong>praeter</strong></span> <span class='ocrx_word' id='word_1_773' title='bbox 3467 4626 3593 4695; x_wconf 81' lang='lat' dir='ltr'><strong>ejus</strong></span> <span class='ocrx_word' id='word_1_774' title='bbox 3643 4639 3772 4694; x_wconf 89' lang='lat' dir='ltr'><strong>pro-</strong></span> 
     </span>
    </p>
   </div>
   <div class='ocr_carea' id='block_1_104' title="bbox 2194 4719 3488 4795">
    <p class='ocr_par' dir='ltr' id='par_1_104' title="bbox 2194 4719 3488 4795">
     <span class='ocr_line' id='line_1_104' title="bbox 2194 4719 3488 4795; baseline -0.009 -11"><span class='ocrx_word' id='word_1_775' title='bbox 2194 4728 2547 4790; x_wconf 80' lang='lat' dir='ltr'><strong>cessionem,</strong></span> <span class='ocrx_word' id='word_1_776' title='bbox 2585 4741 2652 4780; x_wconf 90' lang='lat' dir='ltr'><strong>ne</strong></span> <span class='ocrx_word' id='word_1_777' title='bbox 2687 4725 2893 4795; x_wconf 80' lang='lat' dir='ltr'><strong>fingere</strong></span> <span class='ocrx_word' id='word_1_778' title='bbox 2928 4722 3152 4794; x_wconf 87' lang='lat' dir='ltr'><strong>quidem</strong></span> <span class='ocrx_word' id='word_1_779' title='bbox 3191 4719 3350 4774; x_wconf 86' lang='lat' dir='ltr'><strong>facile</strong></span> <span class='ocrx_word' id='word_1_780' title='bbox 3381 4729 3488 4773; x_wconf 89' lang='lat' dir='ltr'><strong>est.</strong></span> 
     </span>
    </p>
   </div>
   <div class='ocr_carea' id='block_1_105' title="bbox 2267 4809 3772 4888">
    <p class='ocr_par' dir='ltr' id='par_1_105' title="bbox 2267 4809 3772 4888">
     <span class='ocr_line' id='line_1_105' title="bbox 2267 4809 3772 4888; baseline -0.008 -14"><span class='ocrx_word' id='word_1_781' title='bbox 2267 4821 2543 4874; x_wconf 64' lang='lat' dir='ltr'><strong>Prazterea</strong></span> <span class='ocrx_word' id='word_1_782' title='bbox 2588 4819 2856 4888; x_wconf 89' lang='lat' dir='ltr'><strong>Spiritum</strong></span> <span class='ocrx_word' id='word_1_783' title='bbox 2921 4824 3173 4870; x_wconf 88' lang='lat' dir='ltr'><strong>sanctum</strong></span> <span class='ocrx_word' id='word_1_784' title='bbox 3211 4829 3278 4868; x_wconf 83' lang='lat' dir='ltr'><strong>ex</strong></span> <span class='ocrx_word' id='word_1_785' title='bbox 3318 4811 3626 4867; x_wconf 87' lang='lat' dir='ltr'><strong>substantia</strong></span> <span class='ocrx_word' id='word_1_786' title='bbox 3665 4809 3772 4864; x_wconf 86' lang='lat' dir='ltr'><strong>Pa-</strong></span> 
     </span>
    </p>
   </div>
   <div class='ocr_carea' id='block_1_106' title="bbox 2197 4901 3776 4976">
    <p class='ocr_par' dir='ltr' id='par_1_106' title="bbox 2197 4901 3776 4976">
     <span class='ocr_line' id='line_1_106' title="bbox 2197 4901 3776 4976; baseline -0.006 -11"><span class='ocrx_word' id='word_1_787' title='bbox 2197 4910 2298 4966; x_wconf 86' lang='lat' dir='ltr'><strong>tris</strong></span> <span class='ocrx_word' id='word_1_788' title='bbox 2359 4918 2418 4964; x_wconf 88' lang='lat' dir='ltr'><strong>et</strong></span> <span class='ocrx_word' id='word_1_789' title='bbox 2471 4909 2596 4964; x_wconf 78' lang='lat' dir='ltr'><strong>Filii</strong></span> <span class='ocrx_word' id='word_1_790' title='bbox 2649 4923 2770 4962; x_wconf 80' lang='lat' dir='ltr'><strong>esse</strong></span> <span class='ocrx_word' id='word_1_791' title='bbox 2835 4919 3002 4976; x_wconf 88' lang='lat' dir='ltr'><strong>atque</strong></span> <span class='ocrx_word' id='word_1_792' title='bbox 3050 4905 3355 4960; x_wconf 88' lang='lat' dir='ltr'><strong>subsistere</strong></span> <span class='ocrx_word' id='word_1_793' title='bbox 3402 4901 3776 4958; x_wconf 84' lang='lat' dir='ltr'><strong>communiter</strong></span> 
     </span>
    </p>
   </div>
   <div class='ocr_carea' id='block_1_107' title="bbox 2196 4996 3770 5058">
    <p class='ocr_par' dir='ltr' id='par_1_107' title="bbox 2196 4996 3770 5058">
     <span class='ocr_line' id='line_1_107' title="bbox 2196 4996 3770 5058; baseline -0.007 0"><span class='ocrx_word' id='word_1_794' title='bbox 2196 5019 2390 5058; x_wconf 91' lang='lat' dir='ltr'><strong>omnes</strong></span> <span class='ocrx_word' id='word_1_795' title='bbox 2425 5003 2615 5056; x_wconf 87' lang='lat' dir='ltr'><strong>Patres</strong></span> <span class='ocrx_word' id='word_1_796' title='bbox 2669 5001 2975 5055; x_wconf 87' lang='lat' dir='ltr'><strong>orientales</strong></span> <span class='ocrx_word' id='word_1_797' title='bbox 3019 5007 3076 5053; x_wconf 88' lang='lat' dir='ltr'><strong>et</strong></span> <span class='ocrx_word' id='word_1_798' title='bbox 3105 4997 3480 5052; x_wconf 89' lang='lat' dir='ltr'><strong>occidentales</strong></span> <span class='ocrx_word' id='word_1_799' title='bbox 3510 4996 3770 5050; x_wconf 86' lang='lat' dir='ltr'><strong>clamant.</strong></span> 
     </span>
    </p>
   </div>
   <div class='ocr_carea' id='block_1_108' title="bbox 2197 5087 3772 5161">
    <p class='ocr_par' dir='ltr' id='par_1_108' title="bbox 2197 5087 3772 5161">
     <span class='ocr_line' id='line_1_108' title="bbox 2197 5087 3772 5161; baseline -0.008 -10"><span class='ocrx_word' id='word_1_800' title='bbox 2197 5095 2304 5151; x_wconf 86' lang='lat' dir='ltr'><strong>Sed</strong></span> <span class='ocrx_word' id='word_1_801' title='bbox 2352 5095 2405 5148; x_wconf 91' lang='lat' dir='ltr'><strong>in</strong></span> <span class='ocrx_word' id='word_1_802' title='bbox 2454 5093 2726 5148; x_wconf 90' lang='lat' dir='ltr'><strong>Trinitate</strong></span> <span class='ocrx_word' id='word_1_803' title='bbox 2756 5092 2904 5161; x_wconf 89' lang='lat' dir='ltr'><strong>quod</strong></span> <span class='ocrx_word' id='word_1_804' title='bbox 2939 5101 3026 5146; x_wconf 85' lang='lat' dir='ltr'><strong>est</strong></span> <span class='ocrx_word' id='word_1_805' title='bbox 3057 5107 3122 5145; x_wconf 79' lang='lat' dir='ltr'><strong>es</strong></span> <span class='ocrx_word' id='word_1_806' title='bbox 3156 5091 3464 5144; x_wconf 85' lang='lat' dir='ltr'><strong>substantia</strong></span> <span class='ocrx_word' id='word_1_807' title='bbox 3497 5087 3772 5154; x_wconf 69' lang='lat' dir='ltr'><strong>alicuius,</strong></span> 
     </span>
    </p>
   </div>
   <div class='ocr_carea' id='block_1_109' title="bbox 2195 5181 3771 5258">
    <p class='ocr_par' dir='ltr' id='par_1_109' title="bbox 2195 5181 3771 5258">
     <span class='ocr_line' id='line_1_109' title="bbox 2195 5181 3771 5258; baseline -0.008 -15"><span class='ocrx_word' id='word_1_808' title='bbox 2195 5197 2280 5243; x_wconf 89' lang='lat' dir='ltr'><strong>est</strong></span> <span class='ocrx_word' id='word_1_809' title='bbox 2298 5202 2518 5258; x_wconf 88' lang='lat' dir='ltr'><strong>quoque</strong></span> <span class='ocrx_word' id='word_1_810' title='bbox 2543 5201 2608 5240; x_wconf 78' lang='lat' dir='ltr'><strong>ex</strong></span> <span class='ocrx_word' id='word_1_811' title='bbox 2636 5188 2755 5254; x_wconf 89' lang='lat' dir='ltr'><strong>ejus</strong></span> <span class='ocrx_word' id='word_1_812' title='bbox 2777 5199 3033 5254; x_wconf 88' lang='lat' dir='ltr'><strong>persona.</strong></span> <span class='ocrx_word' id='word_1_813' title='bbox 3059 5182 3230 5250; x_wconf 79' lang='lat' dir='ltr'><strong>Igitur</strong></span> <span class='ocrx_word' id='word_1_814' title='bbox 3257 5181 3496 5249; x_wconf 83' lang='lat' dir='ltr'><strong>Spiritus</strong></span> <span class='ocrx_word' id='word_1_815' title='bbox 3526 5189 3771 5241; x_wconf 79' lang='lat' dir='ltr'><strong>sanctus,</strong></span> 
     </span>
    </p>
   </div>
   <div class='ocr_carea' id='block_1_110' title="bbox 2197 5255 3774 5335">
    <p class='ocr_par' dir='ltr' id='par_1_110' title="bbox 2197 5255 3774 5335">
     <span class='ocr_line' id='line_1_110' title="bbox 2197 5255 3774 5335; baseline -0.009 -1"><span class='ocrx_word' id='word_1_816' title='bbox 2197 5294 2322 5334; x_wconf 88' lang='lat' dir='ltr'><strong>cum</strong></span> <span class='ocrx_word' id='word_1_817' title='bbox 2359 5279 2575 5334; x_wconf 87' lang='lat' dir='ltr'><strong>dicatur</strong></span> <span class='ocrx_word' id='word_1_818' title='bbox 2610 5290 2733 5330; x_wconf 85' lang='lat' dir='ltr'><strong>esse</strong></span> <span class='ocrx_word' id='word_1_819' title='bbox 2767 5290 2832 5328; x_wconf 85' lang='lat' dir='ltr'><strong>ex</strong></span> <span class='ocrx_word' id='word_1_820' title='bbox 2871 5272 3177 5328; x_wconf 84' lang='lat' dir='ltr'><strong>substantia</strong></span> <span class='ocrx_word' id='word_1_821' title='bbox 3216 5271 3380 5334; x_wconf 88' lang='lat' dir='ltr'><strong>Filii,</strong></span> <span class='ocrx_word' id='word_1_822' title='bbox 3417 5269 3517 5325; x_wconf 87' lang='lat' dir='ltr'><strong>crit</strong></span> <span class='ocrx_word' id='word_1_823' title='bbox 3554 5255 3774 5335; x_wconf 84' lang='lat' dir='ltr'><strong>quoque</strong></span> 
     </span>
    </p>
   </div>
   <div class='ocr_carea' id='block_1_111' title="bbox 2198 5355 3774 5439">
    <p class='ocr_par' dir='ltr' id='par_1_111' title="bbox 2198 5355 3774 5439">
     <span class='ocr_line' id='line_1_111' title="bbox 2198 5355 3774 5439; baseline -0.009 -15"><span class='ocrx_word' id='word_1_824' title='bbox 2198 5385 2264 5424; x_wconf 78' lang='lat' dir='ltr'><strong>ex</strong></span> <span class='ocrx_word' id='word_1_825' title='bbox 2295 5369 2416 5439; x_wconf 87' lang='lat' dir='ltr'><strong>ejus</strong></span> <span class='ocrx_word' id='word_1_826' title='bbox 2447 5365 2753 5438; x_wconf 80' lang='lat' dir='ltr'><strong>hypostasi.</strong></span> <span class='ocrx_word' id='word_1_827' title='bbox 2786 5363 2943 5430; x_wconf 85' lang='lat' dir='ltr'><strong>Quod</strong></span> <span class='ocrx_word' id='word_1_828' title='bbox 2977 5373 3158 5416; x_wconf 84' lang='lat' dir='ltr'><strong>autem</strong></span> <span class='ocrx_word' id='word_1_829' title='bbox 3192 5361 3248 5415; x_wconf 92' lang='lat' dir='ltr'><strong>in</strong></span> <span class='ocrx_word' id='word_1_830' title='bbox 3281 5359 3587 5418; x_wconf 85' lang='lat' dir='ltr'><strong>Trinitate,</strong></span> <span class='ocrx_word' id='word_1_831' title='bbox 3625 5355 3774 5425; x_wconf 91' lang='lat' dir='ltr'><strong>quod</strong></span> 
     </span>
    </p>
   </div>
   <div class='ocr_carea' id='block_1_112' title="bbox 2199 5449 3776 5526">
    <p class='ocr_par' dir='ltr' id='par_1_112' title="bbox 2199 5449 3776 5526">
     <span class='ocr_line' id='line_1_112' title="bbox 2199 5449 3776 5526; baseline -0.009 -9"><span class='ocrx_word' id='word_1_832' title='bbox 2199 5471 2286 5517; x_wconf 87' lang='lat' dir='ltr'><strong>est</strong></span> <span class='ocrx_word' id='word_1_833' title='bbox 2319 5478 2386 5516; x_wconf 83' lang='lat' dir='ltr'><strong>ex</strong></span> <span class='ocrx_word' id='word_1_834' title='bbox 2425 5459 2739 5515; x_wconf 86' lang='lat' dir='ltr'><strong>substantia</strong></span> <span class='ocrx_word' id='word_1_835' title='bbox 2775 5458 3049 5526; x_wconf 76' lang='lat' dir='ltr'><strong>alicuius,</strong></span> <span class='ocrx_word' id='word_1_836' title='bbox 3083 5455 3154 5509; x_wconf 86' lang='lat' dir='ltr'><strong>sit</strong></span> <span class='ocrx_word' id='word_1_837' title='bbox 3195 5453 3358 5506; x_wconf 74' lang='lat' dir='ltr'><strong>etiam</strong></span> <span class='ocrx_word' id='word_1_838' title='bbox 3399 5467 3466 5504; x_wconf 78' lang='lat' dir='ltr'><strong>ex</strong></span> <span class='ocrx_word' id='word_1_839' title='bbox 3505 5449 3630 5516; x_wconf 82' lang='lat' dir='ltr'><strong>eius</strong></span> <span class='ocrx_word' id='word_1_840' title='bbox 3677 5451 3776 5519; x_wconf 82' lang='lat' dir='ltr'><strong>by—</strong></span> 
     </span>
    </p>
   </div>
   <div class='ocr_carea' id='block_1_113' title="bbox 2199 5541 3776 5626">
    <p class='ocr_par' dir='ltr' id='par_1_113' title="bbox 2199 5541 3776 5626">
     <span class='ocr_line' id='line_1_113' title="bbox 2199 5541 3776 5626; baseline -0.011 -18"><span class='ocrx_word' id='word_1_841' title='bbox 2199 5553 2448 5626; x_wconf 90' lang='lat' dir='ltr'><strong>postasi,</strong></span> <span class='ocrx_word' id='word_1_842' title='bbox 2499 5552 2624 5606; x_wconf 85' lang='lat' dir='ltr'><strong>inde</strong></span> <span class='ocrx_word' id='word_1_843' title='bbox 2659 5551 3012 5605; x_wconf 84' lang='lat' dir='ltr'><strong>manifestum</strong></span> <span class='ocrx_word' id='word_1_844' title='bbox 3044 5557 3149 5601; x_wconf 86' lang='lat' dir='ltr'><strong>est.</strong></span> <span class='ocrx_word' id='word_1_845' title='bbox 3205 5543 3530 5598; x_wconf 78' lang='lat' dir='ltr'><strong>Substantia</strong></span> <span class='ocrx_word' id='word_1_846' title='bbox 3591 5553 3648 5596; x_wconf 84' lang='lat' dir='ltr'><strong>et</strong></span> <span class='ocrx_word' id='word_1_847' title='bbox 3680 5541 3776 5612; x_wconf 82' lang='lat' dir='ltr'><strong>hy-</strong></span> 
     </span>
    </p>
   </div>
   <div class='ocr_carea' id='block_1_114' title="bbox 2201 5638 3778 5714">
    <p class='ocr_par' dir='ltr' id='par_1_114' title="bbox 2201 5638 3778 5714">
     <span class='ocr_line' id='line_1_114' title="bbox 2201 5638 3778 5714; baseline -0.008 -17"><span class='ocrx_word' id='word_1_848' title='bbox 2201 5643 2442 5714; x_wconf 84' lang='lat' dir='ltr'><strong>postasis</strong></span> <span class='ocrx_word' id='word_1_849' title='bbox 2491 5643 2546 5695; x_wconf 94' lang='lat' dir='ltr'><strong>in</strong></span> <span class='ocrx_word' id='word_1_850' title='bbox 2595 5655 2925 5712; x_wconf 84' lang='lat' dir='ltr'><strong>quacunque</strong></span> <span class='ocrx_word' id='word_1_851' title='bbox 2983 5638 3171 5692; x_wconf 90' lang='lat' dir='ltr'><strong>divina</strong></span> <span class='ocrx_word' id='word_1_852' title='bbox 3227 5648 3467 5705; x_wconf 90' lang='lat' dir='ltr'><strong>persona</strong></span> <span class='ocrx_word' id='word_1_853' title='bbox 3521 5647 3628 5686; x_wconf 87' lang='lat' dir='ltr'><strong>una</strong></span> <span class='ocrx_word' id='word_1_854' title='bbox 3683 5644 3778 5686; x_wconf 78' lang='lat' dir='ltr'><strong>res</strong></span> 
     </span>
    </p>
   </div>
   <div class='ocr_carea' id='block_1_115' title="bbox 2201 5727 3774 5803">
    <p class='ocr_par' dir='ltr' id='par_1_115' title="bbox 2201 5727 3774 5803">
     <span class='ocr_line' id='line_1_115' title="bbox 2201 5727 3774 5803; baseline -0.007 -13"><span class='ocrx_word' id='word_1_855' title='bbox 2201 5745 2373 5800; x_wconf 89' lang='lat' dir='ltr'><strong>sunt,</strong></span> <span class='ocrx_word' id='word_1_856' title='bbox 2423 5743 2589 5803; x_wconf 86' lang='lat' dir='ltr'><strong>atque</strong></span> <span class='ocrx_word' id='word_1_857' title='bbox 2638 5733 2714 5787; x_wconf 89' lang='lat' dir='ltr'><strong>ita</strong></span> <span class='ocrx_word' id='word_1_858' title='bbox 2759 5747 2903 5798; x_wconf 89' lang='lat' dir='ltr'><strong>una,</strong></span> <span class='ocrx_word' id='word_1_859' title='bbox 2952 5740 3012 5784; x_wconf 90' lang='lat' dir='ltr'><strong>ut</strong></span> <span class='ocrx_word' id='word_1_860' title='bbox 3055 5729 3170 5783; x_wconf 90' lang='lat' dir='ltr'><strong>sola</strong></span> <span class='ocrx_word' id='word_1_861' title='bbox 3216 5736 3403 5782; x_wconf 88' lang='lat' dir='ltr'><strong>mente</strong></span> <span class='ocrx_word' id='word_1_862' title='bbox 3448 5741 3512 5780; x_wconf 88' lang='lat' dir='ltr'><strong>ac</strong></span> <span class='ocrx_word' id='word_1_863' title='bbox 3561 5727 3774 5779; x_wconf 86' lang='lat' dir='ltr'><strong>ratione</strong></span> 
     </span>
    </p>
   </div>
   <div class='ocr_carea' id='block_1_116' title="bbox 2201 5819 3768 5894">
    <p class='ocr_par' dir='ltr' id='par_1_116' title="bbox 2201 5819 3768 5894">
     <span class='ocr_line' id='line_1_116' title="bbox 2201 5819 3768 5894; baseline -0.004 -10"><span class='ocrx_word' id='word_1_864' title='bbox 2201 5827 2437 5884; x_wconf 88' lang='lat' dir='ltr'><strong>invicem</strong></span> <span class='ocrx_word' id='word_1_865' title='bbox 2472 5824 2877 5882; x_wconf 83' lang='lat' dir='ltr'><strong>discernantur.</strong></span> <span class='ocrx_word' id='word_1_866' title='bbox 2936 5823 2992 5880; x_wconf 89' lang='lat' dir='ltr'><strong>Si</strong></span> <span class='ocrx_word' id='word_1_867' title='bbox 3023 5821 3171 5880; x_wconf 83' lang='lat' dir='ltr'><strong>enim</strong></span> <span class='ocrx_word' id='word_1_868' title='bbox 3204 5835 3438 5894; x_wconf 84' lang='lat' dir='ltr'><strong>persona</strong></span> <span class='ocrx_word' id='word_1_869' title='bbox 3469 5835 3566 5878; x_wconf 81' lang='lat' dir='ltr'><strong>seu</strong></span> <span class='ocrx_word' id='word_1_870' title='bbox 3598 5819 3768 5892; x_wconf 66' lang='grc' dir='ltr'>ὑγρο-</span> 
     </span>
    </p>
   </div>
  </div>
