4124 6424
392 364 494 427 3Ἱι

1341 377 1849 437 BESSABXONIS
1890 377 1950 441 S.
1992 378 2065 438 11.
2110 376 2175 439 E.
2220 377 2692 440 CARDINAIJS

3544 380 3655 443 372

397 481 560 534 stasis
580 518 596 543 ,
643 492 696 535 et
724 484 962 538 essentia
997 501 1055 541 re
1085 486 1231 540 inter
1261 501 1319 542 se
1354 488 1645 543 differrem
1669 528 1683 549 ,
1714 489 1960 558 quemad-

2080 505 2280 554 σωπον,
2316 492 2348 562 ἦ
2382 493 2701 559 ὑπόστασις,
2735 498 2828 548 καὶ
2880 496 3038 549 οὐσία
3083 496 3353 566 διέφερον,
3395 490 3533 564 ἦσαν
3580 498 3650 548 ἂν

396 570 621 625 modum
680 584 810 627 sunt
863 591 922 629 re
982 575 1097 643 ipsa
1152 585 1264 631 tres
1315 593 1609 647 personze,
1666 582 1742 632 ita
1802 582 1972 634 etiam

398 672 581 715 issent
625 674 738 719 tres
783 666 1058 721 essentize.
1114 668 1230 722 HOC
1278 679 1461 724 autem
1504 673 1840 727 contrarium
1890 683 1977 727 est

400 748 547 802 ﬁdei.
615 751 989 814 Quamobrem
1052 758 1382 825 cogitatione
1440 762 1666 829 quidem
1730 764 1974 818 essentia

398 840 709 910 sejungitur
753 844 821 898 ab
858 845 1136 916 hypostasi
1164 888 1178 913 ,
1230 865 1425 906 revera
1476 864 1659 907 tamen
1690 854 1882 908 eadem
1919 864 1975 911 et

399 948 503 985 una
538 950 626 988 res
658 945 775 999 est,
806 942 1091 995 contrario
1122 944 1284 997 modo
1317 953 1481 1014 atque
1524 962 1582 1001 se
1631 949 1874 1004 habeant
1918 949 1973 1004 in

400 1026 561 1078 nobis
595 1027 932 1084 hominibus.
972 1033 1187 1086 Etenim
1222 1035 1275 1088 in
1311 1037 1473 1092 nobis
1504 1040 1823 1109 conjunctio
1850 1041 1972 1110 qui-

398 1115 521 1169 dem
560 1129 789 1185 naturae,
820 1123 1033 1178 scilicet
1058 1125 1435 1195 humanitatis,
1466 1145 1588 1183 cum
1620 1135 1971 1203 uniuscujus-

398 1225 507 1275 que
540 1227 773 1278 persona
798 1254 811 1277 ,
839 1230 1003 1270 sensu
1037 1218 1271 1285 mentis,
1303 1230 1357 1274 et
1387 1223 1721 1292 cogitatione
1757 1237 1967 1280 tantum

397 1296 530 1351 facit
565 1317 769 1366 unum,
809 1320 867 1357 re
895 1316 1081 1359 autem
1110 1308 1221 1361 duo
1248 1320 1395 1364 sunt.
1430 1314 1547 1366 Alia
1576 1314 1733 1367 enim
1758 1332 1846 1369 res
1879 1324 1967 1370 est

396 1395 708 1447 communis
759 1397 1109 1464 humanitas,
1163 1401 1268 1455 alia
1320 1418 1451 1455 vero
1503 1404 1669 1474 hujus
1722 1424 1969 1476 persona:

399 1484 837 1542 individualitas.
883 1489 1191 1555 Quocirca,
1250 1497 1715 1562 quemadmodum
1767 1516 1964 1556 sumus

397 1576 582 1630 multa:
614 1594 864 1648 personae
885 1623 899 1645 ,
931 1584 1010 1637 sic
1039 1587 1203 1639 etiam
1238 1589 1393 1641 multi
1432 1589 1706 1645 homines.
1746 1591 1810 1646 Et
1841 1593 1965 1648 ideo

398 1683 510 1720 non
552 1672 880 1726 necessario
905 1717 920 1735 ,
953 1678 1098 1742 quod
1128 1693 1193 1731 ex
1224 1690 1419 1733 natura
1454 1691 1537 1736 est
1584 1684 1855 1753 alicujus,
1894 1700 1961 1741 ex

365 1776 626 1827 ‘persona
661 1779 883 1836 quoque
916 1768 1064 1823 illius
1093 1781 1198 1825 est.
1245 1773 1314 1828 At
1359 1789 1489 1829 vero
1523 1776 1576 1829 in
1614 1779 1961 1833 sanctissima

396 1850 688 1920 Trinitate,
720 1866 781 1911 ut
811 1859 1018 1915 dictum
1050 1873 1155 1929 est,
1189 1875 1360 1919 totum
1389 1869 1701 1938 oppositum
1731 1872 1916 1927 evenit
1945 1891 1958 1926 :

396 1960 461 1996 ex
494 1961 560 1997 eo
591 1947 851 2003 nimirum
876 1992 889 2016 ,
919 1954 1064 2021 quod
1095 1966 1287 2010 natura
1309 2000 1321 2023 ,
1350 1969 1405 2012 et
1434 1976 1669 2031 persona
1704 1978 1872 2018 unum
1907 1974 1965 2019 et

394 2033 540 2087 idem
590 2037 723 2101 sint,
781 2039 1047 2097 discretio
1083 2056 1267 2099 autem
1321 2059 1375 2102 et
1434 2054 1709 2120 separatio
1752 2061 1966 2109 tantum

395 2127 633 2184 ratione.
661 2130 1028 2195 Quamobrem
1066 2139 1212 2206 quod
1248 2155 1313 2193 ex
1351 2151 1544 2197 natura
1581 2144 1813 2217 alicujus
1845 2162 1969 2216 per-

394 2232 545 2272 sonae
586 2230 705 2287 est,
753 2239 820 2277 ex
873 2225 1020 2280 illius
1064 2243 1285 2298 quoque
1318 2233 1391 2285 sit
1445 2248 1679 2302 persona
1737 2252 1965 2293 necesse

391 2320 499 2365 εει.
552 2310 605 2366 Si
631 2328 760 2383 ergo
787 2332 853 2370 ex
883 2327 1076 2373 natura
1108 2321 1232 2375 Filii
1265 2323 1506 2392 Spiritus
1536 2337 1643 2393 est,
1691 2330 1855 2399 cujus
1885 2329 1964 2383 rei

394 2400 554 2468 plena
596 2415 724 2459 sunt
770 2410 955 2463 omnia
999 2413 1203 2482 scripta
1246 2412 1435 2486 Cyrilli
1467 2456 1481 2481 ,
1520 2415 1687 2488 igitur
1717 2435 1782 2472 ex
1821 2420 1968 2476 illius

392 2507 612 2563 quoque
644 2497 923 2568 hypostasi
956 2511 1063 2557 est.

465 2588 668 2643 Verum
706 2593 858 2647 aiunt
893 2597 1111 2659 nostri,
1149 2609 1376 2668 propter
1410 2603 1966 2659 eonsubstantialita-

394 2687 501 2734 tem
541 2682 655 2737 haec
686 2687 792 2741 diei
816 2727 831 2750 ,
867 2699 922 2743 et
958 2700 1011 2744 ut
1048 2691 1290 2761 Spiritus
1338 2697 1666 2751 ostendatur
1713 2700 1965 2769 ejusdem

387 2788 513 2829 esse
545 2776 868 2834 substantia:
899 2797 1021 2835 cum
1058 2784 1219 2839 Patre
1250 2797 1305 2839 et
1338 2788 1500 2842 Filio.

594 2887 827 2959 Spiritus
867 2911 930 2947 ea:
962 2896 1260 2952 substantia
1299 2898 1477 2954 Patris
1510 2911 1560 2955 et
1590 2901 1756 2971 Filii,

897 2981 999 3018 non
1038 2976 1215 3021 tamen
1248 2982 1455 3026 contra.

458 3051 615 3117 Quod
648 3068 779 3109 sane
816 3072 1006 3110 verum
1038 3067 1161 3125 est;
1198 3060 1294 3114 sed
1329 3078 1439 3131 quo
1470 3079 1665 3119 verum
1689 3106 1706 3133 ,
1744 3081 1811 3122 eo
1845 3083 1965 3123 ma-

2078 581 2267 653 ὧσπερ
2294 584 2422 653 τρία
2452 586 2727 655 πρόσωπα
2752 584 3179 657 πραγματικῶς,
3212 588 3353 642 οὑτω
3380 588 3475 642 καὶ
3499 592 3651 657 τρεῖς

2078 675 2281 727 οὐσίαι.
2317 675 2491 729 Τοῦτο
2522 677 2567 730 δ’
2606 678 2754 753 ἐστὶν
2791 679 3031 733 ἐναντίον
3060 684 3127 751 τῇ
3172 678 3377 733 πίστει.
3419 681 3512 733 Διὸ
3533 683 3656 734 ἐπι-

2078 767 2197 837 νοίᾳ
2233 766 2332 837 μὲν
2366 768 2514 820 ἔστιν
2544 770 2574 837 ἡ
2607 754 2880 837 διάκρισις
2913 772 3266 835 ὑποστάσεως
3320 773 3414 825 καὶ
3441 774 3651 838 οὐσίας,

2078 857 2370 925 πράγματι
2400 858 2456 911 δέ
2478 876 2540 927 γε
2568 861 2600 929 ὴ
2627 860 2843 924 ἒνωσις·
2878 862 3141 923 ἐναντίως
3181 862 3216 933 ἢ
3244 864 3332 932 ἐφ’
3354 864 3514 931 ἡμῶν
3544 865 3653 917 τῶν

2076 949 2402 1019 ἀνθρώπων.
2442 952 2560 1021 Ἐφ’
2585 952 2741 1023 ἡμῶν
2774 954 2882 1025 γὰρ
2911 955 2942 1023 ἡ
2980 954 3078 1023 μὲν
3104 955 3299 1017 ἓνωσις
3325 956 3422 1025 τῆς
3438 955 3654 1023 φύσεως

2075 1042 2194 1111 ἦτοι
2221 1044 2315 1111 τῆς
2348 1044 2766 1115 ἀνθρωπότητος
2800 1048 2939 1114 μετὰ
2979 1046 3071 1099 τοῦ
3098 1047 3329 1100 ἑκάστου
3354 1047 3651 1114 προσώπου

2076 1133 2289 1203 ἐπινοίᾳ
2319 1137 2468 1187 ποιεῖ
2494 1135 2571 1199 ἓν,
2610 1136 2896 1207 πράγματι
2936 1137 2993 1190 δέ
3029 1138 3132 1190 εἱσι
3178 1137 3289 1193 δύο.
3329 1139 3494 1190 ’Λλλο
3542 1138 3649 1208 γὰρ

2075 1226 2310 1294 πρᾶγμα
2344 1227 2376 1296 ἡ
2413 1227 2568 1297 κοινὴ
2600 1229 2983 1300 ἁνθρωπότης,
3028 1231 3120 1284 καὶ
3161 1231 3289 1284 ἄλλο
3341 1232 3576 1301 πρᾶγμα
3615 1233 3647 1301 ἡ

2070 1318 2226 1372 τοῦδε
2258 1321 2352 1374 τοῦ
2414 1322 2710 1392 προσώπου
2764 1326 3059 1395 ἀτομότης.
3092 1326 3208 1401 ,Διὸ
3249 1326 3438 1396 ὥσπερ
3486 1327 3651 1395 ἐσμὲν

2072 1410 2244 1465 πολλὰ
2282 1414 2576 1484 πρόσωπα,
2614 1416 2788 1470 -οῦτω
2822 1419 2918 1472 καὶ
2971 1419 3156 1471 πολλοί
3200 1419 3501 1489 ἄνθρωποι.
3559 1418 3650 1470 Διὸ

2069 1505 2171 1557 οὐκ
2203 1505 2260 1571 ἐξ
2305 1507 2554 1576 ἀνάγκης
2582 1508 2640 1560 τὸ
2668 1510 2732 1562 ἐκ
2762 1513 2860 1579 τῆς
2914 1509 3132 1579 φύσεως
3163 1512 3321 1565 τοῦδέ
3380 1529 3526 1572 τινος
3559 1513 3651 1562 καὶ

2068 1598 2132 1649 ὲκ
2156 1596 2255 1665 τῆς
2282 1599 2639 1665 ὑποστάσεως
2666 1601 2816 1671 αὐτῷ
2849 1604 3017 1658 ἐστιν.
3074 1604 3197 1656 Ἐπὶ
3247 1603 3305 1656 δὲ
3340 1603 3441 1672 τῆς
3482 1588 3649 1670 ἆγίας

2067 1687 2318 1757 Τριάδος,
2347 1687 2423 1750 ὡς
2475 1690 2714 1760 εἴρηται,
2746 1693 2806 1745 τὸ
2834 1693 3106 1747 ἀνάπαλίν
3165 1695 3311 1748 ἐστιν
3339 1711 3356 1727 ⁶
3426 1695 3508 1747 ὅτι
3552 1694 3647 1762 δη-

2065 1779 2200 1849 λαδὴ
2230 1781 2263 1849 ἡ
2293 1781 2608 1850 μὲνένωσις
2655 1784 2873 1852 φύσεώς
2925 1803 2985 1839 τε
3037 1786 3130 1839 καὶ
3180 1786 3477 1856 προσώπου
3529 1789 3647 1841 ἐστι

2072 1873 2385 1942 πράγματι,
2421 1876 2453 1945 ἡ
2487 1875 2543 1927 δὲ
2570 1875 2847 1946 διάκρισις
2873 1876 3106 1949 ἐπινοίᾳ.
3149 1878 3311 1933 Ὅθεν
3360 1878 3423 1931 τὸ
3451 1882 3515 1933 ὲκ
3543 1878 3646 1947 τῆς

2073 1966 2287 2035 φύσεώς
2315 1983 2461 2029 τινος
2496 1968 2604 2021 τῶν
2639 1969 2946 2038 προσώπων
2970 1971 3064 2023 καὶ
3089 1972 3151 2023 ὲκ
3171 1972 3267 2040 τῆς
3296 1972 3644 2037 ὑποστάσεως

2070 2059 2233 2111 αὑτοῦ
2285 2059 2347 2123 ἐξ
2405 2062 2649 2131 ἀνάγκης
2705 2062 2873 2117 ἐστίν.
2929 2063 2992 2116 Εἰ
3046 2058 3139 2116 οὖν
3181 2064 3244 2117 ἐκ
3298 2064 3393 2133 τῆς
3428 2064 3645 2132 φύσεως

2070 2151 2165 2205 τοῦ
2232 2152 2361 2205 Υῑοῦ
2416 2154 2476 2206 τὸ
2530 2152 2772 2224 Πνεῦμα,
2845 2147 2906 2208 οὑ
2958 2155 3178 2225 πλήρης
3238 2157 3389 2209 πᾶσα
3455 2159 3643 2228 γραφὴ

2072 2244 2381 2314 Κυρίλλου,
2448 2246 2540 2299 καί⁵
2609 2247 2675 2300 ἐκ
2728 2246 2825 2316 τῆς
2882 2247 3236 2310 ὑποστάσεως
3294 2246 3460 2301 αὐτοῦ
3533 2247 3644 2317 ἄρα

2072 2335 2244 2390 ἐστίν.

2156 2602 2320 2658 Ἀλλὰ
2345 2609 2511 2673 φασίν
2541 2605 2591 2658 οἱ
2629 2606 2908 2676 ἡμέτεροι,
2939 2606 3028 2660 διὰ
3065 2606 3124 2659 τὸ
3148 2606 3439 2676 ὁμοοὺσιον
3468 2608 3642 2663 ταῦτα

2070 2697 2345 2766 εἰρῆσθαι,
2379 2698 2472 2749 καὶ
2496 2698 2582 2749 ἵνα
2610 2698 2670 2749 τὸ
2702 2696 2930 2767 Πνεῦμα
2965 2697 3152 2769 δειχθῇ
3175 2700 3276 2769 τῆς
3323 2702 3526 2768 ταυτῆς
3549 2702 3642 2754 οὑ-

2072 2789 2191 2852 σίας
2226 2789 2440 2859 Πατρὺς
2465 2789 2557 2843 καὶ
2590 2789 2743 2845 Υἱοῦ.

2074 2899 2143 2955 Τὸ
2183 2900 2425 2971 Πνεῦμα
2442 2901 2510 2954 ἐκ
2537 2900 2896 2971 τῆς-,οὐσίας
2927 2900 3157 2967 Πατρός
3204 2900 3306 2953 καὶ
3345 2899 3506 2967 Υἱοῦ,
3568 2899 3641 2953 οὐ

2594 2970 2722 3040 μὴν
2746 2970 3076 3025 ἀνάπαλιν.

2139 3063 2312 3117 Τοῦτο
2348 3064 2403 3117 δὲ
2439 3063 2637 3134 ἀληθὲς
2693 3062 2812 3133 μὲν,
2865 3064 2975 3133 ὅσῳ
3029 3062 3087 3116 δὲ
3132 3062 3350 3133 ἀληθὲς,
3401 3062 3641 3133 τοσιιύτῳ

390 3144 475 3212 gis
519 3145 730 3203 Latinis
762 3148 929 3205 favet.
964 3151 1056 3206 Sic
1086 3155 1231 3207 enim
1266 3157 1441 3227 magis
1469 3148 1960 3218 eonsubstantialis

2068 3157 2323 3219 Λατίνοις
2362 3158 2651 3226 συνηγορεί
2702 3157 2925 3226 μᾶλλον.
2983 3154 3144 3210 Οῦτω
3194 3157 3303 3226 γὰρ
3353 3156 3640 3226 ὁμοοὺσιον

394 3251 479 3289 est
512 3236 753 3305 Spiritus
786 3240 932 3294 Patri
964 3257 1026 3296 ac
1056 3243 1196 3298 Filio
1219 3287 1232 3310 ,
1272 3258 1464 3316 utpote
1493 3249 1587 3317 qui
1617 3266 1685 3305 ex
1714 3251 1961 3322 ipsorum

387 3331 694 3387 substantia
750 3343 807 3388 et
846 3336 913 3388 ab
958 3336 1091 3405 ipsis
1140 3341 1460 3408 proveniat,
1496 3341 1602 3397 hoc
1650 3354 1735 3401 est
1767 3362 1961 3416 proce-

389 3423 503 3476 dat.
534 3424 758 3479 Dicatur
786 3427 934 3481 enim
968 3428 1170 3483 clarius
1201 3441 1427 3501 propter
1473 3450 1569 3490 eos
1615 3452 1755 3505 quos
1793 3441 1959 3493 verba

388 3512 701 3567 offendunt.
747 3516 804 3569 Si
856 3518 1005 3572 enim
1053 3521 1381 3587 simpliciter
1411 3526 1960 3583 consubstantialita-

389 3613 499 3657 tem
556 3613 812 3673 tantum,
872 3619 931 3664 ut
988 3612 1163 3666 nostri
1215 3614 1581 3683 arbitrantur,
1642 3619 1957 3687 signiﬁcat,

384 3696 680 3762 oportebat
734 3700 901 3753 etiam
960 3702 1178 3758 Patrem
1233 3721 1299 3759 ex
1353 3708 1668 3764 substantia
1722 3711 1846 3766 Filii
1903 3723 1960 3768 et

388 3786 629 3854 Spiritus
662 3790 795 3845 dici.
830 3791 1032 3847 Verum
1066 3796 1117 3849 id
1158 3813 1337 3867 neque
1365 3814 1535 3855 ausus
1565 3812 1650 3857 est
1682 3805 1957 3873 quispiam

385 3880 603 3943 adhuc,
662 3896 846 3952 neque
894 3887 1121 3942 audebit
1174 3890 1403 3954 dicere,
1471 3894 1718 3961 quandiu
1777 3910 1958 3964 operae

384 3977 623 4044 pretium
668 3980 892 4035 duxerit
939 3982 1156 4050 piorum
1206 3981 1490 4036 hominum
1539 3983 1592 4037 in
1634 4001 1868 4040 numero
1900 4002 1995 4041 se.

384 4071 603 4138 reponi;
634 4072 955 4127 Praesertim
987 4089 1110 4128 cum
1141 4085 1195 4129 et
1222 4075 1530 4130 substantia
1565 4092 1745 4148 neque
1788 4095 1957 4148 gene-

382 4172 488 4230 ret,
510 4180 689 4235 neque
709 4167 995 4236 producat,
1013 4169 1168 4237 juxta
1196 4169 1577 4239 theologorum
1601 4174 1954 4239 sententiam,

380 4254 624 4325 itemque
670 4257 914 4328 ipsorum
969 4260 1472 4330 philosophorum,
1524 4263 1569 4316 si
1620 4262 1847 4332 quidem
1896 4272 1954 4319 et

380 4350 482 4418 ipsi
530 4351 733 4422 ubique
779 4354 834 4407 in
881 4362 992 4408 tota
1038 4354 1392 4425 phil030phia
1428 4354 1706 4421 clamant,
1757 4372 1955 4424 opera-

377 4442 557 4498 tioncs
586 4461 708 4502 esse
756 4446 1205 4513 individuorum,
1255 4464 1364 4503 non
1410 4447 1826 4502 universalium.
1868 4450 1956 4506 Et-

2066 3249 2240 3319 Hatpl.
2268 3249 2360 3302 καὶ
2384 3248 2496 3317 Υίῷ
2533 3248 2733 3317 μᾶλλον
2762 3248 2823 3300 τὸ
2856 3247 3101 3317 Πνεῦμα,
3136 3248 3215 3311 ὡς
3244 3250 3307 3300 ἐκ
3338 3249 3433 3314 τῆς
3454 3249 3643 3311 οὐσίας

2064 3342 2267 3399 αὐτῶν,
2298 3342 2391 3393 καὶ
2416 3341 2473 3407 ἐξ
2502 3339 2684 3392 αὐτῶν
2716 3341 2930 3407 προϊὸν,
2963 3340 3136 3410 ἧγουν
3176 3341 3639 3410 ἐκπορευόμενον.

2062 3435 2320 3503 Λεγέσθω
2348 3434 2455 3504 γὰρ
2509 3430 2901 3504 καθαρώτερον
2956 3433 3043 3487 διὰ
3090 3434 3220 3497 τοὺς
3267 3435 3377 3496 τοῖς
3427 3435 3637 3503 ῥήμασι

2064 3529 2536 3600 προσκόπτοντας.
2596 3528 2658 3581 El
2707 3527 2817 3595 γὰρ
2862 3526 2962 3596 τὴν
3008 3527 3399 3597 ὀμοουσιότητα
3450 3526 3637 3589 ἁπλῶς

2061 3622 2216 3689 δηλοῖ
2240 3620 2422 3690 μόνον,
2459 3620 2535 3682 ὡς
2588 3621 2637 3671 οἱ
2672 3620 2927 3689 ἡμέτεροι
2982 3618 3207 3683 οἴονται,
3259 3619 3367 3671 ἔδει
3398 3620 3493 3672 καὶ
3548 3619 3638 3673 τὶν

2066 3712 2282 3780 Πατέρα
2310 3713 2374 3763 ὲκ
2394 3710 2491 3778 τῆς
2518 3709 2708 3771 οὐσίας
2741 3708 2835 3761 τοῦ
2866 3708 2999 3761 Υίοῦ
3030 3708 3127 3762 καὶ
3157 3709 3251 3763 τοῦ
3316 3711 3638 3779 Πνεύματος

2060 3804 2336 3874 λέγεσθαι.
2383 3803 2541 3856 Ἀλλὰ
2572 3803 2728 3855 τοῦτο
2749 3801 2861 3855 οὔτ’
2904 3802 3170 3872 ἐτόλμησέ
3199 3819 3287 3864 τις
3346 3803 3509 3873 μέχρι
3542 3804 3641 3856 καὶ

2062 3898 2180 3963 νῦν,
2213 3896 2335 3949 οὐτε
2386 3895 2650 3965 τολμήσει
2709 3896 2907 3958 εἰπεῖν,
2941 3894 3067 3957 ’ἕως
3107 3894 3174 3947 ἂν
3225 3897 3339 3959 τοῖς
3388 3896 3639 3950 εὐσέεεσι

2063 3988 2452 4045 συντάττεσθαι
2481 3986 2763 4058 προῦργου
2795 3989 3004 4040 ποιοῖτο
3027 4003 3041 4018 °
3076 3987 3253 4050 ἄλλως
3286 4005 3343 4041 τε
3401 3992 3526 4042 ἐπεὶ
3551 3992 3641 4043 οὐ·-

2063 4082 2153 4137 σια
2193 4080 2319 4136 οὐτε
2361 4083 2551 4151 γεννᾷ,
2609 4078 2736 4133 οὐτε
2769 4078 3059 4150 ὲκπορεὺει
3113 4079 3255 4133 κατὰ
3298 4082 3423 4143 τοὺς
3455 4082 3637 4135 θεολό-

2059 4190 2213 4243 γους,
2247 4172 2327 4225 ἔτι
2357 4189 2416 4225 τε
2444 4172 2540 4225 καὶ
2567 4170 2769 4233 αὐτοὺς
2797 4169 2923 4231 τοὺς
2951 4169 3302 4238 φιλοσόφους,
3332 4172 3430 4225 καὶ
3482 4172 3640 4226 αὐτοὶ

2059 4267 2169 4337 γὰρ
2201 4263 2479 4334 πανταχοῦ
2506 4263 2673 4333 βοῶσι
2706 4262 3050 4330 φιλοσοφίας,
3082 4263 3182 4326 τὰς
3224 4263 3507 4333 ἐνεργείας
3528 4264 3638 4317 τῶν

2058 4358 2280 4426 ἀτόμων
2313 4352 2474 4421 εἶναι,
2506 4354 2567 4406 οὐ
2603 4353 2711 4406 τῶν
2739 4352 2973 4409 καθόλου
3003 4369 3017 4384 ·
3058 4352 3161 4422 ἐμὲ
3189 4354 3298 4422 γὰρ
3328 4355 3426 4424 οὐχ
3452 4357 3637 4419 ἀτελῶς

2059 4449 2371 4518 ἄνθρωπος.
2405 4446 2524 4500 ἀλλ’
2555 4447 2583 4499 ό
2614 4445 2702 4507 τὶς
2729 4444 3019 4513 ἄνθρωπος
3039 4446 3395 4515 γεγέννηκεν.
3424 4448 3486 4499 Ei
3518 4447 3634 4511 οὖν,

371 4537 523 4589 enim
552 4552 658 4601 me,
692 4554 798 4593 non
828 4540 1155 4609 simpliciter
1187 4542 1373 4605 homo,
1402 4539 1496 4594 sed
1529 4541 1751 4609 quidam
1785 4542 1951 4597 homo

2064 4541 2130 4604 ὡς
2160 4539 2397 4611 εἴρηταί,
2422 4539 2480 4591 αἱ
2511 4536 2793 4607 ἐνέργειαι
2822 4538 2930 4589 εἰσι
2965 4536 3075 4589 τῶν
3124 4538 3364 4606 ἀτόμων,
3409 4539 3467 4591 οὐ
3527 4540 3635 4591 τῶν

382 4630 595 4699 genuit.
630 4631 684 4684 Si
717 4632 908 4703 igitur,
948 4642 1008 4687 ut
1037 4634 1243 4687 dictum
1275 4644 1393 4700 est,
1425 4628 1778 4702 operationés
1806 4634 1951 4687 indi-

378 4723 674 4776 viduorum
699 4765 713 4789 ,
752 4741 862 4779 non
899 4726 1295 4780 universalium
1321 4765 1336 4790 ,
1386 4742 1569 4796 neque
1618 4728 1949 4797 simpliciter

378 4814 734 4880 substantiae,
765 4817 897 4886 quid
946 4817 1094 4871 aliud
1141 4818 1451 4888 intelligere
1479 4819 1748 4874 debemus
1769 4861 1783 4885 ,
1818 4820 1949 4873 dum

375 4908 736 4962 substantiam
763 4909 885 4963 Filii
913 4911 1233 4964 audivimus
1258 4949 1273 4975 ,
1306 4920 1363 4965 et
1393 4926 1460 4965 ex
1488 4913 1605 4982 ipsa
1640 4914 1947 4981 procedere

375 4996 641 5065 Spiritum
666 5039 679 5057 .
715 5015 882 5068 quam
915 5001 1037 5070 ejus
1067 5000 1310 5054 divinam
1342 5002 1731 5071 hypostasim‘!

442 5089 633 5158 Neque
667 5106 797 5145 vero
831 5091 883 5143 id
915 5108 1016 5147 nos
1047 5103 1373 5162 praetereat,
1407 5104 1667 5160 sanctos,
1702 5097 1797 5165 qui
1830 5095 1949 5150 haec

372 5181 564 5247 aiunt,
598 5195 723 5235 cum
768 5181 1005 5237 Arianos
1036 5192 1089 5237 et
1118 5184 1495 5238 Eunomianos
1538 5196 1945 5255 oppugnarent,

374 5276 489 5327 hme
546 5275 772 5338 dixisse,
814 5276 907 5343 qui
955 5275 1176 5346 quidem
1215 5277 1410 5330 Filium
1452 5291 1517 5330 ex
1553 5276 1741 5339 Patre,
1772 5275 1947 5345 Spiri-

376 5377 488 5421 tum
518 5379 697 5424 autem
731 5384 796 5424 ex
826 5369 963 5423 Filio
1005 5385 1127 5424 esse
1170 5368 1507 5433 fatebantur,
1541 5384 1605 5421 ex
1638 5366 1945 5422 substantia

374 5476 504 5513 vero
534 5477 655 5516 esse
689 5463 986 5532 negabant,
1038 5462 1371 5517 aﬂirmantcs
1424 5460 1623 5515 Filium
1671 5476 1735 5514 ex
1785 5460 1949 5514 Patre

373 5552 594 5617 quidem
620 5568 763 5619 esse,
788 5569 980 5608 verum
1010 5570 1118 5607 non
1146 5552 1610 5612 substantialiter.
1636 5550 1731 5605 sed
1757 5550 1949 5603 volun-

376 5650 486 5697 tate
518 5644 693 5700 Patris
731 5662 853 5701 essc
880 5647 1157 5717 genitum;
1190 5644 1456 5713 Spiritum
1496 5659 1629 5697 vero
1666 5651 1723 5697 et
1768 5643 1948 5710 ipsum

375 5749 439 5787 ex
471 5734 631 5801 Filio,
656 5736 752 5791 sed
779 5752 889 5791 non
915 5734 1378 5798 substantialitcr,
1403 5742 1614 5788 tantum
1639 5732 1947 5786 voluntate.

376 5826 642 5900 Quocirca
668 5840 722 5885 et
754 5832 949 5887 Filium
980 5831 1245 5887 minorem
1296 5843 1417 5885 esse
1464 5828 1627 5884 Patre
1651 5864 1665 5890 ,
1713 5834 1767 5881 ct
1814 5823 1946 5878 alte—

2057 4631 2310 4695 καθόλου,
2358 4629 2479 4683 οὐδὲ
2529 4628 2629 4699 τῆς
2685 4626 2875 4691 ἁπλῶς
2921 4628 3129 4693 οὐσίας,
3193 4630 3247 4681 τί
3307 4630 3437 4683 ἄλλο
3496 4634 3636 4683 νοεῖν

2053 4723 2346 4795 ὀφείλομεν
2412 4722 2604 4775 οὐσίαν
2664 4720 2798 4774 Υίοῦ
2834 4720 3155 4784 -ἀκοὺοντες
3204 4723 3297 4776 καὶ
3353 4722 3410 4788 ἐξ
3465 4722 3635 4791 αὐτῆς

2055 4815 2305 4886 προϊέναι
2356 4813 2419 4867 τὸ
2505 4810 2756 4883 Πνεῦμα,
2828 4812 2861 4884 ἢ
2924 4812 3025 4884 τὴν
3080 4813 3249 4867 αὐτοῦ
3301 4814 3451 4869 θείαν
3504 4814 3636 4868 ὑπό-

2054 4924 2283 4970 στασινς

2124 5082 2277 5153 Μηδὲ
2333 5081 2491 5135 τοῦτο
2551 5081 2609 5135 δὲ
2644 5082 2794 5151 ἡμᾶς
2850 5080 3193 5147 λανθανέτω,
3249 5082 3410 5135 ὅτιοὶ
3457 5080 3631 5134 ταῦτα

2052 5174 2468 5245 λέγοντεςᾶγιοι
2532 5175 2670 5242 πρὸς
2742 5173 3061 5244 Ἀρειανοὺς
3113 5174 3208 5226 καὶ
3257 5174 3629 5242 Εὑνομιανοὺς

2055 5268 2351 5339 μαχόμενοι
2386 5266 2573 5333 ἔλεγον
2599 5265 2773 5318 ταῦτα
2802 5282 2816 5296 ·
2847 5266 2920 5329 οἳ,
2968 5266 3060 5319 τὸν
3090 5266 3191 5334 μὲν
3227 5265 3354 5317 Υέὸν
3412 5268 3477 5317 ἐκ
3534 5266 3628 5317 τοῦ

2054 5359 2266 5428 Πατρίις
2296 5355 2458 5424 εἶναι,
2490 5357 2551 5409 τὸ
2588 5357 2646 5409 δὲ
2702 5356 2925 5426 Πνεῦμα
2965 5358 3029 5409 ὲκ
3086 5354 3180 5409 τοῦ
3238 5355 3369 5409 Υἱοῦ
3420 5356 3631 5425 ὡμολό-

2050 5469 2182 5521 γουν
2211 5465 2227 5479 ’
2263 5450 2529 5522 ἠρνοῦντο
2558 5449 2614 5502 δὲ
2648 5449 2708 5501 τὸ
2734 5452 2797 5501 ἐκ
2849 5449 2950 5516 τῆς
2980 5448 3193 5514 οὐσίας,
3228 5448 3481 5513 λέγοντες
3532 5448 3628 5501 τὸν

2052 5546 2179 5598 Υίὸν
2210 5545 2272 5595 ἐκ
2299 5542 2391 5595 τοῦ
2425 5541 2642 5612 Πατρὸς
2671 5540 2791 5609 μὲν,
2830 5539 2945 5594 ἀλλ’
2992 5540 3093 5592 οὑκ
3127 5539 3424 5603 οὑσιωδῶς,
3489 5539 3627 5593 ἀλλὰ

2052 5633 2272 5703 θελήσει
2298 5629 2390 5683 τοῦ
2424 5629 2637 5697 Πατρὸς
2670 5628 3004 5699 γεννηθῆναι
3033 5646 3047 5660 ο
3080 5628 3140 5680 τὸ
3170 5628 3225 5681 δὲ
3256 5627 3481 5695 Πνεῦμα
3530 5629 3627 5680 καὶ

2052 5727 2183 5782 αὐτὸ
2209 5728 2271 5777 ἐκ
2304 5722 2399 5775 τοῦ
2419 5722 2576 5788 Υἱοῦ,
2610 5723 2713 5774 οὐκ
2742 5720 3041 5785 οὑσιωδῶς,
3074 5720 3211 5774 ἀλλὰ
3263 5721 3501 5791 θελήσει.
3534 5721 3626 5772 Διὸ

2050 5820 2141 5874 τὸν
2172 5816 2271 5888 μὲν
2302 5815 2429 5869 Υἱὺν
2467 5814 2743 5870 ἐλάττονα
2766 5814 2858 5868 τοῐ
2909 5814 3120 5886 Πατρὶς
3151 5814 3243 5869 καὶ
3298 5814 3490 5886 ἐτέρας
3524 5815 3620 5868 οὐ·
