4124 6414
481 402 588 466 373

1403 396 1501 456 DE
1542 387 2068 454 PBOCESSIONE
2110 389 2473 456 SPlRlTUS
2514 396 2804 460 SANCTI.

3622 398 3723 460 374

481 513 622 575 σίας,
650 510 708 563 τί.
738 507 794 562 δὲ
823 507 1043 577 Πνεῦμα
1073 505 1294 561 ’ἔλαττον
1317 507 1412 559 τοῦ
1451 504 1580 557 Υἰοῦ
1619 503 1713 557 τοῦ
1750 503 1841 556 καὶ
1874 501 2063 570 ἐτέρας

2170 503 2284 558 rius
2325 511 2648 566 substantia:
2669 550 2684 575 ,
2715 521 2770 566 et
2798 509 3067 579 Spiritum
3098 509 3372 566 minorem
3401 525 3524 566 esse
3556 512 3726 581 Filio,

481 603 669 667 οὐσίας
695 599 1080 670 ἀπεφαίνοντο,
1118 597 1193 663 ὡς
1228 600 1382 669 τρεῖς
1425 596 1616 660 οὐσίας
1647 597 1822 648 ποιεῖν
1852 591 1911 646 ὲν
1941 590 2062 644 θεό-

485 713 638 766 τητι.
1062 699 1073 708 ’

557 789 620 842 0i
657 783 752 840 οὖν
777 783 1026 852 Πατέρες
1049 800 1109 836 τε
1161 781 1256 834 καὶ
1291 781 1621 843 διδάσκαλοι,
1675 775 1905 838 ἐκείνοις
1959 791 2065 842 μα-

485 879 732 951 χόμενοι,
758 876 861 929 οὐκ
892 878 956 928 ἐκ
990 872 1087 926 τοῦ
1141 871 1274 926 Υἰοῦ
1327 872 1512 942 μόνον,
1564 869 1702 922 ἀλλὰ
1747 868 1845 922 καὶ
1871 867 1932 919 ὲκ
1964 864 2065 933 τῆς

485 969 675 1030 οὐσίας
697 964 862 1020 αὐτοῦ
895 964 1162 1018 ἔσπευδον
1222 962 1497 1017 δεικνύναι
1534 959 1594 1014 ὃν
1624 959 1686 1012 τὸ
1737 955 1959 1026 Πνεῦμα
2003 952 2064 1006 τδ

490 1064 663 1130 ἅγιον·
692 1058 957 1122 ὡσαύτως
989 1057 1084 1111 καὶ
1108 1056 1199 1110 τὸν
1229 1055 1380 1118 Υἰὸν,
1407 1055 1507 1108 οὐκ
1532 1055 1596 1107 ὲκ
1615 1050 1710 1105 τοῦ
1737 1047 1945 1118 Πατρὸς
1972 1045 2067 1116 μό-

489 1174 601 1218 νον,
631 1153 768 1206 ἀλλὰ
797 1153 907 1206 κάκ
934 1151 1034 1221 τῆς
1061 1149 1249 1213 οὐσίας
1291 1145 1479 1201 αὐτοῦ.

572 1245 668 1299 ἰδὲ
696 1243 810 1298 οὖν·
840 1243 976 1314 πρὸς
1005 1242 1103 1312 μὲν
1131 1240 1190 1293 τὸ
1213 1241 1276 1293 ὲκ
1303 1239 1575 1306 θελήσεως
1593 1233 1689 1288 τοῦ
1718 1233 1873 1298 Υἱοῦ,
1891 1235 1988 1288 καὶ
2002 1233 2063 1286 οὐ

491 1337 592 1406 τῆς
625 1335 817 1397 οὐσίας
839 1335 898 1388 'tb
922 1332 1150 1399 Πνεῦμα
1181 1329 1342 1392 εἶναι,
1373 1328 1632 1398 ἀπήντων
1657 1327 1704 1378 οἱ
1729 1325 2064 1390 διδάσκαλοι,

495 1431 559 1482 ὲκ
577 1409 677 1495 τῆς
699 1426 890 1488 οὐσίας
921 1425 1014 1477 τοῦ
1059 1423 1190 1476 Υἰοῦ
1236 1419 1379 1476 είναι
1414 1419 1679 1490 βοῶντες·
1723 1417 1860 1488 πρὸς
1908 1415 1963 1468 δὲ
2007 1415 2067 1467 τὸ

495 1522 557 1586 ἐξ
581 1519 711 1572 Υἰοῦ
745 1515 889 1572 εἶναι
917 1519 1090 1580 οὐδεὶς
1123 1517 1384 1583 ἀντέστη,
1435 1511 1545 1566 οὐδ’
1597 1511 1787 1583 είρηκε
1827 1509 1900 1580 μὴ
1930 1505 2068 1561 εἶναι

493 1611 627 1664 αὐτὸ
658 1610 716 1676 ἐξ
748 1607 881 1662 Υίοῦ
903 1624 917 1640 ⁸
953 1608 1030 1672 ὼς
1079 1610 1171 1660 καὶ
1204 1606 1359 1659 αὐτοὶ
1412 1605 1572 1657 τοῦτο
1597 1601 1943 1672 φρονοῦντες,
1975 1599 2068 1650 καὶ

492 1703 555 1753 τδ
590 1701 652 1752 ὲκ
686 1701 786 1770 τῆς
816 1698 1008 1760 οὐσίας
1041 1697 1134 1750 τοῦ
1165 1694 1417 1758 Υίοῦ,ὠς
1444 1695 1553 1746 κάκ
1583 1691 1681 1760 τῆς
1713 1685 2067 1747 ὑποστάσεως

493 1808 552 1844 τε
587 1790 681 1844 καὶ
707 1790 897 1854 οὐσίας
946 1789 1136 1855 αὐτοῦ,
1167 1788 1318 1843 αὐτοί
1346 1803 1403 1840 τε
1457 1783 1726 1847 νοοῦντες,
1781 1780 1877 1834 καὶ⁷
1907 1777 2066 1849 ἡμῶν

489 1885 620 1947 τούς
659 1883 945 1946 συνιέντας
967 1882 1337 1944 διδάσκοντες.

563 2070 684 2123 Ἔτι
723 2069 751 2122 ὁ
780 2066 880 2137 μὲν
913 2066 1088 2136 μέγας
1145 2060 1426 2124 Βασίλειος
1481 2060 1540 2113 ἐν
1597 2059 1673 2130 τῷ
1727 2058 1928 2131 πρώτῳ
1956 2059 2068 2114 τῶν

491 2161 632 2216 Κατ’
651 2159 958 2228 Εὐνομίου
990 2157 1080 2210 τὸν
1111 2153 1239 2207 Υίόν
1271 2169 1403 2223 φησι
1432 2151 1588 2216 τάξιν
1626 2150 1770 2222 ἔχειν
1802 2151 1937 2222 πρδς
1975 2150 2067 2204 τὸν

499 2253 720 2324 Πατέρα
748 2251 1010 2321 φυσικὴν,
1041 2250 1138 2304 καὶ
1162 2246 1283 2300 οἵαν
1320 2245 1380 2299 τὸ
1408 2245 1473 2298 lx
1505 2242 1600 2297 τοῦ
1634 2243 1802 2314 πυρὸς
1833 2244 1970 2312 πρὸς
2006 2242 2068 2296 τὸ

501 2346 638 2415 πῦρ.
692 2345 786 2398 καὶ
812 2343 890 2395 τδι
920 2339 1163 2396 αίτιατδν
1198 2339 1333 2408 πρὸς
1365 2338 1428 2391 τὸ
1491 2337 1700 2390 αἴτιον·
1751 2337 1780 2389 ὁ
1823 2336 1868 2389 δ’
1907 2337 2067 2398 αὐτὸς

502 2440 596 2493 καὶ
622 2436 681 2490 τδ
716 2435 944 2506 Πνεῦμα
992 2433 1148 2498 τάξιν
1173 2431 1319 2502 ἔχειν
1356 2431 1494 2502 πρὸς
1526 2429 1617 2483 τὸν
1649 2429 1777 2482 Υἰδν
1810 2428 2069 2483 διατείνε-

496 2545 590 2583 ται
610 2527 757 2582 κατὰ
777 2525 846 2580 τά
872 2523 1272 2596 προειρημένα.
1315 2523 1374 2576 Ὀ
1408 2522 1584 2593 μέγας
1613 2538 1676 2590 γε
1705 2523 1888 2591 μέντοι
1913 2520 2068 2573 Ἀθα-

502 2622 690 2683 νάσιος
710 2620 802 2674 καὶ
830 2618 1165 2689 σαφέστερόν
1195 2633 1364 2687 φησιν
1391 2633 1404 2647 ·
1447 2615 1578 2669 οἵαν
1607 2615 1760 2681 τάξιν
1786 2615 1878 2666 καὶ
1907 2613 2068 2682 φύσιν

498 2714 666 2785 ἔχειὸ
704 2714 829 2778 Υίὸς
863 2713 1003 2783 πρὸς
1046 2711 1140 2764 τὸν
1181 2711 1424 2780 Πατέρα,
1477 2707 1735 2776 τοιαύτην
1764 2707 1918 2772 τάξιν
1973 2706 2070 2760 καὶ

496 2807 661 2877 φύσιν
685 2805 798 2876 ἔχει
824 2806 886 2859 τὸ
931 2786 1155 2874 Πνεῦμα
1201 2803 1338 2873 πρὸς
1377 2802 1469 2854 τὸν
1520 2802 1672 2854 Υἱόν.
1715 2800 1925 2853 Οὐκοῦν
1974 2799 2067 2852 οῦ-

493 2916 600 2958 τως
627 2897 693 2952 ἂν
725 2896 1072 2965 συλλογίσαιο
1105 2911 1119 2925 ·
1153 2894 1426 2964 Τοιαύτην
1459 2893 1612 2958 τάξιν
1643 2893 1736 2946 καὶ
1773 2892 1934 2961 φύσιν
1951 2891 2066 2962 ἔχει

493 2991 558 3044 τὸ
589 2988 814 3060 Πνεῦμα
866 2987 1004 3058 πρὸς
1053 2985 1146 3039 τὸν
1181 2986 1336 3052 Υἱὸν,
1396 2987 1513 3039 οἷαν
1565 2986 1593 3037 ὁ
1649 2984 1776 3045 Υίδς
1809 2985 1946 3054 πρὸς
1976 2983 2067 3038 τὸν

495 3081 722 3152 Πατέρα
745 3097 760 3112 ο
793 3079 910 3134 ἀλλ’
945 3084 972 3134 ὁ
1000 3078 1129 3143 Υἱὸς
1157 3078 1294 3148 πρδς
1335 3077 1426 3131 τὸν
1481 3075 1698 3146 Πατέρα
1752 3074 1906 3140 τάξιν
1952 3075 2064 3146 ἔχει

2162 610 2218 657 et
2268 602 2500 656 alterius
2552 601 2877 657 substantiae
2928 603 3293 667 allirmabant,
3331 596 3469 658 adeo
3517 614 3577 659 ut
3619 615 3731 660 tres

2161 693 2501 747 substantias
2542 693 2788 748 facerent
2819 687 2876 748 in
2903 693 3132 750 deitate.

2236 785 2422 840 Patres
2452 786 2619 856 igitur
2648 793 2704 841 et
2733 786 2998 842 doctores
3023 786 3290 842 adversus
3333 801 3432 843 eos
3476 803 3728 857 pugnan-

2165 885 2248 930 tes
2273 917 2286 939 ,
2317 892 2428 932 non
2460 879 2637 933 solum
2669 895 2735 933 ex
2763 879 2902 934 Filio
2924 919 2939 941 ,
2973 879 3068 934 sed
3098 881 3264 933 etiam
3309 895 3376 934 ex
3421 881 3729 935 substantia

2163 967 2282 1034 ejus
2311 983 2434 1021 esse
2467 967 2735 1036 Spiritum
2765 977 3014 1022 sanctutn
3044 983 3058 1020 :
3090 979 3145 1021 et
3190 967 3386 1021 Filium
3412 1007 3426 1030 ,
3456 982 3562 1020 non
3612 976 3731 1019 tan-

2168 1067 2282 1111 tum
2330 1074 2397 1112 ex
2441 1059 2603 1113 Patre
2646 1075 2805 1120 esse,
2857 1074 3050 1112 verum
3095 1058 3261 1113 etiam
3305 1074 3375 1112 ex
3417 1058 3730 1112 substantia

2164 1151 2286 1217 ejus
2317 1150 2610 1205 ostendere
2637 1151 3065 1204 contendebant.

2235 1241 2375 1294 Vide
2403 1242 2591 1311 igitur.
2623 1259 2831 1310 quaso,
2865 1243 2930 1296 ad
2966 1243 3098 1296 illud
3120 1252 3139 1306 ,'
3165 1259 3230 1297 ex
3260 1244 3545 1298 voluntate
3575 1244 3728 1305 Filii,

2167 1341 2224 1387 et
2259 1347 2368 1386 non
2402 1349 2470 1388 ex
2498 1333 2804 1388 substantia
2831 1350 2954 1387 esse
2986 1334 3288 1403 Spiritum,
3323 1334 3732 1402 respondebant

2168 1423 2456 1484 doctores.
2489 1441 2553 1480 ex
2589 1427 2897 1480 substantia
2930 1427 3052 1481 Filii
3097 1441 3217 1480 esse
3261 1427 3595 1490 clamantes;
3649 1426 3731 1480 al-

2169 1516 2271 1570 teri
2318 1532 2449 1570 vero
2515 1517 2698 1580 dicto.
2746 1519 3006 1572 nimirum
3061 1534 3128 1572 ex
3179 1519 3320 1572 Filio
3370 1533 3512 1580 esse,
3568 1533 3732 1572 nemo
3825 1501 3832 1508 ’

2170 1607 2490 1664 adversatus
2519 1619 2623 1673 est,
2656 1627 2834 1680 neque
2864 1611 3004 1666 dixit
3032 1628 3138 1665 non
3167 1627 3288 1666 esse
3325 1626 3391 1666 ex
3423 1611 3584 1674 Filio,
3615 1622 3734 1664 tau-

2169 1717 2332 1770 quam
2361 1712 2415 1756 et
2448 1703 2548 1772 ipsi
2578 1703 2683 1758 hoc
2711 1704 3018 1769 senserint,
3048 1712 3106 1757 et
3131 1719 3198 1758 ex
3229 1705 3539 1759 substantia
3567 1703 3688 1757 Filii
3716 1744 3732 1766 ,

2171 1795 2319 1850 velut
2370 1804 2427 1849 et
2483 1811 2548 1849 ex
2597 1795 2879 1866 hypostasi
2932 1805 2988 1850 et
3032 1813 3099 1850 ex
3159 1796 3470 1851 substantia
3516 1796 3636 1864 ejus
3679 1805 3737 1849 et

2171 1888 2273 1956 ipsi
2326 1887 2739 1953 intellexerint,
2788 1901 2844 1944 et
2893 1903 3032 1955 nos,
3078 1891 3170 1958 qni
3230 1905 3326 1945 eos
3371 1889 3735 1960 intelligimus

2169 1979 2481 2035 docuerint.

2240 2071 2509 2128 Prmterea
2541 2090 2768 2145 magnus
2799 2076 3048 2137 Basilius.
3075 2076 3130 2130 in
3155 2077 3335 2145 primo
3369 2077 3512 2132 libro
3538 2077 3737 2134 Adver-

2166 2183 2254 2220 sus
2311 2165 2674 2230 Eunomium,
2727 2168 2924 2223 Filium
2975 2169 3052 2222 ait
3103 2169 3308 2224 habere
3362 2170 3614 2225 ordinem
3655 2161 3737 2227 ad

2167 2257 2382 2312 Patrem
2429 2259 2764 2321 naturalem,
2809 2267 2866 2313 et
2901 2258 3120 2326 qualem
3167 2259 3306 2314 solet
3349 2259 3555 2315 habere
3589 2261 3737 2328 quod

2167 2366 2236 2405 ex
2267 2350 2391 2420 igne
2418 2352 2673 2421 provenit
2700 2353 2768 2406 ad
2801 2351 2979 2421 ignem
3003 2393 3018 2417 ,
3063 2361 3120 2406 et
3158 2362 3444 2407 causalum
3490 2353 3556 2407 ad
3609 2368 3739 2406 cau-

2170 2458 2308 2498 sam.
2360 2443 2512 2498 Idem
2568 2453 2750 2499 autem
2800 2455 3063 2510 sanctus,
3109 2454 3166 2500 et
3211 2445 3477 2514 Spiritum
3527 2444 3736 2498 habere

2169 2535 2418 2591 ordinem
2448 2534 2515 2589 ad
2547 2535 2746 2590 Filium
2767 2577 2781 2600 ,
2809 2536 3113 2590 secundum
3141 2537 3399 2606 praedicta
3425 2536 3736 2592 contendit.

2168 2629 2343 2683 Porro
2373 2641 2602 2695 magnus
2630 2625 2963 2680 Athanasius
2989 2636 3257 2694 praeterea
3288 2626 3493 2679 clarius
3523 2626 3694 2691 ait”)
3719 2643 3733 2681 :

2169 2716 2391 2784 Qualem
2426 2715 2673 2768 ordinem
2723 2724 2780 2770 et
2817 2723 3069 2768 naturam
3102 2714 3265 2768 habet
3308 2714 3480 2768 Filius
3519 2714 3586 2768 ad
3632 2716 3737 2769 Pa-

2171 2821 2306 2864 trem
2334 2851 2346 2870 .
2385 2809 2544 2862 talem
2589 2808 2838 2863 ordinem
2885 2818 2939 2862 et
2989 2817 3238 2861 naturam
3286 2807 3449 2861 habet
3497 2807 3738 2876 Spiritus

2168 2901 2236 2957 ad
2273 2901 2493 2955 Filium.
2530 2897 2622 2954 Sic
2649 2900 2818 2966 igitur
2849 2898 3179 2952 ratiocinare
3209 2898 3434 2952 :Talem
3483 2898 3736 2950 ordinem

2168 3006 2223 3050 et
2252 3003 2504 3048 naturam
2534 2992 2700 3046 habet
2730 2992 2969 3056 Spiritus
2997 2992 3061 3045 ad
3106 2991 3342 3053 Filium,
3385 2991 3600 3059 qualem
3650 2989 3740 3044 Fi-

2168 3083 2275 3138 lius
2304 3083 2369 3137 ad
2397 3083 2614 3138 Patrem
2647 3101 2660 3149 ;
2695 3083 2788 3134 sed
2823 3081 2989 3134 Filius
3020 3081 3185 3134 habet
3213 3080 3468 3134 ordinem
3519 3089 3740 3132 natura-

500 3171 743 3244 φυσικὴν
787 3171 888 3242 τὴν
934 3171 1116 3225 αἰτίαν
1166 3168 1262 3222 τοῦ
1317 3169 1454 3240 πρὸς
1498 3167 1698 3222 αἴτιον·
1760 3169 1853 3221 καὶ
1893 3167 2065 3230 οὕτως

2171 3175 2279 3231 lem
2316 3176 2382 3230 ad
2416 3176 2672 3239 Patrem,
2713 3185 2768 3230 et
2814 3176 2904 3243 qui
2947 3183 3030 3229 est
3076 3188 3256 3228 causae
3294 3172 3361 3226 ad
3408 3180 3737 3236 causatunl;

500 3269 529 3321 ὁ
582 3266 711 3330 Υίὸς
758 3263 930 3328 αίτιός
979 3263 1097 3317 ἐστι
1135 3262 1234 3332 τῆς
1287 3260 1382 3315 τοῦ
1443 3259 1760 3330 Πνεύματος
1825 3261 2064 3316 ὑποστάς

500 3371 660 3422 σεως.

570 3448 694 3502 Ἔτι
718 3446 844 3501 ἐπεὶ
872 3449 929 3501 ὲν
951 3447 1064 3511 τοῖς
1089 3446 1452 3516 ἀνθρωπίνοις
1478 3445 1574 3500 καὶ
1605 3448 1857 3516 φυσικοῖς
1889 3445 2069 3518 πράγο

501 3556 638 3610 μασι
683 3541 792 3593 πᾶν
838 3539 1014 3592 αἴτιον
1049 3540 1373 3610 προηγεῖται
1418 3538 1512 3592 τοῦ
1570 3539 1821 3592 αἰτιατοῦ
1867 3540 2064 3610 χρόνῳ,

498 3633 596 3686 καὶ
630 3631 690 3685 τὸ
721 3631 964 3687 αἰτιλατδν
1005 3629 1101 3684 τοῦ
1135 3631 1312 3683 αἰτίου
1359 3631 1507 3683 ἐστιν
1543 3629 1770 3702 ὕστερον
1800 3647 1812 3661 °
1851 3633 1946 3684 καί
1979 3631 2068 3686 διὰ

493 3724 656 3778 τοῦτό
697 3741 841 3787 τινες
895 3723 1184 3786 ἀκούοντες
1237 3723 1407 3776 αίτιον
1447 3723 1540 3776 καὶ
1595 3724 1837 3776 αἰτιατδν
1895 3725 1952 3775 ὲν
1999 3727 2065 3795 τῇ

499 3816 713 3888 Τριάδι,
760 3816 858 3872 καὶ
905 3816 1143 3886 μάλιστα
1173 3813 1448 3883 Ἀρειανοί
1478 3832 1537 3869 τε
1573 3817 1665 3869 καὶ
1720 3817 2065 3886 Εὐνομιανοί,

501 3913 565 3964 ἐκ
615 3910 725 3963 τῶν
808 3909 1166 3980 ἀνθρωπίνων
1222 3908 1544 3979 ἐπεχείρουν
1603 3909 2068 3978 παραδειγμάτων

499 4003 559 4058 τὸ
586 4002 857 4055 συναῖδιον
889 4002 1102 4056 ἀνελεῖν
1135 4001 1235 4070 τῆς
1269 4001 1523 4072 Τριάδος,
1564 4004 1662 4056 καὶ
1689 4002 1782 4056 τὸν
1815 4001 1914 4072 μὲν
1937 4003 2068 4056 Υἱδν

497 4097 590 4151 τοῦ
625 4096 840 4166 Πατρδς
869 4093 1100 4166 ὕστερον
1138 4093 1319 4165 χρόνῳ
1361 4093 1664 4158 δεικνύναι,
1719 4093 1794 4157 ὡς
1828 4094 2069 4148 αἰτιατὸν

499 4187 666 4241 αὐτοῦ
692 4201 707 4218 ⁸
740 4185 876 4256 πρὸς
895 4186 1119 4248 τούτους
1151 4189 1176 4237 6
1199 4184 1424 4251 Νύσσης
1455 4183 1597 4248 Θείος
1623 4184 1925 4256 Γρηγόριος
1955 4185 2068 4238 ἐνι-

500 4277 794 4346 στάμενος,
828 4276 922 4328 καὶ
964 4275 1024 4328 τὸ
1052 4275 1326 4328 συναῖδιον
1357 4273 1466 4326 τῶν
1497 4273 1667 4344 τριῶν
1715 4273 2070 4327 ὐποστάσεων

497 4370 781 4436 ἀποδεῖξαι
809 4367 1179 4438 προθέμενος,
1213 4367 1271 4418 ὲν
1310 4365 1388 4437 τῷ
1418 4367 1622 4436 πρώτῳ
1652 4363 1760 4416 τῶν
1791 4365 1925 4431 πρὶς
1961 4364 2066 4418 Εὐ-

497 4463 685 4524 νόμιον
726 4457 1184 4528 Ἀντιρῤητικῶν
1215 4458 1509 4526 ἀναλογίαν
1535 4457 1656 4510 τινὰ
1678 4457 1914 4510 ποιεῖται
1936 4455 2066 4508 Υίοῦ

496 4552 634 4622 πρὸς
663 4551 904 4620 Πατέρα,
934 4553 1030 4606 καὶ
1053 4549 1370 4619 Πνεύματος
1421 4550 1558 4621 πρὸς
1593 4549 1723 4603 Υίὸν
1745 4590 1761 4615 ,
1818 4550 1910 4602 τὸν
1967 4550 2065 4618 μὲν

496 4645 719 4714 Πατέρα
752 4643 949 4711 λέγων,
999 4643 1144 4712 μόνῳ
1181 4642 1256 4711 τῷ
1308 4643 1406 4712 τῆς
1443 4641 1625 4705 αἰτίας
1673 4641 1814 4711 λόγῳ
1842 4659 2072 4712 προεπι-

501 4733 832 4804 Θεωρείσθαι
873 4732 968 4786 τοῦ
995 4731 1155 4796 Υἱοῦ,
1176 4733 1236 4784 οὐ
1286 4731 1470 4802 μέντοι
1499 4730 1624 4786 κατ’
1651 4731 1890 4802 ἒμςρασιν
1943 4748 2070 4801 χρο-

498 4828 680 4898 νικῆν,
721 4826 813 4880 καί
845 4825 934 4879 διὰ
975 4824 1136 4878 τοῦτο
1187 4824 1263 4894 μὴ
1309 4823 1646 4877 κινδυνεύειν
1690 4823 1784 4875 τὸν
1813 4825 1913 4893 τῆς
1944 4837 2070 4874 συν-

497 4920 800 4988 αῖδιέτητος
826 4917 985 4983 λόγον
1010 4931 1022 4946 ⁸
1043 4916 1133 4968 τὸν
1148 4915 1204 4968 δὲ
1232 4913 1358 4968 Υἱὸν
1379 4910 1536 4978 αὖθις
1561 4915 1655 4966 καὶ
1673 4914 1834 4967 αὐτὸν
1861 4913 2074 4983 ἐπινοίᾳ

502 5012 638 5082 μόνῃ
705 5007 1141 5079 προθεωρεῖσθαι
1191 5007 1290 5076 τῆς
1322 5006 1419 5059 τοῦ
1459 5005 1783 5077 Πνεύματος
1832 5006 2071 5059 {mocri-

501 5119 664 5167 σεως,
694 5101 838 5154 κατά
859 5101 952 5153 τὸν
977 5099 1079 5169 τῆς
1105 5099 1285 5160 αἰτίας
1310 5099 1492 5167 λόγον.

586 5193 678 5253 Ὧς
713 5191 1005 5260 φαίνεσθαι
1063 5189 1314 5259 φανερῶς
1362 5190 1457 5242 τὸν
1507 5188 1820 5242 διδάσκαλον
1867 5190 2072 5262 ταύτης

497 5283 640 5338 εἶναι
667 5284 767 5348 τῆς
793 5282 951 5351 δόξης
984 5281 1079 5334 τοῦ
1111 5281 1202 5334 τὸν
1251 5280 1378 5333 Υἱίιν
1406 5280 1585 5334 αἰτίαν
1611 5278 1752 5334 εἶναι
1783 5280 1874 5334 τοῦ
1903 5282 2072 5336 Ilvati-

501 5393 692 5446 ματος.
729 5375 819 5438 Ὠς
847 5375 954 5444 γάρ
1005 5375 1338 5426 συνάπτεται
1370 5372 1447 5441 τῷ
1495 5373 1716 5443 Πατρὶὸ
1749 5374 1896 5438 Υἱὸς,
1927 5373 2070 5427 οὓτω

499 5470 593 5521 καὶ
623 5470 683 5520 τὸ
720 5468 970 5536 Πνεῦμα,
1001 5468 1153 5533 φησὶ,
1188 5468 1522 5518 συνάπτεται
1556 5465 1631 5534 τῷ
1665 5466 1776 5534 Υίῴ
1803 5481 1820 5499 ο
1852 5469 1942 5520 καὶ
1973 5463 2072 5522 αῦ-

498 5560 611 5622 οις,
646 5558 723 5622 ὼς
747 5557 1144 5628 προθεωρεῖται
1167 5559 1192 5608 ὁ
1222 5555 1409 5625 Πατὴρ
1467 5555 1563 5609 τοῦ
1602 5557 1756 5616 Υίοῦ.
1793 5558 1854 5611 οὐ
1887 5576 2069 5628 χρονι-

498 5650 581 5721 κῷ
637 5666 744 5704 τινι
780 5649 1134 5720 διαστήματι,
1177 5647 1298 5701 οὐδὲ
1356 5648 1664 5719 πράγματι,
1701 5649 1820 5704 ἀλλ’
1855 5652 2068 5724 ἐπινοίᾳ

568 5835 647 5909 (ί)
684 5831 742 5890 ιη
769 5834 930 5906 epist.
961 5833 1028 5890 ad
1065 5813 1419 5906 Serapionem
1451 5833 1588 5889 ultra
1621 5834 1880 5890 medium.

2170 3269 2245 3326 ita
2279 3269 2444 3324 etiam
2478 3267 2652 3324 Filius
2681 3279 2767 3322 est
2795 3283 2960 3322 causa
2991 3267 3350 3337 hypostaseos
3380 3264 3644 3334 Spiritus.

2243 3453 2514 3509 Praeterea
2538 3495 2552 3518 ,
2601 3453 2862 3522 quoniam
2900 3451 2953 3504 in
2986 3450 3246 3504 humanis
3291 3457 3347 3502 et
3383 3448 3547 3502 rebus
3583 3455 3740 3500 natu-

2169 3547 2374 3601 ralibns
2413 3547 2592 3600 omnis
2623 3560 2786 3600 causa
2835 3553 3079 3612 tempore
3123 3541 3401 3603 antecedit
3429 3550 3738 3599 causatnm.

2168 3647 2224 3692 et
2267 3648 2552 3692 causatum
2590 3651 2688 3690 sua
2729 3650 2894 3690 causa
2941 3634 3226 3703 posterius
3268 3641 3391 3696 est;
3442 3641 3736 3700 propterea

2170 3728 2275 3783 hoc
2329 3728 2581 3782 nonnulli
2636 3726 2962 3788 audientes,
3018 3725 3282 3778 nEmirnm
3337 3730 3626 3774 causatum
3681 3721 3734 3772 in

2169 3819 2478 3881 Trinitate.
2524 3828 2580 3873 et
2622 3817 2932 3887 prtesertim
2975 3815 3164 3870 Ariani
3205 3823 3260 3867 et
3299 3809 3627 3866 Eunomiani
3663 3811 3734 3864 ab

2171 3911 2429 3968 humanis
2467 3909 2739 3979 exemplis
2781 3908 3214 3962 coa-ternitatcm
3261 3905 3455 3958 tollere
3495 3902 3738 3956 Trinita-

2171 4007 2279 4069 tis,
2307 4013 2363 4059 et
2411 4003 2610 4058 Filium
2646 4001 3013 4070 posteriorem
3051 3999 3242 4062 Patre,
3287 3997 3493 4065 quippe
3543 4011 3740 4048 causa--

2175 4109 2290 4154 tum
2326 4097 2396 4152 ab
2429 4097 2547 4166 ipso
2571 4137 2586 4161 ,
2616 4093 2912 4149 ostendere
2943 4091 3313 4146 conabantur.
3350 4087 3446 4142 llis
3475 4103 3534 4143 se
3569 4102 3743 4156 Oppo-

2170 4205 2311 4246 ncns
2360 4190 2423 4244 D.
2472 4185 2770 4256 Gregorius
2820 4185 3141 4255 Nyssenus.
3199 4191 3257 4237 et
3305 4180 3742 4235 comet-nitatem

2172 4279 2338 4334 trium
2368 4291 2730 4348 personarum
2761 4275 3057 4329 ostendere
3101 4287 3419 4338 proponens
3468 4274 3521 4324 in
3563 4269 3743 4339 primo

2171 4374 2316 4428 libro
2356 4387 2550 4428 eorum
2574 4413 2588 4436 ,
2622 4369 2825 4440 quibus
2863 4368 3069 4422 refutat
3103 4365 3437 4420 Eunomium
3459 4403 3475 4428 ,
3511 4377 3745 4434 propor-

2174 4466 2380 4520 tionem
2424 4462 2715 4534 quamdam
2750 4460 2880 4515 facit
2915 4459 3038 4513 Filii
3085 4457 3152 4511 ad
3185 4457 3406 4512 Patrem
3439 4497 3454 4518 .
3493 4455 3741 4525 Spiritus

2173 4557 2348 4615 sancti
2377 4557 2445 4612 ad
2479 4556 2678 4611 Filium
2713 4568 2726 4606 :
2764 4555 2985 4609 Patrem
3035 4550 3264 4620 quidem
3313 4563 3572 4605 asserens
3623 4545 3740 4599 sola

2173 4645 2354 4706 causa:
2402 4647 2615 4702 ratione
2665 4643 3010 4715 praeintelligi
3060 4641 3220 4708 Filio,
3271 4655 3380 4694 non
3422 4649 3602 4693 tamen
3649 4651 3741 4690 se-

2174 4741 2417 4799 cundum
2452 4739 2718 4809 temporis
2743 4739 3168 4807 appellationem
3190 4775 3205 4799 ,
3233 4743 3290 4790 et
3316 4734 3442 4789 ideo
3473 4732 3743 4786 rationem

2175 4833 2576 4892 cozeternitatis
2605 4831 2832 4886 minime
2865 4828 3171 4900 periclitari
3201 4845 3216 4882 :
3253 4841 3449 4881 rursus
3479 4834 3662 4879 autem
3691 4830 3744 4875 et

2175 4929 2352 4998 ipsum
2401 4926 2599 4982 Filium
2637 4923 2751 4978 sola
2800 4931 2982 4977 mente.
3025 4929 3078 4976 et
3107 4919 3441 4990 cogitatione.
3471 4915 3746 4986 praeintel-

2173 5021 2272 5090 ligl
2313 5034 2546 5089 persona
2595 5016 2838 5087 Spiritus
2865 5013 3080 5078 sancti,
3111 5011 3425 5067 secundum
3459 5008 3733 5062 rationem

2175 5129 2374 5170 causae.

2245 5205 2312 5262 Ut
2341 5203 2631 5258 manifeste
2668 5208 2968 5272 appareat.
3019 5199 3169 5253 hunc
3212 5197 3492 5252 doctorem
3542 5193 3596 5245 in
3643 5190 3746 5243 hac

2173 5314 2293 5353 esse
2326 5295 2600 5352 sententia
2631 5302 2694 5348 ut
2716 5292 2993 5346 existimet
3016 5289 3212 5345 Fliinm
3237 5302 3358 5342 esse
3379 5297 3599 5340 causam
3623 5280 3742 5348 Spi-

2175 5389 2333 5441 ritus.
2364 5382 2843 5451 Quemadmodum
2877 5381 3026 5437 enim
3057 5380 3232 5435 Filius
3261 5391 3386 5431 cum
3417 5375 3581 5429 Patre
3609 5386 3745 5424 con-

2165 5483 2438 5552 iungitur,
2466 5483 2549 5536 sic
2575 5489 2632 5534 et
2659 5477 2934 5548 Spiritus,
2964 5473 3181 5543 inquit,
3211 5465 3569 5538 conjungitur
3614 5475 3742 5518 eum

2171 5575 2344 5640 Filio;
2370 5581 2424 5627 et
2448 5586 2668 5627 rursum
2685 5611 2700 5636 ,
2727 5577 2788 5624 ut
2809 5564 3250 5638 praaintelligitur
3275 5560 3437 5616 Pater
3462 5555 3602 5613 Filio
3631 5569 3740 5608 non

2173 5666 2442 5740 temporis
2473 5664 2661 5736 aliquo
2703 5659 3022 5726 intervallo,
3069 5669 3252 5726 neque
3297 5666 3384 5718 re,
3429 5650 3524 5707 sed
3571 5660 3744 5708 sensu
