4124 6410
409 387 520 451 375

1354 347 1859 457 BESSARIO’NIS
1908 400 1975 460 s.
2011 399 2084 460 R.
2128 400 2195 465 E.
2238 402 2708 488 CAVRDINALIS

3546 406 3652 472 376

407 495 647 557 mentis.
690 495 906 553 scilicet
935 499 1146 555 ratione
1171 515 1384 568 causa},
1416 505 1488 558 ita
1530 513 1587 559 et
1631 505 1805 559 Filius
1843 520 1971 568 prac-

2083 503 2328 578 τῷλόγῳ
2362 509 2441 579 τῷ
2468 509 2568 578 τῆς
2604 511 2804 576 αἰτίας,
2838 505 2984 566 οὕτω
3020 511 3116 566 καὶ
3155 515 3182 568 6
3231 514 3360 579 Υἰὸς
3407 516 3650 584 προοεω-

406 589 732 662 intelligitur
776 591 1006 662 Spiritui
1048 593 1305 650 similiter
1347 596 1521 651 animi
1569 611 1780 664 sensu,
1817 597 1973 668 juxta

409 683 630 736 modum
685 690 740 737 et
786 683 1057 737 rationem
1099 687 1298 742 cau'Sa‘.
1834 709 1839 713 ‘

477 772 786 834 Praeterea,
844 777 1062 831 tametsi
1117 777 1171 831 in
1216 779 1514 846 humanis,
1562 790 1618 837 et
1666 781 1975 838 secundum

406 877 532 924 nos,
565 878 673 916 non
703 879 868 918 omne
907 868 1189 936 exemplar
1219 871 1475 942 alicujus,
1499 880 1583 927 est
1610 875 1778 929 etiam
1809 889 1976 929 causa

405 953 528 1021 ejus
569 970 580 1004 :
619 954 881 1023 opiﬁcum
913 959 1066 1012 enim
1101 962 1438 1030 exemplaria
1462 1005 1474 1027 ,
1504 980 1616 1018 non
1647 967 1812 1020 etiam
1849 966 1978 1021 elle-

333 1087 340 1098 .
404 1046 562 1096 etivs:
588 1059 767 1099 cause
799 1062 994 1102 eorum
1027 1051 1339 1118 exsistunt,
1372 1070 1606 1124 quorum
1645 1067 1770 1112 sunt
1792 1074 1978 1113 exem-

409 1134 603 1200 plaria,
639 1138 901 1191 nimirum
933 1142 1174 1206 ipsarum
1213 1144 1511 1216 imaginum
1552 1157 1800 1214 :tamen,
1825 1150 1974 1220 quod

412 1226 739 1280 naturaliter
787 1232 1070 1298 exemplar
1103 1235 1358 1298 exsistit,
1395 1235 1450 1288 in
1501 1235 1591 1291 his
1629 1238 1762 1307 ipsis
1807 1240 1974 1294 etiam

411 1313 690 1374 humanis.
721 1326 803 1380 est
843 1337 1001 1374 causa
1037 1323 1292 1394 imaginis
1314 1369 1329 1392 ,
1360 1329 1516 1398 cujus
1549 1337 1633 1382 est
1669 1333 1972 1400 exemplar.

407 1405 576 1460 Multo
626 1408 790 1477 igitur
843 1415 1016 1481 magis
1070 1417 1124 1469 in
1168 1419 1411 1485 divinis,
1461 1421 1552 1473 ubi
1607 1431 1721 1475 tum
1779 1435 1972 1480 czetera

404 1497 590 1549 omnia
613 1539 627 1562 ,
662 1509 774 1553 tum
810 1502 989 1571 ipsum
1027 1509 1307 1575 exemplar
1345 1512 1670 1565 naturaliter
1701 1514 1974 1581 accipitur

404 1587 564 1654 (nihil
594 1591 742 1643 enim
790 1593 864 1646 ibi
905 1607 1102 1662 praeter
1147 1603 1446 1666 naturam),
1500 1602 1614 1657 haec
1667 1606 1974 1673 pr0positio

402 1680 511 1732 erit
543 1695 693 1747 vera,
727 1684 944 1740 scilicet
969 1705 981 1739 :
1003 1687 1159 1753 Quod
1186 1691 1239 1745 in
1269 1691 1470 1748 divinis
1505 1697 1760 1762 personis
1793 1711 1975 1751 exem-

402 1769 525 1838 plar
557 1780 644 1826 est
676 1775 934 1845 alicujus,
971 1790 1058 1834 est
1109 1783 1276 1836 etiam
1311 1799 1474 1839 causa
1508 1787 1647 1854 ejus,
1698 1791 1856 1858 cujus
1888 1799 1970 1843 est

2083 599 2260 666 ρεῑται
2280 599 2375 654 τοῦ
2419 601 2736 672 Πνεῦματος
2767 603 2993 674 ὁμοίως,
3024 606 3242 679 ἐπινοίᾳ
3265 610 3407 665 κατὰ
3429 610 3520 664 τδν
3548 612 3649 683 τῆς

2081 689 2264 752 αἰτίας
2291 690 2470 760 λόγον.

2154 780 2301 844 Ἔτι,
2337 781 2502 836 εἰκαὶ
2531 785 2590 838 ἐν
2615 786 2734 850 τοῖς
2768 786 3141 858 ἀνθρωπίνοις
3191 788 3286 843 καὶ
3342 789 3466 843 καθ’
3501 791 3650 860 ἡμᾶς

2079 869 2141 923 οὐ
2172 873 2282 926 πᾶν
2306 875 2665 942 πρωτότυπόν
2713 894 2861 942 τινος
2918 880 3014 932 καὶ
3072 879 3245 933 αἴτιον
3289 879 3453 934 αὐτοῦ
3489 883 3602 934 ἐστι
3631 896 3646 912 ο

2079 963 2187 1016 τῶν
2215 964 2325 1034 γὰρ
2350 967 2614 1036 τεχνιτῶν
2645 969 2714 1022 τὰ
2745 971 3081 1040 πρωτότυπα
3102 971 3224 1041 οὐχὶ
3264 971 3357 1025 καὶ
3389 975 3647 1041 ποιητικά

2080 1056 2232 1110 arma
2261 1058 2369 1111 εἰσι
2392 1059 2525 1127 τῶν,
2561 1055 2636 1114 ὧν
2659 1063 2765 1115 εἰσι
2795 1062 3152 1132 πρωτότυπα,
3186 1063 3386 1134 δηλαδὴ
3429 1064 3540 1118 τῶν
3571 1065 3646 1116 εἰ·

2079 1149 2256 1202 κόνων
2289 1149 2471 1205 αὐτῶν
2492 1167 2509 1185 ο
2541 1153 2658 1206 ἀλλ’
2688 1153 2781 1207 οῦν
2827 1153 2888 1208 τὸ
2925 1153 3086 1223 φύσει
3139 1157 3496 1225 πρωτότυπον
3549 1156 3647 1208 καὶ

2079 1242 2136 1292 ὲν
2167 1241 2352 1304 αὐτοῖς
2381 1243 2594 1308 τούτοις
2622 1246 2736 1308 τοῖς
2763 1245 3132 1317 ἀνθρωπίνοις
3162 1245 3339 1300 αἴτιόν
3388 1248 3505 1300 ἐστι
3543 1248 3645 1315 τῆς

2077 1334 2308 1400 εἰκόνος,
2337 1327 2406 1407 ἧς
2445 1337 2801 1406 πρωτότυπόν
2844 1342 3030 1393 ἐστιν·
3078 1338 3259 1408 πολλῷ
3283 1338 3467 1392 τοίνυν
3510 1338 3647 1409 μᾶλ-

2075 1428 2168 1479 λον
2200 1428 2258 1480 ὲν
2278 1430 2394 1491 τοῖς
2422 1429 2608 1494 θείοις,
2633 1430 2767 1483 ὅπου
2799 1430 2978 1485 πάντα
3004 1431 3074 1484 τά
3105 1447 3162 1484 τε
3213 1430 3349 1484 ἄλλα
3375 1430 3469 1483 ttat
3513 1429 3644 1484 αὐτὸ

2075 1517 2134 1570 τὸ
2168 1519 2527 1588 πρωτότυπον
2556 1519 2719 1589 φύσει
2751 1521 3091 1592 λαμϐάνεται
3137 1521 3313 1590 (οὐδὲν
3367 1521 3475 1591 γὰρ
3531 1523 3647 1576 ἐκεῖ

2078 1607 2229 1674 παρὰ
2273 1609 2484 1677 φύσιν),
2540 1610 2738 1682 αῦτηή
2771 1612 3040 1682 πρότασις
3071 1612 3384 1682 ἀληθεύσει,
3415 1613 3639 1683 δηλαδὴ,

2085 1697 2159 1751 Τὸ
2191 1701 2248 1752 ὲν
2293 1703 2407 1762 τοῖς
2437 1701 2602 1759 θείοις
2634 1703 2953 1773 προσώποις
2978 1702 3122 1768 τινδς
3146 1705 3506 1775 πρωτότυπον
3549 1705 3644 1757 καὶ

2077 1789 2250 1843 αἴτιόν
2285 1793 2402 1843 ἐστι
2435 1793 2554 1857 τοῦ,
2585 1787 2644 1846 οῦ
2672 1796 2787 1846 ἐστι
2822 1795 3200 1862 πρωτότυπον.
3250 1794 3390 1848 Ἀλλ’
3445 1795 3473 1848 6
3507 1795 3648 1848 Θαυ-

401 1863 702 1932 exemplar.
734 1868 804 1921 At
844 1868 1142 1940 Gregorius
1170 1873 1612 1948 Thaumaturgus
1659 1879 1853 1935 Filium
1881 1897 1970 1935 as-

2079 1881 2387 1951 ματουργός
2412 1882 2714 1952 Γρηγόριος
2746 1883 2839 1938 τὸν
2888 1885 3019 1938 Υἰὸν
3042 1885 3137 1939 τοῦ
3162 1886 3301 1938 Πνεύ
3312 1903 3477 1955 ματος
3495 1904 3646 1956 πρω-

401 1953 539 2006 serit
574 1971 696 2010 esse
752 1958 993 2028 Spiritus
1031 1967 1308 2036 exemplar
1344 1985 1356 2022 :
1395 1985 1565 2038 quare
1615 1973 1838 2040 putabat
1886 1975 1971 2028 Fi-

399 2042 536 2097 lium
567 2061 786 2117 quoque
830 2066 1053 2107 causam
1091 2055 1330 2123 Spiritus
1350 2061 1646 2116 ‘exsistere.
1700 2064 1812 2118 Hoc
1839 2081 1971 2121 vero

405 2141 463 2186 et
511 2149 564 2187 a‘
593 2137 758 2193 simili
807 2143 1148 2199 ostendetur:
1206 2147 1420 2202 Etenim
1460 2166 1694 2222 magnus
1739 2155 1971 2213 Basilius

399 2230 683 2295 exemplar
735 2230 855 2285 Filii
896 2232 1114 2289 Patrem
1165 2240 1427 2308 appellat,
1476 2244 1530 2296 in
1582 2255 1783 2312 quarto
1827 2247 1970 2302 libro

327 2369 336 2373 _
399 2317 667 2373 Adversus
695 2321 1035 2381 Eunomium.
1062 2327 1362 2397 Gregorius
1387 2343 1570 2388 autem
1602 2335 1972 2392 Thaumatur-

399 2423 522 2474 gus,
562 2419 621 2463 ut
673 2413 879 2469 dictum
937 2427 1044 2483 est,
1095 2421 1293 2476 Filium
1335 2428 1618 2496 exemplar
1654 2444 1777 2484 esse
1811 2432 1973 2487 docet

399 2501 658 2569 Spiritus,
697 2507 749 2560 in
785 2511 1032 2566 oratione
1066 2516 1225 2583 cujus
1261 2529 1342 2574 est
1400 2522 1620 2576 initium
1652 2541 1665 2576 :
1704 2524 1970 2580 Inimicis-

397 2595 520 2647 simi
577 2605 626 2649 et
674 2598 838 2654 alieni
875 2613 1002 2656 sunt
1049 2624 1080 2660 a
1131 2611 1454 2679 confessione
1513 2617 1837 2684 apostolica,
1880 2621 1970 2690 qui

400 2683 605 2740 Filium
658 2705 722 2743 ea:
765 2708 868 2745 non
927 2697 1134 2750 cutibus
1175 2713 1436 2756 asserunt.
1490 2704 1690 2759 Verum
1739 2708 1970 2764 Basilius

399 2776 652 2842 Patrem,
691 2791 948 2852 tanquam
987 2803 1209 2842 causam
1251 2792 1418 2856 Filii,
1461 2794 1596 2849 dicit
1627 2813 1746 2852 esse
1785 2815 1971 2855 exem-

402 2869 521 2936 plar
548 2870 670 2924 Filii
707 2890 721 2926 :
759 2875 929 2945 igitur
963 2887 1020 2931 et
1050 2880 1349 2949 Gregorius
1392 2883 1589 2942 Filium
1627 2892 1794 2944 veluti
1833 2908 1967 2946 cau-

402 2976 517 3015 sam
552 2962 811 3035 Spiritus,
839 2973 1123 3042 exemplar
1162 2989 1283 3029 esse
1316 2978 1554 3048 Spiritus
1583 2981 1787 3039 obnixe
1835 3001 1970 3041 eon-

409 3053 604 3106 tendit.

2074 1973 2312 2025 τὸτυπόν
2345 1991 2535 2043 φησιν,
2579 1973 2717 2028 ὥστε
2742 1979 2833 2029 καὶ
2873 1977 3050 2029 αἴτιον
3091 1977 3312 2045 ἐνόμιζε
3347 1977 3444 2030 τοῦ
3484 1979 3647 2032 Πνεῦ-

2077 2082 2247 2136 ματος
2279 2067 2370 2119 τὸν
2413 2067 2560 2120 Υἱόν.
2591 2068 2767 2121 Τοῦτο
2797 2069 2853 2122 δὲ
2889 2070 2984 2123 καὶ
3033 2069 3140 2122 ἀπὸ
3186 2071 3284 2123 τοῦ
3323 2073 3512 2138 ὁμοίου
3540 2073 3649 2125 δει-

2073 2159 2360 2228 χθήσεται.
2405 2159 2463 2213 '0
2492 2160 2716 2228 μὲνγὰρ
2749 2161 2923 2230 μέγας
2969 2161 3253 2224 Βασίλειος
3285 2163 3645 2232 πρωτότυπον

2072 2249 2169 2302 τοῦ
2195 2250 2326 2302 Υἰοῦ
2377 2252 2468 2303 τὸν
2513 2252 2732 2321 Πατέρα
2759 2253 2924 2322 φησὶν
2955 2254 3011 2306 ὲν
3055 2252 3134 2322 τῷ
3165 2253 3302 2308 Κατ’
3337 2255 3643 2323 Εὐνομίου

2072 2343 2316 2413 τετάρτῳ
2342 2357 2356 2372 ο
2392 2345 2419 2394 6
2448 2342 2502 2394 δὲ
2533 2343 2960 2412 Θαυματουργδς
3018 2343 3343 2414 Γρηγόριος,
3380 2345 3455 2408 ὡς
3495 2345 3646 2416 εἴρη-

2070 2450 2184 2497 ται,
2216 2435 2309 2487 τὸν
2343 2433 2474 2487 Υἰδν
2514 2435 2872 2503 πρωτότυπον
2904 2435 3148 2488 διδάσκει
3186 2435 3281 2489 τοῦ
3328 2436 3644 2506 Πνεύματος

2073 2524 2130 2574 ἐν
2160 2523 2236 2590 τῷ
2269 2523 2435 2592 λόγῳ,
2463 2522 2522 2576 οῦ
2560 2524 2592 2593 ἡ
2639 2525 2779 2594 ἀρχή
2809 2541 2822 2555 ·
2860 2525 3171 2592 Ἔκθιστοι
3203 2526 3300 2578 καί
3332 2525 3644 2594 ἀλλότριοι

2071 2611 2182 2678 τῆς
2212 2611 2631 2680 ἀποστολικῆς
2667 2614 2990 2683 ὁμολογίας
3019 2616 3074 2668 οἱ
3103 2615 3214 2669 τὸν
3243 2618 3384 2669 Υὶόν
3423 2615 3493 2680 ἐξ
3528 2619 3641 2671 οὐκ

2073 2703 2262 2756 ὄντων
2294 2704 2600 2771 λέγοντες.
2653 2703 2816 2758 ’Λλλὰ
2851 2705 3136 2768 Βασίλειος
3174 2705 3266 2760 τὸν
3297 2707 3536 2779 Πατέρα,
3565 2708 3640 2772 ὡς

2073 2799 2248 2852 αἴτιον
2281 2799 2378 2852 τοῦ
2406 2799 2565 2864 Υἰοῦ,
2603 2799 2960 2870 πρωτότυπον
2994 2801 3158 2856 αὐτὸν
3185 2803 3323 2872 φησί
3342 2801 3440 2855 τοῦ
3471 2803 3601 2858 Υἰοῦ
3623 2819 3640 2836 ο

2069 2891 2166 2944 καὶ
2226 2891 2253 2942 6
2302 2890 2609 2960 Γρηγόριος
2659 2891 2771 2962 ἄρα
2821 2891 2913 2945 τὸν
2970 2891 3121 2957 Υἰὸν,
3185 2893 3261 2957 ὡς
3323 2893 3495 2949 αἴτιον
3548 2894 3642 2948 τοῦ

2073 2981 2417 3052 Πνεύματος,
2453 2983 2811 3054 πρωτότυπον
2841 2985 3004 3040 αὑτὸν
3065 2986 3392 3058 Πνεῦματος
3440 2989 3646 3042 διατείο

2069 3093 2239 3129 νεται.

473 3146 770 3214 Ρταξιετεει,
801 3159 915 3205 tum
942 3169 972 3208 a
1006 3171 1202 3226 magno
1228 3159 1450 3226 Basilio,
1481 3172 1593 3218 tum
1629 3183 1656 3219 a
1690 3169 1966 3240 plerisque

2075 3150 2080 3154 I
2142 3167 2284 3229 Ἔτι,
2327 3167 2532 3222 ὁπότε
2563 3168 2660 3222 τοῦ
2714 3169 2954 3240 μεγάλου
3006 3169 3323 3237 Βασιλείου,
3388 3173 3483 3226 καὶ
3532 3174 3644 3227 τῶν

401 3244 716 3292 sanctorum
749 3280 764 3303 ,
821 3242 992 3299 Filius
1033 3249 1254 3316 quidem
1307 3253 1511 3308 dicitur
1547 3257 1725 3328 imago
1768 3261 1967 3330 Patris,

403 3324 642 3390 Spiritus
679 3341 864 3386 autem
910 3335 1088 3406 imago
1135 3339 1261 3396 Filii
1310 3361 1325 3400 :
1363 3346 1532 3403 Filius
1569 3324 1818 3420 operatio
1873 3324 1973 3412 Pa;

400 3417 793 3514 turis-,‘Spiritus
823 3429 1072 3494 operatio
1099 3432 1260 3500 Filii;
1299 3436 1471 3494 Filius
1497 3417 1736 3498 Verbum
1769 3446 1966 3514 Patris,

404 3505 648 3575 Spiritus
681 3515 909 3569 verbum
955 3519 1113 3578 Filii:
1148 3524 1318 3581 Filius
1358 3533 1735 3590 suaveolentia
1765 3537 1962 3606 Patris,

400 3597 641 3666 Spiritus
670 3608 1046 3665 suaveolentia
1073 3613 1216 3668 Filii.
1255 3616 1360 3672 Sed
1405 3622 1495 3676 illa
1521 3626 1710 3680 omnia
1767 3597 1970 3684 dicitur

401 3688 574 3745 Filius
608 3693 808 3762 Patris,
846 3711 1035 3769 utpote
1062 3705 1156 3774 qui
1189 3722 1217 3760 a
1242 3707 1404 3764 Patre
1435 3713 1688 3769 exsistat.
1721 3717 1894 3787 lgitu'r
1914 3730 1970 3775 et

403 3778 648 3848 Spiritus
677 3799 902 3846 sanctus
925 3795 1116 3851 eadem
1144 3797 1349 3854 dicitur
1379 3803 1503 3858 Filii
1537 3820 1679 3874 esse,
1710 3778 1969 3880 tanquam

399 3889 432 3928 a
461 3874 601 3934 Filio
635 3883 935 3942 exsistens.

469 4056 768 4132 Praeterea,
797 4069 844 4124 si
885 4085 994 4127 non
1044 4085 1192 4130 esset
1224 4077 1462 4145 Spiritus
1491 4097 1520 4136 a
1572 4083 1731 4151 Filio,
1774 4103 1969 4157 perso-

395 4151 600 4208 naliter
631 4157 702 4212 ab
728 4173 796 4212 eo
837 4177 946 4216 non
982 4164 1445 4238 distingueretur.
1481 4175 1680 4230 Verum
1732 4151 1837 4234 hoc
1884 4181 1971 4236 di-

2074 3257 2346 3312 πλείστων
2375 3261 2568 3328 ἁγίων,
2593 3263 2620 3314 6
2655 3261 2756 3329 μὲν
2814 3262 2946 3325 Υἱὸς
2975 3261 3140 3317 εἰκὼν
3168 3263 3265 3317 τοῦ
3305 3265 3520 3334 Πατρδς
3551 3265 3643 3318 λέ-

2073 3365 2256 3417 γεται,
2307 3351 2366 3403 τὸ
2418 3351 2474 3404 δὲ
2509 3351 2740 3421 Πνεῦμα
2804 3352 2971 3406 εἰκὼν
3006 3352 3098 3406 τοῦ
3131 3353 3258 3406 Υίοῦ
3283 3369 3298 3386 ο
3339 3355 3433 3408 καὶ
3478 3358 3506 3408 6
3543 3357 3644 3426 μὲν

2073 3445 2200 3506 Υἰὸς
2241 3442 2494 3514 ἐνέργεια
2523 3445 2620 3497 τοῦ
2647 3446 2888 3514 Πατρὸς,
2938 3445 2999 3497 τὸ
3034 3446 3092 3499 δὲ
3128 3447 3354 3516 Πνεῦμα
3388 3448 3640 3518 ἐνέργεια

2070 3537 2170 3590 τοῦ
2205 3537 2359 3602 Υἱοῦ,
2390 3537 2486 3590 καὶ
2525 3539 2552 3590 6
2594 3537 2693 3607 μὲν
2721 3537 2853 3601 Υἱὸς
2882 3539 3056 3607 Λόγος
3087 3539 3181 3593 τοῦ
3230 3539 3461 3611 Πατρδζ,
3500 3539 3560 3594 τὸ
3584 3541 3640 3593 δὲ

2073 3626 2302 3697 Πνεῦμα
2325 3629 2479 3699 ῥῆμα
2507 3627 2601 3681 τοῦ
2635 3629 2795 3682 Υἰοῦ·
2830 3629 2923 3682 καὶ
2944 3632 2970 3684 ὁ
3000 3630 3101 3700 μὲν
3140 3631 3268 3695 Υἱὸς
3322 3632 3521 3710 εὐωδία
3545 3633 3642 3686 τοῦ

2071 3719 2310 3790 Πατρὸς,
2339 3719 2400 3772 τὸ
2427 3719 2482 3772 δὲ
2510 3719 2736 3790 Πνεῦμα
2759 3720 2957 3773 εὐωδία
2986 3721 3082 3774 τοῦ
3113 3721 3267 3778 Υίοῦ.
3297 3722 3438 3776 Ἀλλ’
3457 3723 3642 3776 ἐκεῖνα

2073 3815 2253 3867 πάντα
2284 3815 2312 3866 6
2355 3813 2486 3876 Υἱὸς
2517 3811 2735 3880 λέγεται
2771 3811 2868 3864 τοῦ
2909 3811 3144 3882 Πατρδς,
3180 3811 3252 3876 ὡς
3300 3812 3364 3865 ὲκ
3405 3811 3500 3866 τοῦ
3532 3813 3643 3864 Πα-

2071 3903 2201 3975 τρδς
2229 3901 2326 3957 ὢν.
2367 3903 2478 3957 Καὶ
2510 3903 2573 3956 τὸ
2597 3903 2818 3974 Πνεῦμα
2852 3902 2960 3973 ἄρα
2990 3903 3052 3956 τὸ
3081 3903 3240 3972 ἅγιον
3271 3905 3341 3958 τὰ
3374 3903 3514 3958 αὐτὰ
3551 3903 3643 3958 λέ-

2073 4014 2236 4067 γεται
2267 3995 2362 4050 τοῦ
2389 3995 2523 4049 Υἰοῦ
2559 3991 2724 4061 εἶναι,
2756 3997 2832 4058 ὠς
2860 3998 2925 4050 ὲκ
2957 3995 3052 4049 τοῦ
3084 3995 3216 4048 Υίοῦ
3244 3996 3324 4052 δν.

2145 4081 2293 4155 Ἔτι,
2329 4091 2379 4142 εἰ
2445 4088 2615 4159 μὴτὸ
2656 4088 2886 4158 Πνεῦμά
2944 4089 3092 4142 ἐστιν
3119 4088 3177 4154 ἐξ
3237 4088 3394 4155 Υἰοῦ,
3429 4090 3528 4144 οὐκ
3577 4088 3644 4142 ἂν

2084 4181 2252 4236 αὑτοῦ
2292 4181 2667 4251 προσωπικῶς
2697 4179 3047 4251 διακρίνοιτο.
3068 4180 3227 4235 Ἀλλὰ
3251 4181 3406 4235 τοῦτο
3445 4180 3644 4236 ἄτοπον

396 4259 522 4301 cere
567 4249 869 4306 absurdum
918 4266 1038 4322 est;
1092 4259 1174 4314 sic
1219 4263 1365 4316 enim
1413 4265 1657 4324 Trinitas
1703 4270 1969 4337 dualitate

2075 4275 2254 4343 λέγειν
2279 4290 2293 4306 ⁸
2325 4249 2472 4326 οὕτω
2500 4274 2608 4343 γὰρ
2661 4274 2694 4343 ή
2734 4249 2907 4343 Τριὰς
2934 4273 3287 4344 ὁρισθήσεται
3330 4273 3409 4339 εἰς
3451 4273 3640 4328 δυάδα.

317 4391 354 4413 ,λ
399 4339 822 4409 ιθι“ι¹¹ί·ιίιι)ἰιιιι’;
854 4356 940 4402 est
969 4366 1102 4421 ergo
1136 4351 1380 4422 Spiritus
1420 4373 1450 4412 a
1483 4356 1648 4424 Filio,
1683 4362 1727 4415 si
1775 4378 1969 4431 perso-

399 4427 750 4450 -.-.=.___,.,,..
875 4436 886 4448 .
932 4437 945 4450 .
989 4439 1000 4450 .
1103 4448 1110 4450 Α
1173 4441 1204 4450 Α
1309 4445 1321 4450 ,

2076 4339 2266 4422 Ἔστιν
2298 4367 2404 4436 ἄρα
2430 4365 2488 4430 ἐξ
2515 4339 2656 4420 γΥἰοῦ
2682 4339 2746 4418 τὸ
2778 4339 3028 4450 Πνεῦμα,
3067 4339 3125 4418 εἰ⁷
3143 4364 3333 4436 μέλλοι
3361 4383 3642 4438 προσωπι-

399 4427 599 4482 naliter
621 4429 889 4504 distingui
915 4437 1137 4495 debeat.
1167 4441 1322 4508 Quod
1359 4461 1568 4513 autem,
1605 4450 1652 4503 si
1687 4427 1794 4505 non
1823 4463 1970 4508 esset

2075 4459 2187 4522 κῶς
2215 4427 2619 4526 διακρίνεσθαι.
2647 4455 2768 4509 Ὅτι
2794 4441 2856 4508 ’δὲ
2881 4427 2942 4507 εἰ.
2967 4427 3041 4525 μὴ
3072 4427 3158 4524 εἴτι
3189 4457 3280 4508 καὶ
3338 4427 3417 4520 ἐξ.
3452 4455 3641 4521 αὐτοῦ,

394 4519 469 4572 ab
507 4522 649 4589 ipso,
706 4530 1072 4592 personaliter
1111 4534 1182 4587 ab
1237 4551 1301 4590 eo
1339 4553 1447 4591 non
1509 4540 1966 4613 distingueretur,

2075 4552 2172 4604 οὐκ
2207 4549 2273 4605 ἂν
2300 4548 2468 4602 αὐτοῦ
2505 4547 2874 4616 προσιοπικῶς
2904 4547 3264 4617 διακρίνοιτο,
3317 4547 3476 4617 δῆλον
3503 4549 3641 4599 ἐκεῖ-

401 4612 534 4668 inde
565 4619 918 4676 manifestum
957 4634 1065 4678 est.
1121 4624 1475 4700 Unaquaeque
1526 4612 1704 4690 causa
1741 4637 1971 4705 alicujus

2075 4640 2187 4694 θεν.
2233 4639 2472 4706 Ἐκάστη
2501 4612 2652 4690 αἰτία
2711 4635 2866 4689 τοῦδε
2905 4612 3052 4698 τινος
3107 4612 3436 4705 πράγματος
3481 4635 3642 4706 διχῶς

400 4712 480 4766 rei
516 4712 812 4781 dupliciter
858 4715 1065 4771 dicitur
1097 4719 1430 4791 principium
1463 4725 1582 4794 ejus
1634 4735 1690 4780 et
1747 4743 1910 4782 causa
1954 4745 1969 4784 :

2075 4733 2292 4800 λέγεται
2324 4730 2465 4800 ἀρχὴ
2499 4727 2690 4791 αὐτοῦ,
2722 4727 2821 4780 καὶ
2852 4726 3002 4780 αἰτία
3027 4741 3042 4756 '
3087 4726 3168 4780 ἐνὶ
3206 4727 3304 4796 μὲν
3330 4730 3537 4796 τρόπῳ,
3567 4727 3641 4788 ὡς

402 4819 518 4858 uno
544 4805 764 4874 quidem
797 4809 961 4863 modo
999 4821 1258 4881 tanquam
1296 4830 1364 4869 ex
1398 4831 1528 4884 quo,
1562 4819 1644 4873 vel
1677 4835 1707 4874 a
1750 4836 1881 4890 quo,
1916 4829 1971 4876 et

2075 4825 2133 4878 τὸ
2182 4823 2243 4887 ἐξ
2289 4815 2374 4888 οὗ,
2417 4821 2450 4891 ἢ
2503 4820 2593 4890 ὑφ’
2649 4813 2734 4884 ὸῦ,
2775 4821 2872 4873 καὶ⁵
2918 4819 3057 4879 ὅλως
3109 4819 3142 4889 ἡ
3211 4819 3354 4889 ἀρχὴ
3421 4818 3544 4870 ὅθεν
3583 4818 3642 4870 τὸ

399 4897 630 4950 omnino
681 4899 1017 4969 principium
1069 4904 1215 4959 unde
1241 4921 1331 4961 res
1379 4923 1540 4962 suum
1588 4911 1753 4966 habet
1796 4928 1970 4982 esse;

2075 4917 2308 4985 πρᾶγμα
2339 4929 2353 4944 °
2383 4913 2626 4984 δευτέρῳ
2674 4913 2758 4977 δὲ,
2796 4912 2872 4974 ὡς
2914 4911 2977 4964 τὸ
3009 4903 3073 4977 ᾧ,
3125 4905 3238 4962 οἷον
3275 4911 3335 4961 τὸ
3369 4904 3528 4972 εἶδος,
3583 4907 3641 4960 t6

400 4986 580 5041 altero
615 5004 748 5043 vero
778 4992 940 5047 modo
980 5002 1237 5065 tanquam
1270 5014 1403 5069 quo,
1426 5003 1598 5057 veluti
1628 5011 1716 5060 est
1736 5007 1968 5075 species,

2075 5007 2192 5060 ὲνὸν
2225 5008 2292 5076 τῇ
2316 5004 2412 5059 τοῦ
2443 5005 2726 5065 ποιοῦντος
2752 5004 2922 5074 ψυχῇ,
2960 4995 3003 5068 ᾧ
3039 5003 3225 5072 ὅμοιον
3251 5001 3313 5053 τὸ
3347 5000 3640 5054 ἀποτελού-

402 5095 525 5150 quac
558 5083 733 5137 estin
787 5094 970 5141 mente
1019 5089 1250 5158 opiﬁcis,
1301 5095 1390 5148 cui
1439 5096 1674 5151 similem
1710 5099 1970 5156 eﬂ‘ectum

2075 5115 2238 5169 μενον
2293 5097 2443 5151 ποιεῖ
2489 5097 2550 5151 τὸ
2609 5094 2920 5149 ὁποιονοῦν.
2976 5093 3143 5148 Ὅθεν
3188 5095 3298 5147 πᾶν
3325 5093 3389 5146 τὸ
3453 5093 3641 5146 ποιοῦν

399 5187 792 5242 quemcunque
815 5177 1090 5244 producit.
1126 5181 1306 5248 Quare
1329 5197 1492 5240 omne
1519 5184 1766 5243 elliciens
1792 5190 1971 5246 simile

2075 5193 2255 5262 ὅμοιον
2288 5189 2471 5258 ἑαυτῷ
2490 5191 2633 5242 ποιεῖ
2680 5188 2824 5242 κατὰ
2865 5186 2926 5240 t6
2951 5180 3092 5250 εἶδος
3113 5179 3157 5254 ᾧ
3197 5187 3360 5240 ποιεῖ.
3393 5183 3523 5239 Οἷον
3551 5185 3641 5239 λό-

401 5261 510 5316 sibi
540 5262 798 5332 producit
831 5267 1136 5322 secundum
1167 5271 1431 5339 speciem,
1456 5290 1566 5342 qua
1591 5278 1871 5345 producit.
1903 5281 1971 5336 Ut

2075 5302 2167 5353 γου
2191 5285 2375 5354 χάριν,
2423 5282 2587 5351 τῆσδε
2636 5281 2736 5350 τῆς
2769 5279 2979 5343 εἰκόνος
3009 5277 3182 5332 αἴτιον
3209 5278 3313 5331 ὅτε
3345 5277 3640 5348 ζωγράφος

402 5353 558 5408 verbi
613 5357 789 5424 gratia
820 5398 836 5422 ,
897 5356 1128 5424 hujusce
1166 5360 1420 5433 imaginis
1459 5382 1625 5422 causa
1656 5379 1739 5423 est
1779 5385 1794 5424 :
1842 5387 1970 5426 cum

2075 5353 2368 5438 a6t6;,7dic
2397 5373 2458 5426 τὸ
2479 5373 2604 5426 ὅθεν
2636 5373 2669 5443 ὴ
2707 5371 2873 5442 ἀρχὴ,
2931 5372 3029 5424 καὶ
3077 5370 3138 5422 τὺ
3170 5369 3533 5422 ἀνατυπωθὲν
3578 5371 3640 5422 ὲν

395 5443 520 5513 ipse
559 5447 774 5515 pictor,
832 5457 1090 5519 tanquam
1142 5454 1288 5509 unde
1319 5456 1392 5509 sit
1439 5459 1810 5530 principium,
1853 5473 1967 5518 tum

2075 5470 2134 5537 τῇ
2171 5465 2266 5518 τοῦ
2303 5463 2605 5534 ζωγράφου
2646 5463 2794 5533 ψυχῇ
2829 5463 2929 5530 τῆς
2988 5460 3198 5522 εἰκόνος
3239 5455 3399 5523 εἶδος,
3455 5459 3531 5522 ὡς
3577 5459 3640 5512 τὸ

394 5542 611 5606 species
651 5542 930 5613 imaginis,
965 5545 1019 5599 in
1061 5547 1240 5602 anima
1275 5552 1504 5617 pictoris
1551 5551 1806 5621 l'onnata,
1851 5567 1971 5612 tan-

2075 5551 2112 5625 ᾧ
2141 5557 2332 5626 ὁμοίαν
2366 5557 2467 5626 τὴν
2495 5556 2684 5609 εἰκόνα
2711 5556 2738 5606 6
2762 5553 3056 5624 ζωγράφος
3087 5552 3252 5604 ποιεί.
3281 5549 3436 5602 Οῦτω
3460 5549 3640 5601 τοίνυν

393 5647 560 5700 quam
587 5625 924 5704 principium
968 5653 1104 5708 quo,
1147 5639 1235 5696 cui
1285 5643 1520 5698 similem
1558 5645 1851 5714 imaginem
1886 5649 1970 5719 pi-

2075 5625 2185 5699 και
2218 5646 2312 5699 ἐπὶ
2354 5625 2464 5698 τῶν
2498 5644 2659 5698 θείων
2696 5642 3029 5713 προσώπων,
3081 5640 3158 5703 ὡς
3218 5638 3322 5710 μὲν
3349 5639 3410 5691 t6
3445 5638 3504 5703 ἐξ
3549 5635 3637 5706 οὗ,

395 5736 519 5776 ctor
547 5724 735 5781 ellieit.
768 5727 842 5782 Ita
874 5728 1042 5800 igitur
1072 5731 1124 5785 in
1159 5733 1359 5789 divinis
1385 5738 1661 5806 personis,
1704 5751 1962 5809 tanquam

2075 5741 2271 5794 ἐστινύ
2294 5739 2484 5808 Πατὴρ
2508 5738 2678 5802 αἰτία,
2705 5738 2876 5806 ἤγουν
2907 5739 2942 5806 ή
2977 5734 3144 5788 αὐτοῦ
3163 5734 3282 5787 θεία
3313 5731 3637 5834 ὑπόστασις.

390 5829 462 5868 ex
495 5830 627 5884 quo,
666 5827 754 5875 est
793 5820 954 5876 Pater
979 5837 1182 5892 causa,
1219 5825 1322 5881 hoc
1372 5837 1452 5883 est
1485 5827 1668 5884 divina
1718 5831 1838 5898 eius
1871 5831 1967 5897 hv-

2075 5834 2143 5897 ὡς
2165 5833 2219 5887 δὲ
2252 5832 2334 5898 τὸ,
2365 5824 2410 5900 ᾧ
2453 5830 2600 5887 ἔστιν
2647 5831 2681 5900 ἡ
2712 5829 2833 5884 θεία
2890 5827 3054 5882 αὑτοῦ
3095 5828 3252 5882 οὐσία
3278 5843 3293 5858 ·
3339 5823 3499 5880 τοῦτο
3527 5827 3636 5896 γάρ
