4124 6420
484 391 589 457 377

1407 398 1507 461 DE
1554 400 2081 470 puocsssxoxe
2122 370 2494 472 seminus
2543 410 2839 476 SANCTl.

3626 424 3732 489 378

477 514 602 566 ἐστι
630 509 691 565 τὸ
729 503 890 577 εἶδος,
921 506 965 581 ᾧ
996 510 1164 591 ὃμοια
1200 511 1413 581 γίνεται
1436 516 1507 569 τὰ
1537 517 1779 583 ἑξαὺτοῦ
1801 522 2031 593 προῖόντι

2160 527 2421 594 postasis,
2460 534 2717 597 tanquam
2765 544 2899 583 vero
2933 546 3065 600 quo,
3107 542 3193 589 est
3234 534 3356 607 ejus
3402 534 3584 593 divina
3642 554 3732 595 es-

475 602 556 657 6t6
580 608 672 656 καὶ
698 605 725 655 6
760 602 887 666 Υἱὸς
922 603 1018 656 καὶ
1048 603 1111 657 τὸ
1152 604 1382 675 Πνεῦμα
1408 607 1676 675 όμοούσιά
1709 610 1850 664 εἰσιν
1880 613 2055 683 αὐτῷ,

475 697 562 749 διὰ
591 696 653 748 τὸ
699 696 809 748 πᾶν
844 694 947 763 μὲν
1003 695 1066 748 τὸ
1106 697 1360 765 παράγον
1419 700 1606 771 ὅμοιον
1661 703 1937 773 παράγειν
1980 707 2057 778 τῷ

476 786 630 852 εῖδει,
660 779 703 853 ᾧ
722 788 988 857 προάγει,
1020 787 1111 841 τὸν
1141 788 1199 842 δὲ
1226 789 1360 843 Θεὸν
1389 793 1483 844 καὶ¹
1513 794 1735 865 Πατέρα
1788 799 2056 867 προάγειν

474 878 603 931 Υίόν
630 895 688 930 τε
710 879 805 931 καὶ
837 878 1067 947 Πνεῦμα
1099 883 1165 950 τῇ
1200 880 1399 934 ἑαυτοῦ
1431 881 1554 953 θείᾳ
1584 885 1766 956 οὐσίᾳ,
1820 889 1914 940 καὶ
1966 889 2057 943 διὰ

468 969 630 1022 τοῦτο
659 970 928 1039 ὁμοούσια
953 969 1136 1040 ἑαυτῷ
1164 972 1460 1041 προάγειν.
1495 974 1561 1028 Ei
1591 976 1774 1029 τοίνυν
1806 979 1833 1030 6
1862 979 2054 1049 Πατὴρ

473 1064 631 1131 μόνος
663 1062 965 1131 προϐάλλει
996 1063 1055 1116 τὸ
1090 1064 1318 1135 Πνεῦμα
1347 1067 1506 1123 κατὰ..
1522 1069 1650 1132 τοὺς
1684 1068 1828 1122 οὕτω
1868 1072 2053 1140 λέγον-

469 1170 587 1217 τας,
610 1152 731 1205 τότε
762 1153 992 1223 οὐδεμία
1020 1152 1299 1223 διάκρισις
1330 1154 1486 1210 ἔσται
1512 1157 1643 1211 Υίοῦ
1679 1175 1738 1211 τε
1766 1160 1862 1212 καὶ
1884 1158 2055 1212 Πνεύ-

474 1262 665 1314 ματος,
702 1246 979 1315 μηδεμιᾶς
1009 1244 1179 1316 οῦσης
1218 1247 1489 1318 διαφορᾶς
1519 1249 1645 1301 οὔτε
1675 1251 1732 1302 ὲν
1770 1250 1848 1319 τῷ
1884 1250 2053 1320 προά-

468 1352 655 1403 γοντι·
699 1337 817 1390 ἐστι
847 1338 957 1409 γὰρ
984 1338 1012 1389 6
1044 1337 1210 1400 αὐτὸς
1261 1339 1477 1409 Πατὴρ,
1510 1339 1634 1392 οὔτε
1676 1341 1733 1392 ἐν
1761 1341 1839 1410 τῷ
1892 1342 2046 1405 εῖδει,

466 1420 510 1492 ᾧ
545 1429 809 1495 παράγει,
839 1427 957 1479 ἔστι
982 1428 1091 1499 γὰρ
1119 1429 1152 1498 ἡ
1179 1429 1318 1497 αὑτὴ
1360 1430 1481 1483 θεία
1507 1432 1685 1496 οὐσία,
1716 1432 1841 1484 οὔτε
1870 1433 1924 1484 ὲν
1955 1434 2048 1484 αύ-

470 1521 583 1580 τοῖς
604 1521 715 1581 τοῖς
736 1521 1163 1588 παραγομένοις,
1191 1523 1297 1574 είσὶ
1324 1521 1435 1591 γὰρ
1448 1520 1541 1574 τοῦ
1561 1523 1724 1575 αὐτοῦ
1745 1524 1919 1587 εἴδους
1948 1525 2048 1594 τῆς

472 1611 607 1677 μιᾶς
667 1611 764 1663 καὶ
819 1611 1010 1681 κοινῆς
1056 1612 1333 1680 θεότητος,
1370 1612 1495 1665 οῦτε
1557 1617 1664 1685 μὴν
1716 1613 1847 1683 ῦλης
1903 1621 2046 1680 τινὸς

470 1702 858 1773 θεωρουμένης
893 1704 1030 1767 ἐκεῖ,
1054 1703 1113 1768 ἐξ
1140 1699 1207 1777 ἦς
1226 1704 1292 1758 ἂν
1317 1706 1349 1775 ἡ
1379 1707 1657 1776 διάκρισις
1680 1708 1913 1776 γένοιτο.
1938 1710 2047 1762 Καὶ

465 1793 639 1859 οὕτως
666 1798 809 1849 κατὰ
840 1797 932 1850 τὸν
964 1797 1126 1867 λόγον
1162 1798 1356 1854 τοῦτον
1392 1800 1677 1864 παντελῶς
1727 1802 2043 1872 ἀναιρεθείη

2161 617 2366 672 sentia.
2416 618 2543 673 llaec
2588 618 2735 673 enim
2780 630 2864 675 est
2918 624 3154 692 species,
3199 640 3308 695 qua
3350 642 3471 697 quae
3512 629 3581 683 ab
3614 630 3734 701 ipso

2160 709 2543 775 producuntur
2568 710 2769 764 similia
2800 711 2960 769 ﬁunt.
2996 715 3187 786 Itaque
3212 728 3266 773 et
3294 719 3465 774 Filius
3509 729 3561 776 et
3612 724 3733 793 Spic

2160 797 2301 852 ritus
2346 810 2638 869 propterea
2673 804 3174 862 consubstantiales
3204 819 3336 863 sunt
3389 810 3530 880 ipsi,
3580 813 3729 881 quod

2157 907 2319 946 omne
2347 893 2660 961 producens
2690 896 2868 952 simile
2903 900 3100 967 speciei
3129 902 3422 971 producat,
3455 920 3562 973 qua
3591 921 3725 975 pro-

2157 979 2332 1034 ducit.
2364 981 2506 1037 Deus
2529 996 2712 1039 autcm
2740 996 2795 1040 et
2820 988 3002 1055 l’aler,
3025 994 3279 1061 producit
3304 994 3500 1050 Filium
3524 1006 3580 1050 et
3604 998 3729 1067 Spi-

2156 1071 2326 1125 ritum
2355 1085 2603 1128 sanctum
2628 1117 2641 1140 ,
2678 1093 2774 1132 sua
2812 1078 2999 1135 divina
3022 1087 3282 1149 essentia,
3322 1095 3378 1141 et
3429 1086 3554 1140 ideo
3597 1102 3729 1141 con-

2155 1163 2550 1219 substantiales
2577 1168 2680 1222 sibi
2733 1171 3010 1238 producit.
3065 1173 3121 1228 Si
3163 1175 3332 1245 igitur
3379 1178 3529 1231 solus
3566 1179 3727 1233 Pater

2154 1255 2410 1322 producit
2466 1258 2758 1326 Spiritum,
2805 1263 2961 1339 juxta
3004 1266 3322 1334 opinionem
3373 1284 3566 1322 eorum
3630 1271 3727 1339 qui

2155 1344 2225 1395 ita
2250 1345 2529 1399 sentiunt:
2567 1357 2695 1403 tunc
2725 1352 2875 1404 nulla
2907 1338 3016 1407 erit
3044 1354 3335 1410 distinctio
3360 1357 3485 1411 Filii
3515 1368 3570 1412 et
3597 1338 3727 1429 spi-

2152 1434 2312 1495 ritus.
2344 1438 2497 1491 nullo
2537 1441 2841 1496 cxsistente
2893 1443 3214 1501 discrimine
3238 1488 3252 1511 ,
3287 1463 3464 1518 neque
3507 1451 3563 1505 in
3598 1464 3725 1521 pro-

2152 1523 2410 1590 ducente,
2436 1538 2521 1583 est
2549 1532 2696 1585 enim
2726 1533 2868 1587 idem
2907 1536 3023 1605 ipse
3059 1538 3243 1601 Pat‘er,
3281 1555 3460 1609 neque
3504 1542 3560 1596 in
3602 1560 3726 1612 spe—

2150 1616 2254 1682 cie,
2285 1633 2391 1685 qua
2424 1621 2720 1689 producit,
2755 1641 2877 1694 quae
2910 1628 3040 1680 item
3077 1638 3159 1682 est
3190 1634 3378 1684 eadem
3408 1632 3593 1687 divina
3638 1649 3725 1689 es-

2148 1709 2364 1775 Sentia;
2397 1725 2574 1780 neque
2622 1713 2676 1766 in
2714 1715 2849 1783 ipsis
2889 1718 3199 1785 productis,
3254 1720 3531 1789 siquidem
3592 1733 3725 1777 sunt

2149 1796 2395 1865 ejusdem
2431 1802 2658 1869 speciei,
2695 1805 2861 1858 unius
2888 1815 2943 1858 et
2974 1807 3285 1861 communis
3320 1807 3564 1862 deitatis.
3612 1810 3723 1864 Ne-

466 1887 499 1954 ή
542 1888 816 1958 διάκρισις
842 1890 1040 1948 αὐτῶν.
1093 1892 1365 1946 Λείπεται
1396 1894 1522 1963 δὴῆ
1568 1893 1629 1946 τὸ
1680 1892 1905 1964 Πνεῦμα
1951 1894 2031 1947 τοῐ

2152 1901 2258 1957 que
2285 1887 2361 1942 ibi
2393 1891 2579 1960 aliqua
2618 1894 2846 1948 materia
2886 1896 3233 1965 intelligitur,
3265 1911 3333 1952 ex
3379 1914 3486 1967 qua
3525 1900 3723 1955 distin-

464 1981 596 2033 Υίοῦ
630 1980 807 2037 αἴτιον
858 1977 1027 2049 εἶναι,
1072 1984 1104 2055 ἢ
1145 1984 1240 2038 τὸν
1287 1985 1413 2038 Υίὸν
1472 1986 1566 2040 τοῦ
1600 1987 1936 2057 Πνεύματος,
1993 1986 2042 2039 ει

465 2071 717 2140 μέλλοιεν
770 2073 1151 2142 διακρίνεσθαι
1208 2076 1481 2146 ἀλλήλων.
1521 2077 1684 2131 Ἀλλὰ
1718 2078 1780 2131 τὸ
1826 2077 2041 2147 πρῶτον

459 2164 561 2216 οὐκ
590 2164 739 2218 εστι·
764 2164 827 2218 τὸ
864 2165 1123 2238 δεύτερον
1165 2166 1297 2237 ἄρα.

534 2430 653 2483 Ἔτι
684 2430 746 2483 τὺ
795 2430 1109 2500 πέμπεσθαι
1144 2431 1235 2484 ἐπὶ
1267 2431 1405 2485 Θεοῦ
1452 2434 1514 2485 τὸ
1542 2433 1636 2486 ἀπ’
1670 2434 1851 2499 αἰτίας
1883 2432 2031 2491 εἶναι

458 2521 626 2592 δηλοῖ.
654 2523 762 2575 Καὶ
789 2523 997 2592 μάρτυς
1020 2524 1047 2575 6
1072 2523 1210 2587 θεῖος
1234 2524 1623 2593 Χρυσόστομος
1648 2526 1786 2594 πρὸς
1821 2528 2038 2597 Ἀρεια-

461 2615 583 2673 νοῦς
613 2614 980 2685 ἀποροῦντας,
1019 2614 1138 2678 πῶς
1172 2615 1272 2684 τῆς
1304 2615 1474 2685 αὐτῆς
1507 2616 1697 2679 οὐσίας
1735 2619 1762 2669 6
1800 2617 2037 2688 πέμπων

459 2708 553 2759 καὶ
590 2708 617 2758 6
644 2706 1021 2776 πεμπόμενος,
1056 2708 1112 2760 ὲν
1140 2709 1438 2778 τριακοστῇ
1476 2707 1676 2779 ἐννάτῃ
1709 2708 1897 2780 ὁμιλίᾳ
1926 2710 2035 2763 τῶν

455 2800 597 2854 κατὰ
643 2798 899 2867 Ἰωάννην
931 2798 1128 2865 λόγων.
1162 2798 1329 2852 Πάλιν
1362 2799 1553 2875 ὲπὶτὰ
1582 2800 1903 2871 ἀνθρώπινα
1937 2820 2035 2855 κα-

454 2891 719 2960 ταφέρεις
772 2891 862 2943 τὸν
895 2890 1077 2959 λόγον,
1135 2892 1231 2943 καὶ
1281 2891 1381 2943 οὐκ
1442 2893 1669 2960 ἐννοεῖς,
1725 2894 1807 2946 ὅτι
1858 2893 2032 2947 ταῦτα

458 2986 637 3037 πάντα
668 2983 735 3036 δι’
761 2984 915 3036 οὐδὲν
949 2984 1133 3053 ἕτερον
1166 2983 1406 3054 εἴρηται,
1439 2984 1554 3038 ἀλλ’
1587 2985 1672 3038 ἵνα
1700 2986 1795 3038 καὶ
1824 2986 1915 3038 τὸν
1949 2987 2034 3039 αῐ-

453 3090 566 3125 τιον
595 3074 852 3143 εἰδῶμεν,
900 3076 995 3127 καὶ
1020 3075 1101 3137 είς
1129 3073 1229 3143 τὴν
1263 3074 1556 3127 Σαδελλίου
1597 3076 1671 3146 μὴ
1699 3076 2030 3130 καταπέσω-

457 3180 556 3230 μεν
587 3165 729 3218 ὅσον.
772 3163 932 3215 Ἀλλὰ
967 3165 1025 3217 τὸ
1071 3165 1295 3235 Πνεῦμα
1327 3165 1607 3235 πέμπεται
1659 3168 1716 3233 ἐξ
1770 3168 1899 3220 Υίοῦ
1933 3171 2029 3222 καὶ

453 3255 600 3307 ἔστιν
632 3255 739 3322 ἄρα
771 3256 829 3321 ἐξ
856 3255 1045 3310 αὐτοῦ.
1648 3274 1659 3283 ·

527 3347 671 3411 Ἔτι,
710 3348 741 3409 ἡ
796 3347 1024 3417 δύναμις
1057 3347 1196 3419 αῦτη
1228 3348 1320 3402 τοῦ
1370 3348 1638 3418 πέμπειν,
1676 3349 1873 3404 ἐνοῦσα
1908 3354 2025 3404 Πα-

450 3439 538 3507 τρὶ
572 3441 663 3489 καὶ
696 3436 829 3505 Υἱῴ,
860 3438 982 3490 καθ’
1012 3438 1078 3507 ἣν
1109 3439 1277 3508 ἄμφω
1309 3439 1586 3509 πέμπουσι
1614 3440 1675 3492 τὸ
1710 3439 1934 3509 Πνεῦμα
1964 3441 2025 3492 τὸ

450 3531 624 3597 ἅγιον,
655 3529 730 3592 ὡς
761 3532 856 3582 καὶ
882 3531 1035 3600 παρὰ
1065 3532 1174 3583 τῶν
1206 3531 1495 3600 ἡμετέρων
1527 3531 1954 3602 ὁμολογεῖται,ἢ
1988 3534 2020 3601 ἡ

447 3624 587 3690 αὐτὴ
638 3624 781 3674 ἐστιν
810 3624 867 3674 ὲν
905 3622 1079 3692 Πατρὶ
1125 3623 1221 3674 καὶ
1256 3621 1394 3692 Υίῷ,
1425 3623 1457 3692 ἢ
1511 3623 1675 3693 ὲτέρα
1707 3623 1799 3675 καὶ
1833 3623 2022 3690 ἑτέρα.

460 3714 600 3767 Ἀλλ’
636 3717 685 3767 εί
721 3715 819 3784 μὲν
849 3715 1009 3783 ἑτέρα
1032 3714 1126 3768 καὶ
1151 3715 1335 3784 ἑτέρα,
1365 3714 1520 3769 ἔσται
1550 3716 1751 3787 δηλαδὴ
1779 3717 1873 3769 καὶ
1902 3716 2025 3785 μεί-

447 3806 555 3871 ζων
611 3808 703 3860 καὶ
754 3806 1012 3869 ἐλάττων,
1048 3808 1139 3861 καὶ
1172 3808 1484 3869 ἀκολούθως
1530 3809 1624 3861 καὶ
1680 3810 1736 3860 al
1782 3808 2022 3877 πέμψεις

444 3901 711 3969 διάφοροι.
743 3898 951 3953 Οὐκοῦν
976 3898 1101 3951 οὕτε
1155 3900 1253 3969 μία
1292 3899 1547 3968 δύναμις,
1581 3898 1705 3951 οῦτε
1743 3901 1839 3968 μία
1868 3900 2020 3967 ἐνέρ-

443 4011 570 4061 γεια
604 3994 784 4046 αὐτῶν
815 3992 969 4046 ἔσται
1000 4007 1013 4022 ·
1041 3992 1133 4046 καὶ
1158 3991 1469 4055 ἀκολούθως
1500 3993 1775 4061 διαφόρων
1807 3992 2018 4043 ἔσονται

442 4083 641 4138 οὐσιῶν
667 4098 680 4115 °
714 4076 788 4136 ὧν
837 4083 945 4153 γὰρ
982 4084 1036 4135 αἱ
1077 4083 1338 4152 δυνάμεις
1373 4082 1570 4145 ἄνισοι,
1605 4082 1700 4134 καὶ
1732 4082 1789 4133 αἰ
1837 4082 2018 4134 οὐσίαι

443 4178 647 4243 ἄνισοι,
687 4175 876 4244 ἐπειδὴ
901 4177 965 4228 ἐκ
989 4175 1087 4242 τῆς
1109 4176 1297 4237 οὐσίας
1326 4177 1358 4245 ἡ
1384 4174 1635 4243 δύναμις.
1664 4172 1826 4225 Ἀλλὰ
1846 4174 2020 4227 ταῦτα

445 4272 535 4323 καὶ
551 4272 727 4323 ἄτοπα
762 4269 857 4323 καὶ
889 4267 1208 4337 βλάσφημα.
1235 4268 1347 4321 Οὐκ
1371 4266 1480 4337 ἄρα
1506 4266 1667 4336 ἑτέρα
1690 4268 1785 4318 καὶ
1814 4264 1973 4332 ἑτέρα
1994 4279 2012 4295 '

439 4365 472 4432 ἡ
506 4363 645 4433 αὐτὴ
699 4362 827 4431 ἄρα.
872 4359 1013 4415 Ἀλλ’
1060 4362 1119 4413 ὲν
1157 4359 1236 4426 τῷ
1269 4360 1443 4429 Πατρὶ
1488 4360 1522 4429 ἡ
1551 4358 1645 4410 τοῦ
1682 4358 1923 4427 πέμπειν
1958 4356 2019 4409 τὺ

439 4455 667 4525 Πνεῦμα
703 4453 936 4522 δύναμις
967 4453 1181 4504 σύνεστι
1207 4454 1273 4521 τῇ
1296 4450 1525 4520 δυνάμει
1554 4453 1618 4521 τῇ
1653 4450 1745 4502 τοῦ
1788 4448 2019 4518 προϐάλ-

2146 1986 2256 2042 ctio
2289 1987 2404 2040 ﬁat.
2455 1985 2636 2053 Atque
2672 1987 2745 2040 ita
2781 1987 3086 2042 secundum
3118 1993 3260 2045 hanc
3305 1992 3574 2045 rationem
3607 2008 3722 2047 om-

2144 2078 2279 2133 nino
2322 2078 2549 2133 tolletur
2589 2079 2835 2147 ipsorum
2873 2080 3179 2135 distinctio.
3218 2082 3487 2150 Superest
3532 2085 3720 2153 itaque

2141 2170 2229 2224 vel
2264 2169 2528 2238 Spiritum
2570 2185 2690 2225 esse
2725 2186 2947 2225 causam
2978 2172 3134 2238 Filii,
3170 2174 3258 2227 vel
3311 2173 3511 2229 Filium
3542 2174 3719 2244 8νὶτί-

2145 2269 2254 2326 ῑυε,
2291 2261 2335 2315 si
2377 2261 2645 2330 distingui
2682 2278 2824 2317 unus
2858 2264 2925 2318 ab
2954 2265 3130 2319 altero
3162 2265 3383 2320 debeat.
3439 2267 3545 2320 Sed
3602 2268 3714 2336 pri-

2142 2367 2291 2405 mum
2328 2367 2437 2405 non
2470 2361 2576 2415 est,
2623 2353 2791 2422 igitur
2827 2354 3124 2421 posterius.

2212 2444 2484 2498 Praeterea
2539 2444 2681 2498 mitti
2731 2444 2786 2497 in
2822 2444 2932 2498 Deo
2973 2460 3003 2499 a
3038 2461 3201 2501 causa
3248 2462 3369 2501 esse
3421 2446 3714 2517 significat.

2140 2534 2322 2589 Testis
2363 2544 2448 2588 est
2498 2535 2658 2589 divus
2704 2535 3165 2605 Chrysostomus,
3220 2539 3443 2593 humilia
3493 2540 3712 2596 tricesi-

2140 2641 2227 2679 ma
2257 2640 2400 2679 nona
2436 2626 2489 2679 in
2513 2626 2779 2681 Joannem
2808 2629 3078 2684 adversus
3099 2629 3350 2693 Arianos,
3372 2643 3708 2700 quart'entes,

2138 2717 2418 2787 quomodo
2456 2718 2706 2787 ejusdem
2757 2719 3082 2775 subslantim
3111 2722 3185 2774 sit
3230 2724 3478 2788 mittens,
3508 2732 3565 2778 et
3610 2725 3709 2793 qui

2137 2811 2401 2864 mittitur.
2432 2811 2682 2874 Rursus,
2718 2812 2931 2880 inquit,
2959 2814 3026 2866 ad
3075 2830 3164 2867 res
3196 2814 3466 2868 humanas
3501 2831 3711 2870 sermo-

2136 2919 2262 2959 nem
2294 2904 2594 2969 convertis,
2633 2913 2688 2958 et
2727 2904 3009 2958 humiliter
3037 2906 3257 2976 abjicis,
3308 2922 3371 2961 ac
3404 2923 3512 2961 non
3546 2908 3712 2962 intel-

2134 2996 2257 3066 ligis
2291 3012 2353 3050 ea
2385 2999 2568 3051 omnia
2598 3038 2612 3061 ,
2665 2998 2870 3051 nullam
2904 2999 2974 3053 ob
3026 3000 3188 3053 aliam
3235 3016 3350 3054 rem
3384 3000 3531 3055 dicta
3564 3016 3709 3065 esse,

2133 3104 2298 3157 quam
2329 3098 2387 3142 ut
2419 3104 2640 3143 causam
2679 3106 3047 3159 agnoscamus
3075 3133 3089 3156 ,
3140 3107 3321 3160 neque
3372 3096 3428 3145 in
3474 3092 3701 3146 Sabellii

2133 3180 2390 3235 morbum
2414 3182 2762 3248 incidamus;
2807 3184 2900 3238 sed
2927 3183 3163 3254 Spiritus
3192 3185 3431 3240 mittitur
3461 3201 3490 3239 a
3526 3186 3704 3252 Filio;

2130 3272 2296 3343 igitur
2326 3273 2492 3327 etiam
2526 3284 2611 3328 est
2643 3274 2710 3328 ab
2742 3275 2888 3342 ipso.
3250 3275 3255 3279 ’

2198 3365 2496 3432 Praiterea,
2538 3368 2622 3421 vis
2679 3368 2781 3421 ista
2813 3368 3107 3434 mittendi,
3176 3387 3298 3441 quae
3357 3373 3502 3429 inest
3553 3377 3703 3431 Patri

2125 3464 2179 3509 et
2212 3456 2367 3523 Filio,
2406 3459 2711 3512 secundum
2749 3475 2917 3528 quam
2965 3463 3129 3517 ambo
3163 3466 3390 3520 mittunt
3423 3467 3692 3535 Spiritum

2125 3558 2379 3601 sanctum
2408 3587 2422 3613 ,
2471 3550 2939 3619 quemadmodum
2989 3564 3044 3608 et
3088 3565 3365 3612 nostrates
3412 3558 3703 3626 fatentur,

2127 3641 2210 3695 vel
2258 3642 2449 3697 eadem
2484 3654 2571 3699 est
2607 3644 2661 3697 in
2712 3645 2875 3700 Patre
2932 3656 2990 3702 et
3020 3646 3181 3716 Filio,
3224 3652 3310 3705 vel
3363 3654 3467 3706 alia
3522 3664 3689 3724 atque

2124 3733 2263 3799 alia;
2297 3734 2392 3790 sed
2426 3734 2472 3789 si
2518 3735 2623 3814 alia
2650 3744 2817 3805 atque
2849 3738 2977 3803 alia,
3020 3742 3127 3795 erit
3160 3743 3374 3798 scilicet
3410 3754 3466 3797 et
3516 3748 3694 3816 major

2124 3835 2178 3881 et
2212 3828 2415 3891 minor,
2449 3836 2506 3882 et
2538 3844 2639 3897 per
2667 3831 3146 3899 consequentiam,
3196 3836 3362 3889 etiam
3399 3837 3697 3894 missiones

2123 3928 2289 3975 erunt
2320 3920 2590 3986 diversae;
2646 3920 2816 3989 igitur
2849 3936 3027 3990 neque
3062 3939 3169 3977 una
3213 3926 3295 3980 vis
3325 3939 3380 3979 et
3425 3932 3693 3995 potentia,

2123 4026 2304 4080 neque
2363 4026 2470 4064 una
2529 4012 2777 4081 ipsorum
2827 4014 2933 4068 erit
2993 4017 3266 4084 operatio.
3324 4018 3394 4072 Et
3435 4020 3569 4075 illud
3611 4033 3697 4077 est

2123 4118 2491 4172 consequens,
2519 4114 2578 4157 ut
2600 4104 2945 4175 diversarum
2979 4106 3089 4161 sint
3114 4108 3489 4165 essentiarum
3514 4128 3528 4176 ;
3564 4128 3698 4181 quo-

2123 4209 2245 4248 rum
2302 4193 2449 4247 enim
2498 4192 2759 4262 potentia:
2792 4203 2920 4248 sunt
2957 4194 3278 4265 inaequales,
3302 4199 3469 4253 etiam
3503 4216 3696 4257 essen-

2122 4286 2210 4340 tiie
2268 4294 2397 4339 sunt
2449 4284 2766 4351 inazqttales,
2822 4285 3274 4355 quandoquidem
3317 4289 3388 4343 ab
3447 4295 3692 4348 essentia

2120 4376 2242 4431 ﬂuit
2291 4377 2560 4444 potentia.
2599 4377 2801 4431 Verum
2856 4377 2973 4432 litec
3023 4387 3079 4433 et
3132 4378 3372 4435 absurda
3429 4392 3579 4448 sunt,
3636 4396 3693 4440 et

2121 4467 2311 4537 impia,
2336 4476 2500 4535 atque
2528 4466 2866 4522 exsecranda
2892 4486 2907 4533 ;
2938 4458 3049 4524 non
3085 4484 3219 4540 ergo
3247 4470 3350 4526 alia
3384 4482 3546 4543 atque
3584 4476 3691 4532 alia

438 4547 554 4599 λειν
616 4545 749 4598 αὐτό
782 4562 795 4576 ο
850 4546 940 4599 ἀεὶ
992 4543 1099 4612 γὰρ
1128 4545 1155 4596 6
1202 4542 1389 4613 Πατὴρ
1429 4543 1552 4595 πνεῖ
1583 4542 1643 4594 τὸ
1682 4541 1906 4610 Πνεῦμα
1956 4540 2016 4593 τὸ

2133 4570 2196 4614 εει
2228 4558 2475 4629 potentia
2502 4579 2514 4612 :
2539 4559 2707 4628 igitur
2730 4559 2945 4615 eadem.
2973 4561 3039 4615 At
3064 4577 3196 4617 vero
3217 4563 3272 4618 in
3304 4540 3472 4621 Patre
3496 4575 3691 4637 poten-

438 4640 613 4708 ἆγιον,
643 4639 739 4691 καὶ
767 4638 929 4691 πνέον
958 4636 1089 4690 αὐτὸ
1119 4635 1354 4706 πέμπει.
1386 4636 1499 4688 Καὶ
1541 4637 1568 4688 6
1597 4633 1726 4696 Υἱὸς
1755 4634 1863 4704 ἄρα
1894 4633 2013 4701 ἅμα

435 4734 501 4801 τῇ
529 4729 623 4783 τοῦ
660 4730 816 4782 πνεῖν
842 4728 1072 4799 δυνάμει
1102 4726 1201 4781 καὶ
1238 4726 1560 4797 προϐάλλων
1601 4727 1737 4781 αὐτὸ
1760 4724 2008 4794 πέμπει·

436 4825 531 4876 καὶ
560 4823 589 4875 6
632 4820 761 4886 Υἱὸς
791 4821 901 4892 ἄρα
949 4820 1047 4874 τοῦ
1088 4819 1236 4874 θείου
1278 4819 1599 4890 Πνεύματός
1630 4819 1759 4872 ἐστι
1806 4815 2012 4886 προϐο-

436 4915 581 4978 λεύς.

514 5097 616 5150 Ἦν
640 5094 697 5148 δὲ
726 5095 859 5163 φασί
890 5110 1035 5157 τινες
1064 5092 1299 5145 ἐνταῦθα
1326 5090 1538 5162 πέμψιν
1569 5091 1602 5162 ἢ
1634 5090 1861 5161 πρόοδον
1890 5092 2009 5145 δευ-

434 5193 598 5261 τέραν
634 5192 728 5243 καὶ
762 5190 1046 5260 χρονικὴν,
1077 5188 1232 5240 οὐδέν
1267 5186 1325 5239 τέ
1362 5189 1504 5251 ἐστι,
1540 5187 1635 5239 καὶ
1666 5186 1897 5239 αὐτόθεν
1929 5186 2006 5256 τῷ

434 5286 823 5354 προειρημένῳ
852 5281 1040 5335 λύεται
1068 5279 1237 5350 λόγῳ.

502 5464 645 5533 Πρὸς
675 5461 785 5531 γὰρ
837 5463 897 5514 τὸ
956 5446 1210 5531 μηδαμοῦ
1253 5463 1351 5530 τῆς
1384 5462 1601 5532 Γραφῆς
1649 5463 2005 5533 εὑρίσκεσθαι

438 5553 631 5622 ταύτην
670 5553 767 5620 τὴν
811 5553 919 5604 τῶν
973 5553 1218 5622 προόδων
1262 5552 1510 5623 διπλόην,
1549 5554 1638 5605 ὅτε
1673 5556 1769 5606 καὶ
1820 5555 2004 5625 δῶμεν

434 5647 575 5712 ὅμως
607 5638 748 5697 εἷναί
774 5660 895 5696 τινα
924 5643 1187 5714 δευτέραν
1222 5645 1466 5713 πρόοδον,
1497 5639 1564 5716 ἦς
1594 5646 1621 5697 6
1656 5646 1782 5709 Υἱὸς
1810 5664 2004 5701 κοινω-

347 5763 358 5773 -
433 5738 509 5789 δεῖ
536 5736 613 5806 τῷ
649 5737 849 5805 Πατρὶ,
882 5738 1002 5789 τότε
1063 5737 1281 5799 πάντως
1313 5737 1456 5790 κατὰ
1506 5739 1599 5790 τὸν
1637 5740 1856 5809 Πατέρα
1907 5742 2004 5793 καὶ

429 5828 631 5898 ὁμοίως
682 5830 853 5887 αὐτὴν
907 5830 1041 5896 ἕξει.
1096 5830 1261 5884 om»;
1297 5830 1402 5901 γὰρ
1436 5829 1688 5901 ἀνόμοιον
1756 5832 1867 5885 τῶν
1926 5833 2002 5904 τῷ

2118 4651 2192 4706 tia
2250 4651 2506 4705 mittendi
2541 4650 2812 4721 Spiritum
2842 4690 2857 4717 ,
2909 4652 3074 4707 simul
3126 4661 3214 4708 est
3267 4669 3394 4709 cum
3438 4658 3689 4726 potentia
3792 4672 3795 4673 '

2115 4743 2295 4813 ipsum
2322 4743 2590 4813 Spirandi.
2639 4743 2873 4815 Semper
2931 4747 3083 4803 enim
3121 4747 3287 4804 Pater
3334 4749 3511 4819 spirat
3554 4750 3685 4822 Spi-

2112 4835 2283 4890 ritum
2316 4844 2584 4889 sanctum
2607 4871 2624 4900 .
2669 4843 2726 4891 et
2771 4836 2992 4906 spirans
3030 4852 3157 4894 eum
3192 4839 3385 4895 mittit.
3436 4842 3611 4911 Igitur
3632 4853 3692 4899 et

2111 4924 2286 4981 Filius
2320 4942 2427 4983 uua
2456 4941 2579 4981 cum
2630 4929 2878 4996 potentia
2924 4930 3166 4998 spirandi
3217 4948 3343 4988 eum
3375 4937 3688 5005 producens

2112 5018 2298 5071 mittit.
2324 5018 2469 5087 Ergo
2496 5026 2553 5073 et
2578 5017 2750 5073 Filius
2778 5027 2864 5074 est
2900 5019 3140 5089 Spiritus
3160 5024 3333 5079 sancti
3359 5026 3684 5094 productor.

2180 5111 2354 5177 Quam
2383 5126 2516 5165 vero
2560 5111 2650 5167 hic
2679 5112 2924 5167 fatentur
2949 5115 3203 5169 nonnulli
3224 5116 3571 5184 missionem,
3591 5120 3681 5174 vel

2111 5203 2517 5271 processionem
2544 5204 2865 5267 secundam.
2908 5216 2964 5261 et
2997 5222 3120 5275 qua:
3168 5208 3241 5265 sit
3277 5207 3333 5262 in
3385 5217 3677 5277 tempore:

2110 5303 2224 5348 tum
2264 5307 2328 5347 ea
2363 5291 2513 5347 nulla
2569 5304 2680 5360 est,
2728 5304 2846 5350 tum
2878 5298 3087 5354 isthine
3146 5300 3407 5369 prredicta
3445 5278 3681 5359 solvito;

2107 5382 2344 5437 ratione.

2178 5474 2551 5540 Praeterquam
2596 5476 2741 5530 enim
2784 5478 2931 5548 quod
2977 5494 3247 5548 nusquam
3288 5479 3342 5533 in
3394 5480 3676 5551 Scriptura

2108 5563 2391 5618 invenitur
2428 5565 2543 5619 hinc
2570 5566 2772 5637 duplex
2813 5572 3118 5638 processio,
3147 5581 3209 5624 ut
3234 5571 3346 5641 jam
3386 5573 3458 5627 sit
3495 5586 3675 5629 tamen

2105 5656 2355 5724 quamam
2429 5658 2671 5712 secunda
2734 5660 3052 5725 processio,
3116 5676 3281 5730 quam
3338 5676 3462 5715 cum
3511 5662 3678 5718 Patre

2105 5763 2455 5801 communem
2493 5749 2598 5803 sibi
2629 5750 2828 5804 haheat
2874 5750 3066 5817 Filius,
3105 5765 3235 5809 tunc
3268 5755 3493 5808 omnino
3520 5756 3675 5824 juxta

2107 5838 2329 5895 Patrem
2364 5852 2527 5910 atque
2579 5841 2837 5900 similiter
2889 5860 3009 5903 eam
3051 5845 3300 5905 habebit.
3347 5845 3498 5905 Nihil
3525 5860 3676 5903 enim
