4124 6476
447 367 549 478 est

1382 410 1480 472 DE
1521 407 2053 472 PROCESSIONE
2094 407 2457 468 SPIRITUS
2499 404 2796 468 SANCTI.

3603 405 3710 472 382

436 549 530 596 τος
558 530 807 604 ὑπεροχῇ
833 530 862 583 6
906 525 1061 592 Θεός.
1095 525 1207 596 Τὴν
1258 526 1451 580 οὐσίαν
1507 527 1676 580 αὐτοῦ
1706 526 1816 596 ἄρα
1847 528 1940 580 καὶ
1970 524 2033 578 τὸ

2154 531 2222 580 :st
2255 522 2421 579 Deus.
2459 520 2633 593 igitur
2683 519 2984 577 essentiam
3035 535 3193 576 suam
3238 529 3296 576 et
3339 535 3462 576 esse
3504 523 3711 592 accipit

436 623 582 679 εῖναι
614 623 888 694 λαμϐάνει
919 623 984 674 ὲκ
1009 619 1104 673 τοῦ
1130 617 1291 674 Υίοῦ,

510 717 584 770 Τὸ
618 716 749 786 γὰρ,
794 715 888 767 Ἐκ
919 712 1030 767 τοῦ
1080 712 1228 780 ἐμοῦ
1277 711 1565 780 λήψεται,
1615 711 1716 783 οὐχ
1757 711 1834 777 ὥς
1880 729 2025 776 τινες

441 792 666 873 οἴονται,
699 811 762 862 ἐκ
792 809 888 860 τοῦ
918 805 1056 874 ἐμοῦ
1093 804 1310 875 Πατρὸς
1337 805 1582 876 νοητὲον.

513 904 738 974 Πρῶτον
777 902 900 972 μὲν,
929 901 1008 954 ὅτι
1042 902 1144 970 οὐχ
1181 899 1471 970 Ἑλληνικὴ
1505 902 1538 972 ἡ
1570 901 1832 972 προφορὰ
1860 899 2026 971 αὕτη.

443 999 503 1050 Εἰ
535 1000 640 1068 γὰρ
677 995 753 1065 τῷ
807 997 871 1048 ἐκ
923 993 1018 1048 τοῦ
1065 995 1204 1062 ἐμοῦ
1254 996 1345 1047 τοῦ
1394 993 1606 1063 Πατρδς
1654 994 2033 1049 συνυπακοὺεο

446 1091 570 1143 σθαι
603 1090 707 1151 δεῖ,
749 1087 904 1140 ἔσται
933 1085 996 1140 τδ
1044 1086 1193 1155 ἐμοῦ
1247 1087 1566 1156 ἀντωνυμία
1602 1087 1891 1157 ἁρσενική.
1931 1085 2034 1139 Οὐ-

441 1183 552 1245 δεὶς
581 1181 639 1234 δὲ
668 1181 768 1249 τῆς
805 1179 1078 1248 Ἐλλήνων
1110 1179 1516 1249 πεπειραμένος
1549 1179 1733 1248 φωνῆς
1757 1178 1790 1249 ἢ
1817 1179 2037 1246 ἀρσενι-

451 1275 556 1342 κὴν
589 1273 624 1343 ἢ
674 1272 918 1342 θηλυκὴν
975 1271 1328 1340 άντωνυμίαν
1380 1269 1551 1341 χωρὶς
1599 1268 1922 1340 προσθήκης
1968 1269 2037 1321 ἂν

452 1364 806 1434 προενέγκοι,
837 1363 973 1416 ἀλλὰ
1007 1363 1145 1432 μετὰ
1176 1357 1503 1431 προσθήκης
1544 1361 1631 1415 ἀεί
1656 1377 1668 1391 ·
1688 1362 1746 1413 Ὀ
1774 1361 1925 1430 ὲμδς,
1955 1361 2040 1414 λέ-

452 1473 585 1522 γων,
617 1453 868 1521 ἀδελφὸς,
895 1455 929 1525 ἢ
977 1454 1128 1523 φίλος
1155 1469 1171 1486 ο
1209 1456 1305 1509 καὶ
1345 1453 1410 1509 Ἦ
1443 1452 1552 1523 ὲμὴ
1604 1451 1769 1517 οἰκία,
1799 1452 1832 1522 ἢ
1860 1452 2036 1515 πόλις.

462 1538 522 1596 Ὀ
556 1543 702 1612 ἐμὸς
739 1544 795 1597 δὲ
829 1544 1020 1607 ἁπλῶς
1052 1545 1248 1610 εἰπεῖν,
1293 1542 1448 1596 οὐδὲν
1499 1543 1704 1613 μᾶλλον
1759 1542 1972 1612 πατέρα
2003 1542 2036 1611 ἦ

459 1634 722 1704 πολέμιον
775 1635 1055 1707 σημαίνει.
1120 1634 1360 1690 Ἔπειτα
1396 1635 1493 1688 καὶ
1526 1633 1634 1688 ἀπὸ
1686 1633 1782 1687 τοῦ
1831 1634 2039 1687 σκοποῦ

461 1727 688 1798 καὶτῆς
734 1731 1085 1794 κατασκευῆς
1137 1725 1307 1782 αὐτοῦ
1353 1726 1471 1784 ,τοῦ
1522 1725 1778 1797 Σωτῆρος
1809 1729 1838 1780 ὁ
1885 1726 2042 1795 λόγος

398 1843 404 1847 -
459 1812 615 1881 οὗτος
663 1818 947 1872 δείκνυται
995 1820 1248 1889 μάταιος.
1297 1819 1504 1875 Πάντα
1551 1819 1683 1891 γὰρ,
1713 1821 1899 1889 φησὶν,
1926 1817 2044 1872 ὅσα

459 1908 588 1977 ἔχει
632 1911 667 1963 ὁ
703 1909 930 1979 Πατὴρ,
976 1909 1090 1980 ἐμά
1115 1910 1289 1964 ἐστιν
1313 1925 1328 1941 ο
1372 1910 1463 1963 διὰ
1510 1889 1668 1963 τοῦτο
1708 1907 1865 1964 εἶπον
1915 1909 2044 1979 ὑμῖν
2077 1889 2118 1944 Β

459 1999 540 2051 ὅτι
586 2000 682 2052 Ἐκ
731 1997 839 2054 τοῦ
866 1999 1015 2068 ἐμοῦ
1059 1998 1322 2068 λήψεται
1371 1999 1473 2053 καί
1511 1997 1838 2069 ἀναγγελεῖ
1877 1998 2042 2068 ὑμῖν.

471 2090 560 2157 Ὠς
601 2089 744 2145 εἶναι
775 2091 868 2145 τὸν
899 2091 1058 2160 λόγον
1089 2091 1334 2147 τοιοῦτον
1361 2107 1378 2124 δ
1414 2092 1488 2145 Τὸ
1517 2090 1746 2162 Πνεῦμα
1773 2091 2044 2162 λαμϐάνει

461 2188 524 2238 ἐκ
554 2183 663 2237 τῶν
687 2183 782 2237 τοῦ
818 2182 1034 2253 Πατρός
1057 2199 1073 2216 ο
1107 2185 1290 2239 πάντα
1320 2183 1389 2238 τὰ
1436 2183 1532 2239 τοῦ
1567 2183 1780 2253 Πατρδς
1807 2184 1917 2254 ἐμά
1941 2199 1956 2215 '
1985 2183 2047 2238 τὸ

462 2275 689 2345 Πνεῦμα
722 2277 830 2344 ἄρα
856 2275 1128 2345 λαμϐάνει
1159 2278 1222 2330 ὲκ
1248 2278 1356 2330 τῶν
1403 2275 1578 2346 ἐμῶν,
1608 2276 1642 2348 ἢ
1673 2277 1740 2330 ὲκ
1762 2275 1858 2329 τοῦ
1885 2275 2044 2346 ἐμοῦ.

475 2367 618 2419 Ἀλλ’
649 2366 812 2430 αὐτὸς
867 2369 961 2420 καὶ
991 2367 1060 2420 τὰ
1108 2367 1277 2421 αὐτοῦ
1305 2367 1363 2419 ἓν
1400 2369 1507 2421 είσι
1545 2369 1783 2439 πρᾶγμα
1829 2367 1918 2420 διὰ
1945 2368 2046 2437 τὴν

466 2457 662 2526 ἄκραν-
680 2457 959 2527 ἁπλότητα
986 2473 1001 2488 °
1051 2457 1326 2527 λαμϐάνει
1371 2459 1479 2530 ἄρα
1511 2459 1569 2523 ἐξ
1609 2459 1778 2513 αὐτοῦ
1814 2458 1911 2529 τὴν
1957 2459 2046 2512 οὖ-

468 2549 590 2601 σίαν
625 2546 816 2604 αὐτοῦ.
850 2549 1068 2620 Ταύτης
1099 2549 1158 2602 δὲ
1197 2553 1296 2619 τῆς
1324 2550 1642 2621 ἐξηγήσεως
1678 2551 1773 2604 καὶ
1805 2552 1834 2604 6
1870 2552 2048 2620 μέγας

467 2640 616 2691 ὲιτὶν
657 2639 996 2706 Ἀθανάσιος,
1032 2639 1207 2708 λέγων
1230 2658 1243 2672 ·
1280 2643 1354 2696 Οὐ
1385 2644 1495 2714 γὰρ
1522 2645 1551 2697 ό
1573 2645 1745 2713 Λόγος
1773 2647 1922 2714 παρὰ
1953 2645 2047 2699 τοῦ

469 2723 784 2794 ιΙνεύματος
816 2727 1110 2797 λαμϐάνει,
1136 2729 1274 2784 ἀλλὰ
1298 2732 1358 2784 τὸ
1385 2733 1611 2802 Πνεῦμα
1640 2735 1794 2805 παρὰ
1821 2735 1916 2789 τοῦ
1947 2735 2050 2789 Λό-

467 2832 588 2882 γου.
623 2818 664 2869 Τ
673 2817 688 2869 ί
713 2817 806 2870 οῦν
838 2818 1111 2889 λαμϐάνει
1145 2821 1299 2892 παρὰ
1338 2823 1438 2876 τοῦ
1479 2823 1653 2892 Υίοῦ;
1689 2827 1933 2896 δηλονότι
1961 2844 2050 2882 σο-

471 2907 601 2976 φίαν
634 2910 729 2963 καὶ
761 2910 987 2978 γνῶσιν.
1033 2913 1129 2967 Ἐκ
1160 2915 1268 2969 τοῦ
1311 2914 1458 2985 ἐμοῦ
1489 2916 1622 2988 γὰρ,
1666 2920 1819 2989 φησὶ,
1851 2920 2049 2990 λήψε-

470 3016 567 3053 ται
620 3001 717 3055 καί
748 3003 1075 3074 ἀναγγελεῖ
1107 3006 1272 3076 ὑμῖν.
1297 3009 1370 3062 Τὸ
1404 3011 1516 3081 γὰρ
1545 3012 1904 3082 ἀναγγέλλειν
1933 3018 2050 3070 ἐστὶ

471 3093 532 3143 τὸ
562 3091 776 3159 διδάξαι
828 3096 922 3147 καὶ
954 3098 1186 3165 φωτίσαι
1222 3100 1349 3164 τοὺς
1389 3103 1726 3168 ἀποστόλους
1751 3120 1766 3134 ’
1815 3105 1971 3161 τοῦτο
2001 3106 2049 3161 δ’

2132 632 2163 672 a
2195 615 2356 671 Filio.

2209 706 2345 760 Illud
2402 705 2550 761 enim
2578 746 2593 772 ,
2643 705 2721 759 Dc
2764 723 2878 760 meo
2909 707 3159 775 accipiet,
3212 721 3324 761 non
3357 715 3418 761 ut
3458 707 3713 763 nonnulii

2135 798 2272 854 falso
2303 799 2651 862 existimant,
2693 800 2758 852 de
2790 813 2912 852 meo
2953 799 3112 854 Patre
3145 799 3568 870 intelligendum
3603 811 3712 854 est.

2208 891 2455 946 Primum
2512 890 2759 959 quidem,
2815 892 2958 958 quod
2993 890 3110 946 haec
3147 907 3256 945 non
3291 891 3364 946 sit
3390 891 3708 946 Graecorum

2137 985 2412 1056 prolatio;
2440 986 2488 1040 si
2520 987 2665 1039 enim
2697 999 2837 1051 opus
2869 984 2960 1049 sit,
2993 983 3062 1038 de
3095 1000 3218 1040 meo
3253 985 3485 1052 intelligi
3512 987 3710 1049 Patre,

2139 1077 2296 1143 illud,
2346 1076 2518 1138 Meus,
2551 1076 2657 1130 erit
2682 1091 2988 1145 pronomen
3018 1076 3200 1132 virile.
3235 1077 3408 1131 Nemo
3439 1088 3624 1132 autem
3659 1081 3713 1134 in

2139 1169 2324 1240 lingua
2360 1169 2550 1224 Graeca
2594 1172 2932 1224 exercitatus
2978 1177 3142 1239 atque
3197 1179 3466 1235 versatus,
3509 1187 3716 1241 prono-

2139 1277 2265 1316 men
2311 1261 2472 1316 virile
2524 1276 2622 1316 seu
2671 1260 2970 1315 femineum
3016 1261 3138 1316 sine
3174 1261 3572 1328 additamenta,
3625 1279 3715 1317 ve-

2140 1368 2261 1407 rum
2290 1367 2508 1421 semper
2533 1368 2655 1406 cum
2683 1351 3050 1421 appendicula
3081 1353 3377 1420 protulerit
3397 1353 3471 1423 (l)
3501 1353 3709 1420 :Meus,

2141 1445 2420 1514 inquiens,
2455 1447 2662 1509 frater,
2699 1445 2784 1497 vel
2832 1444 3074 1509 amicus;
3113 1451 3191 1508 et,
3222 1443 3338 1499 Mea
3365 1445 3594 1511 domus,
3631 1448 3719 1500 vel

2143 1537 2359 1592 civitas.
2416 1536 2484 1590 At
2522 1553 2688 1602 meus,
2725 1536 3059 1605 simpliciter
3117 1538 3304 1592 dicere
3328 1575 3342 1599 .
3380 1552 3489 1592 non
3539 1539 3748 1608 magis-

2144 1636 2356 1697 patrem
2421 1643 2585 1697 quam
2651 1629 2866 1682 hostem
2926 1627 3224 1699 signiﬁcat.
3279 1627 3489 1682 Deinde
3537 1643 3717 1690 vero.

2149 1721 2318 1774 etiam
2350 1737 2380 1774 a
2418 1736 2606 1790 scopo,
2634 1732 2690 1775 et
2717 1730 2994 1775 structura
3030 1723 3324 1786 sermonis,
3361 1730 3422 1776 et
3445 1723 3710 1792 composi-

2151 1812 2327 1878 tione,
2361 1812 2535 1882 ipsius
2566 1813 2891 1880 Salvatoris,
2933 1831 3074 1870 vana
3123 1816 3437 1871 ostenditur
3489 1815 3592 1869 ista
3634 1830 3723 1868 re-

2148 1903 2374 1970 sponsio
2415 1903 2653 1959 :Omnia
2707 1907 2885 1968 enim,
2932 1905 3134 1975 inquit,
3182 1920 3300 1974 qua:
3346 1904 3498 1958 habet
3537 1904 3722 1968 Pater,

2149 2011 2266 2048 mea
2297 2005 2417 2049 sunt
2450 2011 2469 2050 :
2504 2006 2784 2068 propterea
2821 1999 2933 2052 dimi
2963 1999 3138 2064 vobis,
3178 1998 3317 2067 quod
3351 1999 3416 2051 de
3445 2014 3556 2052 meo
3587 1998 3726 2052 acci-

2149 2087 2277 2156 piet,
2321 2095 2371 2140 et
2399 2089 2740 2142 annuntiabit
2788 2090 2952 2144 vobis.
2985 2090 3058 2146 Ut
3084 2090 3208 2144 talis
3230 2091 3303 2145 sit
3331 2090 3723 2145 ratiocinatio:

2152 2178 2398 2248 Spiritus
2427 2182 2629 2247 accipit
2651 2197 2718 2240 ex
2748 2182 2818 2236 iis
2847 2197 2970 2253 quae
2998 2191 3127 2237 sunt
3157 2183 3338 2238 Patris
3365 2201 3378 2249 ;
3409 2182 3593 2238 omnia
3624 2183 3726 2237 Pa-

2151 2271 2250 2326 tris
2301 2288 2422 2328 mea
2470 2280 2638 2339 sunt;
2695 2274 2864 2343 igitur
2908 2275 3150 2344 Spiritus
3204 2273 3410 2344 accipit
3459 2289 3527 2329 ex
3563 2277 3722 2340 meis,

2149 2379 2248 2419 seu
2289 2379 2357 2418 ex
2413 2379 2558 2420 meo.
2617 2364 2723 2419 Sed
2779 2367 2897 2435 ipse
2951 2376 3008 2420 et
3037 2380 3136 2420 sua
3173 2381 3280 2421 una
3317 2381 3409 2421 res
3469 2375 3598 2421 sunt
3652 2367 3724 2422 ob

2151 2471 2421 2511 summam
2449 2457 2859 2526 simplicitatem
2884 2475 2898 2524 ;
2931 2473 3064 2528 ergo
3095 2459 3298 2528 accipit
3323 2459 3391 2514 ab
3415 2459 3536 2528 ipso
3566 2475 3724 2514 suam

2149 2547 2467 2603 essentiam.
2505 2549 2700 2613 Porro,
2731 2549 2804 2603 ita
2836 2549 3001 2603 etiam
3030 2551 3260 2619 exponit
3285 2551 3514 2620 Magnus
3549 2550 3725 2632 Alba:-

2153 2641 2370 2696 nasius.
2409 2641 2526 2695 Non
2569 2641 2741 2708 enim,
2777 2642 2980 2710 inquit,
3004 2642 3248 2698 Verbum
3281 2658 3310 2697 a
3339 2642 3549 2714 Spiritu
3581 2645 3731 2699 acci-

2151 2732 2256 2801 pit,
2320 2732 2417 2788 sed
2459 2731 2703 2802 Spiritus
2738 2749 2768 2788 a
2819 2734 3020 2790 Verbo.
3060 2733 3201 2800 Quid
3243 2733 3412 2806 igitur
3467 2735 3668 2806 accipit
3695 2752 3729 2791 a

2153 2821 2332 2878 Filio?
2357 2838 2560 2894 nempe
2587 2824 2913 2893 sapientiam
2946 2831 3004 2877 et
3058 2824 3432 2894 cognitionem
3462 2843 3476 2880 :
3507 2825 3584 2879 De
3614 2842 3730 2883 meo

2151 2918 2326 2984 enim,
2367 2917 2582 2988 inquit,
2620 2919 2872 2988 accipiet,
2913 2928 2964 2972 et
3006 2919 3346 2973 annuntiabit
3379 2920 3545 2974 vobis.
3587 2920 3729 2975 illud

2153 3009 2302 3064 enim
2353 3009 2722 3075 annuntiare,
2767 3020 2853 3064 est
2881 3009 3109 3078 docere,
3145 3021 3203 3066 et
3241 3011 3558 3067 illuminare
3599 3027 3734 3082 apo-

2155 3101 2351 3169 stolos,
2385 3101 2492 3155 hoc
2519 3110 2707 3157 autem
2742 3111 2826 3157 est
2855 3103 3161 3172 sapientiae.
3186 3103 3528 3173 Sapientiam
3559 3103 3731 3175 igitur

471 3185 588 3237 ἐστὶ
622 3186 836 3254 σοφίας.
864 3188 1063 3258 Σοφίαν
1087 3190 1193 3260 ἄρα
1224 3193 1374 3262 παρὰ
1399 3193 1493 3247 τοῦ
1526 3194 1659 3248 Υίοῦ
1686 3197 1964 3266 λαμϐάνει
1991 3201 2051 3254 τὸ

2161 3191 2368 3261 accipit
2398 3205 2428 3245 a
2452 3189 2593 3246 Filio
2627 3190 2888 3261 Spiritus.
2919 3191 3060 3258 Quid
3100 3191 3268 3262 igitur
3296 3191 3319 3244 ?
3350 3207 3382 3247 a
3419 3191 3580 3248 Patre
3611 3186 3735 3262 pro-

475 3276 721 3347 Πνεῦμα.
757 3278 825 3332 Τί
854 3278 988 3347 οῦν;
1022 3283 1088 3334 ὲκ
1116 3282 1211 3335 τοῦ
1261 3284 1473 3353 Πατρὸς
1501 3287 1814 3358 προϐληθὲν
1847 3293 2050 3362 ἄσοφον

2157 3281 2377 3350 ductus,
2415 3282 2674 3338 indoctus
2698 3291 2838 3347 erat,
2871 3292 2926 3338 et
2956 3297 3096 3351 opus
3123 3289 3245 3336 erat
3275 3290 3470 3352 postea
3510 3282 3734 3353 sapien-

471 3366 561 3441 ἦν,
590 3371 686 3424 καὶ
718 3371 827 3425 ἔδει
870 3375 1023 3444 παρὰ
1054 3375 1147 3428 τοῦ
1182 3376 1314 3430 Υίοῦ
1362 3377 1559 3435 ἔπειτα
1591 3384 1787 3452 σοφίαν
1821 3385 2050 3455 λαϐεἰν;

472 3462 508 3534 ᾗ
548 3463 736 3534 ἕτερον
763 3468 796 3536 ἠ
835 3467 998 3536 σοφία
1036 3469 1202 3522 αὑτοῦ
1231 3473 1327 3524 καὶ
1376 3472 1564 3544 ἕτερον
1591 3477 1623 3544 ἡ
1655 3477 1813 3533 οὐσία
1849 3481 2050 3548 αὐτοῦς

559 3557 720 3612 Ἀλλὰ
765 3559 941 3615 ταῦτα
993 3561 1196 3616 ἄτοπον
1228 3563 1430 3633 λέγειν.
1486 3567 1659 3624 Τοῦτο
1689 3570 1799 3642 γάρ
1843 3573 1990 3626 ἐστιν
2021 3576 2055 3644 ἡ

478 3647 642 3712 σοφία
671 3648 865 3717 αὐτοῦ,
900 3652 996 3705 καὶ
1038 3653 1099 3706 τὸ
1129 3649 1268 3708 εἶναι
1300 3657 1490 3725 αὐτοῦ,
1539 3660 1636 3714 καὶ
1673 3663 1806 3734 παρ’
1837 3663 1899 3718 οῦ
1929 3665 2056 3736 ἔσχε

476 3737 538 3790 τὸ
561 3733 723 3807 εἶναι,
756 3743 913 3813 παρὰ
938 3742 1131 3799 τούτου
1158 3747 1319 3802 ἔλαϐε
1353 3751 1447 3804 καὶ
1491 3751 1590 3824 τὴν
1625 3733 1839 3824 σοφίαν,
1870 3759 1966 3813 καὶ
1994 3733 2058 3814 τίν

479 3827 630 3899 αὐτῷ
657 3830 766 3901 ,τῷ
817 3834 1249 3904 ἐκπορεύεσθαι,
1298 3839 1396 3892 καὶ
1421 3841 1498 3911 τῷ
1557 3839 1699 3897 εἶναι
1733 3835 2055 3916 λαμϐάνειν,

480 3920 577 3973 καὶ⁷
603 3921 922 3990 ὑφεστάναι,
962 3927 1058 3978 καὶ
1087 3927 1188 3998 τὴν
1231 3931 1428 4000 σοφίαν
1460 3933 1586 4005 ἔσχε
1610 3935 1800 3994 λαϐόν.
1832 3940 1946 4010 Τὴν
1970 3957 2060 3994 σου

481 4011 612 4080 φίαν
637 4010 730 4064 οῦν
760 4013 855 4067 καὶ
888 4015 1039 4085 παρὰ
1069 4016 1163 4070 τοῦ
1194 4016 1328 4072 Υίοῦ
1350 4019 1653 4090 λαμϐάνον,
1688 4025 1783 4078 καὶ
1812 4025 1872 4078 τὸ
1896 4022 2058 4094 εἶναι,

481 4103 576 4154 καὶ
605 4101 702 4172 τὴν
726 4103 914 4158 οὐσίαν
933 4106 992 4158 ἐν
1020 4107 1204 4179 ταυτῷ
1226 4110 1357 4181 παρ’
1382 4111 1551 4166 αὐτοῦ
1581 4115 1828 4187 εἴληφεν.
1868 4115 2061 4172 Ἔστιν

449 4233 455 4254 ,
481 4190 576 4248 οῦν
597 4198 624 4249 6
658 4196 782 4261 Υἱὸς
811 4199 921 4269 ἄρα
945 4201 1117 4267 αίτιος
1144 4203 1294 4274 αὑτῷ
1328 4205 1424 4259 τοῦ
1458 4203 1624 4264 εἶναι.

562 4290 710 4356 Ἔτι,
754 4293 803 4346 εί
843 4294 902 4346 τὸ
933 4295 1160 4367 Πνεῦμα
1190 4296 1459 4368 λαμϐάνει
1508 4302 1662 4372 παρὰ
1693 4302 1789 4356 τοῦ
1852 4303 2006 4370 Υίοῦ,
2035 4307 2064 4358 6

484 4381 614 4448 Υἱὸς
642 4384 792 4457 αὐτῷ
839 4386 1056 4440 δίδωσιν
1084 4405 1098 4418 ·
1131 4389 1270 4442 ἀλλὰ
1306 4390 1368 4444 τὸ
1395 4390 1599 4446 διδόναι
1629 4394 1724 4448 ἐπὶ
1761 4394 1870 4447 τῶν
1903 4395 2065 4450 θείων

485 4476 800 4550 προσώπων
829 4478 1088 4548 σημαίνει
1119 4480 1251 4534 αὐτὸ
1280 4481 1340 4536 τὸ
1369 4484 1658 4554 προάγειν,
1689 4487 1785 4540 καὶ
1814 4487 1911 4558 οὐχ
1941 4488 2062 4542 ἓτε-

2158 3373 2287 3428 tiam
2315 3373 2608 3444 accipere?
2639 3374 2727 3430 vel
2752 3374 2901 3430 aliud
2934 3384 3022 3430 est
3047 3374 3168 3446 ejus
3189 3373 3484 3444 sapientia,
3509 3381 3565 3429 et
3587 3374 3736 3429 aliud

2156 3465 2278 3534 ejus
2303 3466 2586 3521 essentia?

2231 3557 2432 3613 Verum
2469 3559 2584 3614 haec
2613 3559 2913 3614 absurdum
2973 3571 3058 3616 est
3114 3561 3326 3617 dicere.
3384 3560 3534 3616 Idem
3575 3561 3728 3616 enim

2157 3661 2242 3706 est
2273 3653 2394 3719 ejus
2419 3653 2708 3722 sapientia,
2752 3662 2808 3708 et
2854 3669 3014 3709 suum
3048 3670 3173 3710 esse
3210 3673 3224 3710 :
3252 3664 3308 3711 et
3339 3671 3370 3710 a
3399 3671 3509 3723 quo
3540 3655 3739 3710 habuit

2159 3757 2306 3809 esse,
2337 3744 2407 3798 ab
2438 3759 2505 3798 eo
2538 3745 2752 3814 accepit
2786 3755 2841 3800 et
2871 3748 3238 3817 sapientiam;
3267 3755 3322 3802 et
3369 3748 3424 3802 in
3453 3747 3574 3816 ipso
3613 3761 3738 3816 pro-

2160 3833 2312 3900 duci,
2361 3844 2418 3890 et
2468 3837 2720 3906 accipere
2753 3854 2914 3894 suum
2941 3855 3061 3895 esse
3082 3879 3097 3905 ,
3131 3841 3296 3895 etiam
3345 3839 3648 3895 subsistere
3681 3849 3739 3893 et

2161 3927 2490 3996 sapientiam
2529 3930 2764 3998 accepit.
2799 3931 2968 4001 Igitur
3019 3931 3349 4001 sapientiam
3401 3940 3459 3986 et
3506 3945 3536 3984 a
3590 3930 3733 3984 Filio

2109 4058 2129 4074 .
2161 4017 2460 4087 accipiens,
2493 4020 2601 4076 hoc
2627 4023 2747 4090 ipso
2768 4023 2936 4077 etiam
2972 4039 3133 4080 suum
3160 4038 3308 4087 esse,
3339 4037 3395 4078 et
3429 4023 3730 4080 essentiam

2163 4109 2232 4164 ab
2264 4125 2330 4166 eo
2364 4113 2596 4182 accepit.
2632 4112 2729 4168 Est
2758 4129 2889 4185 ergo
2949 4129 3081 4170 sane
3112 4114 3287 4170 Filius
3325 4115 3429 4187 ipsi
3460 4131 3624 4170 causa
3679 4126 3738 4170 ut

2163 4200 2412 4260 exsistat.

2237 4292 2532 4361 Praeterea,
2578 4297 2624 4351 si
2659 4297 2900 4367 Spiritus
2930 4296 3134 4367 accipit
3175 4312 3205 4350 a
3255 4297 3434 4363 Filio,
3483 4296 3658 4352 Filius
3687 4298 3738 4351 ei

2143 4375 2282 4451 idat,
2327 4387 2422 4443 sed
2449 4389 2583 4445 dare
2622 4389 2680 4443 in
2714 4390 2918 4444 divinis
2953 4391 3208 4459 personis
3254 4389 3530 4460 signiticat
3559 4392 3737 4459 ipsum
3826 4385 3835 4392 ’

2169 4477 2506 4548 producere,
2547 4489 2602 4534 et
2639 4495 2745 4534 non
2775 4480 2949 4551 aliud.
2993 4478 3279 4549 Siquidem
3311 4480 3740 4551 Cltrysostotnus

490 4548 602 4640 ρον.
667 4569 726 4624 Ὀ
779 4571 889 4640 γὰρ
937 4571 1329 4644 Χρυσόστομος
1376 4548 1743 4647 ἐξηγούμενος
1797 4548 1911 4646 τδ,”
1940 4580 2053 4650 Τὴν

2168 4573 2474 4641 explanans
2499 4573 2636 4627 illud
2663 4592 2676 4628 :
2701 4548 2970 4628 JudiEium
3002 4548 3156 4628 omne
3182 4575 3325 4629 dedit
3353 4548 3512 4641 Filio,
3533 4571 3615 4630 'sic
3645 4576 3745 4628 lia-

488 4662 692 4730 κρίσιν
720 4661 930 4718 πᾶσαν
960 4662 1182 4719 δέδωκε
1211 4665 1293 4732 τῷ
1329 4668 1459 4733 Υίῷ,
1505 4671 1673 4739 φησίν
1700 4687 1716 4704 ·

562 4755 602 4804 Κ
613 4756 670 4806 αὶ
703 4755 784 4808 ῐνα
817 4755 996 4829 μάθῃς
1017 4757 1100 4810 ὅτι
1129 4759 1190 4812 τὸ
1217 4758 1443 4814 ἔδωκεν
1461 4761 1586 4815 ἀντὶ
1610 4763 1705 4816 τοῦ
1733 4763 2066 4835 ἐγέννησέν

487 4844 657 4912 ἐστιν,
687 4846 918 4901 ἄκουσον
953 4851 1012 4915 ἐξ
1062 4850 1251 4920 ἑτέρου
1275 4850 1431 4905 τοῦτο
1470 4853 1819 4925 δηλούμενον.
1852 4859 2064 4928 Ὥσπερ

488 4939 596 5008 γὰρ
627 4941 654 4992 6
691 4940 880 5010 Πατὴρ
907 4940 1020 5011 ἔχει
1054 4943 1204 5012 ζωὴν
1239 4947 1295 4996 ἐν
1330 4945 1532 5016 ἑαυτῷ,
1566 4947 1739 5011 οὕτως
1771 4948 1939 5004 ἔδωκε
1973 4952 2067 5004 καὶ

487 5031 564 5101 τῷ
600 5031 713 5102 Υἱῷ
745 5033 890 5104 ζωὴν
921 5033 1064 5104 ἔχειν
1103 5037 1157 5088 ὲν
1193 5038 1390 5108 ἐαυτῷ.
1425 5039 1489 5090 Τί
1513 5036 1603 5093 οῦν
1629 5057 1643 5105 ;
1674 5041 1938 5112 πρότερον
1965 5045 2066 5097 αὐ-

486 5125 579 5176 τὶν
608 5125 892 5198 ἐγέννησε,
929 5129 1022 5180 καὶ
1049 5127 1170 5180 τότε
1208 5127 1379 5183 ἔδωκε
1419 5130 1518 5200 τὴν
1546 5131 1734 5202 ζωήνς
1767 5133 1964 5188 οὐκοῦν
1997 5131 2066 5206 ἦν

487 5215 657 5284 χωρὶς
693 5217 789 5284 τῆς
819 5216 964 5285 ζωῆς
997 5217 1304 5286 γεννηθείς.
1353 5220 1513 5274 Ἀλλὰ
1539 5221 1699 5275 τοῦτο
1722 5223 1832 5276 οὐδ’
1867 5222 1932 5276 ἂν
1954 5224 2070 5278 δαί-

490 5322 653 5374 μονες
693 5309 923 5359 εἴποιεν.
953 5311 1105 5361 Μετὰ
1137 5311 1246 5380 γὰρ
1287 5310 1384 5380 τῆς
1415 5313 1671 5374 ἀσεϐείας
1714 5314 1847 5368 πολὺ
1880 5315 1975 5369 καὶ
2005 5315 2065 5368 τὸ

491 5395 717 5466 ἀνόητον
767 5395 900 5466 ἔχει.
935 5397 1147 5470 Ὥσπερ
1193 5398 1287 5454 οῦν
1317 5401 1400 5464 τὸ,
1437 5402 1679 5456 Ἔδωκεν
1719 5405 1869 5474 αὐτῷ
1897 5405 2065 5475 ζωὴν,

491 5489 786 5558 ἐγέννησεν
827 5491 990 5544 αὑτὸν
1020 5490 1166 5562 ζωήν
1209 5494 1382 5557 ἐστιν,
1418 5493 1562 5547 οὕτω
1610 5497 1703 5548 καὶ
1732 5497 1814 5560 τὺ,
1855 5497 2068 5552 Ἔδωκε

491 5581 694 5648 κρίσιν,
729 5582 924 5653 κριτὴν
949 5584 1113 5637 αὑτὸν
1141 5586 1452 5654 ἐγέννησεν.
1485 5589 1696 5644 Οὐκοῦν
1728 5589 1870 5642 κατὰ
1894 5589 2069 5644 ταῦτα

492 5673 586 5724 καὶ
620 5676 644 5723 ὸ
667 5672 792 5738 Υἱὸς
815 5675 986 5738 διδοὺς
1013 5676 1088 5745 τῷ
1117 5678 1156 5729 il
1175 5678 1396 5746 ,εὐματι
1435 5682 1650 5750 σοφίαν,
1677 5682 1908 5752 προάγει
1937 5681 2069 5736 αὐτὸ

570 5843 644 5921 (1)
687 5851 833 5907 Idem
861 5868 990 5908 usus
1015 5867 1097 5910 est
1129 5855 1325 5925 lingvne
1354 5855 1585 5911 Latinae.
1638 5898 1643 5903 .

2172 4664 2265 4718 bet
2295 4665 2363 4718 ad
2395 4666 2626 4720 verbum
2663 4683 2678 4718 :

2245 4757 2313 4812 Et
2345 4768 2404 4812 ut
2454 4759 2655 4824 discas,
2689 4761 2837 4830 quod
2872 4760 3008 4815 illud
3035 4761 3215 4826 dedit,
3279 4763 3352 4816 sit
3397 4778 3496 4832 pro
3532 4764 3742 4832 genuit,

2173 4848 2301 4901 audi
2350 4864 2415 4902 ex
2463 4848 2572 4902 alio
2630 4849 2754 4903 loco
2804 4850 2855 4904 id
2909 4850 3231 4920 signiﬁcari.
3286 4850 3746 4915 Quemadmodum

2172 4941 2310 4994 enim
2357 4940 2522 4993 Pater
2563 4941 2716 4995 liabet
2766 4943 2929 4996 vitam
2972 4944 3027 4995 in
3062 4943 3361 5012 semetipso,
3398 4944 3474 4996 ita
3514 4943 3657 4994 dedit
3700 4948 3748 4993 rt

2173 5028 2320 5085 Filio
2353 5032 2544 5086 habere
2569 5034 2731 5086 vitam
2769 5035 2825 5087 in
2863 5037 3165 5104 semetipso.
3199 5034 3340 5099 Quid
3386 5033 3592 5103 igitur?
3617 5049 3744 5086 eum

2173 5123 2326 5190 prius
2354 5125 2564 5193 genuit,
2612 5134 2670 5180 et
2703 5138 2837 5180 tunc
2863 5125 3014 5180 dedit
3044 5125 3249 5180 vitam?
3277 5110 3447 5196 igitur
3476 5133 3592 5178 erat
3622 5123 3744 5177 sine

2173 5214 2285 5269 vita
2334 5216 2576 5285 genitus.
2612 5215 2817 5272 Verum
2851 5215 2956 5270 hoc
2988 5231 3056 5270 ne
3089 5217 3367 5272 daemones
3397 5213 3624 5284 quidem
3656 5215 3745 5267 di-

2176 5317 2388 5361 cereut.
2447 5307 2820 5377 Praeterquam
2866 5308 3013 5362 enim
3056 5307 3202 5376 quod
3245 5307 3473 5376 impium
3517 5306 3610 5369 sit,
3663 5311 3748 5356 est

2175 5400 2340 5454 etiam
2369 5401 2623 5454 stultum.
2654 5400 2810 5455 Sicut
2839 5401 3009 5469 igitur
3042 5399 3198 5461 illud.
3224 5399 3383 5454 Dedit
3409 5398 3510 5466 ipsi
3552 5398 3745 5461 vitam,

2182 5502 2286 5557 est,
2315 5491 2517 5546 Genuit
2545 5507 2673 5546 eum
2709 5493 2878 5547 vitam
2923 5509 2938 5546 ε
2973 5493 3054 5547 sic
3097 5503 3152 5546 et
3183 5492 3339 5554 illud,
3392 5489 3552 5544 Dedit
3586 5493 3635 5544 ei
3662 5490 3749 5559 ju-

2176 5585 2414 5651 dicium,
2448 5596 2554 5650 est,
2588 5586 2836 5641 Judicetu
2870 5600 2997 5640 eum
3033 5586 3243 5656 genuit.
3278 5584 3422 5655 Ergo
3445 5583 3600 5654 juxta
3634 5583 3750 5639 ltazc
3855 5573 3869 5593 τ

2176 5686 2231 5731 et
2269 5677 2441 5733 Filius
2487 5678 2625 5735 dans
2669 5676 2903 5748 Spiritui
2949 5676 3300 5748 sapientiam,
3334 5675 3746 5749 produciteum
