4086 6404
370 395 481 458 383

1347 379 1851 454 BESSARIONIS
1905 390 1967 455 s.
2004 389 2077 454 R.
2111 387 2184 453 Ε.
2219 376 2691 449 CARDINALIS

3514 370 3622 440 386
3646 403 3650 406 -

380 508 758 580 sapientiam,
811 522 933 564 esse
993 508 1046 563 ei
1103 514 1160 562 et
1220 506 1518 562 essentiam
1579 506 1948 576 impartiens,

2060 504 2272 571 σοφίαν,
2326 501 2428 569 τὴν
2483 496 2671 552 ούσίαν
2709 491 2858 562 αύτῷ
2893 489 2988 544 καὶ
3030 487 3088 543 τὸ
3126 481 3266 541 εἶναι
3323 482 3522 548 διδοὺς,
3551 485 3621 556 ἢν

381 617 546 671 quam
589 602 794 670 accipit
850 599 1091 669 Spiritus
1137 599 1445 667 procedens
1490 599 1556 652 ab
1588 599 1727 664 ipso.
1779 595 1948 665 Igitur

384 672 546 749 causa
576 703 660 748 est
692 705 748 746 et
785 693 954 747 Filius
999 694 1240 761 Spiritus
1272 692 1664 760 processionis.

457 785 727 838 Praeterea
780 783 949 836 Filius
997 783 1065 837 de
1111 784 1294 855 seipso
1337 783 1466 836 ait:
1519 781 1648 846 Qua:
1693 780 1870 834 audivi
1917 799 1949 835 a

384 877 546 932 Patre
577 893 724 938 meo,
777 877 1094 930 annuntiavi
1146 876 1322 938 vobis;
1380 875 1449 928 de
1488 876 1696 942 Spiritu
1757 886 1950 929 sancto

380 980 561 1024 autem
597 985 611 1021 :
646 965 762 1020 Non
793 966 1036 1036 loquetur
1069 984 1101 1018 a
1132 966 1406 1033 semetipso
1432 1005 1448 1029 ,
1499 967 1588 1018 sed
1621 982 1948 1035 quwcunque

380 1060 574 1118 audiet.
623 1058 892 1127 loquetur.
944 1057 1101 1122 Quod
1139 1073 1271 1125 ergo
1312 1059 1364 1109 in
1420 1057 1560 1110 Filio
1591 1057 1866 1125 signiﬁcat
1917 1071 1948 1110 τι

380 1149 540 1202 Patre
571 1149 786 1209 audire,
825 1148 927 1200 ltoc
959 1149 1124 1202 etiam
1155 1147 1211 1200 in
1245 1148 1452 1217 Spiritu
1486 1148 1824 1216 signillcabit
1850 1164 1950 1201 au-

378 1242 519 1294 dire.
557 1241 663 1295 Sed
703 1241 755 1294 in
791 1241 929 1294 Filio
969 1241 1184 1304 audire,
1220 1255 1249 1292 a
1287 1255 1451 1293 causa
1499 1255 1620 1294 esse
1653 1241 1948 1308 signiﬁcat,

378 1343 432 1384 et
461 1333 749 1400 generari;
785 1331 978 1384 audire
1008 1330 1155 1383 cnim
1187 1338 1274 1384 cst
1307 1331 1632 1398 sapientiam
1686 1341 1740 1384 et
1765 1331 1950 1399 cogni-

383 1423 584 1475 tionem
636 1423 908 1491 accipere.
962 1411 1135 1475 Porro
1187 1420 1360 1474 Filius
1405 1438 1512 1475 non
1551 1421 1706 1490 prius
1731 1422 1950 1490 genitus

380 1525 484 1574 est,
513 1513 712 1568 deinde
745 1515 1116 1582 cognitionem
1173 1514 1256 1566 vel
1299 1513 1630 1581 sapientiam
1668 1513 1900 1581 adeptus
1931 1531 1944 1567 :

381 1605 473 1655 sed
503 1603 770 1670 sapientia
805 1603 1026 1672 genitus
1071 1612 1176 1666 est,
1236 1602 1290 1654 in
1342 1603 1459 1670 ipso
1510 1602 1761 1670 generari
1822 1616 1948 1655 cum

382 1698 750 1762 cognitionem
810 1709 866 1751 et
897 1698 1223 1765 sapientiam
1253 1698 1530 1766 accipiens
1557 1737 1572 1762 ,
1611 1707 1723 1750 tum
1757 1693 1950 1751 ett-tera

381 1791 563 1841 omnia
598 1805 721 1857 qua:
765 1789 908 1843 idem
972 1801 1104 1843 sunt
1145 1802 1310 1859 atque
1341 1791 1462 1859 ejus
1505 1792 1764 1843 essentia.
1801 1789 1950 1844 Hanc

383 1881 550 1948 igitur
584 1882 814 1935 audiens
859 1900 888 1934 a
939 1882 1121 1946 Patre,
1158 1883 1226 1936 ab
1257 1882 1378 1950 ipso
1420 1882 1660 1951 accipit;
1723 1892 1778 1936 ct
1826 1899 1952 1937 eum

380 1973 576 2025 audire
608 1984 690 2026 est
727 1976 980 2042 generari
1021 1991 1033 2026 :
1074 1988 1205 2041 ergo
1263 1982 1319 2027 et
1380 1973 1574 2027 audire
1631 1973 1874 2042 Spiritus
1923 1988 1953 2028 a

383 2077 548 2115 causa
607 2077 730 2116 esse
793 2071 846 2115 et
902 2062 1132 2130 produci
1174 2063 1470 2129 signiticat.
1523 2064 1704 2129 Quare
1762 2079 1792 2116 a
1845 2078 1955 2132 quo

381 2154 555 2218 audit,
591 2153 660 2207 ab
693 2168 760 2207 co
790 2163 846 2207 et
872 2154 1144 2221 procedit.
1170 2154 1275 2208 Sed
1312 2156 1465 2208 audit
1496 2171 1605 2208 non
1647 2170 1676 2208 a
1711 2155 1828 2208 solo
1853 2153 1955 2208 Pa-

384 2255 490 2309 tre,
521 2258 709 2296 verum
735 2244 896 2296 etiam
927 2259 956 2296 a
984 2244 1146 2307 Filio,
1190 2247 1357 2312 igitur
1381 2255 1438 2299 et
1461 2261 1490 2298 a
1522 2245 1658 2298 Filio
1685 2243 1952 2314 procedit.

381 2334 536 2400 Quod
586 2346 770 2388 autem
827 2334 1016 2388 audiat
1052 2350 1082 2386 a
1127 2335 1306 2398 Filio,
1346 2335 1698 2389 manifestum
1749 2345 1835 2390 cst
1887 2351 1956 2388 ex

383 2425 569 2478 verbis
617 2425 914 2479 Salvatoris
940 2463 956 2490 ,
1007 2425 1097 2477 ubi
1150 2427 1226 2478 ait
1263 2444 1276 2480 :
1329 2425 1401 2478 De
1437 2442 1550 2479 meo
1602 2429 1864 2498 accipiet,
1904 2437 1956 2481 et

382 2517 722 2571 mutantiubit
782 2518 942 2570 vobis.
983 2517 1155 2586 llujus
1198 2519 1342 2571 enim
1411 2518 1557 2586 quod
1599 2535 1682 2573 (‘St
1739 2534 1957 2572 annun-

387 2609 547 2671 tiare,
569 2624 732 2663 causa
751 2609 1008 2663 nimirum
1039 2617 1122 2662 cst
1148 2608 1293 2676 quod
1316 2609 1522 2664 audiat.
1545 2614 1612 2663 At
1645 2625 1777 2664 vero
1804 2611 1955 2679 ejus-

383 2703 506 2755 dem
539 2701 685 2770 quod
720 2713 805 2757 est
833 2702 1190 2762 annuntiare,
1219 2717 1380 2754 causa
1413 2711 1496 2756 est
1525 2701 1671 2769 quod
1713 2718 1780 2756 ex
1817 2702 1957 2758 Filio

382 2793 637 2862 accipiat.
686 2793 957 2859 Quocirca
1012 2809 1075 2846 ex
1133 2792 1272 2847 Filio
1329 2794 1581 2862 accipere
1629 2802 1686 2847 et
1730 2795 1954 2861 audire,

383 2886 631 2953 ejusdem
672 2894 730 2939 ct
780 2885 964 2948 unius,
1001 2883 1147 2952 quod
1187 2883 1448 2936 nimirum
1485 2895 1567 2938 cst
1621 2885 1957 2940 aununtiare

383 2984 515 3029 sunt
562 2989 760 3028 causae.
804 2973 954 3027 Idem
1015 2988 1145 3042 ergo
1189 2984 1280 3027 est
1314 2973 1368 3026 in
1407 2973 1608 3027 disinis
1648 2974 1862 3035 audire,
1903 2983 1959 3028 et

385 3067 640 3134 accipere
666 3080 695 3117 a
727 3064 885 3118 Filio.
914 3063 1085 3132 Igitur
1115 3062 1295 3116 audit.
1318 3063 1425 3116 Sed
1451 3073 1504 3116 et.
1539 3078 1770 3132 magnus
1800 3064 1956 3133 Basi-

364 3157 494 3210 lius
525 3157 579 3208 in
614 3155 865 3208 Asccticis
893 3193 906 3216 ,
967 3155 1023 3207 in
1071 3168 1325 3208 sermone
1375 3155 1532 3221 cujus
1564 3165 1647 3208 est
1712 3155 1954 3219 initium,

387 3250 487 3301 Dei
522 3250 705 3317 optimi
728 3250 926 3316 gratia,
953 3249 1020 3302 de
1050 3247 1258 3316 Spiritu
1290 3259 1479 3301 sancto
1513 3249 1587 3302 ait
1617 3266 1633 3302 :
1662 3249 1763 3314 Qui
1797 3251 1959 3304 docet

387 3350 437 3393 et
481 3341 728 3408 suggerit
766 3341 947 3392 omnia
976 3377 992 3402 ,
1049 3354 1392 3408 quacunque
1424 3340 1663 3394 audierit
1714 3357 1741 3393 a
1793 3341 1954 3397 Filio.

387 3432 630 3484 Audiens
651 3439 832 3484 autem
854 3446 883 3482 a
909 3429 1066 3493 Filio,
1093 3433 1258 3484 etiam
1285 3430 1532 3498 procedit
1561 3433 1628 3484 ab
1659 3433 1799 3500 ipso,
1828 3449 1957 3500 pro-

389 3533 578 3592 pterea
637 3523 783 3592 quod
837 3523 1030 3576 audire
1073 3523 1270 3592 ipsius,
1309 3539 1414 3577 non
1457 3523 1610 3577 aliud
1649 3525 1741 3590 sit,
1792 3532 1981 3594 quam’

387 3615 710 3684 procedere,
749 3624 806 3668 ut
835 3617 1041 3670 dictum
1076 3625 1183 3670 est.

2051 594 2320 662 λαμϐάνει
2344 588 2779 659 ἐκπορευόμενον
2809 583 2868 651 ἐξ
2905 580 3097 636 αὑτοῦ.
3134 581 3312 643 Δῖτιος
3341 578 3451 650 ἄρα
3474 580 3565 632 καὶ
3591 577 3622 631 6

2055 686 2183 746 Υἱὸς
2208 683 2308 752 τῆς
2349 679 2444 736 τοῦ
2478 679 2620 734 Πνεύ
2631 694 2797 748 ματος
2825 675 3226 745 ὲκπορεύσεως.

2126 777 2269 839 Ἔτι,
2300 779 2328 829 6
2363 775 2490 837 Υἱὸς
2517 760 2660 843 ’περὶ
2693 771 2792 840 μὲν
2825 767 3019 822 ἑαυτοῦ
3051 782 3236 836 φησιν,
3270 766 3340 819 Ἀ
3381 765 3624 832 ἥκουσα

2052 874 2212 934 παρὰ
2244 865 2354 920 τοῦ
2387 866 2616 933 Πατρός
2660 879 2804 931 μου,
2836 859 3165 926 diram-sala
3191 856 3336 924 ὑμῖν
3358 869 3374 884 ⁶
3405 855 3532 922 περὶ
3567 854 3623 907 δὲ

2050 961 2146 1011 τού
2183 957 2521 1026 Πνεύματος,
2553 956 2634 1008 Οὐ
2659 953 2922 1018 λαλήσει
2945 950 3047 1018 ἀφ’
3067 947 3308 1010 ἑαυτοῦ,
3339 947 3478 1002 ἀλλ’
3503 946 3621 1000 ὅινα

2051 1049 2128 1103 ἂν
2157 1047 2396 1113 ἀκούσῃ
2457 1043 2742 1110 λαλήσει.
2781 1044 2846 1095 Ὅ
2897 1041 3078 1093 τοὶνυν
3129 1038 3220 1091 ὲπὶ
3251 1036 3346 1090 τοῦ
3393 1037 3520 1089 Υἱοῦ
3563 1036 3622 1090 τὸ

2051 1137 2205 1207 παρὰ
2234 1136 2326 1189 τοῦ
2358 1135 2572 1205 Harpe;
2620 1133 2841 1186 ἀκούειν
2877 1129 3154 1199 σημαίνει,
3194 1128 3354 1182 τοῦτο
3401 1127 3499 1180 καὶ
3532 1127 3624 1180 ἐπὶ

2051 1229 2144 1281 τοῦ
2180 1226 2497 1296 Πνεύματος
2548 1225 2789 1294 σημανεῖ
2831 1222 2892 1275 τὸ
2921 1221 3183 1281 ἀκούειν..
3211 1219 3356 1273 Ἀλλ’
3403 1219 3498 1271 ἐπὶ
3527 1218 3622 1271 τοῦ

2055 1320 2188 1375 Υἱοῦ
2215 1321 2282 1372 τὸ
2336 1319 2555 1372 ἀκούειν
2584 1318 2644 1371 τὸ
2673 1316 2769 1370 ἀπ’
2799 1316 2980 1378 αἰτίας
3030 1311 3168 1368 εἶναι
3216 1313 3496 1382 σημαίνει,
3531 1313 3625 1365 καὶ

2050 1415 2111 1468 τὸ
2155 1413 2468 1480 γεννᾶσθαι.
2523 1409 2768 1464 ’Δκούειν
2815 1407 2923 1478 γάρ
2985 1409 3102 1459 ἐστι
3161 1406 3223 1457 τὸ
3283 1405 3477 1474 σοφίαν
3530 1408 3626 1456 καὶ

2051 1507 2252 1575 γνῶσιν
2274 1505 2596 1575 λαμϐάνειν.
2626 1503 2686 1555 Ὅ
2709 1503 2762 1554 δὲ
2787 1501 2914 1564 Υἱὸς
2943 1501 3002 1552 οὗ
3023 1499 3302 1568 γεννηθεὶς
3336 1497 3622 1565 πρότερον,

2051 1595 2169 1650 εἶτα
2215 1598 2439 1668 ὕστερον
2479 1593 2846 1666 προσελάϐετο
2894 1591 3094 1660 γνῶσιν
3136 1589 3169 1660 ἢ
3213 1587 3442 1655 σοφίανο
3487 1583 3625 1639 ἀλλὰ

2054 1689 2216 1758 σοφία.
2252 1688 2596 1757 γεγέννηται,
2625 1687 2683 1740 ὲν
2711 1684 2860 1753 αύτῷ
2890 1683 2967 1752 τῷ
2993 1681 3289 1750 γεννᾶσθαι
3318 1679 3498 1732 λαϐὼν
3522 1679 3624 1746 τήν

2051 1797 2112 1832 τε
2148 1780 2349 1848 γνῶσιν
2379 1778 2473 1831 καὶ
2509 1776 2726 1846 σοφίαν,
2759 1774 2854 1827 καὶ
2876 1775 3052 1828 πάντα
3073 1773 3142 1824 τὰ
3173 1771 3327 1836 ἄλλα,
3367 1769 3402 1822 ἃ
3427 1771 3624 1822 ταυτὸν

2059 1872 2164 1924 εισι
2202 1873 2268 1940 τῇ
2301 1870 2460 1940 οὐσίᾳ
2485 1868 2675 1922 αὐτοῦ.
2711 1865 3076 1942 Ταύτην-ἄρα
3107 1861 3324 1916 ἀκούων
3353 1861 3507 1931 παρὰ
3531 1858 3628 1913 τοῦ

2061 1964 2293 2033 Πατρὸς,
2334 1961 2602 2031 λαμϐάνει
2647 1959 2776 2028 παρ’
2805 1958 2994 2011 αὐτοῦ.
3029 1956 3138 2010 Καὶ
3178 1957 3238 2008 τὸ
3276 1953 3499 2010 ἀκούειν
3530 1953 3630 2007 αύ-

2058 2055 2147 2119 τδν
2173 2053 2466 2120 γεννᾶσθαί
2513 2055 2652 2106 ἐστι.
2687 2051 2792 2105 Καὶ
2823 2052 2883 2103 τὸ
2928 2048 3148 2103 ἀκούειν
3174 2048 3282 2118 ἄρα
3307 2048 3401 2100 τοῦ
3459 2046 3629 2099 Πνεύ-

2061 2162 2231 2214 ματος
2280 2145 2338 2199 τὺ
2364 2145 2458 2199 ἀπ’
2503 2142 2680 2206 αἰτίας
2710 2138 2850 2196 εἶναι
2897 2141 2992 2195 καὶ
3036 2137 3436 2209 ἐκπορεύεσθαι
3496 2137 3630 2192 αὐτὸ

2061 2237 2340 2306 σημαίνει.
2373 2236 2541 2288 ’Ὠστε
2590 2235 2686 2287 καὶ
2728 2233 2861 2304 παρ’
2890 2231 2951 2284 οὗ
2991 2230 3200 2296 ἀκούει,
3235 2229 3386 2302 παρὰ
3435 2230 3627 2284 τούτου

2057 2329 2152 2381 καὶ
2183 2327 2566 2398 ἐκπορεύεται.
2610 2325 2751 2378 Ἀλλ’
2797 2323 2987 2377 ἀκούει
3016 2322 3077 2374 ού
3106 2321 3256 2391 παρὰ
3279 2320 3376 2373 τοῦ
3416 2321 3631 2391 [ἰατρὸς

2060 2420 2244 2486 μόνον,
2273 2418 2389 2472 ἀλλ’
2443 2418 2594 2471 οὐδὲν
2619 2412 2782 2488 ἦττον
2833 2418 2929 2470 καὶ
2973 2414 3124 2484 παρὰ
3156 2413 3249 2465 τοῦ
3300 2411 3429 2464 nos
3456 2427 3472 2441 °
3529 2415 3632 2464 καὶ

2058 2513 2212 2584 παρὰ
2242 2511 2338 2566 τοῦ
2378 2510 2508 2563 Υἱοῦ
2537 2510 2649 2579 ἄρα
2681 2506 3066 2578 ἐκπορεύεται.
3097 2504 3219 2556 Ὅτι
3241 2503 3286 2555 δ’
3313 2502 3505 2557 ἀκούει
3533 2500 3630 2556 καὶ

2062 2605 2214 2674 παρὰ
2249 2603 2342 2656 τοῦ
2381 2602 2535 2669 Υίοῦ,
2561 2601 2718 2671 δῆλον
2747 2600 2856 2654 ἀπο
2902 2599 3008 2651 τῶν
3037 2597 3133 2650 τοῦ
3166 2595 3416 2666 Σωτῆρος
3449 2594 3633 2664 ῥημά-

2059 2717 2188 2764 των,
2217 2699 2351 2750 ὅπου
2376 2697 2563 2765 φησὶν,
2600 2694 2705 2747 Ἐκ
2726 2693 2831 2746 τοῦ
2852 2691 2998 2759 ἐμοῦ
3019 2689 3302 2757 λήψεται,
3329 2689 3428 2740 καὶ
3453 2689 3634 2756 ἀναγ-

2059 2789 2227 2860 γελεῖ
2245 2788 2407 2858 ὑμῖν.
2443 2786 2551 2839 Τοῦ
2595 2785 2705 2855 γὰρ
2733 2783 3111 2852 ἀναγγέλὶειν,
3137 2782 3310 2834 αἴτιον
3343 2779 3542 2849 δηλαδὴ
3572 2780 3636 2833 τὺ

2059 2884 2305 2938 ἀκούειν.
2346 2881 2509 2935 Ἀλλὰ
2562 2880 2667 2949 μὴν
2714 2878 2807 2931 τοῦ
2845 2875 3008 2929 αὐτοῦ
3035 2876 3413 2943 ἁναγγέλλειν,
3466 2874 3528 2927 τὸ
3566 2877 3631 2926 ἐκ

2060 2976 2151 3030 τοῦ
2190 2975 2321 3028 Υίοῦ
2375 2972 2674 3042 λαμϐάνειν
2721 2970 2917 3023 αἴτιον.
2948 2969 3113 3021 Ὥστε
3151 2970 3210 3020 τὸ
3245 2971 3309 3022 ἐκ
3358 2969 3453 3022 τοῦ
3502 2967 3634 3022 Υἱοῦ

2059 3071 2362 3141 λαμϐάνειν
2391 3071 2485 3121 καὶ
2526 3067 2584 3119 τὸ
2611 3065 2828 3118 ἀκούειν
2859 3064 2953 3116 τοῦ
3009 3063 3172 3116 αὑτοῦ
3227 3065 3318 3116 καὶ
3364 3063 3502 3128 ἑνὸς,
3543 3066 3636 3130 δη-

2060 3164 2194 3231 λαδὴ
2224 3160 2319 3213 τοῦ
2375 3157 2759 3225 ἀναγγέλλειν,
2801 3156 2939 3206 είσίν
2964 3155 3136 3208 αἴτια.
3168 3155 3377 3208 Ταυτον
3426 3155 3536 3224 ἄρα
3575 3155 3636 3207 τὸ

2064 3257 2284 3311 ἀκούειν
2315 3254 2390 3322 τῷ
2423 3253 2486 3305 ἐκ
2514 3251 2606 3303 τοῦ
2656 3247 2785 3300 Υίοῦ
2829 3247 3126 3316 λαμϐάνειν
3155 3249 3248 3298 ἐπὶ
3288 3247 3398 3298 τῶν
3449 3246 3632 3302 Οείων,

2079 3350 2173 3402 Ἐκ
2203 3343 2295 3400 τοῦ
2331 3345 2463 3398 Υἱοῦ
2496 3345 2605 3413 ἄρα
2631 3340 2843 3394 ἀκούει.
2897 3339 3056 3392 Ἀλλὰ
3084 3340 3178 3392 καὶ
3203 3340 3229 3390 6
3268 3341 3441 3407 μέγας
3473 3341 3636 3391 Βασί-

2065 3439 2206 3500 λειος
2238 3438 2296 3488 ὲν
2341 3437 2452 3496 τοῖς
2502 3431 2899 3499 Ἀσκητικοῖς,
2935 3432 2990 3482 ὲν
3026 3429 3103 3499 τῷ
3139 3429 3282 3496 λόγῳ
3313 3422 3373 3479 οὗ
3403 3429 3434 3496 ἡ
3467 3429 3632 3495 ἁρχὴ,

2069 3529 2216 3582 Θεοῦ
2267 3525 2371 3580 τοῦ
2419 3524 2646 3590 ἀγαυοῦ
2702 3522 2931 3591 χάριτι,
2991 3522 3118 3590 περὶ
3171 3519 3264 3572 τοῦ
3316 3519 3633 3588 Πνεύματός

2067 3638 2224 3688 φησι.
2281 3620 2352 3670 Τὸ
2399 3618 2678 3677 διδάσκον,
2709 3616 2804 3668 καὶ
2849 3615 3270 3683 ὑπομιμνῆσκον
3322 3614 3496 3666 πάντα
3533 3616 3635 3668 ὅσα

389 3713 454 3763 ἂν
478 3712 666 3764 ἀκούοι
698 3711 849 3781 παρᾶ
871 3711 966 3764 τοῦ
1002 3712 1148 3765 Υἱοῦ.
1189 3711 1408 3766 ’Δκοῦον
1438 3712 1494 3764 δὲ
1528 3715 1678 3783 παρὰ
1700 3713 1793 3766 τοῦ
1825 3713 1977 3782 Υξοῦ,
2019 3718 2115 3770 καὶ
2173 3713 2532 3785 ἐκπορεύεται
2573 3711 2634 3777 ἐξ
2670 3711 2835 3765 αὑτοῦ
2863 3727 2879 3743 ο
2903 3711 2994 3764 διὰ
3030 3710 3088 3763 τὸ
3115 3710 3336 3763 ἀκούειν
3373 3711 3534 3763 αὐτοῦ
3577 3712 3635 3762 τδ

386 3805 785 3873 ἐκπορεύεσθαι
815 3805 976 3857 αὑτοῦ
1007 3801 1167 3869 εἶναι,
1198 3806 1272 3870 ὡς
1302 3807 1541 3876 εἴρηται.

458 3900 727 3954 Praeterea
757 3899 973 3956 Patrem
1015 3916 1136 3956 esse
1179 3904 1264 3957 vel
1307 3919 1572 3973 generare
1625 3919 1736 3958 non
1770 3904 1954 3958 conti-

388 4003 484 4046 net
515 3993 781 4048 rationem
819 3994 1182 4063 producendi.
1213 3995 1376 4050 Certe
1408 3996 1557 4051 enim
1589 3995 1831 4064 Spiritus
1870 4008 1958 4049 es-

389 4092 472 4137 set
501 4082 689 4138 Filius.
719 4084 827 4139 Sed
865 4085 1038 4140 Filius
1068 4087 1228 4142 habet
1259 4089 1442 4140 omnia
1468 4088 1810 4156 simpliciter,
1837 4103 1960 4156 quae

389 4186 517 4229 sunt
552 4174 728 4230 Patris
753 4213 769 4240 ,
822 4188 1054 4246 excepto
1100 4193 1388 4248 generare,
1435 4179 1518 4233 vel
1553 4180 1773 4233 Patrem
1813 4194 1956 4234 esse.

391 4266 533 4319 Dicit
559 4265 707 4321 enim
740 4281 964 4322 sanctus
989 4268 1254 4338 Cyrillus,
1281 4270 1336 4324 in
1364 4271 1609 4324 secundo
1641 4270 1858 4340 dialogo
1878 4271 1960 4324 Ad

314 4370 335 4390 ο
395 4353 669 4413 ΙΙόνηιὶαιη
707 4375 726 4414 :
761 4361 1106 4416 Comternum
1138 4363 1418 4418 credimus
1458 4363 1654 4416 Filium
1687 4363 1870 4430 Patri,
1903 4372 1961 4418 et

390 4450 760 4521 quodcunque
803 4452 951 4506 aliud
985 4454 1196 4521 aequale
1246 4453 1545 4508 habentem
1597 4455 1737 4508 citra
1794 4468 1964 4523 gene-

2137 3903 2260 3956 Ἐτι
2290 3905 2351 3954 τὸ
2382 3901 2600 3970 Πατέρα
2635 3894 2796 3958 εἶναι,
2828 3897 2860 3966 ἢ
2895 3897 2954 3950 τδ
2983 3899 3180 3963 τεκεῖν,
3211 3898 3270 3950 ού
3301 3898 3548 3969 περιέχει
3576 3901 3635 3954 ὲν

2064 3996 2245 4065 ἑαυτῷ
2273 3996 2366 4047 τὸν
2403 3994 2562 4061 λόγον
2594 3993 2684 4044 τὸν
2713 3991 2809 4044 τοῦ
2845 3992 3192 4061 προϐάλλειν.
3223 3987 3299 4045 Ἦ
3331 3993 3438 4062 γὰρ
3471 3994 3536 4046 ἂν
3567 3991 3634 4064 ἦν

2062 4089 2123 4142 τὸ
2165 4089 2390 4156 Πνεῦμα
2423 4086 2569 4147 Υἱός.
2617 4083 2756 4136 Ἀλλ’
2789 4085 2817 4136 6
2840 4084 2967 4144 Υἱὸς
2999 4085 3173 4137 πάντα
3205 4084 3317 4153 ἔχει
3347 4086 3533 4148 ἁπλῶς
3566 4090 3634 4138 τὰ

2063 4180 2155 4233 τοῦ
2185 4178 2418 4248 Πατρὸς,
2451 4176 2591 4248 πλὴν
2626 4176 2724 4228 τοῦ
2766 4179 2968 4240 τεκεῖν,
3007 4176 3039 4245 ἢ
3078 4175 3171 4229 τοῦ
3215 4178 3431 4246 Πατέρα
3469 4174 3630 4234 εἶναι,

2063 4272 2200 4342 Φησὶ
2230 4273 2336 4340 γὰρ
2363 4271 2391 4322 6
2421 4269 2576 4337 ἆγιος
2611 4267 2881 4337 Κύριλλος
2909 4269 2964 4320 ὲν
2994 4267 3068 4336 τῷ
3103 4267 3147 4336 β’
3176 4269 3286 4321 τῶν
3321 4271 3476 4336 Πρὸς
3513 4271 3634 4338 Ἑρ-

2064 4366 2247 4436 μείαν
2270 4378 2286 4393 ⁸
2337 4361 2618 4414 Συναῖδιον
2656 4361 2986 4427 πιστεύομεν
3032 4361 3121 4412 τὸν
3160 4361 3287 4414 Υίὸν
3316 4361 3394 4432 τῷ
3438 4365 3634 4434 Πατρὶ,

2069 4457 2162 4508 καὶ
2195 4456 2305 4507 πᾶν
2354 4450 2534 4504 ὁτιοῦν
2571 4447 2858 4518 ίσόμετρον
2904 4449 3115 4518 ἔχοντα,
3163 4451 3287 4521 δίχα
3328 4452 3489 4521 μόνον
3535 4453 3631 4505 τοῦ

396 4554 517 4595 tare
549 4553 804 4600 tantum:
836 4547 936 4597 hoc
964 4549 1113 4599 enim
1139 4546 1244 4601 soli
1271 4547 1382 4600 Deo
1412 4555 1469 4604 et
1493 4545 1640 4601 Patri
1673 4545 1956 4601 convenit.

2067 4544 2270 4596 τεκεῖν.
2313 4540 2591 4611 Προσήκοι
2633 4537 2743 4606 γὰρ
2794 4538 2858 4591 ἂν
2897 4539 3057 4591 τοῦτο
3089 4540 3236 4610 μόνῳ
3284 4541 3360 4611 τῷ
3386 4541 3506 4612 Θεῷ
3535 4546 3634 4600 καὶ

465 4716 616 4770 Idem
654 4719 710 4772 in
742 4721 994 4776 oratione
1024 4722 1100 4776 De
1135 4722 1415 4790 Trinitate,

466 4808 523 4859 In
559 4807 722 4872 Filio,
755 4809 956 4878 inquit,
1007 4813 1294 4883 unigenito
1329 4829 1428 4883 per
1473 4814 1660 4869 omnia
1707 4815 1874 4870 simili
1907 4822 1965 4869 et

393 4900 591 4964 aequali
622 4900 793 4962 Patri,
824 4903 1028 4970 absque
1064 4905 1423 4972 paternitate.
1469 4905 1642 4975 Igitur
1669 4907 1839 4960 habet
1871 4905 1964 4960 Fi-

396 4989 500 5042 lius
527 4992 855 5058 producere,
887 4995 1341 5062 quandoquidem
1375 4996 1519 5051 istud
1546 5007 1751 5065 praeter
1779 5008 1965 5066 pater-

395 5087 584 5134 uitatis
625 5093 894 5136 rationem
940 5098 1040 5139 est.
1082 5086 1276 5140 Omnia
1308 5103 1438 5141 vero
1467 5089 1644 5143 Patris
1678 5125 1694 5152 ,
1751 5100 1963 5143 tantutn

397 5185 596 5242 praeter
626 5177 1030 5245 paternitatem,
1064 5181 1170 5233 boc
1218 5190 1302 5234 cst
1351 5191 1550 5250 praeter
1571 5197 1836 5251 generare
1861 5223 1874 5248 ,
1911 5191 1967 5236 et

397 5267 513 5334 ipse
548 5269 732 5332 habet,
768 5277 825 5319 ut
855 5269 984 5323 divo
1017 5271 1218 5341 Cyrillo
1259 5273 1498 5326 videtur.

467 5363 736 5420 Praeterea
763 5364 1064 5435 Gregorius
1102 5369 1408 5438 Nyssenus,
1450 5371 1680 5426 liontilia
1707 5372 1762 5426 in
1802 5371 1966 5425 Pater

397 5468 597 5523 noster,
639 5460 800 5529 cujus
827 5471 913 5514 est
943 5460 1158 5513 iuitiunt
1197 5481 1211 5515 :
1244 5460 1468 5525 Quando
1491 5480 1718 5530 magnus
1757 5463 1965 5534 Moyses

393 5543 548 5610 juxta
585 5556 813 5598 montem
842 5548 1090 5617 populum
1122 5549 1482 5603 Israeliticum
1514 5554 1671 5606 initia
1723 5564 1770 5606 et
1805 5570 1965 5607 sacra

395 5637 636 5700 docebat,
670 5637 892 5693 tradens
923 5643 1285 5696 sanctissimae
1314 5641 1606 5698 Trinitatis
1637 5643 1966 5709 discrimen,

396 5727 613 5782 Patrem
641 5747 672 5783 a
697 5731 834 5785 Filio
871 5741 928 5785 et
983 5731 1193 5802 Spiritu
1241 5735 1486 5789 secernit
1522 5775 1537 5800 ,
1573 5750 1640 5789 eo
1671 5736 1820 5806 quod
1853 5738 1968 5806 ipse

397 5820 472 5874 sit
498 5835 684 5890 causa,
722 5823 801 5880 illi
835 5827 1106 5898 \‘Cl‘0_5llll
1138 5831 1372 5886 causali.
1411 5825 1610 5882 Filium
1633 5837 1819 5882 autem
1847 5842 1969 5881 rur-

2066 4634 2262 4705 Πατρί.

2135 4729 2246 4781 Καὶ
2276 4728 2333 4781 ἑν
2362 4726 2442 4798 τῷ
2471 4728 2614 4796 Περὶ
2641 4726 2885 4797 Τριὰδος
2909 4725 3052 4796 λόγῳ
3090 4727 3118 4779 6
3158 4725 3321 4788 αὐτός
3347 4741 3363 4756 ⁶

2147 4818 2236 4872 Ἐν
2267 4818 2380 4888 Υίῴ
2432 4820 2734 4888 μονογενεῖ,
2788 4817 2930 4870 κατὰ
2963 4817 3142 4871 πάντα
3189 4817 3362 4885 ὁμοίῳ
3405 4817 3634 4886 mihi?

2063 4911 2142 4981 τῷ
2169 4910 2366 4981 Πατρὶ,
2401 4911 2569 4980 χωρὶς
2595 4911 2694 4980 τῆς
2727 4909 3088 4978 πατρότητος.
3132 4909 3289 4977 Ἔχει
3318 4909 3427 4976 ἄρα
3455 4910 3484 4960 6
3514 4911 3636 4971 Υἱὸς

2063 5002 2125 5057 τὸ
2157 5000 2515 5071 προϐάλλειν·
2546 5000 2737 5071 ἐπειδὴ
2765 4999 2922 5053 τοῦτο
2967 5001 3068 5067 μὲν
3101 5002 3249 5068 παρὰ
3281 5000 3372 5052 τὸν
3405 5000 3504 5068 τῆς
3533 5018 3636 5051 πα-

2065 5094 2322 5165 τρότητός
2345 5096 2463 5147 ἐστι
2487 5093 2646 5160 λόγον
2666 5109 2681 5124 ⁶
2715 5094 2894 5147 πάντα
2922 5093 2979 5145 δὲ
3006 5092 3074 5144 τὰ
3096 5092 3189 5144 τοῦ
3220 5091 3450 5160 Ματρὸς,
3487 5090 3637 5159 παρὰ

2062 5187 2167 5252 τὴν
2198 5185 2518 5253 πατρότητα
2555 5182 2737 5252 μόνον,
2766 5183 2887 5250 ἢτοι
2920 5180 3072 5250 παρὰ
3104 5182 3165 5232 τὸ
3189 5184 3389 5239 τεκεῖν,
3419 5178 3512 5229 καὶ
3543 5182 3638 5229 αύ-

2065 5279 2153 5338 τδς
2184 5274 2318 5344 ἔχει,
2353 5274 2428 5337 ὡς
2456 5275 2533 5345 τῷ
2563 5274 2816 5342 Κυρίλλῳ
2840 5274 3009 5327 δοκεῖ.

2141 5367 2261 5418 Ἔτι
2292 5368 2320 5420 6
2370 5365 2593 5434 Νύσσης
2642 5365 2946 5437 Γρηγὸριος
3002 5368 3061 5418 ἐν
3095 5368 3158 5434 τῇ
3206 5361 3283 5428 εἰς
3333 5364 3393 5417 τὸ
3448 5365 3639 5433 Πάτερ

2065 5458 2236 5526 ἡμῶν
2264 5457 2473 5527 ὁμιλίᾳ,
2504 5451 2570 5528 ἦς
2609 5458 2642 5526 ἡ
2680 5457 2846 5525 ἀρχὴ,
2874 5456 3016 5510 ’Ὅτε
3056 5457 3366 5525 προσῆγεν
3392 5459 3424 5509 ὀ
3449 5457 3637 5524 μέγας

2065 5547 2332 5616 Μωῦσῆς
2349 5547 2423 5616 τῇ
2446 5549 2596 5601 κατὰ
2614 5548 2680 5601 τὸ
2707 5548 2845 5614 ὄρος
2865 5549 3253 5616 juvatur-toria
3274 5549 3381 5600 τὸν
3407 5550 3639 5615 Ἰσραηο
3733 5583 3758 5607 .

2067 5645 2246 5709 λίτην
2292 5641 2773 5714 λαὸν,,διάκρισιν
2821 5643 2916 5709 τῆς
2948 5642 3095 5703 Θείας
3137 5641 3365 5711 Τριὰδος
3409 5646 3639 5708 παραοι-

2070 5737 2216 5799 δοὺς,
2253 5737 2342 5787 τὶν
2381 5736 2477 5804 μὲν
2516 5735 2732 5803 Πατέρα
2764 5735 2892 5787 Υὶοῦ
2943 5737 3036 5787 καὶ
3085 5735 3400 5804 ιΙνεύματος
3430 5733 3640 5802 διακρί-

2071 5845 2173 5893 νει,
2213 5827 2286 5879 cf:
2334 5827 2424 5879 τὶν
2477 5826 2574 5892 μὲν
2617 5825 2744 5880 ἄνευ
2804 5826 2979 5890 αἰτίας
3021 5822 3184 5891 εἶναι,
3240 5828 3424 5879 ἐκεῖνα
3468 5826 3523 5878 δε
3555 5827 3640 5878 αὶ-
