4086 6464
348 446 467 519 385

1285 439 1385 499 DE
1432 434 1956 498 PROCESSIONE
2001 432 2364 494 SPIRITUS
2408 435 2703 499 SANCTI.

3489 434 3594 497 386

347 566 512 623 τιατά
529 582 544 597 ο
571 563 697 617 Υἱδν
720 558 776 615 δέ
797 552 866 614 αῦ
891 558 988 612 καλ.
1010 554 1236 625 Πνεῦμα
1255 555 1505 624 ἀλλήλοις
1537 551 1920 613 κοινωνοῦντα,

2044 566 2122 603 ills
2152 557 2207 603 et
2262 548 2547 619 Spiritum,
2603 550 2657 603 in
2695 562 2835 619 quos
2870 546 3004 600 illud
3037 545 3315 609 convenit,
3376 554 3436 600 ut
3484 546 3600 600 sint

347 661 426 730 τῷ
458 658 555 713 καὶ
591 657 759 726 ἄμφω
811 650 1034 705 uirtuti
1095 644 1259 714 εἶναι,
1323 646 1592 715 διακρίνει
1648 644 1918 714 ἀλλήλων,

347 753 427 821 τῷ
456 751 547 804 τὸν
580 748 678 817 μὲν
712 747 777 799 ἐκ
800 743 896 796 τοῦ
937 741 1149 811 Πατρδς
1187 736 1355 802 εἶναι,
1385 740 1479 791 καὶ
1514 738 1678 805 μέχρι
1706 735 1922 796 τούτου,

348 844 411 896 τὸ
441 843 498 895 δέ
530 837 753 907 Πνεῦμα
781 839 844 888 ἐκ
874 833 970 888 τοῦ
1012 832 1225 901 Πατρὸς
1260 832 1354 883 καὶ
1378 831 1442 882 ἐκ
1464 826 1559 881 τοῦ
1588 825 1741 880 Υἰοῦ.
1769 826 1926 878 Οὕτω

349 935 458 1005 γὰρ
486 933 553 986 τὰ
591 931 698 985 τῶν
727 920 1086 997 ἀντιγράφων
1111 924 1447 993 ἀρχαιότερα
1473 921 1608 991 ἔχει.
1635 920 1797 971 Ὥστε
1830 920 1925 971 καὶ

349 1027 488 1079 κατὰ
517 1023 709 1077 τοῦτον
760 1023 853 1075 τὸν
889 1013 1239 1079 διδάσκαλον,
1288 1018 1347 1069 τὸ
1392 1014 1619 1084 Πνεῦμα
1665 1016 1815 1066 ἐστιν
1868 1013 1928 1076 ἐξ

351 1116 504 1170 Υίοῦ.
542 1116 603 1168 Ei
638 1114 696 1167 δέ
749 1129 897 1175 τινες
931 1112 1075 1163 κατὰ
1123 1108 1194 1161 τὰ
1235 1107 1345 1160 τῶν
1396 1105 1749 1173 ἀντιγράφων
1798 1106 1928 1157 νεὼ-

344 1224 485 1276 ιτερα
522 1205 751 1273 Πνεῦμα
785 1201 920 1255 Υίοῦ
966 1199 1224 1268 λέγεσθαι
1280 1195 1509 1262 εῐποιεν,
1540 1197 1638 1249 οὐκ
1684 1196 1742 1260 ἐξ
1774 1194 1927 1260 Υίοῦ,

352 1298 449 1350 καὶ
492 1295 664 1359 οὕτως
691 1296 842 1365 ὅμως
884 1292 1043 1347 οὐδὲν
1076 1282 1263 1353 αὐτοῖς
1295 1290 1446 1343 ἔσται.
1491 1289 1679 1342 πλέον.
1710 1290 1780 1340 Τὸ
1821 1288 1928 1357 γὰρ

353 1385 488 1438 αὐτὸ
514 1385 897 1455 συμπέρασμα
920 1385 1016 1436 καὶ
1052 1384 1115 1433 ἐκ
1143 1379 1356 1444 τούτου,
1390 1379 1493 1432 κᾶν
1524 1379 1598 1449 μὴ
1633 1378 1927 1447 βούλοιντο,

357 1473 780 1543 συναχθήσεται.
805 1470 974 1540 Δῆλον
1002 1470 1108 1539 γὰρ
1134 1468 1216 1521 ὅτι
1234 1468 1326 1520 τὸν
1350 1467 1477 1520 Υίὸν
1498 1468 1593 1521 καὶ
1621 1468 1680 1519 τὸ
1707 1466 1928 1534 Πνεῦμα

357 1564 537 1635 εὑρὼν
571 1563 713 1617 κατὰ
735 1564 797 1615 τὸ
826 1563 1045 1615 uirtuti
1074 1556 1232 1626 εἶναι,
1257 1560 1349 1612 καὶ
1373 1560 1542 1629 ἄμφω
1565 1558 1929 1613 κοινωνοῦντα

360 1656 635 1726 αλλήλοις,
672 1656 848 1724 ζητεῖ,
884 1654 990 1707 τίνι
1026 1654 1092 1707 ἂν
1129 1651 1468 1722 διακριθεῖεν
1515 1652 1761 1722 ἀλλήλων
1786 1668 1799 1682 ·
1834 1652 1931 1704 καὶ

360 1748 745 1815 ἀποφαίνεται,
806 1745 902 1808 ὡς.
937 1747 987 1798 εἰ
1044 1746 1137 1799 καὶ
1175 1744 1347 1814 ἄμφω
1395 1744 1475 1813 τῷ
1527 1746 1746 1797 αἰτιατὰ
1791 1738 1929 1795 εἶναι

361 1836 714 1889 κοινωνοῦσιν
751 1836 1025 1905 ἀλλήλοις,
1075 1836 1192 1889 ἀλλ’
1233 1839 1261 1889 6
1298 1837 1395 1905 μὲν
1424 1834 1553 1896 Υἱὸς
1587 1836 1649 1887 ἐκ
1694 1833 1789 1886 τοῦ
1821 1834 1929 1885 Πα-

363 1928 495 1995 apo;
527 1927 875 1995 ὀνομάζεται,
910 1929 1003 1980 καὶ
1041 1928 1203 1998 μέχρι
1227 1927 1420 1980 τούτου
1455 1927 1603 1996 αὑτῷ
1639 1926 1696 1978 τὸ
1734 1926 1932 1996 ἰδίωμα

356 2019 595 2071 ἵσταται.
628 2018 699 2071 Τὸ
717 2018 772 2070 δέ
793 2018 1015 2087 Πνεῦμα
1039 2022 1125 2071 καὶ
1153 2022 1217 2073 ἐκ
1233 2017 1330 2071 τοῦ
1353 2019 1562 2088 Πατρδς
1579 2018 1817 2084 λέγεται,
1841 2018 1936 2069 καὶ

360 2110 454 2163 τοῦ
483 2109 613 2163 Υἱοῦ
645 2107 785 2163 εἶναι
818 2113 1346 2181 προσμαρτυρεῖται.
1377 2110 1587 2163 Οὐκοῦν
1620 2112 1679 2162 τὸ
1712 2109 1935 2178 Πνεῦμα

361 2203 455 2255 καὶ
482 2202 720 2271 Χριστοῦ
758 2202 985 2273 Πνεῦμα
1014 2205 1183 2265 ἐστιν,
1209 2204 1236 2254 6
1265 2203 1320 2254 δὲ
1343 2202 1469 2265 Υἱὸς
1491 2201 1585 2253 τοῦ
1620 2202 1937 2270 Πνεύματος

361 2289 486 2343 οὔτε
505 2290 675 2354 ἐστιν,
700 2288 829 2342 οὕτε
857 2290 1075 2358 λέγεται
1095 2306 1109 2319 ·
1139 2289 1261 2343 οὔτε
1283 2290 1632 2360 ἀντιστρέφει
1660 2290 1935 2360 ήσχετικὴ

365 2382 503 2451 αῦτη
560 2383 877 2446 ἀκολουθία,
935 2385 1088 2452 φησί.
1155 2384 1260 2435 Καὶ
1318 2381 1479 2435 τοῦτο
1530 2383 1702 2435 οἴεται
1745 2384 1936 2451 ἀρκεῖν

366 2472 500 2543 πρὸς
534 2472 808 2543 διὰκρσιν
837 2475 865 2525 6
898 2471 1238 2534 διδάσκαλος,
1270 2470 1329 2523 τὸ
1358 2471 1418 2522 τὸ
1445 2468 1543 2539 μὲν
1586 2467 1808 2537 Πνεῦμα
1840 2467 1933 2521 τοῦ

362 2564 505 2618 Υἱοῦ
552 2565 822 2634 λέγεσθαι,
857 2566 949 2619 τὸν
984 2564 1041 2617 δὲ
1070 2564 1199 2617 Υίδν
1229 2562 1305 2634 μὴ
1340 2562 1595 2631 λέγεσθαι
1645 2563 1739 2616 τοῦ
1770 2562 1961 2627 Πνεύτ

368 2676 559 2729 ματος.
592 2656 803 2713 Οὐκοῦν
831 2659 880 2711 ει
928 2657 989 2712 τὸ
1021 2658 1242 2728 Πνεῦμα
1272 2655 1368 2709 τοῦ
1404 2656 1534 2710 Υἱοῦ
1588 2655 1840 2724 λέγεσθαι
1875 2655 1937 2709 τὸ

368 2751 591 2821 Πνεῦμα
624 2751 683 2804 τὸ
707 2751 863 2819 ἅγιον
890 2751 1159 2821 διακρίνει
1198 2750 1330 2804 αὐτὸ
1362 2748 1515 2812 Υἱοῦ,
1551 2750 1692 2801 κατὰ
1721 2746 1778 2799 δέ
1812 2747 1937 2809 τοὺς

366 2847 674 2915 ἡμετέρους
702 2845 854 2898 οὐδὲν
902 2842 1091 2913 ἕτερον
1122 2841 1389 2909 διακρίνει
1438 2841 1570 2894 αὐτὸ
1598 2841 1693 2893 τοῦ
1742 2840 1870 2892 Υἱοῦ
1901 2838 1935 2909 ἢ

366 2939 393 2987 6
430 2935 689 3003 διάφορος
716 2933 817 3001 τῆς
856 2932 1086 3002 προόδου
1130 2932 1352 3000 τρόπος,
1384 2930 1631 3001 δηλονότι.
1676 2929 1736 2982 τὸ
1769 2930 1937 2980 ἐκπο-

371 3027 624 3097 ρεύεσθαι
652 3043 665 3057 ·
698 3028 757 3079 τὸ
786 3028 843 3078 τὸ
874 3025 1098 3096 Πνεῦμα
1129 3024 1223 3078 τοῦ
1258 3024 1387 3076 Υἰοῦ
1435 3022 1575 3077 εἶναι
1610 3024 1717 3093 ἄρα
1743 3022 1940 3075 ταυτόν

369 3122 485 3174 ἐστι
513 3120 590 3189 τῷ
622 3117 1043 3187 ἐκπορεύεσθαι.
1075 3116 1182 3171 Καὶ
1220 3116 1412 3180 οὕτως,
1445 3109 1508 3169 οῦ
1550 3116 1771 3183 λέγεται
1797 3110 1939 3167 εἶναι

374 3212 620 3281 Πνεῦμα,
654 3209 782 3279 παρ’
818 3211 1027 3262 ἐκείνου
1068 3209 1164 3262 καὶ
1203 3207 1581 3274 ἐκπορεύεται.
1622 3206 1852 3273 Λέγεται
1884 3205 1941 3259 δὲ
1968 3233 2011 3291 c

370 3298 514 3359 εἶναι.
546 3300 753 3356 καὶτοῦ
778 3300 906 3353 Υίοῦ
936 3299 1180 3369 Πνεῦμα,
1207 3299 1282 3361 ὡς
1314 3299 1405 3351 καὶ
1436 3296 1529 3349 τοῦ
1575 3297 1785 3367 Πατρός
1806 3311 1819 3324 ⁶
1847 3298 1940 3347 καὶ

373 3397 525 3467 παρὰ
546 3395 638 3449 τοῦ
672 3394 803 3448 Υίοῦ
831 3395 938 3465 ἄρα
972 3393 1045 3456 ὡς
1079 3394 1173 3447 καὶ
1204 3393 1356 3461 παρὰ
1384 3391 1477 3446 τοῦ
1514 3391 1727 3463 Πατρδς
1768 3393 1939 3443 ἐκπο-

373 3491 609 3562 ρεύεται.

444 3583 553 3636 Καὶ
600 3582 717 3651 ἅμα
752 3581 1107 3650 σημειωτέον,
1163 3580 1247 3633 ὅτι
1282 3578 1646 3651 ἀνατρέπεται
1699 3580 1734 3650 ὴ
1778 3578 1944 3633 τινῶν

373 3672 627 3743 ἐξήγησις
657 3672 945 3739 λεγόντων,
974 3672 1055 3725 ὅτι
1084 3670 1172 3724 διὰ
1203 3672 1262 3723 τὸ
1305 3669 1597 3739 δμοούσιον
1637 3670 1855 3741 εἴρηται
1884 3668 1946 3723 τὸ

376 3765 599 3835 Πνεῦμα
663 3764 758 3817 τοῦ
798 3764 951 3818 Υἰοῦ.
991 3763 1124 3816 Ἰδοὺ
1160 3763 1270 3831 γὰρ
1307 3765 1334 3817 6
1369 3762 1690 3825 διδάσκαλος
1716 3761 1793 3825 ὡς
1825 3760 1945 3815 διαο

374 3856 624 3924 κριτικὸν
641 3855 773 3908 αὐτὸ
801 3853 1096 3924 λαμϐάνει.
1114 3855 1194 3908 Τὰ
1215 3854 1272 3908 δέ
1300 3855 1389 3908 διὰ
1418 3854 1478 3906 τὸ
1505 3852 1789 3921 ὁμοούσιον
1808 3852 1947 3922 λαμ-

373 3946 648 4017 ϐανόμενα
680 3947 794 4000 ἑνοῖ
848 3945 1070 4016 μᾶλλον,
1106 3946 1169 3999 οῦ
1214 3946 1502 4015 διακρίνει.
1541 3946 1602 3998 Εἰ
1638 3940 1730 3998 οῦν
1770 3944 1831 3996 οὑ
1859 3943 1948 3996 διὰ

373 4039 436 4093 τὸ
467 4039 749 4109 ὀμοούσιον
781 4039 998 4107 λέγεται
1036 4038 1284 4108 Πνεῦμα,
1328 4039 1592 4102 σώζονται
1627 4037 1811 4093 ἅλυτοι
1844 4037 1948 4089 πᾶ.-

378 4150 467 4186 σαι
494 4133 551 4186 αἱ
577 4131 683 4185 τῶν
712 4132 959 4185 Λατίνων
992 4132 1295 4197 ἀποδείξεις
1324 4147 1335 4161 ·
1368 4125 1459 4194 αἷς
1485 4134 1547 4183 ἐκ
1569 4130 1664 4183 τοῦ
1695 4130 1949 4197 λέγεσθαι

375 4227 436 4280 τὸ
468 4227 689 4298 Πνεῦμα
734 4227 953 4295 Πνεῦμα
993 4226 1124 4278 Υίοῦ
1160 4225 1587 4295 ἐπιχειροῦντες,
1627 4225 1721 4276 καὶ
1769 4225 1827 4289 ἐξ
1857 4223 1954 4275 αὑ-

377 4320 475 4371 τοῦ
514 4322 647 4371 αὐτὸ
682 4318 1082 4388 ἐκπορεύεσθαι
1127 4317 1460 4370 δεικνύουσι.
1494 4318 1590 4369 Διὰ
1620 4318 1678 4367 τὸ
1712 4316 1819 4383 γὰρ
1851 4316 1952 4383 τῆς

379 4410 810 4481 παρεξςγήσεως
836 4410 1039 4477 ταύτης
1062 4408 1209 4471 τινὲς
1233 4408 1373 4461 αὐτὰ.
1405 4409 1538 4461 ἁνατ
1550 4408 1737 4476 ρέπειν
1760 4405 1951 4476 ᾦοντο,

379 4505 467 4557 δια
497 4507 558 4557 τὺ
585 4503 870 4573 ὁμοούσιον
906 4501 1389 4571 ὑπολαμϐάνοντες
1438 4499 1695 4567 λέγεσθαι
1728 4500 1953 4570 Πνεῦμα

2026 641 2191 694 ambo
2221 642 2473 705 causati,
2515 642 2596 695 alt
2633 656 2753 694 rum
2789 638 3061 693 ab'altero
3104 635 3407 704 discernit,
3450 637 3596 707 quod

2030 746 2171 785 unus
2204 730 2276 784 sit
2310 747 2337 783 a
2370 729 2566 795 Patre,
2614 738 2669 784 et
2720 744 2829 783 non
2860 727 3097 796 amplius
3127 743 3141 781 :
3186 726 3428 795 Spiritus
3461 740 3596 779 vero

2026 824 2097 877 sit
2128 838 2192 876 ex
2226 822 2388 877 Patre
2434 832 2492 877 et
2519 838 2584 876 ex
2615 822 2775 876 Filio.
2800 820 2890 876 Sic
2915 823 3062 874 enim
3095 819 3301 874 habent
3322 819 3600 873 vetustio-

2027 931 2085 968 ra
2120 913 2477 983 exemplaria.
2509 912 2689 979 Quare
2720 914 3024 968 secundum
3055 912 3395 981 Opinionem,
3422 914 3588 968 etiam

2029 1006 2191 1061 istius
2224 1005 2491 1071 doctoris,
2518 1004 2758 1073 Spiritus
2785 1013 2870 1059 est
2898 1019 2965 1058 ex
2993 1003 3157 1058 Filio.
3188 1003 3345 1070 Quod
3386 1004 3433 1059 si
3458 1018 3594 1057 non-

2040 1098 2177 1152 nulli
2206 1097 2470 1158 dixerint,
2502 1096 2655 1167 juxta
2690 1097 2999 1150 recentiora
3041 1096 3396 1164 exemplaria.
3428 1095 3601 1164 Spiri-

2033 1197 2148 1240 tum
2176 1185 2284 1240 dici
2312 1184 2463 1259 Filii,
2496 1200 2605 1238 non
2638 1194 2818 1239 autem
2851 1201 2917 1239 ex
2949 1185 3090 1239 Filio
3118 1205 3129 1238 :
3164 1188 3329 1240 etiam
3359 1195 3472 1238 tum
3510 1204 3596 1239 ιιι-

2030 1278 2106 1331 hil
2140 1276 2285 1331 istud
2324 1276 2456 1346 ipsis
2520 1277 2804 1346 proderit;
2855 1279 3044 1332 eadem
3093 1277 3240 1330 enim
3289 1277 3534 1332 conclusi
3562 1298 3597 1341 ι,

2030 1385 2097 1423 ex
2131 1369 2238 1424 hoc
2268 1382 2515 1438 quoque,
2548 1368 2759 1431 velint,
2810 1368 3019 1435 nolint,
3057 1367 3388 1423 deducetur.
3431 1368 3602 1421 Mani.

2030 1460 2235 1514 festum
2286 1459 2434 1514 enim
2465 1470 2574 1523 cst,
2610 1460 2781 1529 quod,
2817 1476 2943 1514 cum
2978 1458 3115 1514 Filio
3153 1470 3206 1513 ct
3251 1458 3504 1530 Spiritui.
3551 1479 3603 1513 ιιι

2031 1567 2100 1606 eo
2130 1552 2276 1622 quod
2310 1553 2421 1607 sint
2454 1554 2688 1615 causali,
2726 1552 3023 1608 convenire
3062 1552 3423 1619 invenissem,
3457 1571 3593 1623 qua:-

2034 1641 2108 1695 rit
2140 1642 2608 1712 quemadmodum
2667 1643 2904 1697 invicem
2955 1643 3383 1712 discernantur,
3442 1660 3607 1713 atque

2033 1732 2287 1798 afﬁrmat,
2326 1736 2544 1790 etiamsi
2603 1737 2656 1790 in
2691 1737 2883 1792 ambus
2919 1738 2970 1793 id
3022 1740 3349 1800 conveniat,
3396 1751 3455 1792 ut
3488 1740 3603 1794 sint

2035 1827 2265 1891 causali,
2299 1837 2680 1882 verumtamen
2723 1829 2923 1883 Filium
2955 1830 3177 1899 quidem
3208 1846 3275 1885 ex
3314 1833 3471 1886 Patre
3508 1849 3603 1884 no-

2038 1916 2258 1983 miuari,
2292 1928 2348 1973 et
2380 1919 2435 1972 in
2463 1935 2532 1974 eo
2559 1930 2771 1975 tantum
2807 1922 3206 1990 proprietatem
3238 1925 3358 1994 ejus
3389 1936 3604 1993 persta-

2037 2024 2098 2060 re
2136 2026 2150 2061 :
2185 2007 2450 2079 Spiritum
2488 2019 2672 2065 autem
2700 2020 2755 2065 et
2797 2027 2859 2065 ex
2898 2013 3058 2067 Patre
3100 2014 3209 2068 dici
3245 2015 3517 2077 enuntiat,
3553 2028 3611 2068 ct

2038 2098 2160 2155 Filii
2192 2116 2315 2158 esse
2348 2104 2699 2159 testiﬁcatur.
2751 2105 2920 2175 Igitur
2963 2104 3202 2172 Spiritus
3244 2107 3410 2161 etiam
3448 2106 3609 2162 Chri-

2036 2195 2105 2249 sti
2141 2193 2387 2263 Spiritus
2412 2204 2539 2260 est;
2573 2196 2744 2249 Filius
2788 2206 2970 2250 autem
3021 2211 3199 2265 neque
3248 2207 3332 2251 cst
3371 2196 3610 2266 Spiritus

2036 2286 2233 2350 sancti,
2267 2300 2445 2356 neque
2477 2286 2703 2342 dicitur.
2738 2286 2949 2356 Neque,
2975 2288 3179 2359 inquit,
3228 2289 3610 2359 reciprocatur

2039 2378 2153 2432 haec
2217 2377 2506 2432 relationis
2561 2381 2987 2447 consequentia.
3050 2380 3114 2434 Et
3161 2381 3267 2437 hoc
3328 2384 3612 2437 existimat

2037 2467 2233 2523 doctor
2267 2468 2521 2524 sufﬁcere
2552 2471 2618 2525 ad
2667 2471 3124 2538 distinctionem,
3171 2474 3316 2543 quod
3361 2475 3603 2544 Spiritus

2038 2558 2159 2613 Filii
2188 2559 2431 2626 dicatur,
2464 2559 2635 2616 Filius
2680 2573 2861 2616 autem
2897 2560 3138 2633 Spiritus
3176 2565 3350 2620 sancti
3383 2568 3607 2621 minime

2040 2650 2281 2705 dicatur.
2314 2651 2371 2707 Si
2411 2652 2585 2722 igitur
2617 2652 2721 2708 hoc
2750 2655 2896 2723 quod
2929 2667 3011 2711 est
3034 2656 3298 2727 Spiritum
3329 2670 3607 2727 sanctum,

2039 2742 2149 2798 dici
2204 2742 2475 2813 Spiritum
2523 2744 2684 2812 Filii,
2728 2749 2969 2802 secernit
3003 2764 3129 2803 eum
3161 2765 3191 2804 a
3227 2751 3403 2818 Filio;
3453 2753 3611 2822 juxta

2041 2849 2170 2890 vero
2214 2844 2491 2891 nostrates
2540 2837 2675 2891 nihil
2728 2838 2879 2894 aliud
2928 2842 3169 2898 secernit
3216 2858 3344 2897 eum
3389 2862 3418 2898 a
3452 2846 3615 2909 Filio,

2042 2927 2148 2982 nisi
2175 2928 2361 2982 varius
2384 2929 2580 2984 modus
2603 2930 3004 3000 productionis,
3030 2934 3243 2988 scilicet
3270 2936 3615 3005 producere;

2044 3020 2213 3088 igitur
2251 3036 2370 3075 esse
2402 3020 2672 3090 Spiritum
2737 3021 2863 3076 Filii
2897 3023 3040 3078 idem
3088 3034 3207 3091 est,
3238 3030 3384 3097 quod
3420 3044 3619 3098 proce-

2044 3113 2197 3168 dere.
2237 3113 2414 3183 Atquc
2450 3115 2525 3168 ita
2559 3116 2716 3186 cujus
2749 3115 2957 3172 dicitur
2985 3133 3111 3175 esse
3142 3119 3405 3189 Spiritus,
3441 3122 3509 3177 ab
3551 3138 3619 3177 eo

2044 3214 2098 3259 et
2131 3207 2396 3273 procedit.
2426 3207 2638 3262 Dicitur
2666 3219 2851 3264 autent
2886 3226 3006 3265 esse
3043 3211 3165 3267 Filii
3195 3211 3462 3283 Spiritus,
3496 3216 3612 3270 sic—

2050 3309 2106 3352 ut
2134 3308 2189 3352 ct
2218 3296 2422 3363 Patris;
2480 3317 2612 3371 ergo
2641 3311 2695 3355 et
2729 3318 2756 3356 a
2788 3301 2947 3369 Filio,
2989 3304 3132 3358 sicut
3158 3316 3214 3361 et
3238 3322 3268 3361 a
3305 3308 3460 3363 Patre
3490 3324 3617 3378 pro-

2046 3390 2217 3445 ccdit.

2121 3575 2186 3631 Et
2220 3578 2382 3634 simul
2435 3580 2737 3636 notandqu
2798 3592 2883 3637 est
2936 3581 3450 3655 interpretationem
3486 3603 3624 3655 quo-

2050 3671 2299 3725 rumdam
2335 3672 2533 3737 everti,
2566 3674 2868 3728 dicentium
2927 3673 3196 3743 Spiritum
3226 3689 3451 3745 propter
3484 3694 3624 3731 cou-

2049 3764 2571 3821 substantialitatem
2643 3765 2853 3821 dictum
2928 3783 3051 3822 esse
3132 3767 3400 3836 Spiritum
3474 3770 3621 3828 Ειιιὶ.

2052 3858 2191 3911 Ecce
2227 3856 2372 3911 enim
2402 3856 2617 3915 doctor.
2650 3866 2908 3927 tauquam
2955 3859 3104 3927 quod
3150 3859 3273 3913 illos
3304 3860 3623 3927 discernat,

2053 3949 2186 4004 illud
2245 3949 2495 4002 assumit.
2533 3947 2665 4013 Quae
2716 3965 2849 4003 vero
2900 3960 3124 4020 pr0pter
3169 3954 3621 4010 consubstantia-

2050 4043 2260 4096 litatem
2292 4050 2671 4106 assumuntur,
2716 4043 2901 4109 potius
2947 4044 3312 4114 conjungnnt,
3347 4060 3457 4099 non
3510 4048 3624 4102 dis-

2054 4144 2309 4188 cernunt.
2345 4133 2402 4188 Si
2448 4134 2634 4203 itaque
2684 4152 2793 4190 non
2847 4145 3074 4206 propter
3117 4138 3623 4197 consubstantiali-

2058 4234 2222 4279 tatem
2289 4225 2494 4280 dicitur
2532 4224 2771 4294 Spiritus
2805 4228 2951 4293 Filii,
2999 4240 3228 4284 manent
3263 4231 3631 4291 indissolubi-

2055 4318 2137 4371 les
2197 4332 2388 4371 omnes
2438 4317 2756 4371 Latinorum
2818 4319 3375 4377 demonstrationes:
3426 4326 3633 4393 quibus

2058 4425 2123 4463 ex
2158 4424 2247 4473 eo,
2270 4409 2415 4484 quod
2455 4408 2697 4478 Spiritus
2744 4410 2963 4465 dicatur
2996 4412 3235 4482 Spiritus
3287 4414 3431 4481 Filii,
3465 4433 3631 4487 argu-

2062 4503 2376 4564 mentando,
2415 4503 2579 4556 etiam
2624 4516 2691 4556 ex
2739 4502 2859 4572 ipso
2888 4518 3014 4557 eum
3050 4507 3354 4574 procedere
3390 4513 3631 4565 convin-

381 4596 536 4651 Υἱοῦ.
568 4596 754 4666 Ταύτῃ
799 4596 992 4667 δέηήδη
1041 4597 1108 4664 τῇ
1150 4593 1330 4663 ἐννοίᾳ
1372 4593 1621 4663 φανερῶς
1661 4595 1689 4645 ὁ
1729 4591 1941 4662 Νύσσης

2058 4599 2211 4645 cunt.
2256 4591 2486 4657 Quidam
2513 4594 2659 4646 enim
2692 4593 2796 4647 ista
2832 4611 2991 4663 prava
3021 4597 3481 4666 interpretatione
3529 4618 3633 4671 pu-

383 4691 682 4762 Γρηγόριος
735 4691 989 4759 μάχεται,
1020 4689 1093 4751 ὡς
1138 4689 1477 4759 διακριτικὸν
1522 4688 1655 4741 αὐτὸ
1690 4687 1947 4756 εἰληφώς.

2061 4685 2251 4740 labant
2286 4700 2349 4739 ea
2378 4701 2501 4753 qua:
2532 4702 2560 4739 a
2595 4685 2808 4741 Latinis
2856 4689 3193 4756 atteruntur,
3226 4703 3477 4748 evertere
3507 4713 3633 4767 ρος-

381 4800 460 4845 se.
499 4795 722 4854 propter
753 4782 1380 4838 consubstantialitatem
1410 4783 1799 4837 existimantes
1828 4780 1937 4836 dici
1973 4780 2239 4850 Spiritum
2307 4779 2450 4835 Filii.
2518 4780 2637 4836 Jam
2698 4797 2830 4835 vero
2862 4783 2990 4836 huic
3023 4785 3399 4856 intelligentia
3454 4793 3634 4845 mani-

380 4876 523 4933 feste
573 4875 1182 4946 reclamat‘Gregorius
1215 4876 1496 4947 Nysseuus
1520 4914 1536 4939 ,
1589 4886 1716 4929 cum
1771 4875 1907 4930 illud
1948 4884 2208 4943 tanquam
2239 4872 2388 4943 quod
2416 4872 2697 4930 discernat
2721 4879 3109 4948 assumpserit.

464 4975 626 5029 ’Λλλὰ
657 4975 795 5047 πρὸς
828 4974 930 5045 μὲν
961 4974 1021 5027 τὸ
1044 4973 1220 5039 δεῖξαι
1259 4973 1359 5044 τὴν
1392 4972 1657 5044 ἀλήθειαν
1686 4967 1781 5025 τοῦ
1816 4989 1952 5043 συμ-

381 5070 739 5139 περάσματος
763 5067 979 5132 τούτου,
1010 5068 1106 5120 καὶ
1134 5070 1195 5119 τὸ
1222 5067 1449 5136 Πνεῦμα
1476 5068 1536 5119 τὸ
1570 5067 1725 5133 ἅγιον
1753 5068 1816 5118 ἐκ
1846 5068 1954 5119 Πα-

381 5162 511 5230 apo,-
548 5162 643 5213 καὶ
700 5160 831 5213 Υἱοῦ
871 5158 1270 5227 ἐκπορεύεσθαι
1316 5161 1687 5228 συμπερᾶναι,
1743 5156 1955 5211 πολλῶν

379 5253 570 5319 ὅντων,
608 5246 687 5313 οἷς
716 5252 782 5305 ἄν
831 5269 913 5313 τις
948 5251 1237 5321 χρήσαιτο,
1278 5252 1371 5303 καὶ
1414 5251 1536 5303 ὅθεν
1580 5249 1645 5303 ἂν
1677 5252 1959 5320 ἐπιχειρή-

382 5362 547 5411 σειεν,
582 5344 822 5414 ἀρκείτω
848 5345 907 5395 ἐν
936 5342 1013 5412 τῷ
1053 5344 1279 5413 παρόντι
1311 5344 1404 5396 καὶ
1441 5343 1636 5396 ταῦτα.

471 5418 626 5491 Ἐπεί
653 5436 709 5488 δέ
733 5436 827 5489 καί
850 5451 974 5488 τινα
995 5435 1173 5489 ἄτοπα
1198 5435 1351 5504 παρὰ
1374 5434 1481 5487 τῶν
1506 5434 1583 5504 μὴ
1610 5434 1958 5502 ἐφιστώντων

381 5528 685 5595 ἐπάγονται
712 5530 822 5590 τοῖς
868 5527 967 5597 τὴν
1003 5526 1265 5597 ἀλήθειαν
1292 5525 1501 5595 ταύτην
1529 5525 1954 5595 πρεσϐεύουσιν,

383 5620 421 5675 ἃ
452 5621 550 5688 μέν
576 5622 721 5672 κατὰ
763 5620 873 5671 τῶν
923 5618 1376 5688 ἐπιχειρημάτων
1426 5616 1536 5669 τῶν
1566 5618 1629 5670 τὸ
1658 5615 1955 5684 πρόϐλημα

382 5713 710 5767 δεικνύντων
746 5713 932 5780 φασὶν,
959 5713 1015 5763 ἐν
1051 5711 1237 5772 αὐτοῖς
1271 5712 1383 5771 τοῖς
1424 5709 1856 5779 ἐπιχειρήμασιν
1880 5709 1957 5771 ὡς

382 5806 501 5860 ἐνὸν
546 5806 1001 5874 ἐπ.τετμημένω;
1048 5804 1391 5871 διελυσάμην
1418 5817 1431 5831 ⁸
1467 5802 1505 5865 ἃ
1534 5803 1589 5856 δέ
1622 5804 1739 5855 κατ’
1789 5803 1956 5855 αὑτοῦ

384 5894 480 5949 τοῦ
516 5894 985 5964 συμπεράσματος
1027 5894 1371 5963 ἐπιφέρουσι,
1407 5893 1610 5951 τούτων
1650 5893 1745 5955 τὰς
1794 5891 1955 5961 μαλι-

694 5995 984 6052 Parnm”
1030 5990 1148 6051 Gtt.
1198 5989 1408 6050 CLXI.

2135 4971 2339 5028 Verum
2367 4973 2433 5027 ad
2464 4974 2860 5029 ostendendam
2898 4976 3188 5032 veritatem
3219 4977 3384 5048 hujus
3410 4982 3639 5037 conclu-

2062 5066 2260 5130 sionis,
2300 5078 2358 5118 et
2388 5066 2453 5119 ad
2480 5067 2926 5122 concludendum
2964 5069 3236 5141 Spiritum
3278 5083 3536 5128 sanctum
3570 5090 3636 5127 ex

2064 5157 2225 5211 Patre
2258 5154 2511 5227 Filioque
2539 5161 2861 5227 procedere.
2890 5176 3017 5217 cum
3048 5163 3321 5231 permulta
3355 5163 3489 5224 sint.
3516 5168 3639 5230 qui-

2061 5247 2164 5302 bus
2195 5250 2396 5318 aliquis
2423 5250 2522 5311 uti,
2556 5260 2613 5303 et
2642 5267 2707 5305 ex
2759 5253 2962 5319 quibus
3008 5256 3384 5323 argumentari
3438 5258 3633 5325 possn,

2065 5340 2178 5394 luet:
2217 5350 2399 5394 tamen
2437 5341 2492 5394 in
2526 5345 2818 5408 praesentia
2850 5343 3144 5399 sufﬁciant.

2132 5432 2400 5499 Quoniam
2437 5450 2568 5489 vero
2602 5437 2865 5490 nonnulla
2897 5438 3136 5491 absurda
3172 5437 3421 5491 veritatis
3453 5438 3635 5492 culto-

2072 5526 2225 5580 ribus
2250 5543 2281 5582 a
2316 5544 2421 5581 non
2451 5529 2840 5585 adhibentibus
2874 5534 3118 5585 animum
3152 5531 3485 5597 inferuntur,
3516 5548 3639 5602 quas

2064 5620 2168 5687 ipsi
2212 5622 2434 5690 quidem
2483 5622 2752 5691 objiciunt
2783 5624 3143 5696 argumentis,
3192 5626 3297 5680 hoc
3345 5624 3636 5694 quasitunt

2062 5711 2449 5781 probantibus,
2487 5714 2540 5766 in
2598 5714 2738 5782 ipsis
2779 5716 3149 5785 argumentis,
3199 5727 3467 5787 quantum
3520 5717 3636 5771 ﬁeri

2064 5804 2261 5873 potuit,
2305 5806 2532 5872 praecise
2565 5808 2723 5860 dilui.
2753 5807 2828 5862 Es
2864 5810 2953 5863 his
2987 5818 3194 5873 autem,
3222 5824 3342 5895 qua
3370 5809 3473 5876 ipsi
3504 5823 3639 5864 cott-

2063 5894 2294 5951 clusioni
2329 5895 2592 5966 inierunt,
2633 5914 2696 5954 ca
2744 5916 2867 5971 quae
2901 5902 3135 5958 maxime
3170 5910 3373 5975 urgent
3420 5911 3476 5957 et
3523 5916 3641 5958 ma-

3209 5993 3282 6060 13
