4086 6408
482 406 489 414 ’
500 402 602 466 337

1449 394 1957 461 BESSARIONIS
1986 397 2050 458 S.
2080 388 2159 459 ‘R.
2208 398 2272 462 E.
2325 399 2800 462 CARDENALIS

3666 402 3781 467 338

460 535 470 543 ο
501 524 514 589 j
549 535 678 571 dum
712 515 818 567 vim
860 514 1060 568 Latere
1090 513 1366 576 videntur,
1389 512 1619 583 eligens,
1648 512 1894 567 breviter
1915 521 2080 582 atque

2191 533 2290 570 στα
2325 514 2640 586 βιαιοτέρας
2709 516 2806 569 καὶ
2858 513 3081 567 πλείονα
3113 508 3376 577 δοκούσας
3429 515 3574 585 ἔχειν
3620 520 3782 586 ἰσιὸν

499 608 744 669 abunde,
776 616 1038 674 quantum
1102 604 1180 663 rei
1234 610 1432 655 natura
1482 601 1709 670 patitur,
1753 602 2075 661 dissolvam.

499 710 557 757 ιιι
587 712 752 770 quam
782 694 1200 750 absolutissima
1234 692 1499 755 reddatur
1525 692 1623 748 tibi
1652 702 1842 748 nostra
1879 696 2077 748 oratio.

497 792 821 861 Quanquam
863 786 1103 841 absurda
1136 786 1242 841 ista
1269 800 1378 840 non
1414 784 1576 841 nobis
1605 784 1873 845 inferunt.
1902 799 2082 855 neque

499 895 602 935 nos
653 880 850 933 horum
912 877 1143 931 reddere
1195 876 1468 931 rationem
1528 876 1819 932 debemus.
1877 878 2080 947 Verum

497 982 657 1044 Iunge
689 981 849 1029 autca
882 970 1059 1025 sancti
1096 970 1394 1025 accusandi
1445 976 1597 1031 sunt,
1634 967 1730 1038 qui
1781 968 1949 1035 hujus
1987 969 2086 1022 do-

499 1066 697 1135 gmatis
748 1064 910 1119 nobis
945 1071 1202 1119 auctores
1247 1070 1304 1116 ct
1355 1060 1527 1115 duces
1575 1059 1928 1119 exstiterunt.
1968 1059 2082 1113 Non

497 1159 624 1213 dico
654 1158 835 1213 solum
866 1154 1279 1221 Occidentales,
1308 1154 1406 1223 qui
1433 1153 1535 1205 hoc
1567 1151 1875 1213 clarissime
1900 1152 2080 1209 faten-

500 1256 590 1307 tur
613 1294 629 1319 ,
660 1266 850 1311 verum
888 1250 1051 1304 etiam
1098 1242 1433 1313 Orientales,
1467 1256 1526 1303 et
1554 1246 1625 1307 ab
1660 1246 1794 1316 ipsis
1826 1246 2075 1316 petenda:

497 1360 629 1401 sunt
667 1344 1081 1400 dissolutionrs.
1112 1342 1269 1409 Quod
1303 1355 1436 1397 sane
1464 1339 1689 1411 quidem
1721 1348 1778 1394 ct
1823 1338 2079 1395 iecerunt

499 1440 575 1494 illi
626 1437 1045 1509 praevenientes.
1083 1433 1239 1489 Licet
1286 1433 1432 1487 haud
1484 1429 1625 1503 grati
1654 1430 1823 1487 animi
1859 1430 1954 1493 sit,
1983 1445 2081 1483 eo—

499 1548 622 1586 rum
671 1530 837 1585 dirtis
869 1544 976 1583 non
1025 1526 1407 1597 acquiescere,
1441 1539 1568 1581 cum
1630 1523 1801 1581 semel
1853 1523 2084 1578 credeu.

2187 611 2572 681 ἐκλεξάμενος,
2623 610 2898 665 ἀποδώσω
2940 625 3020 661 σοι
3062 608 3162 671 τὰς
3186 608 3375 672 λύσεις
3403 610 3462 663 ὲν
3499 609 3692 680 βραχεῖ
3719 629 3783 665 τε

2186 702 2284 754 καὶ
2314 700 2514 764 ἱκανῶς
2541 700 2616 764 ώς
2640 694 2753 754 οἶόν
2791 715 2853 752 τε
2874 714 2889 728 '
2924 698 3001 761 ώς
3038 699 3105 752 ἄν
3140 715 3223 752 σοι
3272 699 3609 765 glabram;
3639 703 3784 754 ἁπο-

2182 790 2467 860 δεδομένος
2516 792 2603 861 εἴη
2644 794 2674 845 ὁ
2707 791 2889 861 λόγος.
2945 792 3141 849 Καίτοι
3174 808 3239 859 γε
3280 792 3350 846 τὰ
3387 794 3568 849 ἄτοπα
3602 794 3785 847 ταῦτα

2185 886 2285 953 οὐχ
2319 886 2451 953 ἡμῖν
2476 885 2856 955 ἐπιφέρονται,
2885 884 2997 937 οὐδ’
3026 886 3189 953 ἡμεῖς
3215 883 3373 952 λόγον
3399 884 3613 939 τούτων
3644 888 3786 941 ὑπέ-

2189 993 2306 1046 χειν
2346 976 2681 1044 ὀφείλομεν·
2724 974 2862 1027 ἀλλὰ
2907 975 3021 1036 τοῖς
3052 973 3230 1042 ἁγίοις
3279 974 3471 1046 πολλῷ
3508 977 3786 1048 πρότερον

2188 1070 2508 1138 ἐγκλητέον,
2561 1068 2612 1121 οἳ
2649 1067 2845 1122 τούτου
2896 1066 2993 1120 τοῦ
3041 1070 3314 1138 δόγματος
3366 1069 3787 1141 καθεστήκασιν

2181 1160 2323 1233 ’ἡμῖν
2352 1164 2648 1232 ἡγεμόνες,
2698 1163 2759 1216 οὐ
2801 1163 3058 1226 δυτικοὺς
3108 1161 3255 1229 λέγω
3293 1162 3473 1231 μόνον,
3513 1163 3564 1216 οἳ
3611 1167 3789 1230 σαφέ-

2190 1270 2360 1307 στατα
2390 1256 2522 1319 περὶ
2550 1254 2743 1307 τούτου
2772 1253 2961 1323 φασὶν,
2997 1252 3116 1305 ἀλλ’
3151 1252 3307 1307 οὐδὲν
3327 1248 3492 1323 ἧττον
3527 1256 3621 1307 καὶ
3649 1256 3786 1318 τοὺς

2188 1346 2246 1411 ἐξ
2286 1344 2447 1416 ἑῴας,
2473 1347 2567 1400 καὶ
2596 1346 2728 1418 παρ’
2761 1344 2991 1400 ἐκείνων
3015 1346 3283 1417 ζητητέον
3330 1346 3431 1410 τὰς
3473 1345 3683 1409 λύσεις.
3714 1349 3785 1400 Ὃ

2188 1440 2284 1492 καὶ
2316 1440 2659 1510 πεποιήκασι
2713 1438 3027 1508 φθάσαντες
3071 1439 3293 1492 ἐκεῖνοι.
3323 1438 3386 1491 Ei
3423 1438 3521 1490 καὶ
3569 1438 3646 1508 μὴ
3691 1438 3785 1490 εύ-

2188 1532 2487 1598 γνωμόνων
2547 1530 2668 1587 int
2726 1530 2801 1600 μὴ
2852 1529 3226 1602 ὲφησυχάζειν
3273 1530 3386 1591 τοῖς
3434 1528 3530 1581 ὑπ’
3595 1530 3785 1583 αὐτῶν

499 1625 629 1677 dum
665 1623 757 1686 sit,
790 1636 889 1676 eos
914 1619 1107 1675 divino
1138 1616 1351 1689 Spiritu
1372 1617 1605 1674 Jocutos
1626 1629 1779 1672 esse.
1823 1617 2079 1670 Attamen

2191 1624 2522 1693 λεγομένοις,
2556 1620 2710 1686 ἅπαξ
2758 1621 3156 1690 πιστευομένου
3198 1618 3296 1672 τοῦ
3325 1616 3602 1689 Πνεύματι
3639 1617 3781 1687 θείῳ

478 1730 602 1771 1:03
659 1712 993 1784 quoadejus
1031 1710 1151 1768 licri
1211 1712 1425 1779 possit,
1474 1709 1782 1780 prmertim
1817 1707 1887 1763 ab
1947 1706 2084 1777 ipsis

480 1808 707 1863 :suttt'lis
763 1805 1042 1867 Patribus,
1091 1803 1329 1872 aliisque
1379 1802 1555 1858 beatis
1586 1801 1746 1865 viris,
1777 1801 1872 1870 qui
1906 1799 1961 1853 in
1994 1799 2083 1853 bis

500 1901 667 1955 rebus
693 1899 1121 1962 laboraverunt,
1160 1896 1481 1963 illuminati,
1518 1895 1584 1949 ad
1619 1895 1737 1950 bare
1785 1892 2081 1949 rnediocri-

496 2003 581 2047 ιρι·
604 1992 981 2063 accingcmur.

569 2086 883 2157 Opinautur
933 2083 1126 2155 igitur,
1189 2082 1235 2137 si
1288 2082 1417 2151 quis
1471 2096 1539 2137 ex
1599 2078 1877 2136 ambobus
1935 2077 2081 2133 dicat

496 2178 762 2248 Spiritum
819 2175 1152 2246 procedere,
1194 2175 1410 2230 Patrem
1461 2183 1517 2229 et
1574 2172 1775 2229 Filium
1857 2170 1942 2227 vel
2006 2172 2079 2224 ita

499 2285 686 2325 secum
718 2268 1065 2329 commisceri
1093 2306 1108 2330 ,
1143 2276 1203 2321 ut
1251 2281 1416 2322 unam
1450 2279 1745 2337 personam
1775 2278 1842 2319 ex
1867 2263 2083 2318 duabus

493 2362 733 2419 emciaut
769 2380 784 2417 :
827 2362 914 2417 vel
946 2362 993 2417 si
1034 2377 1144 2417 non
1202 2360 1328 2425 hoc,
1379 2358 1493 2417 duo
1553 2369 1738 2416 tamen
1810 2357 2082 2429 principia

492 2466 549 2511 et
592 2455 734 2512 duas
766 2468 966 2511 causas
1020 2454 1201 2524 sequi,
1256 2453 1405 2523 quod
1454 2462 1515 2509 et
1539 2454 1721 2523 ipsum
1756 2467 1869 2508 non
1898 2450 2081 2506 minus

495 2549 679 2620 priore
711 2548 1013 2609 absurdum
1043 2557 1147 2604 est.

642 2686 849 2741 Salutio
879 2687 1098 2741 ubsurdi
1123 2690 1188 2741 ab
1219 2687 1537 2741 admistioue
1563 2702 1933 2756 personarum.

568 2825 689 2880 Non
751 2839 886 2879 vero
942 2824 1010 2885 ad
1042 2824 1191 2878 istud
1221 2823 1574 2879 admistionis
1604 2838 1968 2893 personarum
2006 2822 2081 2878 ita

496 2922 901 2993 respondemus
937 2920 1130 2990 :quod
1181 2920 1226 2977 si
1271 2920 1651 2991 personalem,
1694 2935 1790 2976 seu
1824 2921 2080 2991 hyposta-

499 3015 661 3069 ticam
727 3013 1125 3083 proprietatem
1190 3028 1442 3082 persona:
1511 3011 1690 3069 Patris
1747 3028 2081 3083 poneremus

494 3123 615 3161 esse
653 3107 1038 3175 operationem
1100 3104 1471 3174 producendi,
1545 3114 1677 3162 tunc
1755 3117 2080 3177 sequeretur

496 3200 599 3254 hoc
620 3198 951 3265 absurdum,
990 3207 1049 3254 et
1088 3206 1236 3253 esset
1266 3212 1459 3254 revera
1485 3197 1662 3254 Filius
1691 3215 1798 3255 una
1846 3214 2081 3270 persona

496 3309 625 3347 eum
685 3293 869 3357 Patre.
939 3275 992 3348 si
1050 3292 1431 3348 constitutivae
1488 3292 1855 3364 proprietatis
1910 3293 2090 3348 Patris

486 3383 774 3454 particeps
822 3393 989 3440 esset.
1060 3385 1331 3452 Quoniam
1387 3399 1521 3442 vero
1606 3386 1752 3457 quod
1802 3386 2092 3442 constituit

480 3476 892 3547 proprietatem
916 3490 1165 3546 persona:
1190 3476 1391 3543 Patris,
1420 3478 1723 3548 paternitas
1739 3490 1794 3534 et
1820 3493 2088 3549 generare

488 3569 706 3623 dictum
754 3577 844 3626 est
891 3583 1055 3636 esse;
1101 3569 1411 3638 producere
1451 3580 1636 3626 autem
1685 3583 1809 3625 esse
1843 3570 2089 3640 proprie-

505 3672 701 3726 tatem,
765 3678 863 3719 seu
920 3663 1233 3724 notionem,
1290 3679 1414 3735 quae
1468 3678 1707 3735 persona
1727 3665 2088 3720 constitutam

494 3766 964 3828 aequatumque
1017 3758 1331 3814 necessitas
1377 3766 1483 3823 est,
1544 3769 1604 3813 ut
1649 3758 1747 3828 qui
1794 3758 1938 3825 hanc
1963 3771 2090 3827 pro-

496 3850 791 3918 prietatem
822 3848 1307 3919 participatyqua:
1333 3848 1563 3905 minimc
1600 3849 1962 3905 coustitutiva
2000 3856 2086 3903 est

499 3943 675 4011 ipsius
708 3957 982 4012 personas,
1009 3956 1117 3997 una
1148 3941 1222 3997 sit
1254 3956 1491 4012 persona
1533 3957 1661 3997 cum
1700 3941 1819 4011 ipso
1840 3941 1863 3995 ?
1886 3942 2089 4007 Queru-

482 4036 795 4087 aduunlum
862 4033 1016 4087 enim
1102 4032 1235 4088 illud
1301 4034 1601 4104 participat
1657 4030 1873 4097 Filius,
1936 4031 2084 4103 quod

497 4130 743 4198 Spiritus
798 4127 872 4182 sit
929 4128 1053 4196 ejus
1107 4126 1375 4197 Spiritus,
1425 4130 1572 4183 sicut
1617 4139 1675 4183 et
1703 4126 1900 4193 Patris,
1935 4126 2083 4195 quod

484 4221 750 4276 .mittatur
786 4220 857 4275 ab
907 4221 1028 4290 ipso
1082 4237 1238 4292 aeque
1288 4229 1351 4277 ut
1383 4222 1621 4288 aPatrc,
1657 4230 1712 4277 et
1735 4230 1918 4275 tamen
1975 4234 2085 4275 non

500 4316 822 4387 partieipiat
858 4317 982 4387 ejus
1013 4331 1334 4387 personam,
1397 4324 1694 4387 propterea
1734 4315 1880 4385 quod
1913 4313 2088 4383 Spiri-

499 4418 613 4460 tum
677 4405 787 4461 (Ιίοί
828 4405 1097 4475 Spiritum
1130 4405 1334 4470 Patris,
1381 4404 1465 4459 vel
1505 4404 1574 4458 ab
1612 4404 1732 4475 ipso
1767 4404 1933 4468 mitti,
1976 4418 2086 4458 non

497 4508 582 4550 est
633 4496 780 4567 quod
842 4497 1135 4551 constituit
1190 4510 1482 4565 personam
1516 4494 1717 4550 Patris.
1746 4494 1860 4548 lloe
1894 4499 2080 4555 modo,

2114 3232 2157 3290 C

2186 1717 2411 1779 τούτους
2457 1714 2818 1785 λελαληκέναι
2849 1728 2863 1741 ’
2892 1714 3042 1783 ὅμως
3066 1712 3124 1766 δὲ
3159 1713 3257 1766 καὶ
3302 1713 3484 1782 ἡμεῖς,
3527 1709 3602 1774 ώς
3636 1713 3782 1781 ἡμῖν

2187 1810 2434 1873 δυνατὸν,
2468 1814 2566 1860 καὶ
2602 1806 2764 1861 τοῦτο
2795 1806 2855 1870 ἑξ
2894 1800 2970 1859 ὧν
3009 1805 3101 1857 ὑπ’
3131 1804 3316 1858 αὐτῶν
3358 1802 3779 1872 ἐφωτίσθηρεν,

2190 1900 2287 1953 καὶ
2317 1899 2495 1955 ἄλλων
2545 1896 2835 1970 μακαρίων
2862 1896 3078 1967 ἀνδρῶν
3117 1898 3178 1950 ὲν
3216 1895 3428 1959 τούτοις
3464 1895 3783 1965 πεπονηκό-

2096 2004 2117 2016 ’
2194 1986 2325 2059 των,
2358 1993 2493 2066 πρὸς
2519 1991 2699 2046 ταῦτα
2733 1991 2972 2064 μετρίως
3012 1989 3417 2059 ἁποδυσόμεθα.

2261 2070 2483 2143 Οῐονται
2510 2084 2692 2139 τοίνυν
2720 2078 2812 2137 τὸν
2850 2084 3065 2151 Πατέρα
3106 2083 3202 2135 καὶ
3232 2081 3324 2134 τὸν
3355 2079 3483 2133 Υἰδν
3517 2079 3548 2151 ἢ
3586 2080 3668 2141 είς
3724 2078 3786 2131 ἒν

2191 2182 2614 2250 συναλείφεσθαι
2649 2181 2966 2249 πρόσωπον,
2994 2179 3048 2231 εί
3076 2193 3160 2239 τις
3203 2174 3265 2240 ἑξ
3295 2176 3503 2245 ἀμφοῖν
3539 2174 3695 2241 λέγοι
3720 2176 3784 2225 τὸ

2192 2277 2415 2346 Πνεῦμα
2447 2276 2508 2329 τὸ
2542 2276 2697 2344 ἅγιον
2731 2270 3134 2344 ἐκπορεύεσθαι
3156 2286 3171 2302 ο
3208 2268 3242 2341 ἢ
3276 2270 3325 2322 εί
3354 2268 3430 2339 μὴ
3465 2266 3648 2332 τοῦτο,
3687 2265 3786 2318 δύο

2190 2366 2324 2437 γοῦν
2357 2367 2455 2430 τὰς
2494 2366 2691 2438 ἀρχὰς,
2746 2368 2841 2418 καὶ
2890 2363 2983 2417 δύο
3012 2360 3407 2432 ἀκολουθήσειν
3432 2359 3501 2414 τὰ
3545 2358 3725 2422 αίτια,
3757 2357 3787 2410 ὅ

2192 2463 2283 2515 καὶ
2309 2458 2442 2514 αὐτὸ
2468 2460 2529 2513 ού
2567 2462 2719 2531 μεῖον
2748 2459 2951 2513 ἄτοπον
2976 2455 3071 2511 τοῦ
3105 2454 3403 2526 προτέρου.

2325 2690 2518 2755 Λύσις
2543 2675 2651 2741 τοῦ
2682 2685 2803 2740 ἀπὸ
2834 2684 2943 2751 τῆς
2973 2680 3357 2752 συναλοιφῆς
3391 2682 3646 2738 ἀτόπου.

2271 2828 2466 2897 Ἡμεῖς
2505 2826 2561 2880 δὲ
2589 2825 2727 2894 πρὸς
2760 2822 2861 2894 μὲν
2892 2820 2955 2875 τὺ
2989 2823 3088 2892 τῆς
3126 2821 3461 2891 συναλοιφῆς
3491 2819 3637 2875 οὕτω
3678 2838 3785 2890 φα·-

2197 2921 2297 2990 μέν
2316 2935 2330 2951 ⁸
2359 2920 2435 2982 ὡς
2461 2920 2509 2971 εἰ
2538 2919 2639 2988 μὲν
2664 2915 3042 2988 προσωπικὸν,
3079 2913 3258 2968 είτουν
3285 2913 3652 2969 ύποστατικδν
3679 2913 3779 2967 τοῦ

2192 3010 2487 3081 προσώπου
2520 3008 2616 3062 τοῦ
2648 3006 2920 3079 πατρικοῦ
2988 3007 3089 3076 τὴν
3129 3005 3224 3059 τοῦ
3259 3005 3587 3078 προϐάλλειν
3618 3007 3782 3075 ἐνέρ-

2191 3121 2349 3172 γειαν
2389 3101 2707 3170 ἐτιθέμεθα,
2741 3098 2853 3154 τότ’
2899 3102 2967 3153 ἂν
3019 3097 3079 3151 τὸ
3121 3099 3322 3153 ἄτοπον
3355 3099 3541 3153 εἵπετο
3583 3098 3778 3162 τοῦτο,

2192 3193 2284 3248 καὶ
2312 3187 2381 3263 ἦν
2421 3190 2641 3261 ἀληθῶς
2685 3190 2745 3243 ἓν
2774 3188 2914 3260 μετὰ
2957 3186 3051 3240 τοῦ
3084 3188 3300 3259 Πατρὶς
3331 3189 3647 3259 πρόσωπον,
3686 3190 3784 3243 τοῦ

2195 3285 2524 3341 συπατικοῦ
2555 3283 2707 3355 αὺτῷ
2751 3282 3033 3339 κοινωνῶν
3087 3283 3381 3355 ἰδιώματος
3406 3300 3419 3315 ·
3458 3284 3583 3337 ἐπεὶ
3613 3284 3673 3338 δὲ
3722 3287 3804 3337 τὸ,

2195 3382 2295 3453 μὲν
2327 3380 2652 3434 συστατικδν
2678 3377 2775 3432 τοῦ
2802 3376 3101 3449 προσώπου
3127 3377 3224 3431 τοῦ
3252 3377 3525 3447 πατρικοῦ
3549 3376 3791 3447 ἰδιώμα-

2192 3489 2280 3534 τος
2313 3473 2346 3541 ἡ
2400 3470 2679 3540 πατρότης
2710 3470 2803 3524 καὶ
2858 3469 2920 3522 τὸ
2967 3468 3165 3539 γεννᾷν
3213 3468 3435 3536 εἴρηται
3490 3466 3573 3529 ὂν,
3627 3468 3693 3519 τδ
3725 3468 3790 3520 δὲ

2193 3565 2524 3637 προϐάλλειν
2578 3564 2798 3635 ἰδίωμα,
2835 3564 3012 3634 ἧτουνη
3034 3563 3331 3635 γνώρισμα
3373 3563 3453 3633 τῷ
3498 3564 3789 3634 προσώπῳ

2192 3653 2361 3708 αὐτοῦ
2397 3654 2657 3707 συστάντι
2684 3655 2973 3726 ἑπόμενον,
3005 3658 3092 3719 τίς
3127 3656 3163 3724 ὴ
3213 3655 3429 3725 ἀνάγκη
3461 3655 3553 3708 τὸν
3584 3671 3788 3710 κοινω-

2192 3746 2386 3802 νοῦντα
2417 3744 2567 3815 αύτῷ
2602 3744 2795 3798 τούτου
2825 3745 2925 3798 τοῦ
2953 3744 3270 3816 ἰδιώματος,
3320 3745 3349 3798 ὃ
3405 3744 3481 3815 μὴ
3524 3760 3786 3798 συστατι-

2192 3841 2288 3897 κόν
2321 3844 2437 3896 ἐστι
2470 3840 2566 3895 τοῦ
2611 3839 2910 3912 προσώπου
2962 3840 3151 3906 αὐτοῦ,
3188 3841 3285 3894 καὶ
3330 3840 3390 3893 ἓν
3436 3835 3579 3894 εῖναι
3608 3841 3784 3910 πρόσ-

2190 3956 2340 3993 ωπον
2378 3938 2495 4009 μετ’
2529 3936 2733 4004 αὐτοῦ;
2766 3936 2984 4006 Ὥσπερ
3021 3934 3132 4005 γὰρ
3165 3933 3443 3988 κοινωνῶν
3472 3933 3554 4005 τῷ
3603 3933 3784 4005 Πατρὶ

2189 4035 2218 4085 ὁ
2242 4031 2375 4095 Υἱὸς
2405 4031 2500 4084 τοῦ
2530 4032 2593 4085 τὸ
2631 4029 2857 4100 Πνεῦμα
2907 4028 3135 4098 Πνεῦμα
3178 4023 3321 4081 εἶναι
3352 4026 3548 4092 αὑτοῦ,
3588 4026 3783 4095 ὥσπερ

2191 4121 2411 4178 καὶτοῦ
2445 4121 2683 4190 Πατρδς,
2732 4121 2829 4174 κα)⁸
2867 4117 2962 4172 τοῦ
3022 4118 3155 4188 παρ’
3200 4114 3392 4183 αὐτοῦ,
3440 4114 3634 4184 ὥσπερ
3684 4114 3781 4168 καὶ

2192 4214 2480 4286 παρλτοῦ
2517 4215 2756 4283 Πατρὸς,
2784 4209 3243 4274 ἀποστέλλεσθαι,
3277 4209 3430 4278 ὅμως
3463 4210 3521 4261 οὐ
3559 4208 3657 4261 καὶ
3686 4206 3783 4260 τοῦ

2193 4310 2490 4381 προσώπου
2518 4307 2687 4361 αὑτοῦ
2714 4306 2983 4369 κοινωνεῖ,
3042 4303 3181 4356 διότι
3203 4302 3265 4355 τὸ
3288 4302 3350 4354 τὸ
3371 4300 3598 4369 Πνεῦμα
3621 4299 3784 4366 λέγε-

2194 4405 2320 4457 σθαι
2350 4403 2445 4457 τοῦ
2499 4402 2735 4473 Πατρδς,
2764 4401 2798 4471 ἣ
2828 4400 2962 4466 παρ’
2995 4396 3163 4453 αὐτοῦ
3200 4394 3652 4460 ἀποστέλλεσθαι,
3681 4394 3781 4447 οὐκ

2193 4499 2309 4550 ἐστι
2367 4496 2461 4550 τοῦ
2511 4493 2786 4564 πατρικοῦ
2823 4491 3121 4563 προσώπου
3187 4489 3550 4544 συστατικόνο
3604 4488 3779 4543 οὕτως

503 4604 682 4657 neque
714 4588 768 4642 in
804 4588 1161 4657 producendo
1201 4590 1475 4657 particeps
1534 4596 1594 4642 et
1635 4585 1821 4643 socius
1880 4585 2079 4653 lactus,

2196 4591 2317 4644 οὐδὲ
2356 4590 2449 4642 τοῦ
2472 4586 2809 4659 προϐάλλειν
2837 4584 3118 4640 κοινωνῶν
3146 4580 3225 4655 τῷ
3258 4584 3437 4653 Πατρ¹ι
3461 4584 3542 4645 εἰς
3570 4580 3629 4633 ἒν
3663 4578 3780 4650 μετ’

502 4696 627 4734 ιιιιιιι
658 4681 828 4735 coita
870 4681 1168 4743 miscetur,
1203 4690 1263 4733 ut
1291 4695 1455 4733 unam
1491 4693 1783 4749 personam
1826 4676 2087 4739 efﬁciant,

506 4770 774 4843 quoniam
827 4769 1136 4838 producere
1206 4785 1316 4825 non
1359 4780 1444 4824 est
1494 4768 1917 4825 conetitutivum
1965 4782 2092 4835 per-

504 4880 654 4919 sona:
689 4861 888 4917 Patris.
928 4863 1298 4933 Quapmpter,
1347 4861 1595 4931 quandiu
1645 4878 1754 4917 non
1785 4861 2093 4917 ostenderit

504 4957 708 5028 aliquis
772 4957 1078 5026 producere
1145 4954 1569 5011 constitutivum
1651 4971 1778 5011 esse
1839 4969 2094 5026 persona:

496 5050 686 5106 Patris
709 5094 724 5119 ,
778 5063 961 5119 neque
1000 5048 1415 5118 permistionem
1453 5063 1819 5118 personarum
1857 5048 2093 5119 probare

507 5144 729 5214 poterit.
769 5140 874 5197 Sed
906 5142 1213 5214 producere
1244 5141 1668 5195 constitutivum
1691 5156 1815 5195 esse
1843 5156 2095 5211 persona;

501 5239 704 5302 ιἰιιιις,
765 5236 1003 5305 probare
1055 5249 1164 5289 non
1220 5244 1397 5304 petest
1456 5250 1470 5287 :
1529 5235 1610 5288 sic
1674 5236 1824 5289 enim
1882 5232 2091 5302 dttpiict

509 5344 743 5396 persona
787 5326 1082 5397 praeditum
1111 5365 1128 5392 ,
1154 5316 1410 5396 duasque
1444 5326 1739 5382 habentem
1770 5327 2095 5397 hypostases

511 5423 726 5477 Patrem
789 5418 1112 5477 emendaret
1140 5422 1244 5491 (l),
1275 5420 1414 5476 utin
1446 5421 1722 5490 principio
1744 5420 1950 5475 dictum
1986 5430 2091 5483 est,

509 5513 656 5583 quod
725 5522 814 5568 est
864 5513 1195 5571 absurdum.
1258 5513 1510 5580 Denique
1565 5512 1912 5582 producere.
1973 5528 2095 5568 esse

510 5607 933 5662 constitutivum
989 5607 1189 5674 Patris,
1252 5616 1310 5662 et
1362 5621 1392 5660 a
1443 5606 1561 5661 solo
1596 5607 1757 5661 Patre
1793 5608 2096 5675 procedere

513 5698 783 5769 Spiritum
810 5712 1083 5763 sanctum,
1117 5716 1287 5755 unum
1339 5711 1395 5755 et
1432 5700 1577 5755 idem
1615 5708 1700 5754 est
1742 5717 1757 5754 :
1798 5716 1967 5769 quare
2000 5702 2095 5771 qui

588 5878 665 5951 (1)
704 5879 769 5933 Et
805 5882 968 5934 etiam
1000 5882 1240 5951 Spiritus
1258 5893 1404 5938 esset
1438 5881 1629 5935 Filius.

2194 4683 2362 4738 αὑτοῦ
2397 4681 2784 4750 συναλείφεται
2830 4680 3152 4748 πρόσωπον.
3185 4677 3335 4730 Διὸτι
3364 4676 3425 4728 τὸ
3451 4674 3781 4746 προϐάλλειν

2193 4779 2254 4830 οὐ
2290 4776 2615 4829 συστατικὶν
2672 4772 2766 4827 τοῦ
2804 4772 3100 4843 προσώπου
3149 4772 3245 4825 τοῦ
3286 4769 3583 4842 πατρικοῦ.
3619 4771 3780 4821 Ὥστε

2193 4871 2296 4934 ἓως
2332 4869 2399 4924 ἂν
2429 4868 2503 4941 μὴ
2534 4869 2686 4939 δείξῃ
2716 4885 2799 4932 τις
2847 4866 2906 4919 τὸ
2940 4864 3275 4935 προϐάλλειν
3324 4863 3652 4917 συστατικόν
3688 4857 3780 4914 τοῦ

2197 4964 2494 5033 προσώπου
2517 4960 2609 5014 τοῦ
2640 4957 2937 5031 πατρικοῦ,
2967 4958 3091 5011 οὐδὲ
3115 4956 3454 5027 συναλοιφὴν
3476 4957 3586 5010 τῶν
3615 4969 3782 5025 προσ-

2195 5055 2362 5109 ώπων
2387 5052 2590 5108 δύναιτ’
2614 5053 2681 5106 ἂν
2712 5053 2907 5118 δεῖξαι.
2943 5050 3104 5105 Ἀλλὰ
3129 5050 3191 5103 τὸ
3223 5048 3553 5121 προϐάλλειν
3582 5063 3781 5101 συστα-

2195 5147 2347 5199 τικὸν
2376 5141 2519 5199 εἶναι
2550 5145 2643 5197 τοῦ
2683 5145 2899 5215 Πατρδς
2922 5143 3095 5207 δείξαι
3118 5142 3181 5195 οὐ
3207 5141 3457 5196 δύναται.
3491 5140 3649 5193 Οῦτω
3673 5138 3779 5206 γὰρ

2182 5240 2265 5293 σᾶν
2294 5238 2647 5309 διπρόσωπον
2679 5238 2768 5291 τὸν
2801 5237 3044 5306 Πατέρα,
3078 5237 3174 5288 καὶ
3206 5234 3403 5297 διπλᾶς
3427 5231 3625 5303 ἔχοντα
3648 5232 3778 5283 ἁπο-

2199 5333 2421 5400 φῂνειεν
2454 5329 2811 5392 ὑποστάσεις,
2832 5328 2907 5392 ὡς
2942 5331 3001 5382 ἐν
3032 5329 3178 5399 ἀρχῇ
3208 5328 3453 5399 είρηται,
3486 5327 3626 5397 ὅπερ
3655 5324 3779 5377 ἄτο-

2202 5440 2321 5478 πον.
2358 5423 2569 5487 Ἄλλως
2604 5439 2666 5476 τε
2699 5423 2757 5476 τὸ
2792 5421 3123 5487 προϐάλλειν
3162 5416 3304 5474 εἶναι
3336 5418 3661 5473 συστατικδν
3687 5411 3777 5465 το]

2204 5513 2436 5587 Πατρδς,
2469 5517 2566 5569 καὶ
2600 5514 2663 5568 τὸ
2694 5516 2846 5586 παρὰ
2897 5515 3063 5586 μόνου
3094 5513 3188 5567 τοῦ
3227 5511 3445 5585 Πατρδς
3479 5508 3778 5581 ἐκπορεύε-

2204 5609 2326 5663 σθαι
2351 5609 2412 5661 τὸ
2444 5607 2671 5681 Πνεῦμα
2692 5610 2752 5663 τὸ
2784 5608 2965 5677 ἅγιον,
2992 5609 3052 5660 ἓν
3096 5609 3213 5661 ἐστι
3252 5608 3346 5661 καὶ
3374 5607 3573 5659 ταυτόν
3596 5621 3607 5633 ·
3641 5601 3779 5655 ὥστε

2200 5706 2227 5755 ὁ
2256 5703 2413 5765 τοῦτο
2454 5704 2634 5771 λέγων
2670 5701 2729 5757 τδ
2763 5701 3097 5772 ζητούμενον
3145 5700 3441 5770 λαμϐάνει.
3478 5699 3683 5752 Τούτου
3726 5690 3779 5744 δὲ
