4086 6402
499 420 597 484 ξέοι

1488 413 1989 479 BESSARIONIS
2019 415 2080 477 S.
2116 418 2186 477 Π.
2222 417 2291 478 Ε.
2320 415 2791 502 CAllDlNAIJS

3681 419 3802 484 3'92

501 553 692 604 causa,
747 551 988 592 unumvc
1039 527 1382 605 principium
1429 535 1800 604 processionis
1842 533 2116 605 Spiritus

2220 534 2285 587 ,αὶ
2317 536 2344 586 6
2377 533 2504 598 Υἱὸς
2553 535 2614 586 τὸ
2652 533 2878 602 Πνεῦμα
2915 532 3306 602 προϐάλλουσι,
3337 535 3434 589 καὶ
3463 534 3550 589 ὅτι
3583 537 3645 589 ὲκ
3686 537 3798 590 τοῦ

503 629 706 693 sancti,
765 629 895 698 quia
952 641 1056 680 una
1088 625 1394 696 eademque
1429 627 1706 695 potentia,
1734 625 1897 680 Pater
1921 627 2085 679 simul

505 739 567 776 ac
623 722 820 785 Filius,
856 719 1128 790 Spiritum
1181 718 1540 787 producunt;
1584 726 1641 773 et
1665 718 1793 786 quia
1822 732 1890 770 ex
1914 718 2082 772 Patre

506 815 648 869 lianc
685 811 1028 882 producendi
1081 809 1386 880 potentiam
1430 791 1598 864 liabet
1646 809 1845 874 Filius,
1880 809 1946 862 ad
1982 809 2088 862 ltoc

507 902 854 973 probandum
905 901 1144 958 maxime
1190 901 1436 970 quidem,
1505 908 1565 954 ut
1616 899 1828 954 dictum
1883 906 1994 963 est,
2037 907 2093 951 et

511 995 626 1050 ltazc
691 994 828 1049 satis
864 1000 1089 1059 essent;
1147 991 1465 1046 ostenditur
1493 1003 1675 1046 tamen
1711 991 1813 1044 ltoc
1841 988 2010 1050 idem,
2038 996 2094 1042 ct

512 1087 754 1142 ratione.
813 1084 1034 1140 Etenim
1084 1082 1196 1139 duo
1225 1098 1353 1138 cum
1387 1081 1521 1151 sint,
1549 1091 1611 1136 ut
1636 1081 1845 1136 dictum
1882 1091 1992 1143 est,
2024 1079 2093 1132 ad

512 1195 636 1250 quae
681 1195 845 1235 omne
886 1179 1036 1249 quod
1104 1175 1476 1247 producitur,
1535 1173 1814 1238 refertur,
1879 1172 2094 1243 species

512 1273 748 1338 scilicet,
782 1270 1090 1326 secundum
1124 1285 1291 1340 quam
1355 1265 1712 1339 producitur,
1744 1273 1801 1320 et
1832 1264 2094 1334 supposi-

517 1376 656 1427 tum,
721 1378 817 1418 seu
872 1377 1132 1432 persona,
1187 1352 1264 1416 'ex
1327 1375 1436 1429 qua
1467 1356 1905 1429 producitur:si
1937 1355 2098 1410 Pater

514 1450 740 1520 quidem
793 1457 850 1503 et
893 1450 1082 1515 Filius,
1121 1447 1586 1519 quemadmodum
1627 1447 1739 1502 duo
1795 1455 1926 1502 sunt
1978 1460 2100 1514 per-

514 1544 688 1608 sonis,
746 1543 820 1598 ita
878 1556 1098 1613 quoquc
1156 1544 1366 1613 specie,
1419 1541 1726 1596 secundum
1761 1554 1929 1617 quam
1971 1553 2098 1608 pro-

515 1636 728 1691 ducunt
762 1633 1049 1705 Spiritum,
1095 1631 1207 1688 duo
1250 1641 1462 1696 essent,
1503 1640 1560 1687 et
1591 1631 1822 1687 omnino
1857 1631 1913 1684 iu
1957 1630 2100 1686 duas

517 1739 704 1798 partes
749 1737 1072 1784 seearentur
1109 1741 1173 1782 ac
1201 1725 1617 1791 dividerentur;
1659 1733 1789 1780 tunc
1815 1740 1947 1780 sane
1994 1739 2102 1778 non

515 1834 660 1878 esset
687 1825 908 1886 mirum,
985 1822 1094 1875 imo
1143 1835 1275 1876 vero
1333 1828 1389 1874 et
1445 1818 1819 1874 necessarium
1864 1816 2103 1888 ‘dieere

2193 625 2406 695 Πατρός
2441 627 2556 696 ἔχει
2582 625 2767 679 λαϐὼν
2801 629 2827 680 ὀ
2872 626 3001 689 Υἱὸς
3035 629 3136 695 τὴν
3181 628 3586 697 ὲκπορευτικῆν
3623 627 3804 682 δῦνα-

2197 737 2290 786 μιν
2343 718 2572 789 ταύτην,
2623 719 2712 773 διὰ
2759 719 2918 773 τοῦτο
2969 722 3178 790 κυρὲως
3225 713 3320 772 καὶ
3373 721 3591 791 ἀληθῶς
3633 717 3723 783 εἷς
3765 724 3798 774 6

2196 810 2368 874 αἴτιος
2404 811 2498 864 καὶ
2539 811 2639 880 μία
2672 812 2816 881 ἀρχὴ
2861 812 2962 881 τῆς
3003 811 3097 864 τοῦ
3140 813 3461 880 Πνεὺματος
3516 815 3804 880 ἐκπορεύ-

2197 921 2357 968 σεως,
2385 904 2623 972 μάλιστα
2653 905 2754 972 μὲν
2779 901 2893 968 οῦν,
2925 905 3000 967 ὡς
3023 906 3239 977 εἴρηται
3274 907 3435 959 ἰκανὰ
3457 910 3551 960 καὶ
3573 906 3760 960 ταῦτα
3783 922 3799 936 ⁸

2195 995 2480 1050 δείκνυται
2515 997 2572 1050 δὲ
2610 999 2759 1068 ὅμως
2795 1002 2854 1052 το
2879 998 3012 1051 αὐτὸ
3046 997 3209 1052 τοῦτο
3244 1001 3338 1052 καί
3369 1001 3434 1052 ὲκ
3469 999 3564 1052 τοῦ
3597 999 3802 1067 λόγου.

2197 1089 2354 1139 Δυοῖν
2385 1087 2494 1158 γάρ
2517 1088 2712 1155 δντοιν,
2742 1087 2817 1148 ὡς
2837 1087 3078 1158 εἴρηται,
3103 1089 3181 1152 εἰς
3209 1088 3244 1143 ἀ
3275 1089 3384 1142 πᾶν
3405 1090 3804 1159 προαγόμενον

2199 1179 2558 1250 ἀναφέρεται,
2610 1179 2704 1233 τοῦ
2751 1197 2812 1233 τε
2859 1181 3062 1245 είδους,
3098 1181 3220 1233 καθ’
3254 1181 3282 1234 ὃ
3326 1183 3654 1250 προάγεται,
3696 1183 3805 1234 καὶ

2197 1271 2295 1326 τοῦ
2330 1272 2696 1342 ὑποκειμένου
2733 1272 2764 1344 ἢ
2800 1271 3101 1343 προσώπου
3132 1271 3188 1338 ὲξ
3213 1266 3298 1338 οὗ,
3334 1275 3384 1324 εἰ
3413 1274 3513 1341 μὲν
3546 1275 3574 1325 ὁ
3600 1272 3804 1341 Πατὴρ

2201 1367 2297 1418 καὶ
2325 1367 2355 1418 ό
2383 1363 2749 1436 Υἱὸς,-ῶσπερ
2784 1364 2878 1418 δύο
2913 1367 3034 1427 ταῖς
3074 1364 3470 1429 ὑποστάσεσιν,
3493 1365 3670 1428 οὕτως
3701 1363 3806 1419 καὶ

2201 1455 2282 1527 τῷ
2307 1455 2440 1510 εῖδει
2463 1455 2588 1509 καθ’
2619 1455 2649 1508 ὃ
2677 1454 2738 1509 τὺ
2770 1455 2998 1526 Πνεῦμα
3032 1454 3339 1526 προάγουσι
3363 1454 3458 1509 δύο
3487 1450 3660 1528 ἦσαν,
3700 1456 3806 1508 καὶ

2207 1547 2486 1612 παντελῶς
2511 1547 2943 1618 ὶδιχοτομοῦντο,
2985 1547 3097 1601 τότ’
3129 1545 3196 1601 ἂν
3226 1541 3340 1617 εἶχε
3375 1545 3559 1616 λόγον,
3587 1546 3808 1618 μᾶλλον

2204 1638 2250 1694 δ’
2278 1635 2349 1710 ἦν
2394 1640 2698 1707 ἀναγκαῖον
2740 1637 2833 1692 δύο
2862 1637 3041 1708 ἀρχάς
3090 1637 3276 1706 λέγειν
3305 1636 3400 1693 τοῦ
3435 1639 3766 1708 Πνεύματος
3787 1657 3804 1673 ο

2207 1732 2332 1785 ἐπεὶ
2379 1731 2436 1784 δὲ
2476 1731 2527 1784 εί
2577 1731 2674 1785 καὶ
2707 1730 2774 1784 τά
2831 1729 3076 1800 μάλιστα
3107 1729 3202 1784 δύο
3249 1733 3371 1795 ταῖς
3421 1731 3810 1785 ὑποστάσεσι-δ

2209 1823 2628 1896 ὁμολογοῦνται,
2678 1822 2756 1895 τῷ
2787 1840 2852 1893 γε
2895 1824 3005 1894 μὴν
3049 1824 3202 1886 εῖδει,
3243 1816 3288 1892 ᾧ
3331 1823 3694 1892 προάγουσιν,
3744 1825 3807 1878 ἓ)

515 1913 628 1970 duo
661 1913 932 1985 principia
951 1911 1192 1983 Spiritus
1218 1911 1417 1977 sancti;
1442 1925 1590 1966 nunc
1613 1925 1766 1976 vero,
1792 1923 2107 1980 quanquam

2220 1917 2323 1969 εισι
2354 1914 2432 1985 τῷ
2464 1913 2686 1985 ἀριθμῷ
2716 1916 2810 1967 καὶ
2853 1911 3137 1975 παντελῶς
3165 1909 3658 1982 ἀδιαίρετοι.Ἕστι
3693 1913 3809 1980 γὰρ

519 2007 867 2077 potissimum
894 2006 1004 2061 duo
1037 2020 1160 2061 esse
1183 2004 1571 2076 ltypostasibus
1598 2002 1740 2058 inter
1763 2016 1958 2058 omnes
1973 2015 2106 2056 con-

517 2110 648 2164 stat,
677 2098 806 2169 quia
839 2105 1022 2153 tamen
1047 2096 1252 2168 Specie,
1277 2111 1386 2166 qua
1414 2097 1746 2165 producunt,
1773 2109 1944 2149 unum
1977 2105 2109 2152 sunt

521 2205 775 2255 numero,
807 2198 864 2245 et
897 2190 1124 2244 omnino
1165 2187 1582 2254 indivisibiles;
1620 2202 1706 2242 es:
1733 2187 1883 2242 enim
1919 2185 2108 2241 divina

517 2284 780 2348 essentia,
810 2281 1116 2339 secundum
1142 2295 1310 2352 quam
1341 2279 1506 2335 ambo
1535 2277 1808 2350 Spiritum
1842 2286 2104 2334 sanctum

520 2376 855 2446 producunt,
911 2390 1019 2429 una
1098 2372 1408 2443 eademque
1485 2385 1722 2427 numero
1792 2369 2108 2425 communis

519 2470 790 2525 ambobus
851 2467 1165 2532 exsisleus;
1225 2482 1337 2522 non
1383 2475 1471 2521 est
1499 2464 1905 2531 necessarium,
1939 2473 2108 2534 atque

519 2565 660 2619 adeo
709 2563 862 2618 nullo
919 2562 1084 2617 modo
1153 2560 1272 2616 ﬁeri
1324 2568 1531 2631 potest,
1589 2567 1652 2614 ut
1700 2557 1813 2612 duo
1843 2555 2106 2626 dicantur

527 2657 820 2730 principia.
855 2657 953 2712 Est
981 2655 1128 2712 enim
1163 2669 1270 2708 una
1333 2651 1676 2717 essentialis,
1711 2658 1769 2706 et
1796 2649 2112 2704 communis

524 2753 658 2824 ipsis
711 2749 1042 2822 productiva
1078 2751 1163 2802 vis
1203 2758 1260 2802 et
1285 2747 1554 2816 potentia.
1593 2744 1727 2811 Quae
1769 2744 2022 2813 quidem,
2053 2755 2112 2800 et

522 2849 568 2901 si
619 2844 932 2900 essentialis
999 2839 1146 2896 haud
1210 2839 1380 2895 dubie
1440 2837 1770 2894 conceditur
1797 2852 1947 2905 esse,
1998 2852 2111 2892 nou

528 2948 712 3010 potest
735 2949 919 2994 tamen
951 2933 1263 2991 communis
1286 2948 1410 2989 esse
1441 2932 1552 2987 illis
1580 2946 1708 2986 cum
1740 2929 1953 3002 Spiritu
1982 2945 2114 2986 sano

525 3043 654 3096 (to,
713 3029 882 3101 quod.
929 3035 990 3081 ut
1042 3041 1184 3096 saepe
1235 3024 1445 3079 dictum
1503 3021 1963 3093 est,pr0prietati
1993 3021 2115 3091 ejus

530 3129 841 3194 repugnet;
907 3117 1093 3172 omnia
1142 3115 1294 3173 enim
1371 3125 1504 3170 sunt
1558 3115 1698 3170 Filio
1759 3129 1825 3170 ac
1879 3112 2113 3183 Spiritui

2211 2011 2244 2079 ή
2278 2009 2398 2063 Θεία
2425 2008 2606 2075 οὐσία,
2640 2007 2766 2062 καθ’
2798 2007 2866 2081 ἢν
2893 2009 3066 2078 ἀμφω
3097 2005 3158 2060 τδ
3191 2005 3352 2074 ἅγιον
3399 2006 3626 2075 Πνεῦμα
3661 2023 3810 2075 προ-

2209 2105 2426 2172 ἀγουσι,
2465 2102 2562 2172 μία
2586 2100 2682 2155 καὶ
2707 2102 2743 2171 ἡ
2766 2099 2907 2170 αὑτὴ
2941 2099 3164 2170 ἀριθμῷ
3197 2098 3351 2169 κοινὴ
3378 2096 3517 2150 οὖσα
3547 2099 3769 2167 ἀμφοῖν
3792 2114 3806 2127 ·

2209 2195 2312 2249 οὐκ
2342 2195 2668 2263 ἀναγκαῖον,
2719 2191 2924 2262 μᾶλλον
2973 2189 3032 2242 δὲ
3077 2188 3340 2244 ἀδύνατον
3374 2189 3470 2243 δύο
3503 2189 3683 2259 ἀρχὰς
3718 2189 3812 2242 M-

2209 2296 2349 2353 γειν.
2385 2284 2541 2338 Ἔστι
2577 2283 2688 2355 γὰρ
2725 2283 2823 2353 μία
2865 2283 2898 2353 ἡ
2935 2282 3206 2352 οὐσιὼδης
3269 2283 3365 2337 καὶ
3409 2284 3562 2352 κοινὴ
3613 2282 3810 2336 αὐτῶν

2212 2375 2558 2449 προδλητικὴ
2585 2376 2816 2448 δύναμις
2847 2392 2861 2408 ⁸
2903 2376 3026 2448 ἥτις
3059 2377 3108 2430 εί
3149 2377 3245 2429 καὶ
3293 2375 3562 2444 οῠσιώδης
3601 2375 3814 2447 ὁμολο-

2211 2472 2414 2538 γεῖται,
2459 2472 2521 2523 οὐ
2569 2471 2798 2525 δύναται
2847 2471 2998 2539 ὅμως
3029 2467 3169 2524 εἶναι
3198 2469 3356 2541 κοινὴ
3400 2469 3482 2540 τῷ
3516 2471 3812 2539 Πνεῦματι

2210 2562 2290 2633 τῷ
2315 2562 2477 2632 ἀγίῳ,
2514 2562 2604 2616 διά
2637 2561 2720 2629 τὸ,
2764 2561 2842 2626 ὡς
2876 2561 3138 2624 πολλάκις
3179 2560 3420 2633 εἴρηται,
3453 2561 3811 2632 ἀντικεῖσθαι

2212 2658 2280 2726 τῇ
2309 2654 2474 2708 αὑτοῦ
2508 2653 2756 2725 ἰδιότητι.
2790 2655 3018 2709 Πάντων
3045 2653 3156 2723 γὰρ
3184 2653 3262 2725 τῷ
3301 2650 3480 2723 Πατρλ.
3508 2655 3814 2708 κοινωνοῦ-

2217 2762 2300 2798 σιν
2327 2747 2356 2798 6
2383 2745 2512 2809 Υίδς
2539 2745 2638 2799 καὶ
2671 2746 2732 2799 τὺ
2781 2743 3008 2814 Πνεῦμα
3052 2747 3116 2799 τδ
3167 2745 3348 2813 ἅγιον,
3398 2745 3475 2806 ὼς
3505 2746 3602 2798 καὶ
3643 2745 3814 2800 τοῦτο

2213 2837 2314 2889 οὐκ
2343 2836 2595 2903 ὀλιγάκις
2623 2835 2862 2905 εἴρηται,
2901 2836 3272 2906 φυλάττοντες
3306 2837 3527 2908 πρῶτον
3550 2836 3652 2901 τὰς
3681 2838 3815 2891 ἑαυ-

2213 2927 2324 2982 τῶν
2357 2929 2654 2999 ἰδιότητας.
2695 2929 2884 2983 Πάντα
2938 2929 3051 2999 γάρ
3101 2930 3251 2982 ἐστιν
3284 2930 3313 2982 6
3359 2930 3480 2994 Υἱὸς
3503 2929 3602 2984 ὅσα
3649 2931 3751 2983 καὶ
3783 2933 3814 2984 6

2218 3024 2435 3095 Πατὴρ,
2467 3021 2609 3076 κατὰ
2639 3024 2733 3075 τὸν
2776 3023 2951 3092 μέγαν
2987 3023 3275 3076 Βασίλειον
3310 3025 3404 3077 καὶ
3446 3025 3573 3086 τοὺς
3605 3023 3816 3088 ἄλλους

2219 3111 2598 3177 διδασκάλους,
2633 3112 2814 3182 μένων
2845 3115 2902 3164 ὲν
2929 3111 3008 3181 τῷ
3031 3108 3172 3166 εἶναι
3204 3113 3353 3180 Υἱὸς,
3385 3113 3506 3184 ἦτοι
3542 3113 3640 3183 τὴν
3674 3115 3814 3168 ἑαυ-

531 3225 724 3288 sancto
776 3228 900 3292 eum
951 3211 1112 3266 Patre
1142 3208 1456 3264 communia
1483 3251 1497 3275 ,
1526 3219 1586 3265 ttt
1617 3217 1673 3264 et
1707 3207 1816 3264 hoc
1844 3223 1958 3262 non
1990 3221 2116 3261 raro

2220 3205 2314 3259 τοῦ
2361 3205 2546 3276 τηρῶν
2597 3205 2860 3275 ἰδιότητα.
2902 3206 2962 3258 Ei
2995 3206 3103 3276 γὰρ
3135 3207 3234 3259 καὶ
3277 3207 3346 3260 τά
3396 3207 3638 3276 μάλιστα
3691 3207 3818 3272 τσος

531 3308 740 3362 dictum
795 3313 901 3365 est,
945 3300 1180 3357 servatis
1232 3299 1350 3354 suis
1407 3297 1875 3369 proprietatibus;
1930 3296 2116 3352 omnia

2220 3298 2316 3352 καὶ
2349 3298 2535 3369 ὅμοιός
2593 3299 2714 3350 ἐστι
2761 3297 2841 3368 τῷ
2901 3299 3096 3366 Πατρὶ,
3158 3300 3354 3369 γεννᾷν
3412 3299 3601 3368 μέντοι
3640 3301 3817 3353 αὐτὸν

531 3399 681 3451 enim
745 3406 832 3450 est
868 3392 1054 3447 .Filius
1113 3404 1457 3461 qtnecuuque
1492 3397 1550 3443 et
1583 3387 1767 3452 Pater,
1797 3387 2113 3442 secundum

530 3505 800 3560 magnum
861 3485 1148 3546 Basiliuut,
1181 3491 1544 3552 cmtcrosqua:
1571 3479 1835 3536 doctores
1857 3521 1870 3544 .
1897 3495 2120 3550 perma-

531 3597 671 3639 nens
724 3582 778 3636 in
803 3595 870 3636 eo
901 3577 1048 3648 quod
1067 3577 1144 3632 sit
1181 3575 1374 3640 Filius,
1421 3575 1528 3629 hoc
1557 3583 1643 3630 est
1669 3587 1825 3629 suam
1863 3572 2118 3644 proprie-

533 3687 702 3732 tatem
758 3673 1027 3728 retinens.
1108 3669 1352 3724 Tametsi
1426 3667 1576 3723 enim
1635 3681 1804 3736 quam
1873 3665 2118 3720 maxime

530 3765 758 3837 aequalis
803 3772 860 3820 et
915 3761 1113 3818 similis
1164 3769 1248 3816 est
1281 3759 1452 3823 Patri,
1485 3758 1601 3828 ipse
1635 3766 1817 3812 tamen
1847 3771 2118 3828 generare

532 3865 776 3936 seipsum
830 3859 1056 3916 minime
1110 3867 1338 3930 potest;
1394 3856 1541 3927 quod
1580 3854 1754 3926 ipsius
1788 3853 2118 3925 proprietati

533 3967 822 4028 repugnet.
871 3953 1040 4026 Igitur
1105 3961 1162 4007 et
1214 3948 1455 4021 Spiritus
1510 3956 1738 4003 sanctus
1783 3945 1968 4000 omnia
2009 3945 2118 4000 sibi

535 4051 705 4106 habet
749 4064 874 4104 cum
917 4045 1080 4101 Patre
1112 4043 1364 4111 Filioque
1415 4041 1734 4097 communia
1758 4079 1774 4106 ,
1799 4055 2032 4096 manens
2061 4040 2117 4095 in

2217 3389 2412 3441 ἑαυτὸν
2450 3386 2511 3439 οὐ
2549 3385 2797 3452 δύναται,
2835 3387 2923 3440 διὰ
2955 3387 3016 3439 τὸ
3051 3387 3322 3456 μάχεσθαι
3350 3387 3427 3456 τῷ
3462 3388 3632 3440 αὐτοῦ
3669 3389 3824 3443 ἰδιώ-

2224 3479 2610 3551 ματι.οὑκοῦν
2638 3480 2734 3532 καὶ
2763 3479 2824 3532 τὸ
2859 3479 3083 3555 Πνεῦμα
3126 3481 3189 3533 τὸ
3223 3482 3380 3542 ᾶγιον
3425 3479 3648 3534 πάντων
3687 3497 3822 3535 κοι-

2217 3575 2382 3626 νωνεῖ
2429 3571 2507 3642 τῷ
2558 3573 2738 3643 Πατρὶ
2767 3572 2866 3626 καὶ
2909 3571 2991 3644 τῷ
3045 3572 3182 3644 mp,
3245 3578 3407 3642 μένον
3451 3573 3512 3627 ιν
3553 3573 3632 3645 τῷ
3664 3571 3819 3630 εῖναι

2230 3666 2483 3738 Πνεῦμα,
2518 3667 2640 3736 ἤτοι
2673 3665 2848 3730 σῶζον
2888 3665 2988 3738 τὴν
3025 3666 3219 3720 ἑαυτοῦ
3262 3665 3525 3737 ἰδιότητα.
3551 3668 3722 3723 Ὂοεν
3752 3672 3816 3723 οὐ

2228 3761 2452 3814 δύναται
2499 3760 2830 3832 προϐάλλειν
2864 3760 3048 3825 ἑαυτό,
3089 3761 3274 3814 καίτοι
3326 3762 3551 3816 πάντων
3599 3763 3823 3828 ἑαυτοῖς

2231 3852 2550 3921 κοινωνοῦν,
2593 3854 2684 3907 διὰ
2738 3854 2800 3908 τὸ
2859 3853 3134 3925 μάχεσθαι
3186 3853 3347 3909 τοῦτο
3396 3858 3464 3927 τῇ
3517 3857 3821 3914 ὑποστάσει

2233 3947 2420 4003 αὐτοῦ.
2457 3947 2622 4001 Ὥστε
2655 3946 2960 4018 οὐδαμόθεν
3003 3945 3230 4017 εὔλογος
3261 3951 3287 4001 ὀ
3315 3947 3476 4018 λόγος
3513 3952 3630 4014 τοῖς
3663 3951 3822 4021 διαρ-

2235 4043 2358 4112 χίαν
2400 4041 2690 4111 ἐγκαλοῦσι
2717 4043 2995 4106 Λατίνοις.
3483 4072 3496 4083 ι
3587 4033 3606 4048 ’

533 4166 602 4203 eo
662 4146 812 4221 quod
868 4147 940 4201 sit
993 4143 1260 4214 Spiritus,
1291 4141 1396 4199 hoc
1424 4150 1511 4196 est
1540 4153 1770 4196 servans
1843 4153 2001 4193 suam
2068 4141 2492 4212 proprietatem.
2553 4140 2710 4198 Unde
2769 4157 2880 4196 nou
2937 4150 3119 4213 potest.
3183 4145 3428 4215 seipsum
3489 4148 3821 4216 producere,

532 4251 666 4304 licet
695 4243 946 4302 omnium
1000 4241 1276 4312 particeps
1325 4237 1437 4302 ﬁat,
1478 4237 1626 4307 quod
1695 4237 1875 4306 ipsum
1937 4251 2190 4305 persona:
2230 4239 2409 4309 ipsius
2473 4247 2768 4308 repugnet.
2825 4238 3010 4306 Quare
3065 4239 3219 4294 nulla
3277 4255 3344 4298 ex
3399 4252 3558 4311 parte
3590 4242 3738 4313 justa
3769 4257 3825 4302 et

537 4340 820 4398 rationalis
878 4348 963 4393 est
1019 4349 1216 4391 eorum
1270 4332 1700 4404 argumentatio,
1763 4332 1858 4401 qui
1916 4331 2121 4402 duplex
2167 4333 2506 4403 principium
2538 4333 2756 4388 Latinis
2785 4333 3080 4405 objiciunt.

739 4474 947 4530 Salutio
978 4470 1198 4526 absurdi
1223 4470 1370 4523 ducti
1398 4470 1464 4523 ab
1497 4468 1919 4539 imperfectione.

600 4616 815 4672 “Verum
846 4575 1023 4675 aiunt,
1061 4609 1156 4665 Vel
1187 4608 1430 4680 perfecta
1461 4616 1547 4662 est
1606 4606 1898 4677 productio
1923 4607 2130 4669 Patris,
2168 4590 2210 4644 θ

542 4725 596 4764 ct
641 4725 779 4763 vana
841 4706 951 4762 erit
1010 4721 1076 4759 ex
1115 4701 1253 4756 Filio
1289 4701 1415 4755 :vel
1445 4701 1492 4755 si
1531 4700 1846 4754 necessaria
1871 4708 1959 4755 est
1993 4712 2123 4769 pro-

543 4803 732 4859 ductio
765 4799 911 4864 Filii,
945 4797 1264 4866 imperfecta
1333 4803 1419 4848 est
1440 4793 1649 4848 Patris.
1679 4791 1792 4846 Hoc
1813 4803 2000 4846 autem
2033 4792 2132 4844 ab~

545 4895 776 4953 surdum
817 4902 924 4958 est,
957 4887 1334 4959 imperieaaut
1391 4887 1580 4940 dicere
1619 4886 1998 4955 operationem
2027 4882 2133 4938 Pa-

548 4993 671 5053 tris,
699 4999 756 5044 et
786 4985 852 5042 ad
887 4983 1281 5055 perfectionem
1308 4979 1557 5050 indigere
1592 4979 1755 5032 Filio.

615 5083 736 5139 .Nos
789 5093 921 5135 vero
948 5077 1013 5131 ad
1041 5075 1159 5129 haec
1214 5073 1472 5138 dicimus,
1499 5072 1648 5142 quod
1682 5071 1778 5141 qui
1810 5071 1969 5125 aiunt
2006 5070 2133 5136 ista,

555 5179 816 5236 videntur
867 5175 920 5227 in
980 5169 1241 5226 omnibus
1289 5165 1538 5230 Patrem,
1578 5182 1638 5220 ac
1662 5165 1865 5220 Filium
1916 5179 2140 5220 eorum-

555 5287 665 5343 que
712 5266 1064 5338 operationes
1111 5275 1303 5323 secare
1364 5274 1428 5314 ac
1489 5257 1760 5322 dividere,
1790 5258 1848 5312 in
1880 5255 2140 5310 humanis

553 5361 821 5430 exemplis
880 5356 1107 5414 omnino
1159 5352 1353 5406 innixi.
1391 5351 1457 5405 Et
1478 5351 1736 5422 quoniam
1791 5349 1978 5404 vident
2005 5349 2166 5404 duo-'

556 5473 678 5512 rum
712 5451 1001 5508 hominum
1030 5447 1410 5516 operationes,
1459 5444 1600 5498 duas
1623 5457 1747 5498 esse
1782 5456 2051 5505 numero,
2083 5451 2142 5498 et

557 5552 790 5604 alteram
841 5543 911 5600 ab
955 5543 1130 5596 altera
1176 5537 1508 5608 seiunctam,
1538 5537 1670 5591 licet
1706 5536 1772 5590 ad
1809 5550 1980 5590 unum
2010 5533 2146 5591 effe-

558 5651 710 5698 ctum
767 5637 1020 5699 tendant,
1067 5632 1368 5702 opinantur
1414 5628 1583 5682 etiam
1611 5628 1667 5682 in
1701 5627 1813 5682 Deo
1838 5625 1984 5681 idem
2015 5640 2142 5680 cum

562 5733 770 5788 divinis
799 5727 1051 5800 personis
1092 5737 1424 5794 congruere.
1463 5720 1706 5790 Indeque
1755 5719 1895 5774 tales
1927 5719 2147 5772 dubita-

566 5827 750 5881 tiones
779 5824 832 5876 in
870 5821 1112 5875 medium
1155 5817 1413 5890 atterunt.
1473 5813 1676 5870 Verum
1720 5812 1866 5868 istud
1902 5811 2148 5881 cogitare

567 5913 875 5974 absurdum
905 5922 1010 5968 est.
1039 5909 1203 5966 Pater
1227 5907 1375 5963 enim
1429 5917 1486 5961 et
1512 5904 1705 5971 Filius,
1743 5904 1997 5974 personis
2029 5914 2150 5957 tan-

2362 4472 2555 4537 Λύσις
2576 4471 2682 4525 τοῦ
2706 4471 2826 4525 ἀπὸ
2855 4471 2966 4541 τῆς
2999 4473 3286 4540 ἀτελείας
3313 4474 3717 4545 ἐγκλήματος.

2326 4608 2490 4662 Ἀλλά
2530 4627 2717 4678 φασιν,
2768 4609 2839 4662 ’Ἡ
2882 4610 3062 4664 τελεία
3111 4615 3145 4681 ἡ
3179 4612 3509 4680 ὲκπόρευσις
3550 4615 3584 4686 ἡ
3617 4616 3682 4667 ἐκ
3716 4613 3826 4665 Πα-

2239 4698 2390 4769 τρδς,
2430 4700 2522 4753 καὶ
2560 4699 2769 4769 ματαία
2809 4701 2843 4769 ἡ
2895 4701 2954 4766 ἑξ
3007 4701 3137 4756 Υιοῦ
3173 4717 3188 4733 °
3234 4701 3268 4774 ἢ
3311 4705 3361 4756 εῑ
3394 4704 3672 4771 ἀναγκαία
3705 4706 3737 4774 ἡ
3772 4703 3828 4770 ἐξ

2243 4791 2397 4857 Υἱοῦ,
2434 4792 2635 4862 ἀτελὴς
2669 4795 2702 4863 ἠ
2733 4795 2798 4847 ὲκ
2845 4792 2940 4848 τοῦ
2993 4794 3230 4869 Πατρός.
3266 4795 3442 4850 Τοῦτο
3491 4796 3551 4850 δὲ
3593 4798 3826 4857 ἄτοποι,

2241 4885 2406 4953 ἀτελῆ
2429 4885 2527 4954 τὴν
2555 4887 2842 4957 ἐνέργειαν
2869 4885 2965 4941 τοῦ
2995 4889 3210 4959 Πατρός
3241 4889 3446 4959 λέγειν,
3483 4891 3578 4945 καὶ
3612 4888 3824 4944 δεῖσθαι

2243 4976 2381 5042 πρὸς
2412 4974 2697 5029 τελείωσιν
2725 4974 2821 5030 τοῦ
2866 4974 3013 5029 Υίοῦ.

2331 5068 2523 5136 Ἡμεῖς
2543 5068 2597 5120 δὲ
2618 5067 2754 5138 πρὸς
2776 5066 2948 5120 ταῦτά
2973 5085 3177 5136 φαμεν,
3197 5067 3273 5130 ὼς
3299 5068 3349 5121 oi
3377 5068 3551 5123 ταῦτα
3581 5069 3828 5137 λέγοντες

2248 5167 2491 5220 ἐοίκασιν
2521 5168 2576 5219 ὲν
2613 5167 2747 5219 πᾶσι
2777 5166 3090 5238 διχοτομεῑν
3115 5165 3339 5235 Πατέρα
3372 5182 3432 5218 τε
3468 5168 3560 5218 καὶ
3587 5165 3714 5219 Υἰδν
3741 5161 3826 5212 ml

2248 5262 2346 5324 τὰς
2373 5259 2558 5313 αὐτῶν
2587 5258 2893 5329 ἐνεργείας,
2938 5259 3003 5311 ἐκ
3046 5257 3154 5310 τῶν
3210 5256 3570 5329 ἀνθρωπίνων
3620 5258 3828 5330 πάντως

2251 5349 2714 5422 παραδειγμάτων
2729 5349 3066 5420 ὁρμώμενοι·
3097 5349 3194 5403 καὶ
3209 5349 3292 5404 ὅτι
3317 5349 3484 5419 ὁρῶσι
3509 5348 3602 5402 δύο
3628 5347 3723 5404 ἀνθ
3731 5347 3828 5418 ρώ-

2253 5463 2372 5499 πων
2394 5442 2700 5513 ἐνεργείας,
2731 5441 2827 5495 δύο
2856 5442 2934 5513 τῷ
2970 5439 3197 5512 ἀριθμῷ
3225 5439 3286 5494 οὗ
3300 5458 3420 5507 σας,
3471 5442 3575 5494 κᾶν
3612 5441 3743 5508 πρὸς
3775 5435 3830 5489 ἒν

2255 5537 2609 5606 ἀποτέλεσμα
2638 5535 2916 5605 φέρωνται
2942 5577 2956 5598 ,
2987 5539 3081 5588 καὶ
3109 5535 3532 5605 κεχιιιρισμέ-,ας
3567 5532 3831 5600 ἀλλήλων.

2255 5632 2460 5684 οἴονται
2510 5627 2646 5682 κάπὶ⁷
2690 5625 2826 5680 Θεοῦ
2879 5626 3048 5680 ταυτὺ
3106 5627 3467 5697 ἐφαρμόζειν.
3530 5621 3830 5678 Kdv‘:.60.v

2255 5717 2511 5779 τοιαύτας
2529 5715 2764 5788 ἀπορίας
2791 5717 3130 5785 είσάγουσιν.
3158 5717 3324 5770 Ἀλλά
3345 5717 3506 5769 τοῦτο
3540 5713 3778 5769 ἄτοπονὲ
3813 5737 3841 5786 -η

2259 5809 2473 5876 νοῆσαι.
2515 5809 2705 5878 Πατὴρ
2738 5807 2849 5876 γὰρ
2878 5808 2976 5860 καὶ
3007 5809 3034 5860 ὁ
3066 5805 3193 5871 Υἱὸς
3226 5810 3348 5871 ταῖς
3379 5807 3710 5861 ὑποστάσεσι
3743 5801 3829 5869 μδ·

2261 5918 2381 5965 ναις
2416 5901 2842 5971 διακρινόμενοι,
2872 5900 3038 5955 τᾶλλα
3068 5901 3239 5957 πάντα
3268 5901 3326 5958 ἓν
3359 5903 3466 5955 εἰσι
3500 5899 3590 5955 καί
3625 5893 3829 5952 ταυτόι.
