4086 6406
339 452 444 509 τοι

1264 447 1363 506 DE
1408 448 1929 509 l’liOCESStO‘NE
1976 451 2330 511 SPlRl'i'US
2368 450 2656 511 SANCTI.

3480 446 3600 508 33L

349 557 460 612 Καὶ
507 558 593 610 διὰ
626 554 783 609 τοῦτο
816 557 907 607 κιὶ
952 559 1089 611 κατὰ
1133 560 1230 629 τὴν
1282 562 1663 634 προϐλητικὴν
1693 563 1929 633 δύναμιν⁴

2059 581 2147 617 unt
2197 581 2320 620 cum
2360 564 2797 635 distinguuntur,
2869 564 2921 617 in
2984 562 3242 618 onmibus
3271 562 3393 616 aliis
3426 578 3592 616 unum

345 651 555 720 τιὺτην
577 650 677 702 οὐκ
710 649 817 721 ίδίᾳ
867 652 1153 720 ἑκάτερος,
1191 652 1222 721 ἤ
1274 655 1301 705 6
1347 652 1446 722 μὲν
1482 655 1771 725 πρότερον,
1798 656 1827 708 6
1866 656 1923 708 δὲ

350 739 650 811 ὕστερον,ῆ
686 743 713 793 6
737 741 835 810 μὲν
854 741 1039 811 ἑτέρα,
1076 746 1103 794 6
1139 743 1196 795 δὲ
1234 744 1399 815 ἑτέρᾳ
1444 745 1926 814 ἐκπορεύσειπρο-

357 831 545 887 ϐάλλει
569 832 626 883 τὸ
652 830 898 900 Πνεῦμα,
932 833 1007 893 ὡς
1038 833 1103 887 ἄν
1130 850 1213 896 τις
1246 835 1354 887 τῶν
1384 838 1561 889 πάντα
1597 834 1925 906 σωματικῶν

346 922 583 991 οἰηθείη,
602 923 719 979 ἀλλ’
739 925 855 994 ἅμα
876 942 934 977 τε
960 927 1055 979 καὶ
1077 927 1317 997 άχρόνως
1348 928 1440 980 καὶ
1466 928 1563 999 μιᾷ
1592 929 1684 980 καὶ
1703 930 1767 997 τῇ
1789 928 1926 996 αὐτῇ

345 1015 573 1082 δυνάμει
598 1016 997 1083 προϐάλλοντες
1018 1019 1185 1087 ἄμφω
1207 1018 1428 1083 τελείως
1450 1020 1543 1073 καὶ
1566 1018 1928 1089 ὑπερτελείως

344 1109 457 1168 τοῖς
481 1108 732 1175 ματαίοις
761 1108 978 1171 τούτοες
1005 1108 1185 1177 λόγοις
1213 1112 1399 1181 χώραν
1425 1112 1486 1164 οὗ
1514 1113 1819 1164 λείπουσιν.

2031 667 2196 726 atque
2258 656 2400 710 idem
2466 667 2617 712 sunt.
2671 657 2736 711 Et
2772 666 3063 726 propterea
3097 656 3260 710 etiam
3295 654 3633 709 secundum.

2033 749 2190 803 istam
2219 748 2515 817 potentiam
2539 747 2917 818 productivam
2944 763 3052 800 non
3079 747 3279 809 minus,
3308 760 3418 798 non
3448 760 3604 799 seor-

2039 855 2158 894 sum
2214 848 2466 908 ttterque,
2534 838 2620 892 vel
2673 853 2812 892 unus
2856 837 3076 907 quidem
3102 836 3276 905 prius,
3304 836 3445 889 alter
3470 850 3602 887 vero

2037 928 2335 998 posterius,
2395 928 2477 982 vel
2531 942 2675 981 unus
2736 928 2839 982 alia
2887 927 3270 996 productione,
3330 929 3468 980 alter
3498 925 3601 979 alia

2039 1019 2296 1088 producit
2330 1016 2636 1083 Spiritum;
2691 1017 3153 1086 quemadmodum
3185 1016 3385 1084 aliquis
3409 1030 3601 1068 eorum

2038 1110 2132 1178 qui
2172 1108 2227 1162 in
2261 1108 2519 1162 omnibus
2554 1108 2725 1163 crassi
2781 1119 2837 1162 et
2893 1109 3142 1177 corporei
3176 1118 3482 1168 exsistunt,
3508 1121 3606 1175 pu-

348 1208 491 1254 taret
528 1216 541 1253 :
575 1215 764 1254 rerum
798 1203 987 1268 simul,
1019 1212 1074 1255 et
1110 1214 1236 1257 ante
1305 1214 1577 1269 tempora,
1647 1220 1752 1258 una
1808 1203 2111 1272 eademque
2165 1202 2432 1271 potentia,
2486 1190 2617 1257 cuni
2672 1200 2831 1256 ambo
2888 1202 3149 1272 perfecte,
3194 1212 3244 1256 et
3313 1202 3602 1272 plusqurm

351 1293 593 1365 perferte
622 1295 960 1365 producant,
1003 1299 1122 1352 istis
1172 1299 1327 1353 vanis
1370 1301 1681 1355 rationibus
1710 1301 1937 1355 minime
1976 1300 2295 1367 relinquunt
2326 1300 2528 1353 locum.

428 1385 491 1439 ΕΞ
543 1388 599 1440 δὲ
636 1394 733 1457 μὴ,
771 1391 1281 1457 ἀντερωτάσθωσαν
1324 1396 1372 1446 οί
1425 1396 1599 1448 ταῦτα
1652 1397 1929 1464 λέγοντες,

358 1478 407 1528 εἰ
445 1478 625 1530 τελεία
679 1481 711 1549 ἡ
767 1483 829 1533 ὲκ
853 1482 1065 1551 Πατρδις
1096 1484 1192 1536 τοῦ
1244 1488 1449 1556 κόσμου
1492 1489 1848 1558 δημιουργία,
1900 1490 1934 1560 ἢ

359 1569 444 1622 οὖ.
484 1571 543 1622 Εἰ
583 1572 684 1639 μὲν
716 1572 821 1641 γὰρ
854 1574 1057 1640 τελεία,
1091 1577 1180 1629 διὰ
1202 1577 1254 1630 τί
1291 1582 1384 1631 καὶ
1418 1583 1445 1633 6
1469 1580 1593 1642 Υίδς
1626 1581 1801 1645 αἴτιος
1843 1583 1939 1635 καὶ

360 1663 419 1713 τὸ
469 1663 733 1734 Πνεῦμα;
770 1667 830 1719 El
867 1668 913 1718 δ’
937 1668 1156 1739 ἀτελὴς,
1202 1672 1297 1723 καὶ⁵
1330 1672 1418 1725 διὰ
1468 1673 1624 1726 τοῦτο
1649 1675 1941 1743 παραλαμ-

362 1752 584 1806 ϐάνεται
647 1757 675 1807 6
740 1756 861 1819 Υίὺς
919 1759 1011 1810 καὶ
1066 1760 1124 1811 τι
1190 1761 1464 1831 Πνεῦμα,
1538 1762 1942 1833 σκεψάσθωσαν

358 1844 386 1895 ὅ
424 1862 474 1894 τι
510 1846 690 1912 φασίν.

2114 1395 2210 1449 Sin
2267 1394 2471 1457 minus,
2538 1397 2954 1465 interrogentur
3012 1394 3297 1454 vicissim,
3346 1392 3438 1461 qui
3498 1393 3613 1446 Ita-e

2041 1488 2219 1550 aiunt,
2270 1486 2587 1555 perfectane
2645 1489 2717 1543 sit
2748 1503 2812 1542 ex
2862 1487 3016 1541 Patre
3046 1484 3235 1539 mundi
3278 1484 3507 1548 crcatio,
3542 1499 3608 1536 an

2045 1578 2402 1647 imperfecta?
2426 1579 2481 1634 Si
2517 1580 2661 1633 enim
2692 1579 2939 1649 perfecta
2960 1622 2971 1642 ,
3004 1595 3104 1633 cur
3127 1587 3180 1632 et
3221 1577 3411 1642 Filius,
3450 1585 3614 1646 atque

2046 1672 2212 1725 etiam
2268 1670 2509 1739 Spiritus
2570 1681 2698 1726 sunt
2758 1672 2969 1725 causae?
3025 1671 3119 1726 Sin
3175 1669 3512 1738 imperfecta.
3563 1680 3617 1722 et

2052 1774 2345 1832 pr0pterea
2398 1750 2571 1817 Filius
2634 1772 2689 1816 ct
2740 1763 2978 1831 Spiritus
3032 1760 3197 1815 veluti
3255 1760 3389 1814 socii
3422 1760 3619 1830 adjun~

2051 1863 2278 1922 guntur,
2306 1853 2747 1908 animadvertant
2772 1854 2896 1923 ipsi,
2928 1853 3059 1923 quid
3094 1853 3302 1907 dicant.

444 1931 585 1985 ’Λ>λ’
616 1929 791 2005 οἶμαι,
830 1936 1013 1993 τελεία
1049 1940 1149 2010 μὲν
1198 1943 1230 2012 ή
1262 1944 1323 1995 ἐκ
1361 1943 1575 2014 Πατρὸς
1613 1946 1717 1999 τῶν
1776 1947 1946 1999 ὄντων

2122 1944 2323 1999 Verum
2367 1955 2520 1999 certo
2552 1944 2665 1999 scio
2693 1945 2990 2014 perfectam
3020 1930 3243 2013 quidem
3275 1942 3484 1997 entiutn
3501 1956 3622 1995 esse

364 2027 692 2096 παραγωγὴ,
731 2028 829 2096 μία
860 2031 915 2082 δὲ
950 2033 1043 2084 καὶ
1074 2033 1106 2101 ή
1148 2033 1286 2104 αὑτὴ
1328 2035 1548 2105 ἀριθμῷ
1581 2035 1711 2089 Υίοῦ
1756 2053 1815 2088 τε
1848 2038 1942 2089 καὶ

363 2117 678 2187 υνεὺματος
701 2124 890 2194 είςτὴν
914 2124 1083 2195 αὑτὴν
1115 2126 1340 2193 πρόοδον
1365 2129 1397 2197 ἡ
1422 2128 1695 2197 ἐνέργεια,
1721 2132 1813 2182 καὶ
1843 2130 1945 2182 οὐκ

365 2212 499 2282 ἄλλη
554 2215 653 2283 μὲν
695 2217 935 2282 ἐκείνου,
975 2218 1110 2287 άλλη
1162 2218 1219 2272 δὲ
1258 2216 1484 2275 τούτων.
1518 2220 1651 2275 Τότε
1718 2223 1827 2291 γὰρ
1879 2222 1945 2275 ἂν

365 2299 485 2373 εἶχε
533 2307 716 2379 χώραν
766 2310 942 2363 ταῦτα
995 2311 1063 2364 τὰ
1098 2311 1436 2383 παιδαριώδη
1487 2314 1799 2384 ζητήματα.
1841 2314 1948 2369 Οὖ-

364 2413 473 2459 τως
504 2395 596 2451 οὖν
633 2400 766 2452 κάπὶ
795 2402 889 2454 τοῦ
924 2403 1289 2473 προκειμένου
1321 2388 1505 2458 τελεία
1536 2406 1635 2473 μὲν
1664 2407 1756 2460 καὶ
1781 2407 1948 2476 ὕπερ·

365 2488 530 2557 τελὴς
579 2492 612 2559 ἡ
646 2493 709 2543 ἐκ
747 2494 961 2563 Πατρὸς
998 2496 1329 2564 ἑκπόρευσις
1363 2495 1456 2549 τοῦ
1488 2496 1805 2567 Πνεύματος
1852 2497 1943 2549 τοῦ

370 2580 527 2647 ἁγίου
547 2599 563 2613 ο
590 2583 621 2651 ἡ
651 2584 792 2654 αὐτὴ
822 2584 879 2636 δὲ
915 2586 1009 2637 καὶ
1046 2587 1147 2655 μία
1173 2586 1253 2656 τῷ
1287 2587 1507 2657 ἀριθμῴ
1536 2588 1632 2640 καὶ
1662 2588 1692 2655 ἡ
1724 2588 1782 2652 ἐξ
1814 2589 1945 2641 Υἱοῦ

368 2673 463 2725 τοῦ
489 2675 654 2727 αὑτοῦ
674 2677 823 2730 ἐστιν
843 2678 1193 2748 ὲκπόρευσις,
1228 2680 1329 2732 οὐκ
1358 2680 1493 2749 άλλη
1532 2683 1627 2733 καὶ
1648 2681 1807 2749 άλλη,
1834 2683 1944 2735 οὐδ’

367 2764 545 2829 ἄλλως
575 2768 672 2820 καὶ
715 2767 912 2834 ἄλλως,
944 2770 1037 2824 οὐδ
1068 2771 1260 2825 ἄλλοτε
1287 2772 1321 2839 ἡ
1351 2773 1415 2824 ἐκ
1437 2773 1671 2842 Πατρδς,
1708 2774 1800 2827 καὶ
1855 2773 1946 2827 άλ-

369 2856 491 2910 λοτε
518 2859 551 2927 ή
576 2859 635 2923 ἐξ
669 2860 821 2927 Υίοῦ,
842 2861 955 2914 ἀλλ’
981 2863 1100 2931 ἅμα
1118 2863 1214 2915 καὶ
1242 2864 1273 2931 ἡ
1306 2862 1466 2933 αὑτὴ,
1502 2866 1596 2915 καὶ
1618 2866 1818 2933 ὁμοίως
1852 2868 1951 2936 μιᾷ

372 2951 466 3001 καὶ
521 2951 588 3019 τῇ
627 2950 764 3022 αὐτῇ
803 2951 1032 3022 δυνάμει
1065 2953 1483 3029 προϐαλλόντων
1522 2955 1749 3022 ἀμφοῖν.

444 3120 555 3174 Καὶ
616 3122 806 3194 μηδεὶς
866 3123 1101 3179 ένταῦθα
1166 3124 1563 3196 βλασφημείτω
1621 3128 1712 3181 τὸν
1773 3127 1950 3196 λόγον,

376 3211 589 3268 ἀκούων
608 3214 753 3284 ἡμᾶς
776 3217 883 3286 ἀπὸ
907 3217 1007 3287 τῆς
1028 3217 1257 3283 κτίσεως
1282 3221 1715 3291 ἐπιχειροῦντας.
1743 3221 1953 3276 Οὐκοῦν

2046 2052 2111 2090 ex
2144 2038 2302 2091 Patre
2336 2037 2777 2105 productionem,
2836 2053 2997 2090 unam
3054 2051 3184 2091 vero
3232 2049 3465 2089 ntnnero
3497 2032 3618 2089 Filii

2046 2136 2103 2182 et
2156 2126 2397 2197 Spiritus
2438 2128 2492 2181 in
2525 2128 2774 2183 eamdem
2817 2127 3237 2197 productionem
3268 2143 3392 2182 esse
3425 2142 3622 2195 cpera-

2050 2218 2276 2281 tionem,
2334 2227 2389 2271 et
2442 2234 2552 2273 non
2601 2218 2762 2272 aliam
2797 2217 3020 2284 quidem
3059 2218 3227 2281 illius,
3262 2219 3456 2271 horum
3492 2231 3622 2269 vero

2047 2308 2235 2363 aliam.
2298 2310 2453 2364 Tunc
2506 2309 2652 2364 enim
2714 2309 2984 2363 haberent
3024 2311 3204 2362 locum
3266 2309 3363 2362 iSIa
3392 2306 3620 2377 puerilia

2048 2399 2296 2467 quaesita.
2333 2399 2424 2455 Sic
2453 2400 2619 2467 igitur
2650 2409 2705 2453 et
2762 2400 2815 2453 in
2857 2415 2914 2454 re
2941 2396 3248 2469 protiosita,
3279 2415 3401 2468 qua:
3438 2408 3523 2451 est
3554 2414 3622 2452 ex

2050 2487 2209 2542 Patre
2273 2490 2555 2558 processio
2611 2488 2849 2559 Spiritus
2917 2492 3092 2545 sancti
3131 2490 3371 2559 perfecta
3400 2488 3619 2558 quidem

2051 2591 2154 2646 est,
2208 2592 2264 2635 et
2316 2583 2605 2652 plusquam
2661 2583 2927 2651 perfecta,
2978 2585 3172 2639 cadent
3206 2599 3364 2646 vero,
3403 2597 3623 2650 unaque

2052 2690 2316 2739 numero;
2344 2683 2400 2729 et
2425 2690 2487 2729 ea
2515 2691 2639 2745 qua:
2677 2684 2849 2731 estex
2901 2677 3061 2742 Filio,
3103 2677 3347 2746 ejusdem
3381 2685 3464 2730 est
3498 2691 3625 2744 pro—

2052 2767 2252 2834 cessio,
2315 2784 2423 2821 non
2478 2768 2584 2822 alia
2654 2778 2819 2837 atque
2879 2768 3007 2832 alia,
3068 2784 3245 2838 neque
3267 2768 3427 2822 aliter
3462 2777 3625 2835 atque

2052 2858 2234 2924 aliter,
2266 2874 2446 2927 neque
2471 2860 2607 2914 alias
2642 2875 2764 2929 qum
2816 2875 2884 2914 ex
2939 2861 3125 2923 Patre,
3159 2869 3214 2916 et
3241 2861 3377 2914 alias
3406 2876 3525 2929 qum
3556 2877 3621 2912 ex

2026 2947 2215 3013 _Filio,
2273 2949 2369 3004 sed
2421 2951 2612 3015 simul,
2662 2961 2717 3006 ct
2767 2952 2959 3006 eadem
3010 2961 3115 3017 est,
3142 2960 3196 3006 et
3221 2951 3475 3005 similiter
3518 2967 3624 3003 una

2054 3039 2355 3111 eademque
2386 3042 2631 3112 potentia
2659 3043 2971 3112 producunt
3011 3043 3194 3097 ambo.

2129 3133 2197 3187 Et
2236 3147 2396 3187 nemo
2419 3134 2508 3189 hic
2544 3134 2809 3189 rationem
2851 3134 3120 3189 conviciis
3147 3134 3466 3192 insectetur,
3501 3147 3624 3185 cum

2057 3240 2158 3280 nos
2200 3226 2373 3290 audit,
2423 3226 2516 3296 qui
2571 3242 2601 3281 a
2658 3236 2908 3282 creatura
2956 3221 3428 3296 argumentamur,
3464 3223 3628 3287 Ergo.

377 3304 604 3376 κτίσμα,
660 3312 912 3379 φάσκων,
957 3311 1179 3366 Λατῖνοι
1229 3312 1294 3367 τδ
1351 3314 1577 3385 Πνεῦμα
1598 3316 1657 3367 τὸ
1690 3315 1845 3383 ἅγιον
1874 3316 1952 3368 0i-

2057 3318 2334 3387 inquicns,
2394 3327 2705 3374 creaturam
2769 3318 3039 3389 Spiritum
3114 3328 3365 3374 sanctum
3440 3316 3624 3370 Latini

376 3415 548 3454 ονται.
602 3400 721 3454 Eia“.
750 3402 857 3472 γὰρ
887 3403 937 3456 οἳ
969 3406 1062 3461 καὶ
1104 3406 1183 3469 είς
1210 3406 1368 3459 τοῦτο
1416 3406 1721 3477 παρανοίας
1760 3408 1951 3477 ἧκασι,

383 3489 479 3541 καὶ
524 3491 684 3545 τοῦτο
728 3492 1132 3563 τετολμηκότες
1163 3494 1499 3550 ἀντιτιθέναι
1540 3497 1817 3560 Λατίνοις.
1922 3502 1925 3505 ’

455 3582 640 3638 Ταῦτα
664 3586 773 3654 γὰρ
802 3584 835 3655 ἢ
866 3585 1175 3650 παιζόντων
1199 3588 1360 3653 εἰσὶν,
1394 3588 1428 3659 ἢ
1452 3589 1797 3657 ἀγνοούντων
1827 3592 1955 3655 τοὺς

390 3675 584 3742 ἁγίους
616 3677 760 3729 Πατέ
770 3694 871 3747 ρας
932 3678 1027 3731 καὶ
1049 3678 1427 3745 διδασκάλους,
1468 3681 1530 3734 ἑκ
1555 3680 1663 3735 τῶν
1687 3682 1957 3751 ἀνθρωπί-

391 3783 496 3819 νων
530 3767 789 3832 πολλάκις
820 3770 878 3821 ὲν
903 3770 1012 3834 τοῖς
1048 3769 1216 3831 θείοις
1250 3770 1667 3841 ἐπιχειροῦντας
1717 3773 1813 3824 καὶ
1850 3771 1959 3825 άπδ

396 3862 504 3918 τῶν
546 3865 687 3936 ἴχνος
724 3883 776 3919 τι
805 3867 909 3920 κᾶν
962 3865 1205 3937 ἀμυδρὸν
1235 3866 1550 3937 ὁμοιώσεως
1601 3865 1753 3927 θείας
1804 3866 1959 3936 ἑχόν-

390 3975 499 4011 των
518 3976 705 4011 πιστου
716 3960 912 4028 μένους
942 3960 1149 4014 έκεῖνα.
1169 3960 1378 4013 Αὐτίκα
1408 3958 1470 4012 τὸ
1500 3958 1682 4028 τρίτον
1704 3960 1812 4011 τῶν
1830 3959 1961 4011 ὐπο-

399 4052 667 4115 στάσεων,
697 4051 772 4121 νῷ
796 4051 888 4105 καὶ
920 4052 1065 4121 λόγῳ
1096 4053 1189 4105 καὶ
1216 4051 1514 4122 πνεύματι,
1547 4052 1626 4103 ἱτι
1660 4067 1719 4104 τε
1750 4049 1959 4119 ὀφθαλ-

394 4143 479 4212 μῷ
520 4146 614 4197 καὶ
671 4147 831 4215 πηγῇ
884 4146 979 4198 καὶ
1026 4143 1272 4214 ποταμῷ,
1315 4144 1514 4207 ἱκανῶς
1558 4143 1761 4196 οἴονται
1787 4160 1963 4213 παρα-

394 4232 611 4301 στῆσαι,
651 4235 745 4288 καὶ
773 4235 938 4287 πάλιν
975 4234 1111 4304 ltum
1140 4233 1321 4287 ἀκτῖνί
1371 4251 1429 4286 τε
1487 4234 1581 4287 καὶ
1632 4233 1808 4302 φωτί·
1846 4233 1966 4286 καί·

393 4342 475 4378 τοι
499 4325 705 4379 τούτων
726 4327 833 4381 τῶν
867 4328 1326 4398 παραδειγμάτων
1356 4326 1610 4391 ἑκάστου,
1642 4326 1691 4378 εί
1721 4326 1813 4379 καὶ
1836 4326 1963 4395 τρία

395 4420 462 4487 τῇ
508 4418 721 4487 ἐπινοίᾳ
765 4419 883 4471 ἐστὶ
927 4421 1021 4472 καὶ
1059 4419 1308 4487 ὀνόματι,
1350 4420 1479 4489 μιᾶς
1518 4418 1699 4485 μέντοι
1732 4418 1965 4470 ὑποστά-

400 4531 537 4578 σεως
559 4514 749 4569 ὅντων.
770 4514 913 4569 Ἀλλ’
934 4518 1082 4585 ὅμως
1103 4516 1203 4568 οὐκ
1226 4515 1392 4585 ᾤοντο
1408 4516 1456 4567 οἱ
1476 4514 1716 4584 Πατὲρες
1735 4512 1824 4565 διά
1843 4512 1967 4565 τού-

2053 3411 2399 3467 existimant.
2463 3410 2605 3467 Sunt
2652 3410 2827 3475 enim,
2856 3411 2949 3481 qui
2984 3418 3041 3465 et
3078 3410 3134 3464 in
3160 3409 3307 3464 istud
3340 3407 3632 3477 impuden-

2057 3502 2145 3557 tiae
2177 3504 2449 3567 venerint,
2482 3513 2539 3557 et
2568 3504 2674 3559 ltoc
2707 3503 2919 3559 Latinis
2947 3516 3231 3573 opponere
3265 3500 3377 3555 sint
3398 3500 3538 3554 ausi.

2128 3594 2253 3650 [lare
2278 3596 2423 3650 enim
2456 3595 2538 3649 vel
2569 3595 2876 3649 ludentium
2920 3602 3072 3657 sunt,
3106 3594 3191 3649 vel
3232 3592 3627 3663 ignorantium,

2060 3692 2283 3739 sanctos
2388 3685 2577 3739 Patres
2657 3692 2821 3754 atque
2909 3682 3195 3746 doctores,
3304 3681 3398 3750 qui
3500 3695 3659 3735 sane.

2059 3793 2125 3832 ex
2205 3777 2460 3833 humanis
2507 3794 2672 3846 sepe,
2753 3777 2882 3845 quid
2953 3777 3007 3829 in
3080 3773 3288 3828 divinis
3353 3786 3477 3826 esse
3544 3786 3636 3824 so—

2061 3870 2190 3934 leat,
2238 3871 2655 3934 ratiocinantur,
2712 3879 2768 3923 et
2790 3884 2856 3923 ex
2906 3869 2973 3922 iis
3001 3880 3120 3936 quae
3145 3864 3229 3918 vel
3261 3862 3515 3931 exiguum
3546 3859 3636 3914 di—

2062 3962 2204 4017 vinae
2257 3961 2637 4017 similitudinis
2684 3962 2971 4031 vestigium
3002 3959 3225 4020 habent,
3264 3957 3354 4011 illa
3383 3962 3636 4009 astruunt

2066 4062 2236 4123 atque
2311 4053 2665 4108 confirmant.
2724 4053 2871 4107 Sane
2932 4062 3044 4107 tres
3099 4063 3369 4120 personas
3428 4056 3634 4106 mente.

2064 4147 2234 4202 verbo
2264 4157 2320 4203 et
2348 4145 2573 4216 spiritu,
2614 4145 2797 4201 adhuc
2844 4143 3009 4199 etiam
3053 4142 3237 4203 oculo,
3269 4140 3419 4195 fonte
3449 4152 3512 4192 ac
3539 4135 3640 4197 αυτ

2067 4240 2234 4307 mine,
2274 4248 2329 4295 et
2377 4253 2573 4293 rursus
2631 4237 2769 4304 sole,
2828 4235 3006 4290 radio.
3054 4239 3219 4303 atque
3259 4232 3470 4287 lumine
3502 4229 3637 4284 satis

2066 4332 2352 4388 commode
2414 4330 2676 4399 consequi
2732 4337 2790 4383 et
2847 4326 3175 4396 exprimere
3224 4322 3635 4393 putant.Atqui

2068 4421 2505 4491 unumquodque
2546 4420 2743 4474 borum
2782 4415 3183 4486 exemplorum,
3218 4414 3345 4468 licet
3400 4411 3501 4467 tria
3529 4414 3647 4472 sint

2066 4514 2398 4585 cogitatione
2431 4514 2486 4567 in
2517 4512 2701 4567 animo
2745 4520 2915 4579 atque
2976 4508 3221 4570 nomine,
3256 4507 3422 4561 unius
3459 4516 3637 4559 tamen

398 4626 503 4660 των
536 4608 897 4678 λυμανεῖσθαι
917 4611 1014 4680 τὴν
1037 4608 1405 4679 προκειμένην
1433 4607 1619 4668 αὐτοῖς
1662 4604 1952 4675 ἀλήθειαν·

2068 4615 2199 4662 sunt
2239 4604 2599 4675 ltypostaseos
2636 4610 2692 4657 et
2737 4599 3034 4669 suppositi.
3071 4597 3272 4653 Verum
3304 4607 3489 4653 tamen
3525 4614 3634 4652 non

399 4701 517 4753 ἀλλ’
540 4702 664 4754 ὅσον
698 4701 879 4755 αὐτῶν
905 4700 983 4772 τῷ
1015 4700 1203 4767 σκοπῷ
1230 4697 1541 4769 ὲφαρμὸζον
1571 4697 1964 4764 λαμϐάνοντες,

401 4797 459 4847 τὸ
488 4795 674 4849 λοιπον
705 4812 763 4869 τε
796 4797 893 4847 καὶ
921 4795 1267 4863 άπεμφαῖνον
1294 4790 1646 4844 ἁπεωθοῦντο
1671 4807 1686 4822 ο
1743 4789 1837 4842 καὶ
1880 4789 1972 4841 οὺ-

400 4886 509 4949 δεὶς
546 4886 729 4948 αὐτοῖς
768 4883 881 4938 οὔτ’
935 4883 1296 4952 ἐγκέκληκεν,
1351 4881 1465 4935 οὒτ’
1504 4882 1876 4949 ἐγκαλέσειεν,
1909 4880 1969 4931 οὗ

402 4977 590 5047 κύριος
619 4976 696 5030 ὣν
728 4976 965 5047 φρενῶν,
994 4975 1094 5045 τῆς
1129 4976 1334 5029 τούτων
1369 4973 1478 5028 τῶν
1505 4973 1971 5045 παραδειγμάτων

401 5072 650 5142 χρήσεως
680 5071 862 5125 ἕνεκα.

476 5252 598 5314 Πῶς
632 5249 728 5307 οὖν
764 5246 831 5305 αὖ
856 5268 942 5316 τις
990 5250 1217 5313 δικαίως
1252 5250 1571 5318 ἐγκαλέσειε
1614 5250 1866 5314 Λατίνοις
1894 5251 1974 5313 είς

402 5347 462 5398 τὸ
489 5346 659 5410 δείξαι
694 5344 819 5416 μίαν
852 5346 947 5398 καὶ
962 5345 1060 5412 τὴν
1091 5343 1263 5414 αὐτὴν
1291 5340 1510 5412 ἀριθμῷ
1542 5343 1639 5410 τὴν
1669 5344 1733 5393 ὲκ
1764 5342 1973 5410 Πατρδς

405 5442 498 5492 καὶ
528 5439 657 5493 Υίοῦ
680 5440 774 5492 τοῦ
800 5436 1112 5506 [Ινεύματος
1138 5436 1384 5505 πρόοδον,
1414 5434 1717 5505 χρωμένοις
1745 5436 1810 5503 τῇ
1839 5434 1974 5501 πρὸς

404 5534 508 5600 τῆς
533 5532 760 5600 Τριάδος
789 5530 887 5600 μιᾷ
910 5530 1003 5582 καὶ
1023 5530 1089 5598 τῇ
1114 5529 1249 5597 αὐτῇ
1271 5529 1379 5580 τῶν
1406 5527 1574 5578 ὅντων
1600 5526 1932 5597 δημιουργία
1958 5543 1971 5589 ;

408 5627 480 5678 Ἢ
509 5626 626 5689 πῶς
660 5625 725 5678 ἄν
756 5641 838 5687 τις
873 5623 962 5676 διὰ
988 5621 1163 5675 ταῦτα
1207 5620 1532 5691 τολμήσειεν
1562 5618 1759 5681 αὐτοὺς
1789 5618 1975 5685 λέγειν

410 5716 546 5786 μετὰ
574 5717 669 5785 τῆς
703 5718 935 5777 κτίσεως
967 5715 1027 5767 τὸ
1072 5712 1298 5779 Πνεῦμα
1331 5712 1647 5765 συντάττειν
1693 5712 1751 5764 τὸ
1775 5711 1971 5779 ἆγιονς

408 5814 502 5861 καὶ
535 5809 708 5861 ταῦτα
746 5808 962 5870 οὐδενὸς
1002 5805 1111 5859 τῶν
1151 5807 1244 5857 νῦν
1304 5804 1473 5857 ὢτων
1529 5806 1794 5865 Λατίνιον,
1855 5803 1974 5855 οὐδὲ

408 5899 517 5954 τῶν
549 5901 685 5971 μετὰ
717 5899 812 5969 τὴν
843 5899 868 5951 δ
898 5901 1130 5971 αἰρεσιν,
1174 5900 1266 5950 καί
1310 5897 1368 5949 τὸ
1394 5897 1763 5967 ἀποτρόπαιον
1792 5898 1971 5948 έκεῖνο

2074 4697 2327 4752 arbitrati
2384 4704 2514 4751 sunt
2567 4693 2754 4751 Patres
2825 4693 2978 4747 hisce
3031 4690 3300 4759 exemplis
3346 4690 3651 4751 veritatem,

2074 4786 2179 4843 sibi
2230 4787 2567 4858 propositam
2626 4784 2946 4839 labefactari
2982 4802 2993 4836 :
3026 4782 3121 4838 sed
3157 4791 3424 4851 quantum
3453 4798 3644 4837 eorum

2074 4894 2240 4950 scopo
2270 4892 2580 4949 congruens
2602 4885 2717 4932 erat
2766 4886 3079 4937 sumentes,
3115 4870 3415 4944 reliquuni,
3449 4882 3504 4929 et
3535 4890 3643 4927 non

2076 4973 2381 5032 conterens,
2455 4968 2805 5039 rt-jiciebant.
2868 4966 2933 5021 Et
2996 4982 3158 5022 nemo
3203 4967 3257 5021 id
3302 4966 3456 5035 ipsis,
3498 4966 3648 5035 quod

2077 5061 2194 5115 istis
2213 5060 2481 5130 exemplis
2514 5054 2595 5114 usi
2634 5058 2861 5124 fuerint,
2915 5058 3050 5112 vitio
3085 5057 3271 5122 vertit,
3305 5072 3485 5127 neque
3515 5072 3667 5110 νει-ιι-

2080 5161 2239 5217 teret,
2274 5168 2379 5205 non
2409 5151 2655 5221 profecto
2696 5151 2739 5205 si
2781 5164 2912 5203 sana
2938 5159 3120 5204 mente
3152 5150 3243 5203 sit.

2148 5244 2265 5310 Quo
2313 5259 2443 5313 ergo
2484 5253 2661 5313 .pacto
2724 5242 2922 5295 merito
2950 5241 3153 5311 aliquis
3186 5240 3466 5295 accusabit
3499 5239 3677 5294 Lati-.

2078 5352 2201 5401 nos,
2269 5338 2359 5405 qui
2418 5334 2482 5388 ad
2530 5350 2695 5388 nnaut
2728 5343 2785 5388 et
2828 5333 3082 5388 eamdem
3119 5347 3355 5388 numero
3388 5347 3455 5386 ex
3489 5333 3673 5385 Patre.

2079 5430 2325 5497 Filioque
2351 5427 2591 5495 Spiritus
2620 5426 3030 5494 processionem
3060 5422 3485 5486 ostendendam,
3541 5439 3650 5481 una

2078 5521 2366 5585 eteadem,
2399 5534 2521 5588 qua:
2553 5534 2581 5572 a
2614 5518 2886 5571 Trinitate
2930 5515 3207 5585 provenit,
3249 5514 3457 5568 entium
3491 5530 3649 5569 crea-

2081 5615 2229 5669 tione
2252 5611 2521 5667 tIluutur?
2568 5609 2672 5664 Aut
2694 5624 2799 5678 qua
2830 5608 3044 5662 ratione
3075 5605 3346 5675 quisyiam
3380 5618 3647 5676 propter-

2080 5725 2141 5764 ea
2191 5707 2373 5762 dicere
2418 5703 2617 5757 audeat
2668 5715 2764 5753 eos
2826 5698 3090 5766 Spiritum
3148 5704 3397 5751 sanctum
3432 5698 3485 5752 in
3530 5701 3651 5755 loco

2081 5810 2456 5858 creaturarum
2492 5792 2805 5851 collocare?
2851 5790 3153 5859 pnescrtim
3195 5803 3319 5843 enm
3356 5805 3513 5843 nemo
3544 5790 3655 5853 La.

2086 5897 2346 5959 tinorum,
2407 5892 2497 5963 qui
2567 5902 2710 5942 nunc
2760 5894 2908 5951 sunt,
2950 5897 3127 5952 reque
3167 5882 3255 5952 qui
3288 5892 3409 5951 post
3439 5882 3669 5953 disiung
