4086 6438
483 429 593 497 399

1438 436 1946 500 BESSARIONIS
1983 431 2039 500 Ξ.
2092 442 2162 500 Π.
2194 442 2261 506 Ε.
2302 443 2775 505 CARDINALIS

3622 448 3735 514 400

481 557 690 606 certam
756 544 1079 602 decernunt.
1118 545 1248 614 Quae
1292 550 1478 606 omnia
1556 551 1964 621 processionem
2032 553 2098 608 ad
2137 554 2257 626 ejus
2314 571 2437 612 esse
2502 567 2559 612 et
2619 558 3000 617 exsistentiam
3064 560 3464 632 hypostaticam
3535 566 3730 623 claris.

479 640 620 699 sime
654 639 921 697 indicant.

549 732 851 792 Sunt'vero
882 739 1131 793 nonnulli
1170 748 1509 806 sanctorum,
1543 742 1637 809 qui
1666 741 1745 796 vel
1779 741 1847 796 ad
1875 742 2053 796 solum

2235 743 2353 797 Εἰσὶ
2384 747 2442 798 δέ
2469 764 2611 807 τινες
2656 745 2765 799 τῶν
2804 744 3001 813 ἁγίων,
3057 745 3257 810 οἵτινες
3300 744 3333 817 ἢ
3376 745 3513 816 πρὸς
3563 751 3743 820 μόνην

476 829 752 890 ordinem,
791 839 850 882 ut
884 831 1059 900 major
1088 846 1213 899 pars
1233 832 1635 899 Orientalium,
1669 833 1752 886 vel
1786 833 1852 887 ad
1890 834 2063 887 solam

479 919 873 987 mqualitatem,
898 928 959 973 ut
992 920 1241 989 plerique
1270 919 1711 976 Occidentalium
1744 937 2059 990 respexere.

478 1009 654 1075 Unde,
688 1010 833 1065 sicut
866 1012 1254 1068 Occidentales
1322 1013 1690 1082 aequalitatem
1722 1022 1778 1068 et
1808 1014 2065 1068 identita-

479 1113 586 1155 tem
612 1101 786 1170 pluris
810 1106 1142 1158 aestimantes
1167 1104 1555 1172 praepositione
1577 1120 1639 1157 ex
1667 1104 1871 1174 ubique
1899 1114 2063 1158 utun-

477 1202 569 1247 tur
600 1211 615 1248 :
649 1194 723 1248 ita
761 1193 1095 1259 Orientales,
1134 1197 1277 1250 inter
1310 1210 1449 1264 quos
1476 1196 1642 1249 etiam
1676 1196 1739 1250 D.
1776 1195 2066 1250 Damasce-

475 1301 582 1340 nus
605 1295 983 1363 emtmeratur,
1031 1286 1283 1341 ordinem
1332 1296 1753 1356 anteponentes,
1802 1292 2062 1358 praeposi-

480 1380 628 1435 tione
663 1396 757 1450 per
783 1381 1021 1435 maxime
1074 1391 1328 1446 utuntur,
1362 1381 1807 1450 praepositionem
1847 1397 1910 1435 ex
1939 1397 2064 1435 raro

478 1482 848 1540 assumentes,
877 1489 986 1529 non
1014 1475 1237 1543 quidem
1263 1475 1572 1528 contrarias
1594 1474 1899 1528 sententias
1920 1475 2065 1528 in‘ter

477 1582 538 1622 se
577 1567 849 1627 dicentes.
882 1582 1072 1621 verum
1123 1568 1258 1621 alias
1315 1576 1480 1635 atque
1511 1567 1647 1620 alias
1690 1566 1813 1620 aliis
1852 1574 1904 1619 et
1939 1565 2062 1621 aliis

485 1659 773 1713 vocabulis
808 1658 1182 1728 signiﬁcantes.

550 1750 817 1816 Quocirca
846 1762 903 1805 et
942 1753 997 1806 in
1020 1754 1298 1807 creatione
1327 1752 1538 1813 mundi,
1565 1765 1877 1820 quanquam
1896 1750 2060 1803 etiam

480 1861 546 1897 ex
591 1844 731 1898 Filio
769 1843 1065 1898 manifeste
1096 1844 1279 1899 omnia
1314 1843 1583 1911 producta
1616 1850 1762 1901 sunt.
1801 1841 2065 1911 quemad-

480 1936 705 1991 modum
728 1944 779 1991 et
806 1951 872 1991 ex
891 1936 1074 2001 Patre,
1103 1936 1261 1991 valde
1290 1945 1469 1990 tamen
1498 1934 1628 1988 raro
1653 1936 1895 2006 reperies
1916 1934 2061 2003 apud
2112 1962 2115 1963 ν

480 2040 721 2094 sanctos,
758 2029 1060 2099 prtesertim
1092 2028 1423 2094 Orientales,
1459 2044 1528 2082 ex
1564 2027 1703 2082 Filio
1732 2026 2062 2095 productum

481 2134 602 2174 esse
627 2119 891 2173 mundum
918 2121 1011 2188 qui
1040 2128 1311 2183 asseram,
1346 2117 1440 2173 sed
1463 2130 1677 2182 semper
1699 2131 1797 2185 per
1821 2114 2019 2169 Filium
2043 2155 2059 2177 ,

480 2212 661 2264 seculi
714 2209 873 2275 illud,
906 2209 1097 2265 Omnia
1135 2226 1229 2279 per
1265 2211 1438 2278 ipsum
1478 2209 1625 2278 facta
1659 2218 1803 2262 sunt.
1860 2208 1949 2263 Sic
1990 2207 2059 2262 ad

481 2299 730 2353 ordinem
760 2298 933 2369 magis
966 2299 1277 2354 Orientales
1307 2309 1652 2369 spectarunt,
1683 2308 1737 2354 et
1771 2308 2059 2369 propterea

483 2391 871 2459 prmpositione
917 2407 1011 2460 per
1057 2400 1310 2455 utuntur,
1372 2408 1494 2459 qua:
1578 2392 1828 2446 ordinem
1879 2394 2059 2445 solum

481 2480 729 2533 iudicare
769 2490 970 2549 potest.
1014 2479 1322 2535 Przesertim
1352 2494 1472 2533 cum
1508 2492 1559 2533 et
1598 2481 1940 2549 praepositio.
1976 2497 2061 2547 eat,

484 2572 541 2626 in
575 2572 762 2641 lingua
808 2572 994 2628 Grmca
1040 2587 1260 2627 causam
1291 2575 1784 2643 προκαταρκτικὴν
1822 2573 1951 2643 (hoc
1981 2583 2064 2627 est

483 2665 836 2736 originalem,
863 2674 918 2720 et
950 2681 978 2720 a
1015 2665 1167 2719 nullo
1198 2664 1306 2719 alio
1335 2668 1443 2718 vim
1486 2666 1747 2719 causandi
1789 2665 2064 2735 accipien—

480 2768 591 2814 tem
631 2768 819 2829 atque,
879 2766 940 2813 ut
981 2766 1238 2813 asserunt
1280 2756 1544 2826 theologi,
1586 2756 1916 2826 principium
1947 2756 2062 2810 ori-

482 2848 629 2916 ginis
649 2849 772 2905 sine
792 2847 1086 2918 principio)
1111 2846 1405 2919 signiﬁcet.
1435 2844 1661 2911 Qualem
1688 2858 1908 2899 causam
1938 2858 2062 2899 esse

483 2940 707 3004 Filium,
744 2941 832 2996 vel
862 2939 1078 3005 mundi,
1117 2938 1205 2994 vel
1239 2938 1482 3008 Spiritus
1511 2937 1708 3000 Sancti,
1740 2949 1848 2990 non
1881 2944 2064 3005 potest

484 3035 615 3088 dici.
661 3035 959 3103 Propterea
991 3032 1207 3101 fugiunt
1249 3031 1304 3101 in
1346 3031 1464 3099 ipso
1491 3028 1688 3084 Patres
1721 3028 2064 3098 praepositio-

480 3142 606 3182 nem
641 3142 703 3179 ea:
738 3125 1024 3179 nominare
1051 3167 1066 3190 ,
1103 3138 1173 3180 ne
1229 3124 1430 3193 aliquis
1456 3122 1907 3193 proratarcticam
1934 3136 2065 3176 cau-

488 3235 605 3275 sam
654 3220 708 3272 in
742 3234 809 3273 eo
844 3219 1242 3287 suspicaretur.
1291 3216 1360 3271 Et
1396 3217 1526 3288 quid
1559 3232 1660 3288 ego
1690 3215 1777 3272 aio
1806 3215 2064 3286 praeposi-

484 3315 688 3367 tionem
718 3351 732 3377 ,
764 3311 1210 3381 quandoquidem
1250 3320 1309 3365 et
1338 3310 1561 3365 nomine
1597 3324 1778 3364 causa:
1819 3310 1873 3363 in
1922 3307 2063 3362 Filio

2166 835 2263 906 τὴν
2293 838 2443 901 τάξιν
2477 839 2718 903 ἁπεῖδον,
2751 838 2828 900 ὡς
2853 840 2901 891 οἱ
2939 839 3181 892 πλεῖστοι
3205 839 3315 892 τῶν
3352 839 3735 904 ’Λνατολικῶν,

2165 926 2196 996 ἦ
2233 929 2368 995 πρὸς
2396 930 2563 996 μόνην
2592 930 2691 996 τὴν
2746 928 2968 997 ἰσότητα
3006 912 3085 991 ὥς
3117 930 3164 982 oi
3197 930 3415 993 πλείους
3439 931 3547 992 τῶν
3577 934 3744 983 Δυτι-

2166 1017 2297 1069 κῶν.
2328 1016 2491 1069 Ὅθεν
2521 1015 2711 1083 ὥσπερ
2738 1017 2786 1069 oi
2813 1017 3029 1070 Δυτικοὶ
3059 1016 3157 1087 τὴν
3215 1017 3435 1084 ἰσότητα
3476 1019 3573 1070 καὶ⁵
3599 1036 3742 1070 ταυ-

2165 1108 2369 1177 τότητα
2402 1110 2865 1178 προτιμήσαντες,
2897 1112 2964 1179 τῇ
3017 1109 3086 1163 ἐκ
3135 1108 3409 1180 πανταχοῦ
3472 1110 3740 1179 χρῶνται,

2164 1200 2336 1263 οὕτως
2368 1201 2416 1251 οἱ
2453 1199 2512 1264 ἐξ
2554 1198 2717 1269 ἑῴας,
2748 1193 2965 1269 μεθ’ὧν
3003 1204 3096 1253 καὶ
3122 1202 3152 1253 ὁ
3185 1200 3327 1262 θεῖος
3356 1199 3743 1269 Δαμασκηνὸς,

2167 1292 2264 1360 τὴν
2294 1292 2450 1357 τάξιν
2485 1292 2902 1360 προκρίναντες,
2935 1294 3000 1361 τῇ
3051 1290 3147 1346 διὰ
3196 1292 3428 1360 μάλιστα
3475 1291 3742 1359 χρῶνται,

2166 1384 2264 1453 τὴν
2310 1384 2379 1436 ἐκ
2440 1385 2684 1444 σπανίως
2754 1383 3292 1454 προσλαμϐάνοντες,
3343 1383 3444 1436 οὐκ
3492 1382 3747 1445 ἐναντίας

2165 1476 2417 1543 λέγοντες
2475 1474 2747 1544 ἀλλήλοις,
2798 1475 2917 1528 ἀλλ’
2973 1474 3138 1539 ἄλλας
3189 1474 3398 1538 ἐννοίας
3446 1473 3514 1527 δι’
3566 1474 3749 1529 ἄλλων

2166 1569 2261 1621 καὶ
2292 1568 2468 1621 ἄλλων
2498 1567 2859 1636 σημαίνοντες
2887 1565 3107 1632 λέξεων.

2239 1753 2402 1804 Ὅθεν
2438 1753 2529 1803 καὶ
2568 1752 2656 1803 ἐπὶ
2692 1750 2791 1822 τῆς
2808 1749 2905 1804 τοῦ
2929 1749 3138 1820 κόσμου
3167 1747 3527 1821 δημουργίας,
3561 1745 3746 1801 καίτοι

2167 1845 2257 1899 καὶ
2282 1846 2345 1896 ὲκ
2377 1842 2471 1897 τοῦ
2498 1842 2632 1896 Υίοῦ
2675 1841 2927 1911 φανερῶς
2982 1843 3202 1896 πάντων
3247 1841 3622 1910 προηγμένων
3674 1840 3750 1901 ὡς

2166 1936 2261 1988 καὶ
2297 1937 2359 1987 ἐκ
2392 1932 2484 1986 τοῦ
2516 1932 2754 2003 Πατρδς,
2807 1934 2953 2002 μάλα
2997 1935 3240 1995 σπανίως
3284 1934 3434 2001 ὅμως
3486 1933 3750 2002 εὑρήσεις

2166 2026 2225 2078 ὲν
2246 2028 2361 2089 τοῖς
2377 2024 2578 2093 ἁγίοις,
2609 2025 2704 2077 κα)⁸
2740 2021 2976 2094 μάλιστα
2998 2026 3108 2087 τοῖς
3156 2024 3514 2086 ἀνατολικοῖς.
3548 2025 3615 2074 ἐκ
3655 2021 3750 2075 τοῦ

2168 2117 2299 2171 Υίοῦ
2335 2115 2683 2186 προηγμένον
2728 2117 2822 2169 τον
2880 2116 3087 2185 κόσμον
3139 2116 3434 2183 λέγουσιν·
3490 2113 3607 2166 αὶϊ
3663 2114 3750 2167 ἀεὶ

2162 2210 2231 2264 δι’
2259 2210 2414 2274 Υἱοῦ,
2445 2208 2800 2263 ἀκολουθοῦσι
2828 2208 2908 2273 τὸ,
2937 2207 3140 2261 Πάντα
3164 2207 3241 2261 δι’
3272 2208 3457 2261 αὑτοῦ
3480 2207 3751 2275 ἐγένετο.

2166 2299 2323 2353 Οὕτω
2388 2298 2526 2369 πρὸς
2584 2299 2684 2368 τὴν
2717 2298 2872 2363 τάξιν
2909 2298 3109 2368 μᾶλ)ον
3153 2297 3371 2351 ἀπεῖδον
3408 2299 3455 2351 oi
3487 2297 3546 2361 ἐξ
3579 2297 3751 2367 ἑῴας.

2166 2395 2257 2445 καὶ
2285 2393 2374 2446 διὰ
2409 2391 2571 2444 τοῦτο
2593 2393 2659 2460 τῇ
2685 2391 2783 2444 διὰ
2840 2391 3079 2462 χρῶνται
3107 2390 3207 2459 τὴν
3242 2389 3396 2455 τάξιν
3455 2390 3632 2459 μόνην
3662 2390 3756 2443 δυ-

2164 2484 2369 2555 ναμένῃ
2403 2482 2600 2552 δηλοῦν
2634 2500 2647 2514 ο
2684 2481 2861 2545 ἄλλως
2895 2499 2954 2535 τε
2984 2482 3080 2536 καὶ
3138 2484 3172 2552 ἡ
3231 2482 3299 2535 ἐκ
3356 2482 3445 2534 ἐπὶ
3474 2482 3577 2550 τῆς
3624 2481 3755 2537 Ἐλο

2164 2576 2391 2645 >.ηνικῆς
2416 2574 2602 2644 φωνῆς
2628 2575 2727 2642 τὴν
2748 2574 3235 2643 προκαταρκτικὴν
3255 2573 3440 2627 αἰτίαν
3459 2575 3749 2644 σημαίνει.

2175 2665 2400 2719 Ὀποίαν
2428 2663 2568 2719 εἶναι
2595 2666 2684 2718 τὸν
2710 2666 2857 2731 Υίὸν,
2883 2665 2916 2735 ἢ
2947 2665 3037 2717 τοῦ
3090 2665 3297 2736 κόσμου
3328 2664 3529 2727 αἰτίαν,
3569 2666 3601 2734 ἢ
3657 2664 3753 2718 τοῦ

2167 2758 2488 2823 Πνιύματος
2529 2760 2624 2813 τοῦ
2680 2760 2864 2825 ἁγίου,
2895 2760 2997 2811 οὐκ
3024 2758 3173 2811 ἔστιν
3228 2760 3422 2812 εἰπεῖν.
3454 2758 3554 2811 Διὰ
3587 2756 3750 2812 τοῦτο

2168 2852 2464 2921 φεύγουσιν
2494 2853 2580 2905 ἐπ’
2617 2854 2781 2907 αὐτοῦ
2813 2854 2912 2922 τὴν
2969 2852 3038 2907 ἐκ
3070 2852 3337 2921 ὀνομάσαι
3377 2853 3427 2905 οἱ
3482 2852 3748 2922 Πατέρες,

2167 2948 2254 3000 ἵνα
2290 2948 2366 3017 μὴ
2391 2945 2846 3017 προκαταρκτικὴ
2877 2944 3026 2997 αἰτία
3059 2944 3399 3013 ὑποπτευθῇ.
3432 2944 3543 2998 Καὶ
3572 2945 3626 2996 τί
3666 2945 3752 2996 λέο

2165 3062 2245 3113 γω
2281 3043 2381 3112 τὴν
2420 3041 2509 3105 ἐκ,
2532 3040 2668 3093 ὅπου
2700 3053 2763 3107 γε
2807 3036 3003 3106 καὶτῷ
3032 3037 3259 3105 ὀνόματι
3292 3035 3393 3106 τῆς
3423 3036 3605 3098 αἰτίας
3659 3035 3752 3088 ἐπὶ

2166 3135 2295 3190 Υίοῦ
2328 3135 2360 3205 ἢ
2392 3133 2533 3186 Πνεὺ
2544 3146 2715 3201 ματος
2741 3129 3051 3201 χρήσασθαι
3071 3127 3147 3192 ὡς
3169 3129 3291 3180 ὲνδν
3318 3125 3713 3196 παραιτοῦνται
3735 3143 3750 3191 ;

2167 3230 2347 3282 καίτοι
2380 3223 2631 3295 φανερῶς
2665 3222 2764 3275 καὶ
2811 3220 2905 3274 τοῦ
2963 3218 3094 3273 Υἱοῦ
3142 3220 3234 3274 καὶ
3287 3220 3381 3272 τοῦ
3432 3218 3754 3287 Πνεῦματος

2167 3320 2356 3373 αἰτίων
2380 3316 2625 3386 δντων,ἦ
2654 3314 2856 3384 μᾶλλον
2886 3314 3018 3386 μιᾶς
3035 3313 3217 3376 αἰτίας
3250 3314 3387 3382 μετὰ
3411 3312 3503 3365 τοῦ
3536 3311 3755 3379 Πατρδς

481 3417 540 3464 et
574 3408 808 3478 Spiritu,
842 3406 1023 3475 quoad
1056 3405 1173 3461 fieri
1205 3413 1403 3475 possnt,
1446 3405 1524 3458 uti
1578 3401 1879 3459 recusant?
1908 3402 2058 3470 atqui

2173 3412 2338 3465 ὄντων
2358 3410 2455 3471 τῆς
2486 3407 2737 3469 κτίσεως.
2771 3406 2882 3460 Καὶ
2915 3404 3269 3459 σπανιώτατα
3316 3405 3497 3474 τούτῳ
3526 3404 3756 3472 χρωμέ-

484 3502 770 3557 manifeste
832 3501 971 3555 Filio
1005 3509 1062 3556 et
1104 3500 1338 3570 Spiritu,
1365 3500 1568 3565 causis,
1611 3499 1693 3553 vel
1736 3497 1920 3569 potius
1955 3512 2063 3551 una

483 3611 650 3651 causa
696 3611 820 3649 eum
859 3595 1042 3653 Patre.
1076 3591 1372 3647 creationis
1400 3590 1819 3649 exsistentibus.
1859 3589 1930 3643 Et
1972 3588 2067 3642 ad-

487 3690 710 3745 modum
758 3703 885 3744 raro
930 3687 1176 3742 invenies
1225 3687 1391 3755 ipsos.
1441 3685 1535 3756 qui
1585 3685 1687 3738 hoc
1728 3685 1949 3736 nomine
1982 3680 2063 3735 usi

487 3783 619 3840 sint.
655 3791 943 3852 prepterea
967 3779 1111 3850 quod
1141 3789 1459 3838 vereantur.
1495 3792 1563 3831 ne
1593 3774 1879 3844 originalis
1901 3789 2065 3828 causa

486 3874 815 3943 quibusdam
852 3888 973 3929 esse
1008 3872 1293 3935 videatur;
1341 3870 1486 3939 quod
1523 3883 1656 3922 sane
1702 3867 1804 3937 ipsi
1838 3866 2065 3920 nollent.

491 3968 662 4024 Unam
707 3965 855 4021 enim
918 3964 1240 4034 originalem
1295 3952 1518 4016 causam
1560 3959 1779 4013 deitatis
1817 3967 1872 4012 et
1917 3973 2069 4013 crea-

487 4072 627 4114 turae
644 4059 867 4113 Patrem
899 4064 1228 4128 agnoscunt.

568 4150 628 4206 Si
660 4150 827 4222 igitur
852 4149 1033 4204 Latini
1064 4148 1285 4218 quidem
1315 4160 1439 4212 cum
1471 4142 1916 4200 Occidentalibus
1942 4155 2071 4196 san-
2098 4187 2102 4191 .

494 4247 621 4310 etis,
666 4260 776 4299 non
809 4243 998 4314 paucis
1028 4242 1190 4296 etiam
1226 4239 1622 4302 Orientalibus,
1651 4253 1717 4292 ex
1760 4236 1939 4301 Patre,
1984 4235 2071 4289 Fi-

498 4340 684 4409 lioque
725 4337 991 4407 Spiritum
1034 4343 1283 4390 sanclum
1336 4332 1701 4395 affirmantes,
1748 4346 1856 4384 non
1907 4327 2074 4398 origi-

501 4433 676 4487 nalem
708 4446 924 4486 causam
961 4427 1148 4482 dicunt
1184 4439 1305 4480 esse
1336 4422 1557 4485 Filium,
1607 4424 1701 4477 sed
1732 4420 2071 4476 identitatem

492 4529 740 4598 ipsorum
775 4522 1035 4595 pozentiue
1076 4521 1381 4581 declarant,
1424 4527 1481 4571 et
1505 4515 1845 4585 exprimunt.
1877 4512 2069 4567 Dama-

493 4634 695 4674 scenus
727 4632 881 4677 vero,
924 4614 1251 4683 originalem
1290 4624 1514 4665 causam
1562 4621 1789 4677 negans,
1823 4620 1946 4676 quae
1984 4604 2071 4658 illa

495 4711 885 4782 praepositione
936 4723 999 4761 ex
1022 4702 1318 4776 signiﬁcari
1342 4701 1501 4765 solet,
1530 4699 1597 4754 ad
1627 4698 1878 4752 ordinem
1904 4695 2075 4766 magis

2170 3521 2293 3567 νους
2321 3503 2503 3574 εῦροις
2534 3501 2600 3555 ἂν
2631 3500 2833 3563 αὐτοὺς
2856 3501 2935 3570 τῷ
2960 3499 3208 3569 ὀνόματι,
3242 3500 3331 3552 διὰ
3384 3497 3445 3551 τὸ
3497 3496 3755 3558 δεδιέναι,

2174 3598 2248 3667 μὴ
2312 3592 2769 3666 προκαταρκτικὴ
2829 3592 2979 3646 αἰτία
3047 3590 3276 3662 νομισθῇ
3349 3588 3486 3658 πρός
3536 3600 3775 3645 τινων·¹

2171 3687 2307 3757 ὅπερ
2334 3687 2435 3738 οὐκ
2469 3687 2533 3737 ἂν
2562 3683 2717 3735 αὐτοὶ
2748 3680 3045 3751 βούλοιντο.
3089 3680 3237 3734 Μίαν
3279 3678 3385 3750 γὰρ
3435 3690 3755 3744 προκαταρο

2174 3781 2366 3851 κτικὴν
2395 3778 2649 3848 θεότητός
2676 3793 2733 3829 τε
2770 3775 2866 3829 καὶ
2911 3772 3146 3836 κτίσεως
3195 3772 3345 3824 ἴσασι
3384 3769 3477 3823 τὸν
3530 3765 3753 3837 Πατέρα

2173 3890 2258 3924 αιτ
2268 3889 2369 3925 ιαν.

2247 4147 2310 4200 Εἰ
2338 4144 2432 4199 οὖν
2460 4143 2676 4197 Λατῖνοι
2727 4140 2827 4209 μὲν
2855 4137 2995 4191 κατὰ
3026 4135 3133 4189 τῶν
3164 4133 3221 4200 ἐξ
3260 4131 3425 4185 Ἐσλπέ
3436 4146 3531 4200 ρας
3556 4129 3751 4195 ἁγίων.

2175 4237 2270 4293 καὶ
2299 4238 2400 4291 οὐκ
2433 4234 2628 4303 ὀλίγων
2651 4232 2758 4285 τῶν
2784 4231 2842 4296 ἐξ
2877 4228 3077 4300 Ἕῴας,
3126 4227 3191 4278 ὲκ
3228 4223 3439 4293 Πατρὶς
3474 4222 3569 4275 καὶ
3619 4216 3751 4273 Υίοῦ

2174 4330 2236 4383 τὸ
2269 4326 2495 4396 Πνεῦμα
2525 4325 2589 4378 τὸ
2608 4324 2765 4391 ἅγιον
2817 4321 3093 4388 λέγοντες,
3152 4317 3212 4370 οὗ
3269 4306 3753 4384 προκαταρκτικὴν

2176 4420 2358 4475 αἰτίαν
2386 4417 2525 4486 φασὶ
2560 4416 2653 4469 τὸν
2688 4413 2838 4473 Υίὺν,
2873 4412 2973 4479 τῆς
3001 4408 3046 4463 δ’
3094 4408 3273 4463 αὐτῶν
3325 4405 3611 4474 δυνάμεως
3656 4400 3753 4469 τὴν

2177 4510 2483 4578 ταυτότητα
2510 4506 2843 4575 παριστῶσι,
2878 4501 3242 4572 Δαμασκηνὸς
3286 4499 3343 4551 δὲ
3371 4498 3470 4567 τὴν
3512 4510 3753 4566 προκατ-

2184 4604 2455 4675 αρκτικὴν
2491 4599 2669 4656 αἰτίαν
2728 4596 3080 4667 ἀρνούμενος,
3119 4594 3267 4664 ἣδιὰ
3301 4591 3401 4661 τῆς
3443 4588 3512 4643 ἐκ
3557 4584 3753 4657 σημαί-

2179 4701 2364 4751 νεσθαι
2398 4695 2579 4755 εἴωθε,
2625 4690 2760 4757 πρὸς
2806 4688 2907 4757 τὴν
2955 4687 3109 4750 τάξιν
3150 4684 3352 4751 μᾶλλον
3390 4680 3580 4734 ἀπεϊδε
3614 4694 3625 4708 ·
3661 4678 3753 4729 καὶ
3807 4754 3813 4761 .

497 4803 761 4874 respexit,
799 4809 855 4856 et
893 4808 1185 4867 propterea
1235 4792 1623 4866 praepositione
1654 4806 1747 4860 per
1782 4789 1978 4849 utitur,
2007 4801 2069 4840 ex

2179 4790 2267 4843 διὰ
2296 4787 2453 4842 τοῦτο
2475 4789 2541 4854 τῇ
2575 4785 2672 4837 διὰ
2699 4783 2903 4852 χρῆται
2954 4781 3044 4834 διὰ
3082 4776 3176 4830 τοῦ
3234 4773 3366 4827 Υίοῦ
3419 4775 3483 4826 ὲκ
3540 4767 3754 4874 Harp-ot:

497 4897 659 4951 Patre
722 4908 822 4964 per
876 4890 1076 4945 Filium
1135 4887 1440 4960 procedere
1495 4883 1761 4953 Spiritum
1822 4886 2072 4935 sanctum

498 4987 831 5048 concedens,
869 4999 979 5054 quo
1014 4982 1177 5037 tnodo
1215 4975 1479 5049 loquendi
1524 4974 1659 5029 ordo
1693 4972 1813 5027 Filii
1857 4971 1924 5025 ad
1978 4968 2076 5023 Pa-

496 5097 638 5151 trem
689 5080 1043 5143 declaratur;
1109 5074 1520 5143 atqualitatem,
1577 5082 1673 5121 seu
1732 5064 2075 5120 identitatcm

501 5178 748 5245 ipsorum
795 5169 1077 5241 potentiae,
1119 5183 1222 5222 nec
1270 5165 1387 5235 ipse
1435 5159 1660 5231 quidem
1717 5156 2079 5227 improbans;

501 5280 741 5336 quonam
790 5260 953 5317 modo
1005 5258 1229 5330 quidem
1278 5254 1450 5323 magis
1498 5263 1742 5305 consona
1789 5247 2081 5307 dicerent;

506 5361 625 5428 ipse
649 5356 796 5411 enim
847 5353 937 5407 ille
969 5362 1074 5415 est,
1116 5348 1209 5420 qui
1241 5347 1307 5401 de
1346 5346 1503 5399 Patre
1542 5342 1679 5395 dixit
1712 5358 1726 5394 :
1762 5342 1882 5408 Ipse
1918 5337 2084 5406 igitur

503 5460 587 5507 est
622 5464 774 5505 mens
803 5446 968 5503 Verbi
999 5444 1250 5513 abyssus,
1282 5437 1444 5493 Verbi
1478 5434 1715 5506 genitor,
1742 5442 1925 5501 etper
1955 5432 2085 5483 \‘er-

504 5548 636 5600 bum
672 5542 971 5614 productor
1013 5530 1399 5591 manifeSIativi
1447 5527 1711 5599 Spiritus.
1744 5525 1813 5579 Et
1843 5539 2033 5576 rursus
2064 5538 2079 5575 :

505 5637 748 5707 Spiritus
774 5648 908 5688 vero
939 5640 1164 5685 sanctus
1195 5620 1604 5680 manifestativa
1641 5625 1869 5673 secretze
1896 5616 2080 5670 Deita-

507 5706 579 5783 tis
608 5727 688 5782 vis
722 5726 917 5787 Patris,
952 5740 1015 5777 ex
1060 5725 1220 5776 Patre
1253 5734 1349 5789 per
1383 5714 1581 5771 Filium
1625 5710 1894 5783 procedit.
1928 5706 2081 5773 Quod

508 5829 693 5875 autem
727 5819 819 5875 illa
861 5815 1247 5886 praepositione
1281 5827 1372 5881 per
1407 5810 1476 5863 ab
1516 5808 1622 5863 isto
1663 5804 1890 5859 doctore
1920 5813 2081 5854 caete-

509 5912 696 5979 risquc
723 5907 977 5964 Patribus
1003 5918 1053 5961 et
1078 5907 1251 5962 Filius
1277 5918 1395 5958 cum
1430 5903 1590 5955 Paro
1619 5911 1783 5952 causa
1812 5910 1930 5949 esse
1964 5908 2088 5961 per.

2183 4878 2587 4951 ἐκπορεύεσθαι
2639 4877 2700 4928 τὸ
2750 4872 2977 4941 Πνεῦμα
3015 4872 3071 4923 τὸ
3121 4862 3632 4939 ἆγιονιὸμοὶογῶν.
3690 4854 3757 4951 ᾤ’

2183 4974 2241 5027 οὗ
2263 4975 2299 5044 η
2324 4948 2462 5042 apt;
2487 4970 2578 5022 τὸν
2610 4968 2829 5036 Πατέρα
2873 4966 2966 5017 τοί
3012 4961 3143 5014 nos
3172 4959 3323 5023 τάξις
3353 4955 3629 5025 δηλοῦται,
3661 4948 3758 5044 την

2190 5039 2415 5131 ἰσότητα
2441 5061 2474 5131 ἢ
2502 5058 2808 5126 ταυτότητι
2844 5056 2941 5123 τῆς
2971 5053 3255 5119 δυνάμεως
3315 5047 3494 5101 αὐτῶν
3522 5044 3630 5097 οὐδ’
3658 5039 3756 5131 αῦ-

2186 5156 2279 5217 τὸς
2302 5130 2513 5207 ἀθετῶν
2538 5165 2551 5178 °
2587 5151 2704 5211 πῶς
2739 5147 2803 5201 ἂν
2838 5136 3039 5215 μᾶλλον
3069 5142 3319 5213 ἀλλήὶοις
3346 5138 3618 5207 σύμφωνα
3669 5130 3756 5183 ὶέ-

2186 5262 2336 5309 γοιεν
2368 5259 2382 5307 ;
2420 5239 2581 5301 αὐτὸς
2613 5240 2723 5307 γάρ
2754 5240 2902 5290 ἐστιν
2946 5237 2974 5287 ὁ
3010 5232 3180 5286 εἰπὼν
3207 5231 3337 5298 περὶ
3370 5228 3464 5283 τοῦ
3503 5223 3713 5294 Πατρός
3739 5234 3752 5249 ⁸

2187 5338 2356 5397 Αὐτὸς
2378 5334 2473 5404 μὲν
2498 5327 2590 5385 οῦν
2615 5333 2730 5383 ἐστι
2756 5328 2881 5391 νοῦς
2901 5327 3073 5393 Λόγου
3091 5325 3348 5386 ἄϐυσσος,
3376 5322 3555 5388 Λόγου
3574 5313 3756 5404 γεννή-

2184 5447 2319 5499 τωρ,
2356 5402 2450 5481 atati
2475 5425 2565 5479 διὰ
2590 5423 2764 5490 Λόγου
2798 5418 3097 5489 προϐολεὺς
3145 5410 3542 5483 ἐκφαντορικοῦ
3594 5402 3760 5463 [ivsti-

2198 5498 2367 5592 ματος
2393 5536 2406 5549 ·
2452 5518 2545 5570 καὶ
2582 5516 2766 5567 πάλιν·
2798 5513 2872 5565 Τὸ
2906 5510 2963 5575 δὲ
2996 5509 3222 5577 Πνεῦμα
3278 5506 3339 5559 τὸ
3387 5504 3542 5570 ᾶγιον
3572 5502 3604 5570 ἠ
3666 5498 3753 5595 sit:

2188 5609 2494 5682 φαντορικὴ
2529 5596 2635 5662 τοῦ
2672 5605 2908 5676 κρυφίου
2938 5602 3039 5671 τῆς
3076 5601 3332 5669 θεότητος
3378 5598 3608 5666 δύναμις
3664 5602 3756 5638 του

2191 5706 2404 5773 Πατρός
2432 5705 2497 5756 ὲκ
2518 5701 2731 5770 Πατρός
2760 5700 2879 5751 ἐστι
2905 5698 2971 5750 δι’
3007 5695 3134 5749 Υίοῦ
3167 5691 3603 5764 ἐκπορευομένη.
3638 5683 3752 5773 Ὅτξ

2187 5800 2241 5851 δὲ
2272 5798 2298 5850 ὂ
2326 5797 2358 5849 α
2384 5796 2480 5864 τῆς
2516 5793 2615 5847 διὰ
2642 5792 2746 5845 ὑπό
2781 5805 2837 5842 τε
2891 5788 3082 5842 τούτου
3139 5786 3234 5841 τοῦ
3280 5782 3601 5839 διδασκάλου
3664 5768 3753 5824 καὶ

2190 5890 2297 5941 τῶν
2334 5888 2506 5941 ἄὶλων
2544 5884 2800 5952 Πατέρων
2852 5882 2942 5934 καὶ
2978 5884 3002 5933 ὁ
3036 5882 3157 5943 Υἱὸς
3212 5879 3349 5948 μετὰ
3400 5876 3489 5930 τοῦ
3552 5863 3751 5933 Πατρδς
