4086 6412
382 406 484 472 461
1302 412 1399 472 DE
1445 413 1960 474 PROCESSIONE
2010 414 2365 477 SPIRITUS
2408 418 2702 480 SANCTI.
3511 416 3617 481 £02

387 528 566 588 αἴτιος
599 526 696 595 τῆς
732 523 827 578 τοῦ
895 524 1212 596 Πνεύματος
1261 530 1612 595 ὑποστάσεως
1667 534 1963 597 δείκνυται,

2086 550 2215 590 some
2247 534 2490 605 Spiritus
2524 536 2868 599 ostendatur,
2899 534 3031 590 satis
3061 534 3114 589 in
3146 548 3207 588 ea
3232 546 3395 604 quam
3420 530 3487 586 de
3508 547 3637 586 con-

387 619 593 679 ῑκανῶς
633 620 688 672 ὲν
735 617 813 688 τῷ
846 618 989 687 Περὶ
1029 619 1301 688 ἐνὼσεως
1342 627 1815 698 συγγεγραμμένῳ
1873 643 1961 696 μοι

2086 629 2253 683 :ordia
2294 629 2615 698 conscripsi,
2668 628 2915 682 oratione
2956 626 3241 697 probatur,
3289 626 3638 694 maximeque

385 709 663 766 δείκνυται
717 710 904 783 λόγῳ,
966 715 1063 767 καὶ
1120 717 1357 784 μάλιστα
1414 719 1508 772 τοῦ
1567 722 1963 790 ἐκπορεύεσθαι

2086 718 2233 772 rerbo
2266 715 2666 789 ἐκπορεύεσθαι
2692 719 2940 773 adhibito
2961 726 3016 772 et
3046 717 3279 788 adjecto,
3304 715 3448 784 quod
3469 714 3635 769 etiam

390 803 640 874 ῥήματος
665 805 1092 875 προσκειμένου.
1128 809 1193 859 Ὃ
1216 809 1308 861 καὶ
1338 810 1481 865 κατὰ
1503 812 1629 876 τοὺς
1660 814 1963 886 ἡμετέρους

2086 809 2370 864 :ccundum
2403 820 2698 875 nostrates,
2728 810 2864 864 nihil
2896 800 3044 864 aliud
3073 825 3231 877 quam
3258 808 3634 862 exsistentiam

388 892 543 946 οὐδὲν
566 892 756 963 ἕτερον
792 895 825 964 ἢ
855 895 956 961 τὴν
986 896 1079 949 τοῦ
1130 900 1451 968 Πνεύματος
1482 900 1717 973 ὓπαρξιν
1766 905 1968 974 σημαί-

2070 898 2308 967 Spiritus
2338 900 2631 969 signiﬁcat.
2669 900 2794 954 Hzcc
2820 902 2984 969 igitur
3013 900 3078 953 ad
3106 899 3262 964 illud,
3299 899 3443 968 quod
3479 899 3638 952 nobis

388 999 494 1036 νει.
528 983 714 1036 Ταῦτα
753 985 856 1053 μὲν
883 984 977 1037 οὖν
1024 987 1159 1056 πρὸς
1206 990 1267 1043 τὸ
1326 992 1390 1043 ἐκ
1446 992 1554 1045 τῶν
1604 994 1965 1065 Δαμασκηνοῦ

2086 1007 2132 1045 :x
2174 993 2392 1061 scriptis
2420 993 2737 1047 Damasceni
2774 993 3058 1062 objiciunt.

390 1074 838 1145 προτεινόμενον.

533 1211 729 1277 Λύσις
771 1211 923 1281 πρός
966 1213 1035 1269 τὸ
1067 1216 1171 1269 τοῦ
1212 1216 1385 1287 ἁγίου
1419 1222 1759 1281 Διονυσίου.

467 1347 611 1417 Πρὸς
640 1348 695 1401 δέ
720 1366 783 1415 γε
812 1350 875 1402 τὸ
918 1350 1014 1404 τοῦ
1048 1354 1206 1420 ἁγίου
1261 1359 1560 1425 Διονυσίου,
1620 1362 1705 1414 ἵνα
1768 1365 1971 1433 μᾶλλον

397 1440 783 1510 καθαρώτερον
820 1442 1005 1514 δειχθῇ
1045 1446 1119 1515 μὴ
1158 1448 1346 1502 τοῦτον
1404 1450 1549 1521 ἔχειν
1579 1454 1670 1507 τὸν
1731 1455 1877 1525 νοῦν,
1914 1458 1973 1512 ὃν

398 1533 448 1584 οἱ
501 1532 758 1604 ἡμέτεροι
816 1533 1044 1601 οἴονται,
1100 1543 1392 1595 ἀκουστέον
1448 1545 1665 1615 πρῶτον
1719 1549 1827 1602 τῶν
1878 1551 1973 1604 καὶ

402 1624 495 1676 τὸν
560 1625 690 1678 Υἱὸν
758 1626 1166 1697 ὁμολογούντων
1234 1634 1571 1691 διδασκάλων
1630 1642 1815 1709 πηγὴν
1874 1644 1973 1698 τοῦ

409 1717 724 1785 Πνεῦματος
756 1718 851 1770 τοῦ
886 1720 1064 1786 ἁγίου,
1098 1724 1157 1775 οὐ
1190 1727 1548 1795 χαρισμάτων
1580 1732 1744 1783 τινῶν
1774 1734 1975 1788 ἀνυπο-

405 1806 619 1859 στάτων
638 1807 832 1878 (τούτῳ
888 1811 995 1881 γὰρ
1050 1814 1231 1884 πολλῷ
1282 1818 1419 1886 πρὸς
1462 1822 1570 1874 πὶν
1617 1824 1781 1893 ῥητόν
1830 1843 1972 1888 τινες

398 1898 637 1967 χρῆσθαι
668 1901 971 1973 είώθασιν),
1008 1906 1125 1958 ἀλλ’
1160 1909 1332 1977 αὐτῆς
1362 1912 1463 1981 τῆς
1510 1913 1605 1967 τοῦ
1661 1917 1975 1988 Πνεύματος

399 1990 772 2056 ὑποστάσεως.
794 1995 995 2063 Πρῶτα
1028 1998 1128 2061 μὲν
1157 1994 1250 2052 οὖν
1295 2000 1611 2066 Ἀθανάσιος
1644 2007 1703 2059 ἐν
1727 2007 1801 2077 τῷ
1831 2010 1974 2063 κατά

410 2082 708 2153 Ἀρειανῶν
754 2085 901 2157 λόγῳ
949 2086 1011 2141 τὸ
1060 2088 1331 2159 ψαλμικὸν
1388 2095 1584 2159 έκεῖνο,
1621 2097 1753 2153 Ὅτι
1816 2101 1976 2169 παρὰ

394 2176 497 2230 σοι
537 2176 702 2245 πηγὴ
743 2176 910 2249 ζωῆς,
972 2180 1358 2253 ἐξηγούμενος,
1414 2188 1569 2259 ’ῌδει
1613 2190 1744 2257 γάρ,
1789 2193 1973 2263 φησὶν,

398 2270 427 2322 ὁ
459 2270 648 2341 Πατὴρ
675 2272 940 2341 δηλονότι,
972 2276 1103 2347 παρ’
1133 2277 1327 2331 ἑαυτὸν
1371 2277 1509 2349 ἔχων
1560 2282 1650 2336 τὸν
1694 2284 1823 2337 Υἱδν
1877 2285 1976 2353 τὴν

400 2360 589 2430 πηγὴν
622 2362 716 2415 τοῦ
768 2363 925 2431 ἁγίου
966 2366 1305 2436 Πνεύματος.

473 2455 699 2518 Πάντως
730 2455 822 2509 οῦν
879 2457 979 2527 τὴν
1040 2460 1345 2514 ὑπόστασιν
1408 2463 1644 2520 ἐνταῦθα
1699 2467 1869 2537 δηλοῖ,
1915 2470 1975 2523 οὐ

400 2545 652 2618 χάρισμα
676 2550 1071 2608 ἀνυπόστατον.
1107 2556 1348 2626 Ἐχομεν
1375 2558 1482 2628 γὰρ
1510 2557 1616 2613 ὑπὸ
1649 2560 1742 2615 τοῦ
1807 2563 1979 2631 μεγά-

400 2638 498 2694 λου
573 2641 860 2698 Βασιλείου
932 2647 1374 2717 παραδεδομένον
1441 2650 1673 2717 κανόνα,
1733 2655 1808 2718 ὡς
1851 2656 1980 2709 ὅταν

405 2732 732 2803 ἀκούσωμεν
764 2735 987 2805 Πνεῦμα
1010 2737 1165 2806 ἆγιον
1196 2742 1335 2809 μετὰ
1385 2742 1483 2810 τῆς
1510 2744 1836 2815 προσθήκης
1883 2744 1979 2798 τοῦ

404 2824 598 2894 ἅγιον,
623 2827 772 2881 οὐδὲν
796 2827 985 2897 ἕτερον
1021 2830 1054 2898 ἢ
1079 2830 1179 2900 τὴν
1202 2832 1294 2884 τοῦ
1331 2832 1471 2886 Πνεύ
1480 2851 1649 2901 ματος
1683 2835 1983 2890 ὑπόστασιν

408 2915 703 2985 ὀφείλομεν
727 2919 954 2973 ἐννοεῖν.
1014 2919 1284 2976 Ἐνταῦθα
1328 2922 1419 2976 οὖν
1446 2925 1473 2976 ό
1509 2925 1637 2987 Υίδς
1693 2928 1841 2998 πηγὴ
1888 2924 1981 2980 τοῦ

403 3006 565 3075 ἁγίου
600 3009 916 3079 Πνεύματος
962 3012 1099 3080 μετὰ
1140 3013 1238 3081 τῆς
1290 3014 1613 3087 προσθήκης
1667 3017 1763 3071 τοῦ
1816 3018 1984 3088 ἅγιος

406 3098 721 3168 εἰρημένος,
777 3100 880 3169 τῆς
933 3102 1289 3168 ὑποστάσεως
1340 3105 1506 3160 αὑτοῦ
1566 3107 1766 3180 δηλαδὴ
1833 3111 1983 3181 πηγὴ

406 3189 647 3260 εἴρηται.

484 3283 719 3337 Ἔπειτα
754 3284 924 3339 δὲκαὶ
952 3286 1115 3351 αὐτὸς
1139 3289 1166 3341 ό
1192 3288 1365 3358 μέγας
1397 3291 1700 3359 Βασίλειος,
1736 3295 1762 3346 ό
1791 3293 1982 3350 τοῦτον

409 3374 544 3443 ἡμῖν
591 3377 995 3447 παραδεδωκὼς
1048 3381 1141 3433 τὸν
1191 3383 1412 3445 κανόνα,
1444 3384 1630 3455 πηγὴν
1664 3370 1773 3439 τοῦ
1824 3387 1982 3455 ἁγίου

413 3464 734 3535 Πνεύματος
762 3468 852 3521 τόν
882 3469 1008 3521 Υἱδν
1035 3470 1317 3539 ὀνομάζει,
1352 3472 1530 3540 λέγων
1578 3471 1750 3537 οὕτως
1777 3491 1791 3505 ο
1824 3474 1983 3546 Πηγὴ

411 3555 557 3626 ζωῆς
585 3559 613 3609 ό
648 3558 794 3618 Υίός.
822 3560 958 3627 Φησὶ
990 3564 1098 3630 γὰρ
1126 3564 1152 3614 ό
1186 3562 1352 3616 Δαὸιδ
1406 3564 1542 3634 πρὸς
1595 3564 1687 3618 τὸν
1739 3566 1980 3638 Πατέρα,

414 3646 546 3702 Ὀτι
571 3650 733 3717 παρὰ
749 3649 851 3704 σοι
888 3652 1051 3720 πηγὴ
1078 3652 1230 3721 ζωῆς
1263 3670 1276 3684 ·
1312 3657 1405 3709 καὶ
1435 3656 1601 3707 πάλιν
1627 3656 1814 3724 ἕτερος
1852 3675 1984 3726 προ-

417 3740 587 3810 φήτης
612 3743 759 3809 λέγει
801 3745 928 3812 περὶ
953 3745 1064 3797 τῶν
1129 3744 1397 3798 Ἰουδαίων
1428 3763 1443 3777 ο
1503 3747 1642 3815 Ἐμὲ
1683 3748 1985 3816 ἐγκατέλι-

418 3847 535 3885 πον
562 3833 765 3902 πηγὴν
781 3834 998 3900 ὕδατος
1031 3832 1265 3901 ζῶντος.
1307 3834 1492 3905 ’Υδωρ
1525 3836 1582 3889 δὲ
1617 3836 1725 3901 ζῶν
1788 3838 1980 3907 ὀνομά-

416 3923 569 3982 ζεται
610 3926 670 3977 τὸ
732 3924 955 3995 Πνεῦμα
986 3926 1049 3979 τὺ
1103 3926 1283 3995 ἆγιον.

492 4017 603 4069 Καὶ
630 4016 935 4084 σημείωσαι
960 4018 1039 4070 ὅτι
1071 4018 1129 4069 τὸ
1164 4019 1386 4089 Πνεῦμα
1433 4020 1492 4072 τὺ
1518 4019 1675 4090 ἅγιον
1703 4024 1840 4091 φησι
1892 4024 1988 4094 δη-

416 4107 527 4162 λῶν
560 4108 658 4178 τὴν
686 4109 1003 4163 ὑπόστασιν.
1039 4110 1106 4161 Ἠ
1134 4110 1180 4163 δ’
1233 4110 1532 4174 ὑπόστασις
1585 4112 1677 4165 τοῦ
1736 4115 1988 4181 Πνεῦμα-

415 4217 506 4262 ro;
546 4201 640 4253 τοῦ
679 4200 838 4269 ἁγίου
872 4200 1024 4265 Θεός.
1066 4202 1125 4254 Ὀ
1148 4200 1239 4256 οῦν
1275 4201 1401 4263 Υίὸς
1432 4206 1583 4275 πηγὴ
1613 4205 1706 4258 τοῦ
1735 4207 1987 4271 Πνεῦμα-

415 4309 507 4353 eo;
547 4289 623 4344 ὢν
651 4291 747 4344 τοῦ
775 4292 955 4358 ἁγίου,
1002 4292 1153 4361 πηγὴ
1201 4293 1453 4358 θεότητος
1503 4298 1653 4350 ἐστιν
1695 4298 1985 4368 άριδήλως.

421 4386 584 4437 ’Ὥστε
603 4384 662 4435 τὺ
675 4385 768 4437 τοῦ
793 4385 939 4438 θείου
970 4387 1275 4453 Διονυσίου,
1304 4389 1454 4457 Μόνη
1481 4390 1632 4460 πηγὴ
1648 4390 1744 4458 τῆς
1761 4390 1991 4462 ὐπερου-

421 4473 537 4527 σίου
573 4473 827 4542 θεότητος
857 4476 885 4527 ό
912 4474 1120 4545 Πατὴρ,
1153 4476 1426 4544 λέγοντος,
1458 4479 1583 4533 ἐπεὶ
1613 4484 1723 4545 τοῖς
1766 4483 1989 4554 εἰρημέ-

2007 3198 2054 3257 G

2377 1218 2584 1274 Salutio
2633 1218 2758 1272 dicti
2791 1217 2961 1275 sancti
3000 1213 3262 1287 Dionysii.

2144 1359 2220 1413 Ad
2253 1358 2386 1412 illud
2414 1370 2548 1410 vero
2573 1355 2751 1410 sancti
2782 1354 3049 1424 Dionysii,
3081 1360 3141 1407 ut
3175 1353 3345 1422 magis
3364 1360 3418 1406 et
3446 1351 3643 1406 clarius

2072 1458 2359 1519 appareat,
2393 1465 2500 1502 non
2552 1446 2700 1500 hunc
2750 1446 2954 1500 habere
2990 1460 3231 1507 sensum,
3261 1459 3422 1513 quem
3471 1441 3643 1496 nostri

2071 1542 2448 1602 arbitrantur,
2504 1539 2763 1596 audiendi
2818 1550 2947 1594 sunt
2996 1539 3151 1608 prius
3203 1537 3491 1598 doctores,
3547 1534 3644 1603 qui

2074 1633 2389 1687 concedunt
2419 1630 2615 1686 Filium
2638 1646 2760 1686 esse
2794 1630 2999 1686 fontem
3030 1628 3271 1697 Spiritus
3302 1627 3476 1682 sancti
3502 1644 3514 1690 ;
3536 1642 3642 1679 non

2076 1727 2345 1781 donorum
2375 1706 2740 1795 quorumdam
2767 1740 2877 1779 non
2908 1722 3329 1785 subsistentium
3351 1720 3477 1790 (hoc
3500 1718 3644 1772 enim

2077 1820 2395 1890 frequenter
2450 1818 2505 1872 in
2561 1832 2724 1871 omne
2795 1816 3002 1870 dictum
3058 1814 3306 1869 nonnulli
3381 1824 3646 1879 usurpare

2075 1924 2239 1983 atque
2266 1914 2342 1966 uti
2385 1911 2528 1965 soliti
2569 1909 2741 1979 sunt),
2793 1910 2886 1963 sed
2922 1908 3096 1975 ipsius
3132 1906 3488 1976 hypostaseos
3520 1901 3647 1969 Spi-

2074 2008 2234 2063 ritus.
2263 2005 2503 2061 Primum
2534 2003 2701 2071 igitur
2723 2001 3079 2057 Athanasius.
3103 1999 3156 2052 in
3183 1996 3431 2051 oratione
3456 1993 3650 2047 adver-

2075 2114 2170 2155 sus
2193 2099 2447 2161 Arianos,
2468 2095 2599 2150 illud
2634 2094 2823 2164 psalmi
2855 2110 2870 2145 ι
2899 2091 3161 2156 Quoniam
3193 2088 3335 2156 apud
3364 2098 3411 2139 te
3431 2094 3505 2138 est
3532 2086 3649 2154 Ιονιε

2062 2194 2218 2262 riuo,
2264 2190 2563 2257 explanans
2596 2204 2611 2242 :
2648 2186 2869 2239 Sciebat
2911 2183 3079 2247 enim,
3121 2181 3318 2249 inquit,
3353 2178 3512 2231 Pater
3541 2176 3649 2230 sci-

2075 2284 2208 2339 licet
2268 2281 2473 2335 habere
2529 2277 2669 2347 apud
2729 2292 2787 2331 se
2845 2274 3085 2340 Filium,
3144 2274 3349 2326 fontem
3412 2267 3649 2338 Spiritus

2079 2376 2279 2431 sancti.

2154 2469 2297 2521 Sane
2322 2465 2541 2535 quidem
2579 2458 2915 2534 hypostasim
2959 2457 3050 2511 hic
3079 2453 3374 2525 signiﬁcat,
3412 2468 3519 2507 non
3554 2451 3653 2504 do-

2082 2572 2209 2609 num
2254 2552 2500 2623 aliquod.
2553 2548 2963 2605 subsistentiam
3002 2563 3108 2600 non
3162 2544 3389 2598 habens.
3434 2540 3649 2595 Etenim

2081 2647 2348 2703 habemus
2381 2662 2409 2699 a
2445 2644 2647 2698 Basilio
2685 2642 2877 2712 Magno
2908 2640 3160 2693 traditam
3196 2636 3358 2691 nobis
3384 2633 3649 2703 regulam,

2080 2755 2206 2795 cum
2245 2739 2500 2794 audimus
2530 2736 2797 2807 Spiritum
2842 2741 3114 2797 sanctum,
3157 2743 3281 2783 cum
3312 2728 3403 2783 illa
3448 2740 3653 2795 appen-

2082 2832 2262 2888 dicula
2301 2839 2567 2894 sanctum,
2610 2826 2750 2882 nihil
2781 2824 2931 2881 aliud
2962 2838 3123 2893 quam
3158 2820 3497 2890 hypostasim
3531 2816 3656 2886 Spi-

2084 2925 2223 2979 ritus
2262 2922 2565 2993 intelligere
2603 2919 2892 2975 debemus.
2938 2915 3039 2971 Hic
3078 2913 3245 2984 igitur
3288 2910 3482 2977 Filius,
3527 2908 3651 2963 fons

2086 3017 2329 3085 Spiritus
2368 3012 2582 3077 sancti,’
2610 3026 2732 3067 cum
2769 3009 3083 3064 accessione
3119 3006 3293 3060 sancti
3335 3003 3539 3067 dictus,
3575 3000 3659 3053 ni-
3690 3038 3697 3047 .

2087 3110 2288 3165 mirum
2321 3109 2700 3179 hypostaseos,
2733 3102 2905 3174 ipsius
2928 3100 3051 3155 fons
3072 3112 3190 3154 esse
3210 3097 3389 3152 dictus
3411 3105 3516 3151 est.

2155 3291 2365 3349 Deinde
2396 3304 2550 3355 vero,
2582 3287 2724 3344 idem
2754 3286 2869 3355 ipse
2898 3295 3121 3353 quoque
3145 3292 3372 3348 magnus
3402 3273 3660 3337 Basilius,

2086 3385 2179 3454 qui
2212 3389 2366 3453 hanc
2398 3380 2561 3436 nobis
2604 3378 2834 3435 tradidit
2871 3375 3141 3445 regulam,
3184 3370 3385 3424 Filium
3427 3363 3664 3435 appellat

2086 3477 2291 3531 fontem
2326 3474 2568 3544 Spiritus
2615 3471 2815 3534 sancti,
2846 3469 2927 3523 sic
2969 3466 3159 3521 dicens
3197 3480 3208 3514 :
3241 3460 3388 3515 Fons
3422 3457 3547 3512 vita:
3578 3462 3664 3509 est

2085 3570 2294 3634 Filius;
2322 3570 2399 3622 ait
2431 3565 2578 3622 enim
2610 3556 2782 3617 David
2817 3560 2885 3614 ad
2921 3560 3135 3614 Patrem
3170 3571 3185 3608 :
3224 3551 3484 3619 Quoniam
3522 3546 3664 3619 apud

2088 3670 2137 3714 le
2164 3667 2241 3713 est
2285 3658 2399 3727 fons
2434 3656 2574 3711 vitae.
2617 3653 2686 3707 Et
2721 3664 2911 3705 rursus
2954 3648 3096 3702 alius
3125 3643 3391 3715 propheta
3424 3642 3558 3696 dicit
3595 3639 3664 3693 de

2084 3750 2285 3807 Judazis
2314 3765 2328 3803 :
2359 3747 2761 3817 Dereliquerunt
2807 3759 2889 3797 me
2936 3742 3130 3813 (autem
3159 3755 3311 3808 aqum
3335 3738 3463 3790 vim
3482 3751 3501 3800 ;
3522 3746 3662 3802 aqua

2088 3860 2223 3901 vero
2256 3844 2377 3897 viva
2408 3840 2725 3895 nominatur
2747 3836 2985 3906 Spiritus
3007 3841 3245 3889 sanctus.

2160 4019 2222 4071 Et
2256 4023 2406 4080 nota,
2434 4013 2579 4085 quod
2607 4012 2872 4083 Spiritum
2900 4020 3147 4065 sanctum
3167 4007 3333 4079 dicat,
3354 4006 3666 4074 signiﬁcans

2092 4105 2430 4179 hypostasim
2456 4112 2512 4159 et
2530 4117 2820 4174 personam
2842 4119 2853 4155 :
2879 4097 3185 4171 hypostasis
3216 4106 3397 4151 autem
3430 4094 3670 4163 Spiritus

2089 4198 2261 4255 sancti
2289 4206 2371 4251 cst
2402 4196 2584 4259 Deus;
2617 4191 2790 4247 Filius
2829 4193 3013 4263 igitur,
3064 4204 3188 4244 cum
3225 4188 3297 4243 sit
3338 4186 3460 4241 fons
3490 4185 3668 4256 Spiri-

2092 4301 2181 4346 tus
2218 4289 2413 4354 sancti,
2443 4298 2525 4343 est
2567 4286 2689 4340 l‘ons
2727 4283 3040 4339 clarissime
3083 4280 3323 4335 deitatis.
3357 4278 3537 4345 Quare
3583 4277 3668 4330 di-

2090 4393 2235 4438 ctum
2267 4380 2443 4435 sancti
2482 4376 2742 4448 Dionysii,
2772 4374 3094 4429 aiﬁrmantis
3110 4366 3284 4428 solum
3313 4370 3523 4425 Patrem
3545 4383 3671 4422 csse

2094 4476 2299 4531 fontem
2346 4467 2897 4541 supersubstantialis
2945 4465 3192 4526 deitatis.
3230 4463 3491 4532 quoniam
3528 4477 3669 4529 prae-

418 4582 529 4628 νοις
568 4541 745 4630 ἁγίοις
770 4566 871 4619 οὐκ
901 4541 1240 4631 ἀντίκειται,
1302 4570 1361 4621 οὐ
1424 4571 1532 4639 γάρ
1583 4541 1741 4639 θέμις
1794 4541 1984 4628 ἐννοεῖν

2102 4566 2266 4621 dictis
2319 4563 2523 4617 sanctis
2563 4576 2673 4615 non
2718 4558 3040 4613 adversatur
3087 4557 3216 4623 (non
3256 4555 3403 4608 enim
3458 4554 3541 4609 fas
3586 4565 3671 4608 est

420 4656 731 4725 ἀντιλέγειν
758 4655 1017 4727 ἀλλήλοις
1063 4659 1190 4720 τοὺς
1239 4657 1615 4724 διδασκάλους,
1673 4662 1832 4716 ἄλλον
1873 4664 1996 4717 τινὰ

427 4748 554 4803 νοῦν
589 4749 743 4819 παρὰ
773 4750 865 4801 τδν
894 4750 1007 4811 τοῖς
1058 4748 1275 4813 πολλοῖς
1320 4752 1644 4821 φαινόμενον
1695 4753 1807 4823 ἔχει
1834 4774 1849 4788 ·
1903 4759 1997 4809 καὶ

421 4843 523 4895 οὐκ
545 4842 877 4911 ἀρνούμενος
902 4844 1012 4897 ἀπο
1057 4841 1149 4895 τοῦ
1204 4842 1333 4895 Υίοῦ
1390 4845 1488 4914 τὴν
1539 4845 1633 4898 τοῦ
1681 4846 1999 4917 Πνεύματος

423 4934 629 5003 πηγὴν.
669 4934 844 4989 ταῦτά
877 4952 1045 5005 φησιν
1068 4951 1083 4967 '
1113 4935 1249 4989 ἀλλὰ
1283 4937 1377 4989 καὶ
1403 4936 1561 4999 αὐτὸς
1590 4939 1659 4990 ἂν
1683 4939 1818 5009 φαίη
1858 4942 1997 5011 μετὰ

422 5028 629 5080 τούτων
655 5027 767 5079 τῶν
801 5026 1140 5081 διδασκάλων
1174 5027 1357 5097 πηγὴν
1409 5028 1503 5081 τοῦ
1540 5029 1855 5099 Πνεύματος
1905 5031 1998 5083 τὸν

425 5121 579 5180 Υιδν,
612 5120 733 5188 ἦτοι
764 5121 864 5189 τῆς
897 5118 1066 5173 αὐτοῦ
1098 5119 1472 5183 ὑποστάσεως.

497 5209 714 5263 Τούτων
773 5204 868 5262 οὖν
926 5210 1141 5279 πρῶτον
1194 5211 1718 5280 σεσαφηνισμένων,
1767 5211 1999 5282 λέγομεν

433 5304 575 5370 μετὰ
606 5303 801 5367 ταῦτα,
831 5303 906 5364 ὡς
931 5304 993 5355 ού
1021 5302 1258 5371 παντεὶῆ
1314 5302 1548 5356 ἐνταῦθα
1582 5303 1856 5375 διάκρισιν
1889 5305 1998 5359 τῶν

427 5396 588 5450 θεῐων
616 5397 714 5463 τῆς
738 5395 969 5465 Τριάδος
1010 5396 1321 5465 προσώπων
1378 5394 1454 5463 τῷ
1503 5395 1810 5466 διδασκάλῳ
1861 5398 1999 5467 πρό-

426 5503 602 5539 κειται
630 5483 993 5555 παραδοῦναι.’
1038 5484 1146 5537 Καὶ
1197 5485 1354 5555 δῆλον
1403 5485 1486 5537 ὅτι
1551 5484 1811 5553 οὐδεμίαν
1863 5483 1996 5538 Υίοῦ

425 5579 520 5630 καὶ
553 5576 872 5644 Πνεὺματος
910 5576 1184 5644 διάκρισιν
1212 5576 1349 5645 πρδς
1378 5574 1584 5645 ἄλληλα
1617 5575 1998 5644 παραδέδωκεν

426 5671 485 5723 ὲν
514 5669 689 5739 τούτῳ
722 5669 799 5738 τῷ
822 5669 985 5737 λόγῳ.
1023 5669 1097 5721 Ut’:
1147 5667 1367 5720 πάντων
1412 5666 1505 5719 οῦν
1536 5665 1647 5719 τῶν
1687 5669 1997 5737 προσώπων

429 5759 526 5812 ἀπ’
549 5760 798 5831 ἀλλήλων
819 5760 1116 5831 διάκρισιν,
1149 5760 1283 5817 ἀλλὰ
1308 5759 1399 5813 τοῦ
1430 5761 1644 5829 Πατρός
1672 5761 1806 5828 πρὸς
1842 5744 1909 5813 τά
1938 5762 1997 5823 ἐξ

432 5850 596 5905 αὐτοῦ
636 5853 966 5924 παραδίδωσι
1007 5853 1184 5924 μόνον.
1222 5853 1323 5906 ἰ’ὸν
1353 5853 1530 5906 τοίνυν
1587 5851 1800 5922 Πατέρα
1863 5852 1995 5921 πρὸς

2097 4657 2339 4727 Cogitare
2384 4657 2640 4727 doctores
2696 4651 2839 4705 inter
2880 4667 2937 4705 se
2969 4649 3281 4705 contrarios
3307 4646 3471 4717 esse).
3500 4647 3668 4701 alium

2099 4749 2410 4819 quempiam
2446 4726 2611 4801 habet
2650 4759 2896 4809 sensum,
2933 4753 3130 4812 praeter
3173 4758 3297 4797 eum
3343 4742 3436 4813 qui
3485 4741 3671 4795 multis

2098 4850 2356 4912 apparet;
2387 4847 2444 4894 et
2473 4853 2583 4892 non
2614 4852 2906 4890 removens
2934 4852 2962 4889 a
2997 4834 3136 4889 Filio
3165 4835 3374 4890 fontem
3400 4850 3521 4889 esse
3552 4833 3674 4903 Spi-

2099 4934 2259 4996 ritus,
2287 4932 2404 4985 haec
2438 4929 2512 4982 ait
2550 4944 2563 4980 :
2596 4942 2793 4981 verum
2819 4938 2873 4981 et
2905 4927 3020 4997 ipse
3052 4943 3155 4979 una
3183 4943 3305 4981 cum
3340 4927 3459 4981 istis
3485 4927 3674 4982 docto-

2100 5022 2255 5080 ribus
2290 5024 2502 5079 diceret
2549 5019 2746 5075 Filiutn
2778 5018 2981 5073 fontem
3019 5021 3276 5090 Spiritus,
3314 5021 3415 5074 hoc
3441 5027 3526 5074 est
3554 5018 3674 5088 ejus

2098 5118 2475 5188 hypostaseos.

2172 5207 2270 5265 His
2322 5210 2492 5279 igitur
2550 5212 2702 5279 prius
2760 5206 3064 5268 illustratis,
3104 5201 3365 5269 deinceps
3416 5198 3671 5258 dicimus,

2099 5318 2206 5356 non
2232 5320 2351 5357 esse
2370 5305 2712 5374 propositum
2737 5304 2865 5358 huic
2883 5298 3094 5356 doctori
3127 5296 3363 5358 tradere,
3394 5292 3485 5345 hic
3518 5289 3669 5343 onmi

2098 5410 2163 5448 ex
2206 5405 2362 5463 parte
2403 5396 2698 5464 perfectam
2732 5405 2788 5449 ct
2816 5394 3032 5464 plenam
3065 5388 3373 5443 divinarum
3407 5394 3674 5452 persona-

2100 5502 2220 5540 rum
2251 5486 2540 5541 Trinitatis
2569 5486 3005 5542 distinetionem.
3042 5480 3282 5546 Indeque
3316 5474 3672 5544 perspicuum

2099 5578 2360 5649 estquod
2414 5578 2621 5633 nullam
2666 5575 3079 5631 distinctionem
3132 5568 3257 5623 Filii
3305 5582 3368 5620 ac.
3411 5563 3671 5635 Spiritus,

2101 5667 2246 5721 inter
2274 5683 2332 5720 se
2367 5667 2422 5720 in
2452 5666 2554 5721 hac
2581 5667 2832 5721 oratione
2868 5660 3176 5717 tradiderit.
3211 5660 3327 5713 Non
3358 5656 3525 5726 igitur
3553 5668 3674 5708 om-

2100 5761 2248 5814 nium
2273 5746 3067 5830 personarum'distinctionem
3100 5753 3245 5807 inter
3265 5766 3324 5805 se
3351 5749 3537 5811 tradit,
3569 5748 3666 5801 sed

2100 5854 2313 5908 Patrem
2363 5862 2568 5907 tantum
2618 5851 2685 5905 ab
2731 5850 2797 5905 iis
2836 5848 2927 5918 qui
2979 5847 3046 5903 ab
3103 5848 3220 5915 ipso
3276 5844 3479 5901 habent
3522 5853 3676 5908 esse,
