4086 6432
421 426 533 493 603

1392 422 1900 483 BESSAIUONIS
1938 424 1997 486 S.
2045 424 2115 486 Ii.
2158 425 2224 486 E.
2261 422 2738 486 CARDI‘NALIS

3600 434 3713 497 4οι

426 548 738 621 distinguit.
767 547 985 603 Patrem
1015 546 1182 616 igitur
1210 545 1275 600 ad
1310 542 1434 599 Filii
1470 544 1736 600 tationem
1767 552 2016 598 contem-

2133 546 2220 600 τὸν
2262 546 2391 599 Υίόν
2425 547 2649 616 θεωρῶν
2683 549 2741 600 ἐν
2767 546 2944 619 τούτῳ
2972 548 3046 618 τῷ
3074 548 3254 619 μέρει,
3291 550 3385 605 καί
3431 551 3529 622 τὴν
3590 553 3685 606 τού

426 648 608 716 plana,
647 644 751 699 hac
789 657 856 696 ex
903 646 1061 712 parte
1092 648 1326 705 tantum,
1359 649 1413 694 et
1444 637 1645 692 borum
1689 651 1816 691 cum
1848 635 2018 691 tradi-

2121 654 2232 692 των
2262 639 2595 707 παραδιδοὺς
2627 639 2724 692 ἀπ’
2757 638 3006 708 ἀλλήλων
3046 641 3346 712 διάκρισιν,
3395 643 3565 717 μόνην
3607 642 3716 716 πηί-

428 741 603 795 ιίίεεοι
637 739 784 793 inter
833 750 893 791 se
938 733 1265 799 discrimen,
1316 734 1498 788 solum
1546 728 1763 786 Patrem
1812 729 2015 784 fontem

2133 730 2342 800 γὴντόν
2372 731 2594 803 Πατέρα
2628 731 2820 803 φησιν,
2856 733 2935 796 ὡς
2995 734 3090 788 τοῦ
3131 736 3229 803 μὲν
3272 737 3487 806 Harpe;
3532 740 3719 810 πηγῆς

427 830 703 899 appellat;
744 836 933 896 utpote
989 825 1084 895 qui
1114 824 1187 880 sil.
1214 824 1338 880 fons
1365 822 1512 888 Filii,
1539 822 1713 877 Filius
1738 835 1872 876 vero
1912 821 2020 875 nti-

2121 825 2216 879 τοῦ
2243 825 2374 879 Υίοῦ
2401 825 2576 887 ὄντος,
2607 825 2704 881 τοῦ
2747 826 2793 880 δ’
2816 828 2947 881 Υίοῦ
2998 828 3183 897 πηγῆς
3230 830 3337 883 τοῦ·
3359 831 3571 903 Ιίατρὺς
3623 834 3722 887 οὐ·

428 923 577 975 nime
604 920 678 976 sit
703 919 828 975 fons
862 917 1060 974 Patris.
1093 916 1253 984 Quod
1286 924 1472 971 autem
1508 915 1577 969 de
1610 915 1772 971 Patre
1804 919 2019 967 tantum

2133 917 2330 984 5αμῶς.
2366 918 2477 972 Καὶ
2501 918 2582 972 ὅτι
2613 920 2743 989 περὶ
2764 921 2978 991 Πατρός
2996 923 3090 975 καὶ
3130 921 3262 975 Υἱοῦ
3331 940 3467 994 φησι
3522 924 3716 993 μόνου,

430 1029 495 1069 ac
522 1012 664 1068 Filio
685 1012 853 1076 dicat,
878 1012 1045 1065 etiam
1071 1026 1135 1065 ex
1163 1008 1636 1079 consequentibus
1665 1006 2018 1061 manifestum

428 1113 538 1157 est.
587 1102 845 1158 Persona:
891 1103 1066 1167 enim,
1100 1098 1302 1169 inquit,
1338 1097 1893 1170 supersubstantialis
1933 1097 2020 1151 di-

432 1197 576 1250 vinae
597 1195 974 1267 generationis
1008 1210 1118 1249 non
1156 1194 1601 1263 reciprocantur.
1632 1191 1845 1247 Nomen
1870 1189 2019 1246 enim

432 1290 592 1354 illud,
627 1290 974 1357 theogonias,
1012 1288 1117 1343 hoc
1147 1296 1232 1343 est
1264 1286 1438 1342 divini
1472 1296 1650 1349 ortus,
1687 1300 1715 1339 a
1745 1283 2022 1354 gignendo

430 1389 490 1435 ct
526 1379 882 1451 generatione
917 1379 1274 1448 desumptum
1324 1386 1428 1432 est.
1463 1376 1597 1442 Qua:
1642 1390 1775 1431 sane
1828 1372 2022 1429 relatio

435 1481 652 1527 tantum
682 1472 829 1527 Patri
862 1472 1126 1526 convenit
1157 1480 1214 1526 et
1249 1469 1410 1529 Filio.
1443 1484 1569 1525 eum
1597 1469 1741 1524 alter
1770 1475 2021 1540 generet,

434 1573 576 1619 aiter
610 1563 891 1635 gignatur.
933 1562 1049 1619 Hoc
1090 1578 1221 1618 vero
1259 1572 1317 1619 et
1348 1564 1491 1619 ultra
1522 1562 1889 1632 progrediens
1920 1562 2021 1615 do-

437 1665 561 1708 ctor
612 1654 788 1724 magis
820 1655 1044 1723 planum
1071 1664 1127 1709 et
1152 1654 1505 1710 manifestum
1535 1654 1707 1709 facit:
1737 1653 1856 1709 Non
1882 1652 2026 1707 exsi-

441 1757 645 1815 stente,
687 1748 967 1818 inquiens,
1022 1748 1184 1804 Patre
1228 1749 1391 1813 Filio,
1441 1762 1625 1817 neque
1659 1746 1803 1802 Filio
1836 1747 2020 1801 Patre.

439 1840 627 1906 Quare
660 1853 785 1894 cum
834 1841 1066 1912 gignere
1103 1855 1167 1895 ac
1198 1840 1591 1911 paternitatem
1628 1849 1841 1894 tantum
1876 1835 2022 1892 Patri

434 1932 804 1994 attribuisset,
828 1950 956 1988 eum
990 1935 1168 1989 solum
1191 1934 1325 1989 dicit
1353 1948 1478 1989 esse
1527 1933 1734 1988 fontem
1766 1931 2023 1999 deitatis;

437 2025 592 2093 quasi
617 2024 850 2091 diceret,
883 2026 1048 2081 Solus
1073 2025 1189 2096 ipse
1217 2034 1301 2081 est
1322 2026 1483 2081 Pater
1503 2035 1558 2080 et
1584 2025 1734 2081 solus
1755 2033 1982 2094 generat
2007 2042 2021 2079 :

440 2126 571 2173 cini;
604 2133 784 2187 neque
814 2119 932 2190 ipse
959 2119 1271 2175 obtinuerit
1312 2120 1491 2174 locum
1529 2126 1589 2173 ut
1618 2117 1898 2189 gignatur,
1931 2131 2027 2173 ne-

440 2227 549 2281 que
576 2210 751 2267 Filius
779 2212 1023 2266 vicissim
1055 2213 1332 2282 acceperit
1361 2213 1544 2268 locum
1573 2221 1632 2265 ut
1662 2221 1890 2281 generet
1921 2224 1935 2264 :
1971 2216 2027 2265 et

446 2313 758 2373 propterea,
802 2318 1054 2369 personae
1102 2301 1661 2373 supersubstantialis
1692 2300 1893 2356 divinae
1936 2316 2030 2371 ge-

438 2394 750 2450 nerationis
783 2395 1013 2451 minime
1047 2396 1491 2465 reciprocantur.

511 2487 714 2545 Verum
762 2488 1072 2557 enimvero,
1097 2491 1200 2545 etsi
1226 2490 1350 2560 quis
1373 2490 1778 2545 dieeretsolu’m
1807 2490 2024 2546 Patrem
2070 2550 2073 2553 ,

439 2598 561 2638 esse
594 2582 802 2638 fontem
830 2583 1375 2654 supersubstantialis
1427 2582 1674 2649 deitatis,
1704 2583 1908 2654 quippe
1939 2594 2027 2638 so-

442 2678 530 2729 lus
561 2678 680 2745 ipse
715 2676 786 2730 sit
811 2692 976 2732 causa
1007 2684 1065 2731 et
1093 2676 1218 2732 Filii
1245 2683 1302 2732 et
1332 2676 1574 2745 Spiritus
1599 2677 1798 2740 sancti,
1829 2691 1861 2731 a
1890 2690 2027 2732 vero

445 2786 554 2825 non
590 2772 901 2827 aberraret.
936 2769 1100 2828 Solus
1130 2772 1279 2827 enim
1313 2770 1406 2827 ille
1433 2782 1521 2828 est
1553 2786 1717 2826 causa
1748 2780 1804 2827 et
1832 2773 2028 2828 ambo-

445 2882 565 2919 rum
586 2908 603 2933 ,
644 2877 700 2921 et
733 2866 884 2921 solus
918 2873 1005 2921 est
1051 2868 1177 2921 fons
1209 2876 1320 2921 non
1351 2878 1420 2920 ex
1453 2864 1645 2931 fonte;
1688 2881 1815 2922 cum
1851 2865 2027 2923 Filius

440 2958 514 3012 sit
551 2961 675 3012 t'ons
718 2957 966 3027 quidem,
1015 2968 1075 3012 ιιι
1112 2957 1290 3013 sancti
1328 2965 1621 3026 asserunt,
1659 2956 1755 3014 sed
1802 2957 1928 3016 fons
1955 2975 2022 3016 ex

441 3053 613 3106 fonte.

1062 3212 1406 3280 Augustinus.

422 3332 425 3333 '
521 3325 692 3398 Hujus
728 3341 896 3396 porro
924 3341 1122 3382 sensus
1161 3335 1218 3381 et
1262 3325 1643 3398 intelligentiae
1694 3327 1862 3384 etiam
1895 3343 2025 3385 oea-

447 3426 562 3473 tum
628 3420 998 3489 Augustinum
1044 3421 1257 3476 socium
1307 3421 1468 3475 nobis
1510 3420 1785 3495 adducere
1831 3436 2028 3491 possu-

449 3528 624 3578 mus;
678 3511 732 3565 in
792 3520 989 3581 quarto
1044 3514 1191 3568 enim
1250 3513 1396 3569 libro
1455 3512 1529 3568 De
1588 3511 1849 3567 Trinitate
1898 3514 2022 3569 ait:

447 3605 602 3670 Quod
662 3611 847 3660 autem
892 3604 1026 3661 dicit
1090 3606 1401 3662 Dominus:
1445 3604 1609 3672 Quem
1665 3621 1759 3677 ego
1819 3607 2028 3660 mittam

448 3697 590 3752 vobis
612 3715 644 3751 (ι
672 3697 856 3764 Patre,
904 3698 1155 3755 ostendit
1185 3698 1452 3771 Spiritum
1482 3710 1736 3754 sanctum
1767 3707 1823 3754 et
1850 3697 2028 3754 Patris

447 3804 568 3843 esse
594 3799 648 3843 et
678 3786 823 3844 Filii.
849 3788 986 3846 Cum
1015 3791 1163 3846 enim
1210 3790 1377 3846 etiam
1421 3790 1652 3847 dixisset
1680 3809 1694 3846 :
1718 3789 1883 3856 Quem
1907 3793 2028 3846 mit-

449 3890 520 3933 tct
552 3880 734 3942 Pater,
760 3882 815 3935 in
848 3883 1060 3937 nomine
1086 3894 1221 3949 utea,
1247 3882 1481 3938 addidit.
1506 3882 1626 3937 non
1656 3888 1840 3937 tamen
1865 3882 2026 3948 dixit,

446 3982 621 4037 Quem
667 3973 849 4030 mittet
895 3974 1055 4029 Pater
1097 3989 1128 4029 a
1179 3990 1285 4040 me,
1323 3974 1791 4046 quemadmodum
1838 3975 2023 4031 dixit:

448 4066 617 4127 Quem
644 4082 737 4129 eqa
772 4067 978 4122 mittam
1003 4068 1143 4123 vobis
1183 4085 1216 4121 a
1242 4067 1446 4133 Patre;
1477 4067 1781 4122 ostendens
1815 4068 2031 4123 scilicet

450 4159 618 4213 totius
654 4158 986 4224 divinitatis,
1016 4158 1124 4223 vel,
1156 4159 1201 4216 si
1228 4160 1428 4215 melius
1455 4158 1751 4215 dicendum
1779 4169 1885 4228 est,
1913 4160 2029 4217 dei-

450 4248 579 4303 tatis
612 4248 830 4305 Patrem
858 4266 980 4308 esse
1017 4253 1375 4325 principium.

517 4430 690 4502 Quem
731 4436 922 4499 alium,
956 4451 1118 4507 quam
1151 4437 1343 4505 istum,
1373 4429 1465 4493 eui
1509 4435 1684 4506 magis
1717 4436 2028 4503 credamus,

448 4529 650 4585 mentis
700 4528 946 4601 Dionysii
1000 4544 1313 4600 quaeremus
1364 4528 1780 4605 interpretem?
1815 4543 1942 4583 cum
1975 4539 2032 4584 et

2124 1010 2220 1062 καὶ
2249 1009 2358 1062 ἀπὸ
2394 1009 2495 1063 τοῦ
2514 1010 2860 1081 ἐπαγομένου
2892 1011 3077 1080 δῆλον.
3112 1012 3194 1067 Τὰ
3234 1013 3344 1085 γὰρ
3393 1014 3495 1078 τῆς
3545 1015 3715 1087 ὑπερ-

2124 1099 2313 1154 ουσίου
2342 1101 2642 1170 θεογονίας,
2662 1105 2849 1172 φησὶν,
2874 1105 2975 1156 οὐκ
3003 1103 3354 1176 ἀντιστρέφει
3383 1108 3520 1176 πρὸς
3547 1108 3717 1178 ἄλλη-

2124 1192 2210 1248 λα.
2235 1195 2309 1249 Τὸ
2335 1195 2442 1263 γὰρ
2467 1195 2571 1265 τῆς
2602 1196 2882 1264 θεογονίας
2901 1197 3072 1266 ὄνομα
3095 1199 3312 1253 ἀπὸτοῦ
3331 1201 3529 1272 γεννᾷν
3558 1218 3713 1271 παρ-

2125 1288 2382 1356 είληπται
2444 1288 2539 1344 καὶ
2592 1289 2692 1357 τῆς
2732 1292 3063 1361 γεννήσεως.
3093 1293 3252 1351 Ἠτις
3275 1293 3480 1364 δηῖαδὴ
3526 1295 3718 1364 σχέσις

2129 1380 2338 1449 μεταξὺ
2373 1381 2587 1451 Πατρός
2608 1383 2843 1455 ἁρμόζει
2873 1386 2968 1440 καὶ
3003 1383 3158 1449 Υίοῦ,
3192 1384 3288 1440 τοῦ
3344 1386 3442 1454 μὲν
3480 1386 3720 1452 γεννῶν-

2128 1487 2243 1536 τος,
2277 1470 2374 1525 τοῦ
2406 1471 2464 1526 δὲ
2492 1474 2861 1545 γεννωμένου.
2924 1475 3098 1530 Τοῦτο
3133 1475 3190 1529 δὲ
3244 1477 3340 1529 καὶ
3395 1474 3477 1528 ἔτι
3505 1476 3719 1547 προϊὼν

2084 1598 2097 1605 ι
2129 1565 2467 1634 σαφέστερον
2527 1569 2719 1621 ποιεῖό
2751 1567 3095 1633 διδάσκαλος,
3131 1569 3246 1624 Οὐκ
3290 1567 3466 1636 ὄντος,
3519 1571 3716 1639 λέγων,

2137 1656 2272 1710 Υἱοῦ
2299 1657 2396 1711 τοῦ
2423 1658 2659 1729 Πατρός,
2710 1659 2832 1714 οὐδὲ
2871 1660 3087 1730 Πατρός
3141 1661 3235 1715 τοῦ
3272 1661 3425 1715 Υἱοῦ.
3465 1660 3632 1716 Ὥστε
3657 1663 3720 1717 τδ

2128 1748 2325 1818 γεννᾷν
2354 1750 2451 1802 καὶ
2474 1749 2577 1815 τὴν
2609 1755 2931 1821 πατρότητα
2972 1753 3052 1823 τῷ
3107 1754 3283 1824 Πατρι
3330 1756 3490 1823 μόνον
3528 1755 3720 1809 ἀποδι-

2128 1838 2274 1899 δοὺς,
2315 1836 2488 1908 μόνην
2516 1839 2684 1894 αὐτὸν
2707 1839 2894 1911 πηγὴν
2929 1840 3136 1911 φάσκει
3192 1843 3449 1913 θεότητος
3479 1860 3495 1876 θ
3529 1844 3605 1907 ὡς
3647 1842 3715 1897 ἂν

2133 1936 2182 1987 εί
2210 1934 2384 2001 ἔλεγε,
2430 1930 2602 1997 Μόνος
2626 1932 2817 2005 Πατὴρ
2847 1935 2943 1988 καὶ
2971 1935 3132 2004 μόνος
3174 1937 3404 2004 γεννῶν,
3438 1939 3575 2009 μήτε
3616 1940 3719 1990 αὐ-

2131 2024 2227 2079 τοῦ
2252 2027 2350 2096 τὴν
2381 2022 2538 2089 τάξιν
2565 2023 2665 2096 τὴν
2686 2024 2781 2078 τοῦ
2806 2025 3123 2094 γεννᾶσθαι,
3143 2028 3284 2098 μήτε
3310 2028 3406 2082 τοῦ
3434 2030 3561 2084 Υἱοΰ
3590 2032 3719 2085 ἀντ-

2130 2116 2419 2187 ειληφότος
2465 2115 2565 2186 τὴν
2606 2115 2703 2173 τοῦ
2731 2119 2949 2189 γεννᾷν,
2978 2121 3072 2172 καὶ
3094 2119 3184 2174 διὰ
3226 2120 3387 2175 τοῦτο
3435 2124 3512 2193 μὴ
3565 2123 3720 2177 ἀντι-

2136 2210 2483 2280 στρεφόντων
2508 2209 2621 2265 τῶν
2679 2211 2781 2281 τῆς
2850 2211 3182 2281 ὑπερουσίου
3249 2212 3532 2285 Θεογονίας
3580 2216 3719 2289 πρὸς

2132 2302 2367 2374 ἄλληλα.

2200 2502 2278 2559 Οὐ
2310 2501 2426 2574 μὴν
2455 2502 2593 2557 ἀλλὰ
2619 2502 2715 2557 καὶ
2752 2504 2914 2568 εἴτις
2952 2503 3121 2577 μόνην
3162 2505 3350 2577 πηγὴν
3380 2507 3482 2577 τῆς
3544 2508 3717 2581 ὑπερ-

2128 2592 2310 2650 ονσίου
2343 2595 2603 2666 θεότητος
2626 2595 2718 2650 τὸν
2754 2595 2974 2666 Πατέρα
3021 2598 3244 2665 φάσκει,
3272 2598 3348 2662 ὡς
3393 2599 3559 2668 μόνον
3618 2602 3727 2654 αὒ-

2129 2689 2219 2741 τόν
2252 2687 2348 2739 καὶ
2380 2685 2510 2739 Υίοΰ
2543 2682 2640 2738 Stal.
2665 2685 2990 2755 Πνεύματος
3020 2682 3219 2747 αἴτιον,
3244 2686 3347 2739 οὐκ
3379 2685 3447 2739 ἂν
3479 2687 3722 2758 ἀμᾶρτο.

2128 2778 2228 2848 τῆς
2253 2776 2529 2847 ἀληθείας.
2554 2776 2737 2842 Μόνος
2762 2778 2871 2846 γὰρ
2901 2777 3111 2842 ἐκεῖνος
3134 2776 3310 2842 αἴτιος
3341 2779 3437 2832 καὶ
3487 2781 3716 2850 ἀμφοῖν,

2130 2868 2227 2921 καὶ
2262 2867 2425 2936 μόνος
2457 2867 2613 2937 πηγὴ
2676 2868 2779 2921 οὐκ
2824 2869 2890 2922 ἐκ
2934 2869 3122 2940 πηγῆς
3150 2883 3166 2900 ο
3202 2867 3298 2922 τοῦ
3353 2868 3485 2926 Υίοῦ.
3530 2870 3723 2941 πηγῆς

2131 2961 2235 3032 μὲν
2263 2960 2442 3027 ὄντος,
2480 2960 2557 3024 ὡς
2588 2961 2806 3033 εἴρηται
2836 2963 2952 3026 τοῖς
3014 2960 3211 3032 ἁγίοις,
3246 2962 3382 3016 ἀλλὰ
3407 2962 3593 3033 unﬁt;
3651 2962 3725 3016 ἐκ

2128 3071 2332 3125 πηγης.

2706 3214 3133 3284 Αὐγουστῒνος.

2205 3323 2426 3395 Ταύτης
2448 3316 2505 3378 δὲ
2529 3326 2630 3393 τῆς
2660 3324 2872 3386 ἐννοίας
2901 3322 2999 3377 καὶ
3026 3323 3120 3377 τὸν
3180 3325 3457 3395 μακάριον
3511 3324 3730 3394 Αὐγου-

2137 3419 2321 3472 στῖνον
2378 3418 2732 3487 παραγαγεῖν
2779 3416 2977 3486 ἔχομεν
3014 3418 3148 3488 ἡμῖν
3195 3417 3578 3472 κοινωνοῦντα.
3636 3419 3732 3473 Ἐν

2133 3511 2244 3580 γὰρ
2273 3509 2353 3580 τῷ
2382 3510 2522 3578 Περὶ
2568 3508 2818 3577 Τριάδος
2837 3505 2881 3563 δ’
2903 3509 3041 3581 φησί
3074 3527 3088 3542 ’
3129 3511 3241 3564 Καὶ
3268 3510 3405 3580 ὅπερ
3459 3510 3517 3563 δὲ
3573 3510 3733 3580 λέγει

2132 3605 2162 3657 ό
2189 3602 2431 3674 Κύριος,
2472 3605 2575 3656 ’³ον
2611 3600 2728 3672 ἐγὼ
2766 3590 2987 3671 πέμψω
3031 3601 3177 3671 ὑμῖν
3211 3602 3368 3670 παρὰ
3429 3603 3538 3657 τοῦ
3607 3608 3731 3659 Πα-

2134 3695 2294 3763 τρός,
2326 3694 2570 3747 δείκνυσι
2598 3694 2660 3747 τὸ
2700 3694 2937 3765 ,Πνεῦμα
2966 3694 3027 3747 τὸ
3058 3692 3216 3763 ἅγιον
3248 3695 3343 3748 καὶ
3378 3695 3473 3749 τοῦ
3507 3697 3732 3765 Πατρδς

2134 3787 2193 3842 ὄν
2217 3787 2312 3841 καὶ
2348 3787 2445 3841 τοῦ
2475 3787 2629 3841 Υίοῦ.
2662 3787 2775 3841 Καὶ
2805 3788 2912 3859 γὰρ
2961 3790 3056 3843 καὶ
3096 3786 3290 3854 εἰπὼν,
3355 3790 3457 3843 Ὃν
3502 3791 3731 3862 πέμψει

2136 3884 2171 3936 ὁ
2198 3883 2423 3949 Πατὴρ,
2450 3881 2523 3935 ἐν
2565 3880 2646 3947 τῷ
2710 3881 2960 3951 ὀνόματὶ
3012 3898 3157 3950 μου,
3224 3883 3590 3953 προσέθηκεν.
3639 3884 3718 3937 Οὐ

2139 3973 2325 4044 μέντοι
2354 3967 2533 4038 εἶπεν,
2576 3974 2676 4027 Ὃν
2708 3971 2917 4043 πέμψει
2944 3974 2972 4025 ό
3010 3973 3204 4044 Πατὴρ
3254 3974 3392 4044 παρ’
3452 3974 3609 4045 ἐμοῦ,
3664 3976 3728 4029 ὃν

2133 4064 2343 4136 τρόπον
2370 4061 2547 4129 εἶπεν,
2596 4067 2708 4120 Ὃν
2749 4064 2866 4135 ἐγὼ
2930 4065 3148 4136 πέμψω
3195 4067 3342 4137 ὑμῖν
3402 4070 3564 4136 παρὰ
3618 4067 3728 4122 τοῦ

2137 4159 2391 4228 Πατρός.
2441 4160 2656 4224 δεικνὺς
2696 4160 2921 4230 δηλαδὴ.
2975 4161 3053 4223 ὡς
3107 4160 3236 4230 ὅλης
3272 4161 3374 4229 τῆς
3420 4162 3724 4233 θειότητος,

2137 4251 2171 4320 ἢ
2216 4253 2267 4304 εί
2318 4251 2528 4322 βέλτιον
2582 4249 2784 4319 λέγειν,
2829 4253 2931 4315 τῆς
2988 4250 3298 4323 θεότητοςό
3350 4252 3542 4323 Πατήρ
3579 4255 3728 4306 ἐστιν

2139 4344 2310 4417 ἀρχή·

2212 4435 2424 4489 Τούτου
2463 4435 2585 4489 τίνα
2617 4433 3065 4507 ἀξιοπιστότερον
3125 4437 3226 4507 τῆς
3280 4437 3564 4490 Διονυσίου
3613 4436 3730 4492 δια-

2140 4525 2289 4590 νοίας
2322 4526 2634 4597 ζητήσομεν
2664 4526 2940 4597 ἐξηγητὴν
2967 4545 2982 4592 ;
3006 4526 3213 4582 Τούτου
3242 4528 3327 4593 τίς
3381 4528 3583 4599 μᾶλλον
3633 4529 3729 4582 τὸν

449 4622 646 4677 iisdem
670 4621 963 4694 theologia:
990 4622 1300 4693 insignibus
1328 4633 1561 4679 ornatus
1584 4601 1754 4689 esset,
1777 4631 1834 4678 et
1865 4621 2028 4678 Deum

2143 4618 2357 4672 ἐκείνου
2395 4618 2602 4688 συνῆκε
2646 4619 2773 4672 νοῦν
2822 4618 2924 4688 τῆς
2970 4619 3144 4688 αὐτῆς
3203 4620 3353 4691 αὐτῷ
3409 4620 3729 4690 θεολογικῆς

449 4719 505 4771 in
544 4732 603 4772 se
652 4717 971 4787 loquentem
1018 4720 1306 4787 gestaret?
1350 4718 1490 4777 Ecce
1537 4719 1711 4785 enim,
1742 4717 1906 4793 quod
1943 4717 2035 4774 ille

447 4810 628 4864 Solum
658 4808 861 4866 fontem
900 4813 1452 4881 supersubstantialis
1491 4812 1718 4869 deitatis
1774 4813 2032 4878 dixerat;

449 4903 556 4957 iste
590 4902 928 4973 principium
962 4903 1132 4958 totius
1170 4902 1397 4958 dcitatis
1421 4903 1601 4970 dixit;
1639 4915 1901 4975 tanquam
1936 4904 2035 4959 Pa-

451 5004 535 5049 ter
591 4994 805 5050 scilicet
850 4997 935 5050 sui
983 4996 1162 5066 ipsius
1214 4994 1493 5052 neminem
1545 5012 1765 5052 causam
1816 4997 2034 5063 habeat,

449 5089 569 5157 ipse
603 5103 734 5142 vero
770 5097 827 5143 et
854 5086 978 5142 Filii
1009 5096 1067 5142 et
1097 5087 1341 5157 Spiritus
1372 5103 1538 5143 causa
1567 5089 1819 5152 exsistat,
1865 5086 2038 5163 Filius

449 5192 636 5241 autem
682 5189 739 5239 et
784 5184 901 5254 ipse
934 5182 1011 5238 sit
1054 5192 1337 5247 causatus,
1372 5190 1428 5237 et
1468 5180 1646 5236 solius
1691 5180 1936 5252 Spiritus
1966 5179 2040 5235 sit

448 5293 636 5334 eausa.

524 5370 713 5440 Neque
747 5383 880 5425 vero
920 5377 973 5425 te
1006 5381 1199 5424 rursus
1223 5364 1329 5423 hoc
1365 5381 1568 5421 nomen
1617 5367 1787 5427 totius
1816 5365 2039 5421 deitatis

455 5462 720 5527 ctl‘cntlat,
753 5461 970 5518 Patrem
1008 5476 1135 5517 cum
1177 5468 1293 5515 toto
1333 5459 1741 5518 conferentem.
1779 5469 2037 5530 tanquam

456 5550 599 5606 Filio
638 5551 824 5608 Patris
852 5568 1019 5609 causa
1066 5551 1392 5608 exsisteule.
1439 5549 1710 5605 Divinitas
1740 5549 1888 5604 enim
1929 5565 2037 5603 non

456 5638 741 5711 dividitur,
782 5646 877 5701 sed
916 5647 1021 5702 hoc
1054 5643 1467 5702 incommodum
1532 5652 1587 5698 et
1620 5643 1812 5698 vitium
1844 5658 1909 5697 ex
1948 5643 2042 5698 de-

460 5735 607 5791 lectu
652 5747 709 5791 et
761 5737 1135 5793 imbecillitate
1179 5736 1467 5791 nominum
1512 5734 1800 5805 provenit,
1848 5748 2039 5803 quam,

463 5843 574 5885 non
612 5830 751 5883 bene
786 5829 973 5895 facies,
1013 5830 1058 5885 si
1093 5827 1160 5884 ad
1190 5843 1277 5883 res
1308 5828 1458 5900 ipsas
1495 5826 1861 5883 transtuleris.

508 5925 605 5978 .At
634 5924 803 5991 enim,
838 5940 961 5980 cum
996 5924 1166 5979 multa
1201 5920 1311 5978 sint
1346 5933 1400 5979 ct
1446 5922 1572 5987 alia,
1609 5921 1811 5988 quibus
1841 5919 2041 5989 aliquis

2143 4707 2452 4779 ἠξιωμένου
2487 4712 2733 4782 χάριτος,
2771 4714 2866 4766 καὶ
2892 4711 3027 4765 Θεὸν
3058 4713 3321 4784 φέροντος
3369 4713 3638 4770 λαλοῦντα
3674 4717 3732 4767 ἐν
3832 4720 3837 4721 '

2144 4802 2371 4872 ὲαυτῷς
2421 4803 2552 4857 Ἰδοὺ
2581 4803 2691 4873 γὰρ
2721 4803 2859 4875 ὅπερ
2912 4804 3121 4870 ἐκεῖνος
3173 4806 3346 4877 μόνην
3404 4808 3589 4877 πηγὴν
3629 4806 3731 4876 τῆς

2146 4895 2476 4967 ὑπερουσίου
2502 4894 2758 4964 Θεότητος
2804 4892 2984 4963 εἶπεν,
3036 4893 3191 4955 οὗτος
3222 4900 3399 4971 ἀρχὴν
3442 4903 3541 4969 τῆς
3600 4899 3729 4967 ὅλης

2145 4986 2402 5057 θεότητος
2433 4988 2699 5058 είρηκεν·
2753 4990 2828 5052 ὡς
2882 4987 2981 5042 τοῦ
3036 4989 3134 5060 μὲν
3191 4990 3408 5062 Πατρός
3464 4990 3728 5062 δηλονότι,

2145 5082 2311 5136 αὐτοῦ
2339 5082 2440 5152 μὲν
2461 5082 2655 5137 οὐδένα
2675 5082 2850 5136 αίτιον
2883 5080 3126 5151 ἔχοντος,
3151 5082 3327 5136 αἰτίου
3357 5083 3415 5137 δὲ
3464 5084 3560 5137 καὶ
3599 5083 3731 5136 Υἱοῦ

2147 5174 2243 5227 καὶ
2272 5170 2592 5242 Πνεύματος
2622 5170 2776 5235 ὄντος
2806 5185 2823 5203 ·
2860 5169 2994 5224 Υίοῦ
3020 5170 3079 5225 δὲ
3136 5171 3304 5226 αὖτοῦ
3359 5189 3419 5225 τε
3480 5173 3731 5227 αἰτιατοῦ

2145 5268 2319 5335 ὄντος,
2358 5268 2452 5320 καὶ
2483 5265 2660 5320 αίτίου
2697 5266 2863 5335 μόνου
2884 5264 2979 5319 τοῦ
3033 5265 3374 5336 Πνεύματος.

2218 5359 2311 5431 Μὴ
2331 5359 2647 5432 πρόσκοπτε
2677 5359 2735 5412 δὲ
2763 5357 2927 5412 πάλιν
2959 5357 3202 5412 ἐνταῦθα
3251 5359 3330 5429 τῷ
3360 5360 3592 5429 ὀνόματι
3630 5360 3733 5427 τῆς

2147 5455 2277 5526 ὅλης
2302 5453 2578 5523 θεότητος,
2613 5452 2909 5515 ἀντιτιθεὶς
2934 5454 3000 5523 τῇ
3025 5451 3129 5524 ὅλῃ
3152 5452 3341 5523 μέρος,
3373 5452 3447 5515 ὡς
3472 5452 3565 5505 τοῦ
3596 5450 3733 5505 Υἱοῦ

2152 5551 2354 5621 μέρους
2412 5548 2566 5610 ὄντος
2618 5546 2792 5600 αἰτίου
2824 5562 2839 5579 ⁸
2894 5544 3087 5616 θεότης
3131 5546 3241 5616 γὰρ
3282 5545 3344 5598 οὐ
3405 5543 3729 5616 μερίζεταυ

2149 5643 2288 5698 ἀλλὰ
2315 5643 2376 5696 τὸ
2392 5643 2682 5711 ἐλάττωμα
2706 5642 2806 5710 τῆς
2829 5640 2939 5693 τῶν
2962 5639 3246 5709 ὀνομάτων
3268 5640 3417 5692 ἐστὶν
3442 5637 3733 5701 ἀσθενείας

2150 5736 2216 5805 ἣν
2248 5736 2307 5789 οὐ
2340 5733 2521 5797 καλῶς
2543 5732 2791 5802 ποιήσεις
2823 5733 2918 5786 ἐπὶ
2948 5732 3015 5785 τὰ
3043 5731 3346 5801 πράγματα
3377 5735 3728 5802 μεταιρέρων.

2225 5915 2445 5970 Πολλῶν
2482 5915 2583 5987 μὲν
2615 5914 2708 5970 οὖν
2757 5916 2848 5970 καὶ
2902 5915 3076 5970 ἄλλων
3134 5913 3325 5979 ὄντων,
3380 5900 3466 5977 οἷς
3518 5913 3584 5967 ἂν
3642 5926 3732 5976 τις
