4086 6446
376 415 481 479 407

1288 394 1840 479 'nassmtoNts
1877 417 1935 477 δ.
1978 419 2045 480 tt.
2094 418 2156 481 E.
2188 414 2658 477 CARDiNALlS

3510 407 3618 470 408

933 840 963 866 ο
1281 742 2496 922 BESSABION
2510 742 2707 920 IS

1042 1038 1573 1101 ΡΑἹῚΠΛΒΕΗΕ
1619 1039 2060 1111 ΟΡΟῐᾸΤΑΝῙ,
2106 1039 2460 1103 EPISCOPI
2509 1039 2992 1114 TUSCULANI,

1530 1164 1593 1224 s.
1635 1162 1706 1223 ιι.
1878 1164 2114 1227 cana.
2163 1163 2485 1237 meum,
2522 1180 2527 1184 ·

389 1314 509 1374 DE
538 1313 966 1376 SUCCESSU
994 1312 1315 1373 SYNODI
1344 1310 1934 1379 FLORENTlN/E,
1968 1310 2089 1369 ΕΤ
2108 1308 2228 1369 DE
2260 1309 2844 1372 PROCESSIONE
2876 1310 3272 1374 SPIRITUS
3298 1315 3629 1390 SANCTI,

1322 1416 1674 1476 PRIMUM
1722 1415 2027 1477 GRAECE
2070 1414 2388 1475 EDITUS
2434 1414 2716 1483 LIBER,

960 1522 1288 1582 DEINDE
1316 1521 1426 1581 AB
1475 1517 1786 1582 EODEM
1831 1519 2176 1580 LATINIS
2220 1520 2625 1580 LITTERIS
2662 1520 3077 1583 DONATUS.

467 1803 757 1857 Bassaatou
789 1802 1085 1858 cardinalis
1113 1804 1385 1870 Nirmnus,
1423 1819 1606 1873 magn.
1643 1812 1699 1858 et
1728 1804 1973 1858 clemeuv
2003 1808 2039 1865 Α
2072 1804 2272 1873 quibus
2335 1807 2676 1877 apertissime
2697 1824 2761 1861 ex
2786 1806 2942 1860 Patre
2968 1817 3021 1862 et
3058 1805 3193 1861 Fl'iO
3225 1806 3483 1875 Spirizum
3514 1826 3643 1861 san-

392 1898 513 1951 tiss.
546 1898 665 1950 viro
697 1898 885 1952 Alexio
915 1898 1130 1952 Lascari
1164 1899 1612 1968 Pliilantliropino
1638 1898 1694 1952 S.
1733 1898 1790 1952 D.

470 1990 551 2042 Tu
606 1988 828 2057 quidem
883 2004 991 2043 non
1045 1990 1301 2045 humanis
1330 1990 1506 2044 solum
1541 1988 1727 2052 rebus,
1773 2004 1959 2043 verum

397 2080 562 2133 etiam
600 2081 803 2135 divinis
835 2096 1183 2150 summopere
1217 2081 1468 2145 studens,
1495 2081 1963 2150 meditationeque

398 2172 808 2240 Seripturarnm
876 2174 1109 2242 teipsum
1158 2174 1439 2228 oblectans
1485 2188 1594 2228 non
1650 2188 1858 2235 cessas,
1910 2182 1966 2226 et

400 2261 516 2329 ipse
549 2278 645 2331 per
677 2272 726 2316 te
757 2263 878 2316 lidei
911 2264 1194 2317 veritatem
1223 2265 1524 2333 inquirere,
1559 2273 1615 2318 et
1644 2280 1743 2318 nos
1771 2264 1968 2317 adhor-

405 2356 527 2414 tari.
562 2364 617 2407 nt
656 2371 756 2426 pro
803 2371 959 2424 posse
998 2371 1157 2424 opem
1208 2356 1301 2410 tibi
1336 2355 1577 2411 feramus
1611 2356 1676 2410 ad
1725 2372 1840 2411 eam
1884 2356 1967 2409 in-

399 2447 771 2527 vestigandam
820 2459 986 2517 atque
1038 2440 1450 2503 inveniendam.
1498 2449 1611 2517 Ego
1661 2463 1794 2501 vero
1842 2462 1966 2501 cum

400 2538 616 2604 pigritia
641 2540 872 2606 quadam
902 2578 915 2600 ,
949 2548 1060 2592 tum
1094 2541 1173 2593 vel
1216 2540 1451 2594 maxime
1478 2540 1603 2609 quia
1636 2539 1870 2594 libenter
1899 2540 1971 2593 si-

404 2630 561 2683 miles
609 2630 827 2685 labores
869 2632 1119 2700 deposui,
1156 2641 1445 2701 propterea
1486 2630 1632 2700 quod
1681 2632 1879 2699 sapius
1905 2630 1972 2685 de

402 2720 506 2775 bac
552 2737 610 2776 re
657 2738 968 2776 sermonem
1029 2723 1194 2776 babni
1243 2738 1367 2776 cum
1402 2722 1606 2776 nostris
1634 2721 1969 2783 hominibus,

404 2815 498 2881 qui
558 2815 731 2883 pluris
797 2830 951 2869 suam
997 2815 1445 2884 superstitionem
1506 2822 1562 2869 et
1610 2813 1972 2883 ignorantiam

405 2905 636 2968 faciunt,
679 2921 840 2975 quam
873 2906 1157 2960 veritatem
1193 2923 1207 2960 :
1240 2906 1445 2962 invitus
1474 2906 1578 2960 hoc
1620 2920 1815 2959 rursus
1847 2905 1978 2959 sub-

403 3010 473 3050 eo
521 3006 821 3061 certamen,
887 3013 1199 3066 quanquam
1263 2997 1328 3051 ad
1380 3007 1430 3053 te
1481 2996 1812 3061 scripturus,
1883 2998 1977 3065 qui

406 3088 675 3156 sapientia
730 3097 783 3141 et
845 3088 1155 3143 humilitate
1200 3098 1426 3143 ornatus
1494 3103 1602 3141 non
1646 3087 1813 3156 magis
1863 3096 1983 3141 ten-

411 3178 585 3239 tandi,
639 3192 802 3246 quam
850 3176 964 3231 veri
1010 3176 1373 3246 investigandi
1418 3175 1615 3245 gratia,
1664 3174 1779 3227 haec
1816 3188 1844 3225 a
1895 3188 1980 3226 me

2066 1906 2211 1949 etum
2263 1897 2561 1965 procedere
2604 1897 2870 1951 amrmant
2906 1915 2920 1950 :
2957 1909 3007 1950 et
3057 1897 3294 1961 Patrem,
3335 1908 3388 1951 et
3436 1896 3635 1952 Filium

2068 1987 2152 2040 sui
2186 1988 2359 2056 ipsius
2391 1988 2596 2043 habere
2625 1989 2979 2057 principium,
3014 1998 3067 2041 et
3100 1990 3290 2042 ambos
3318 2006 3486 2043 unum
3519 1991 3641 2060 ejus

2068 2094 2190 2134 esse
2226 2080 2581 2147 principium.
2612 2081 2741 2146 Quae
2770 2096 2892 2134 eum
2921 2082 3168 2150 plurima:
3192 2082 3321 2142 sint.
3347 2093 3400 2136 et
3429 2084 3641 2137 cunctis

2070 2185 2262 2221 eorum
2288 2171 2341 2223 in
2386 2171 2543 2225 libris
2587 2186 2789 2241 sparsae
2820 2188 3024 2242 paucas
3061 2189 3163 2227 nos
3199 2174 3297 2226 tibi
3333 2174 3495 2227 modo
3519 2174 3645 2227 mit-

2073 2262 2258 2323 timus,
2284 2261 2484 2330 quibus
2514 2272 2693 2316 Iamen
2727 2265 2935 2317 similes
2961 2264 3096 2317 alias
3116 2265 3277 2318 etiam
3304 2280 3496 2318 omnes
3521 2281 3643 2319 csse

2072 2354 2234 2407 scias.
2290 2353 2494 2408 Deinde
2550 2355 2840 2424 quemdam
2884 2364 3137 2409 nostrum
3173 2370 3507 2417 sermonem,
3552 2358 3641 2411 cui

2073 2445 2474 2510 Dogmaticum.
2505 2453 2600 2499 aut
2647 2445 2721 2498 De
2763 2446 2963 2499 unione
3008 2446 3222 2499 titulum
3259 2446 3641 2512 imposuimus,

2078 2536 2173 2589 tibi
2218 2537 2541 2595 mittendum
2571 2536 2964 2603 judicavimus,
2999 2552 3159 2605 quem
3209 2538 3371 2606 paulo
3405 2548 3531 2591 ante
3557 2554 3646 2592 sa-

2075 2642 2223 2681 cram
2264 2627 2543 2685 nnionem.
2579 2638 2838 2696 tanquam
2885 2627 3129 2681 ultimam
3187 2644 3318 2681 mem
3370 2627 3647 2696 opinionis

2078 2730 2241 2788 atque
2276 2721 2563 2775 sententiae
2589 2720 3016 2775 declarationem
3049 2720 3345 2783 edidimus,
3373 2736 3646 2789 quemque

2080 2812 2373 2867 mitissimo
2422 2821 2614 2867 nostro
2660 2812 3002 2881 imperaturi,
3033 2822 3088 2866 et
3121 2813 3445 2882 patriarchae
3487 2827 3646 2867 reve-

2080 2904 2415 2959 rendissimo
2438 2904 2700 2959 omnibus
2725 2904 2933 2958 nostris
2955 2904 3316 2973 prasentibus
3348 2904 3644 2974 legendum

2080 2995 2232 3061 dedi,
2292 3011 2419 3050 cum
2471 2996 2614 3050 inter
2666 3011 2769 3050 nos
2834 2994 3125 3049 ultimatim
3172 2994 3648 3049 consideraremus

2083 3088 2217 3157 quid
2245 3086 2561 3142 faciendum
2603 3095 2769 3152 esset,
2798 3095 2855 3139 et
2896 3086 3205 3140 sententias
3229 3086 3459 3140 aliorum
3487 3085 3553 3139 de
3587 3100 3648 3138 re

2083 3178 2303 3233 unionis
2336 3178 2736 3233 scrutare‘mur.
2767 3177 2824 3231 In
2860 3193 2970 3247 quo
2999 3194 3065 3232 ex
3104 3177 3354 3247 ipsismet
3397 3177 3650 3231 Orienta-

411 3271 572 3336 petis.
599 3270 777 3337 Ipsam
814 3270 945 3323 item
984 3268 1370 3323 auctoritatem
1410 3266 1555 3321 sacri
1582 3265 1799 3320 concilii
1847 3266 1981 3317 sim-
2012 3246 2053 3301 Β
2085 3272 2230 3326 libus
2261 3272 2542 3333 Pan-ibus,
2579 3281 2635 3325 ει
2679 3270 3000 3325 docloribus
3042 3270 3245 3323 nostris
3289 3268 3506 3323 omissis
3533 3282 3651 3321 om.

415 3358 634 3427 pliciter
685 3358 820 3412 satis
856 3372 977 3412 esse
1020 3366 1153 3427 puto
1181 3357 1246 3410 ad
1301 3356 1743 3426 persuadendum
1786 3370 1982 3425 quem-

415 3465 601 3519 quam,
632 3460 687 3505 et
711 3450 1078 3505 inducendum
1112 3449 1177 3504 ad
1202 3450 1323 3521 ejus
1343 3450 1753 3504 conclusionem
1786 3447 1981 3502 humili

414 3542 579 3596 corde
623 3542 1036 3609 capessendam,
1078 3551 1243 3612 atque
1298 3541 1628 3597 credendam
1688 3540 1806 3595 sine
1848 3555 1984 3610 quae

410 3651 630 3704 cunque
675 3635 1110 3690 contradictione
1159 3640 1241 3688 vel
1309 3635 1690 3704 ambiguitate.
1720 3631 1857 3688 Cum
1905 3639 1985 3684 tot

415 3726 699 3780 hominum
776 3736 1133 3788 conventum,
1189 3725 1283 3795 qui
1330 3725 1621 3795 sapientia.
1657 3725 1885 3779 scientia
1931 3733 1986 3777 et

417 3817 566 3871 onmi
602 3816 806 3870 virtute
833 3816 1042 3887 pragditi
1073 3816 1317 3879 fuerunt,
1343 3832 1579 3885 quorum
1610 3814 1665 3869 in
1692 3814 1871 3868 medio
1893 3815 1989 3867 ad-

418 3908 589 3963 fuisse
615 3908 880 3978 Spiritum
918 3916 1169 3963 sanctum
1213 3918 1273 3962 ut
1305 3907 1600 3962 credamus
1626 3921 1852 3961 necesse
1879 3916 1982 3970 est,

415 4000 701 4054 veritatem
728 4000 959 4053 latuisse
988 3998 1216 4053 minime
1241 3997 1579 4053 credendum
1599 3998 1691 4052 sit.
1717 3995 1985 4051 Praeterea

416 4093 638 4147 memini
665 4094 882 4162 longam
916 4092 983 4145 ad
1015 4102 1066 4145 te
1099 4091 1237 4145 alias
1263 4090 1484 4145 dedisse
1511 4090 1837 4159 Epistulam,
1871 4105 1988 4143 om.

425 4188 623 4254 niaqne
656 4186 790 4238 satis
832 4184 1076 4254 tetigisse
1111 4198 1235 4253 quae
1287 4198 1435 4239 nunc
1465 4182 1690 4252 quieris,
1729 4194 1783 4237 et
1814 4184 1985 4253 ipsam

420 4278 623 4332 etenim
673 4277 1030 4345 quaszionetn
1070 4290 1168 4343 per
1207 4291 1266 4330 se
1296 4277 1467 4347 ipsam
1520 4274 1743 4345 probavi
1776 4316 1788 4339 ,
1840 4275 1987 4344 quod

422 4370 632 4424 scilicet
661 4368 902 4437 Spiritus
934 4379 1157 4423 sanctus
1182 4383 1209 4421 a
1245 4367 1407 4423 Patre
1439 4366 1688 4438 Filioque
1718 4367 1987 4438 procedit,

423 4472 484 4516 et
519 4478 639 4531 qua!
673 4461 1003 4515 videbantur
1045 4460 1201 4529 sequi
1245 4459 1687 4515 inconvenientia
1727 4459 1887 4523 solvi,
1934 4468 1989 4513 et

2080 3364 2215 3418 nino
2247 3363 2699 3418 Occidentalibus
2729 3378 2830 3434 pro
2857 3377 3020 3433 posse
3059 3363 3415 3432 quaestionem
3450 3375 3651 3430 prepo-

2082 3456 2241 3509 sitam
2281 3455 2555 3510 declaravi
2613 3464 2779 3524 atque
2808 3453 3056 3523 probavi,
3089 3469 3251 3522 quem
3282 3463 3565 3522 tanquam,
3593 3461 3651 3507 et

2085 3545 2183 3600 tibi
2216 3546 2591 3615 potissimum,
2625 3556 2679 3600 et
2707 3545 2749 3599 si
2784 3546 2909 3614 quis
2957 3545 3099 3599 alius
3141 3545 3261 3598 sine
3298 3545 3651 3599 contentione

2083 3637 2273 3691 audiet
2301 3645 2357 3690 et
2388 3637 2651 3705 perleget,
2682 3636 2914 3689 maxime
2961 3636 3310 3705 prol‘nturnm
3339 3646 3444 3690 tuae
3491 3635 3652 3688 nobis

2082 3727 2219 3781 litati
2268 3726 2449 3788 mitto,
2483 3726 2912 3782 clementissime
2960 3742 3023 3782 ac
3058 3727 3503 3796 Splendidissime
3542 3727 3649 3781 vir.

2083 3818 2217 3873 Cum
2251 3833 2381 3872 vero
2403 3818 2457 3871 in
2499 3818 2566 3872 iis
2592 3818 2730 3873 nibil
2752 3817 2961 3874 laboris
3001 3818 3068 3873 ad
3098 3834 3343 3887 praesens
3381 3819 3648 3873 adhibue-

2086 3909 2259 3965 rimus
2308 3910 2436 3981 (jam
2485 3912 2629 3965 enim
2677 3920 2834 3967 erant
2881 3912 3070 3979 edita),
3098 3921 3192 3966 tuo
3231 3922 3412 3968 autem
3467 3928 3654 3968 amore
3738 3954 3749 3963 .

2086 4018 2234 4057 nunc
2265 4018 2487 4073 quoque
2514 4003 2726 4073 aliquid
2761 4004 3166 4058 lucubrationis
3203 4005 3655 4073 proposuerimus

2087 4095 2392 4163 suscipere,
2424 4096 2567 4149 ultra
2609 4095 2725 4150 hmc
2767 4097 2929 4149 etiam
2978 4095 3182 4163 aliquid
3216 4095 3337 4163 plus
3363 4096 3441 4149 tui
3482 4096 3655 4165 gratia

2091 4183 2186 4239 tibi
2221 4184 2545 4239 scribemus.
2573 4184 2753 4250 Quare
2785 4201 2948 4254 quam
2979 4184 3222 4240 breviter
3251 4201 3468 4240 omnem
3510 4189 3654 4242 sacri

2090 4277 2310 4331 concilii
2342 4292 2660 4346 processum
2682 4276 3015 4347 unionisque
3039 4293 3194 4332 sacra
3223 4279 3386 4334 modo
3410 4280 3506 4334 tibi
3534 4296 3659 4334 nar-

2088 4368 2243 4428 rabo.
2268 4384 2330 4422 ac
2348 4368 2559 4437 aliquas
2587 4369 2851 4433 rationes,
2872 4369 3074 4439 quibus
3096 4369 3289 4439 dogma
3314 4371 3654 4439 propositum

2090 4460 2435 4530 probabitur,
2477 4459 2723 4526 alleratn,
2764 4468 2818 4513 et
2862 4461 2941 4515 sic
2991 4458 3152 4514 linem
3204 4463 3499 4529 imponam.
3552 4461 3659 4517 Sed

423 4553 492 4607 de
525 4553 647 4607 aliis
681 4553 939 4605 omnibus
965 4566 1088 4621 qua:
1133 4562 1266 4605 tunc
1305 4550 1468 4605 etiam
1505 4549 1732 4621 petiisti,
1776 4548 1988 4604 reddidi
2019 4582 2062 4639 ο
2096 4561 2390 4621 antequam
2434 4550 2502 4606 de
2546 4551 2612 4605 iis
2639 4552 2840 4618 dicam,
2866 4567 3096 4621 parvum
3129 4552 3389 4621 quiddam
3432 4568 3537 4606 non
3579 4564 3660 4607 ta-

427 4646 694 4699 rainuctu
718 4660 733 4708 ;
760 4643 832 4697 ita
869 4652 927 4697 ut
960 4658 1068 4696 non
1095 4643 1167 4696 sit
1199 4656 1334 4711 Opus
1353 4643 1601 4712 pluribus
1633 4642 1816 4697 verbis
1850 4658 1991 4712 prae-

412 4739 623 4813 ,scrtim
692 4738 826 4800 tibi,
874 4737 969 4805 qui
1020 4745 1224 4789 tantam
1283 4738 1335 4789 in
1389 4734 1768 4805 hujuscemodi
1825 4733 2017 4789 ltabcs‘

426 4828 845 4894 experientiam,
892 4837 951 4880 ut
1011 4829 1194 4895 parvis
1247 4829 1411 4882 etiam
1462 4828 1751 4897 principiis
1792 4826 1997 4882 habitis

429 4926 596 4976 multa
632 4935 935 4989 magnaque
984 4919 1160 4990 possis
1205 4935 1270 4974 ex
1306 4922 1482 4989 teipso
1516 4921 1825 4991 percipere.
1856 4920 1993 4976 Cum

428 5027 562 5068 vero
604 5011 812 5081 aliquid
863 5013 986 5081 plus
1025 5030 1053 5066 a
1086 5014 1244 5067 nobis
1284 5015 1600 5082 expostules
1636 5031 1739 5066 non
1774 5026 1997 5084 propter

431 5103 665 5173 teipsum
696 5101 965 5164 fortassis,
1001 5118 1125 5157 cum
1160 5104 1273 5171 ipse
1298 5103 1442 5156 idem
1472 5103 1756 5156 nobiscum
1787 5104 1995 5169 sapias,

432 5196 528 5250 sed
564 5202 788 5265 propter
817 5194 1191 5249 contentiosos
1235 5205 1290 5249 et
1354 5196 1601 5247 veritatis
1648 5194 2000 5250 adversarios

436 5302 538 5341 nos
566 5301 689 5340 cum
731 5286 859 5356 quia
893 5286 1070 5356 parati
1100 5286 1168 5341 ad
1209 5286 1640 5341 satisfactionem
1671 5301 1795 5342 esse
1831 5287 2002 5341 debe-

436 5393 564 5433 mus
590 5379 738 5434 omni
774 5378 1016 5448 poscenti
1044 5395 1145 5434 nos
1167 5379 1435 5433 rationem
1471 5380 1540 5433 de
1569 5395 1631 5433 ea
1659 5394 1781 5449 qua:
1814 5379 1867 5432 in
1899 5394 2000 5433 no-

437 5473 523 5528 bis
562 5484 641 5526 est
667 5472 770 5526 ﬁde
797 5470 1098 5525 secundum
1134 5473 1475 5542 Apostolum,
1510 5482 1623 5525 tum
1663 5481 1716 5526 ut
1750 5472 2006 5527 amicitiae

438 5578 646 5621 uestrae
695 5568 1113 5623 satisfaciamus.
1150 5565 1260 5636 Spe
1309 5564 1471 5619 etiam
1504 5564 1652 5618 ducti
1696 5564 2004 5633 aliquorum

442 5659 714 5721 utilitatis,
742 5662 832 5728 qui
868 5658 982 5714 haec
1007 5659 1209 5728 legent,
1235 5672 1440 5712 morem
1473 5655 1567 5711 tibi
1595 5670 1781 5725 gerere
1810 5670 2007 5724 propo-

443 5750 678 5805 suimus.
716 5749 914 5805 Primis
956 5751 1138 5821 itaque
1171 5751 1527 5806 auctoritates
1567 5760 1879 5804 sanctorum
1906 5750 2008 5802 Pa-

448 5847 594 5893 trum
660 5852 713 5895 ct
766 5843 1048 5896 doctorum
1098 5844 1527 5901 Occidentalium
1580 5842 1676 5898 tibi
1720 5841 2006 5905 mittimus,

2096 4659 2217 4696 men
2281 4643 2431 4711 parvi
2490 4643 2601 4697 imo
2641 4659 2774 4697 vero
2836 4642 3056 4697 maximi
3116 4643 3539 4699 existimandum
3599 4647 3663 4701 iis

2095 4736 2381 4805 prooemiis
2402 4735 2633 4802 addam;
2666 4734 2935 4805 supplebo
2959 4735 3103 4803 quod
3127 4736 3387 4805 prtedicto
3410 4753 3665 4791 sermone

2097 4828 2408 4897 dogmatico
2468 4827 2648 4889 deest,
2711 4828 3008 4881 verborum
3076 4828 3425 4882 multitudine
3484 4829 3665 4883 lutnra

2100 4921 2339 4976 utilitate
2374 4935 2759 4990 compensans.
2792 4920 2847 4973 lu
2879 4919 2972 4973 illo
3008 4918 3191 4989 itaque
3214 4921 3522 4989 dogmatico
3548 4910 3687 4975 ser;

2100 5027 2260 5066 mone
2303 5028 2366 5065 ex
2403 5010 2780 5066 Orientalibus
2812 5009 3081 5064 duntaxat
3119 5010 3438 5066 doctoribus
3477 5012 3668 5067 volens

2103 5104 2264 5173 bujus
2293 5102 2612 5171 quzcstionis
2629 5102 2910 5156 veritatem
2937 5101 3172 5171 probare
3190 5117 3353 5165 unam
3375 5104 3666 5170 quamdam

2103 5195 2487 5247 auctoritatem
2543 5192 2604 5247 Β.
2657 5192 2870 5257 Basilii,
2908 5208 3029 5262 quae
3080 5191 3192 5247 sola
3247 5194 3503 5247 omnibus
3549 5195 3671 5249 aliis

2105 5288 2249 5357 quod
2296 5286 2643 5356 propositum
2691 5286 3093 5339 ostendendum
3142 5287 3439 5349 antecellit,
3486 5286 3669 5350 omisi,

2107 5389 2396 5447 preptcrea
2422 5379 2567 5448 quod
2614 5379 2682 5433 ab
2724 5378 3002 5446 aliquibus
3028 5378 3386 5433 dubitabatur
3417 5394 3484 5433 an
3527 5389 3675 5433 esset

2107 5471 2166 5524 Β.
2195 5471 2398 5527 Basilii.
2434 5472 2551 5527 Non
2586 5472 2713 5542 quia
2735 5487 2836 5541 ego
2858 5487 3077 5541 quoque
3102 5471 3308 5540 aliquid
3335 5471 3485 5524 dubii
3520 5471 3587 5523 de
3610 5486 3672 5525 ea

2110 5563 2420 5628 habuerim,
2455 5563 2704 5624 minime,
2737 5563 2831 5617 sed
2864 5562 2993 5631 quia
3047 5561 3191 5632 apud
3224 5562 3361 5615 alios
3383 5560 3674 5615 dubitaba-

2112 5662 2219 5717 tur,
2257 5655 2404 5708 nolui
2442 5653 2611 5708 dubio
2645 5655 2742 5709 uti.
2778 5653 2903 5709 Haec
2931 5664 3111 5708 autem
3159 5661 3242 5707 est
3269 5668 3375 5721 qua
3409 5652 3462 5705 in
3516 5651 3675 5705 tertio

2113 5760 2303 5803 contra
2357 5746 2684 5801 Eunomium
2744 5761 2971 5800 suorum
3019 5746 3284 5799 librorum
3333 5743 3527 5797 beatus
3585 5741 3675 5795 ille

2119 5856 2250 5895 usus
2275 5847 2373 5893 cst.
2421 5838 2531 5893 Cur
2568 5837 2712 5891 enim
2749 5851 2967 5892 necesse
2998 5846 3074 5891 est
3114 5834 3357 5905 (inquit).
3404 5834 3447 5889 si
3483 5832 3677 5887 ordine
