4086 6418
400 397 504 463 402)

1323 383 1420 442 DE
1464 380 1984 443 PROCESSIONE
2029 378 2393 438 SPlHlTUS
2444 378 2743 439 SANCTL

3567 380 3674 443 410

399 523 462 561 ac
512 502 779 572 d'guitate
836 497 1031 551 tertius
1077 504 1162 549 est
1196 493 1456 565 Spiritus,
1510 505 1707 548 natura
1760 507 1978 562 quoque
2014 502 2054 554 Α
2085 488 2231 542 aned
2292 490 2346 541 in
2402 504 2608 559 papyro
2647 497 2775 542 ante
2831 501 2925 541 ccc
2975 501 3148 541 annos
3203 487 3506 555 Striptum;
3556 504 3676 548 erat

400 597 582 664 ipsum
626 593 849 646 tertium
905 588 1065 643 esse?
1100 588 1371 657 Dignitate
1414 601 1649 656 namque
1690 585 1866 654 ipsum
1902 598 1985 636 se—

404 686 647 740 cundum
690 698 814 737 esse
846 700 873 734 a
908 679 1076 741 Filio,
1100 694 1224 732 cum
1265 678 1333 731 ab
1370 677 1487 745 ipso
1518 692 1641 730 esse
1676 675 1897 736 habeat,
1930 682 1985 727 et

404 780 474 834 ab
502 780 621 848 ipso
657 775 916 838 accipiat,
941 782 998 827 et
1032 771 1326 825 annuutiet
1363 769 1541 833 nobis,
1576 777 1631 822 et
1658 769 1883 822 Omnino
1916 767 1984 820 ab

404 872 691 925 iliacausa
726 866 1055 936 dependeat,
1085 864 1304 933 pictatis
1344 862 1484 915 ratio
1514 862 1674 915 tradit
1715 878 1728 914 :
1764 860 1987 929 Capitur

401 975 562 1012 causa
591 974 685 1026 pro
740 956 1031 1027 principio,
1070 962 1355 1007 causatum
1392 967 1510 1004 vero
1548 967 1644 1020 pro
1671 967 1751 1014 eo,
1784 952 1921 1019 quod
1952 968 1983 1003 a

401 1052 662 1120 principio
705 1058 803 1111 est,
839 1057 888 1101 et
929 1063 1033 1099 non
1070 1054 1125 1097 ut
1155 1061 1340 1108 causa,
1374 1054 1420 1097 et
1455 1052 1733 1096 causatum
1778 1042 1985 1096 limita-

404 1146 602 1194 tionem
652 1142 949 1209 important
986 1147 1142 1207 pront
1186 1137 1369 1191 Latini
1395 1138 1661 1205 accipiunt
1701 1153 1820 1189 cum
1852 1136 1986 1188 talia

407 1241 673 1285 removent
717 1247 750 1283 a
788 1230 1001 1293 divinis,
1039 1227 1200 1281 veluti
1233 1227 1680 1296 imper-[actionem
1716 1227 1984 1278 sonantia.

410 1325 713 1396 Dependere
757 1338 965 1394 quoque
995 1322 1226 1375 sumitur
1279 1337 1373 1387 pro
1418 1320 1724 1388 incipiendo
1763 1334 1895 1380 esse,
1938 1327 1987 1368 et

408 1434 511 1470 non
542 1426 596 1469 ut
624 1424 773 1469 notat
813 1413 1144 1467 essentialem
1186 1414 1572 1466 distinctionem
1613 1420 1769 1480 prout
1807 1410 1988 1463 Latini

410 1510 701 1577 accipiunt,
745 1523 862 1559 cum
907 1506 1057 1558 aiunt
1102 1503 1307 1557 nullam
1355 1505 1408 1555 in
1448 1502 1553 1556 Deo
1583 1502 1987 1571 dependentiam

414 1599 708 1668 ponendam
726 1608 938 1668 propter
956 1598 1147 1650 divina:
1162 1595 1399 1648 essentiar
1419 1596 1674 1646 unitatem
1699 1609 1984 1646 summum.

416 1689 528 1743 Hoc
562 1688 728 1757 igitur
758 1687 1047 1741 omisimus
1080 1686 1132 1739 in
1176 1683 1484 1753 dagmatico
1512 1692 1700 1737 nostro
1735 1696 1987 1737 sermone

413 1795 641 1850 ponere.
674 1780 749 1833 lla
798 1795 942 1833 vero.
968 1794 1071 1848 ego
1123 1788 1274 1830 certe
1327 1786 1486 1830 teneo
1518 1775 1575 1829 S.
1613 1774 1799 1828 Basilii
1848 1773 1990 1827 hanc

2091 582 2242 633 enim
2282 580 2337 633 in
2373 580 2478 633 line
2514 587 3017 649 tempusnotatum.
3046 593 3110 631 ex
3135 594 3243 647 quo
3265 588 3412 633 certe
3437 580 3675 635 habetur

2088 678 2297 724 tantum
2329 672 2591 738 temporis
2626 668 2958 739 pra'teriisse
2983 668 3053 722 ab
3086 670 3204 739 ejus
3234 669 3428 724 initio:
3459 680 3511 725 et
3541 671 3670 727 libri

2086 763 2265 816 adhuc
2299 770 2545 823 exstant.
2582 762 2686 814 nisi
2725 770 3017 831 postquam
3051 775 3148 814 eos
3187 762 3619 831 publicaverint,
3643 778 3673 817 e

2087 854 2269 909 medio
2318 854 2518 908 sublati
2570 852 2797 907 fuerunt
2836 852 2903 905 ab
2936 851 3064 914 illis,
3105 852 3195 920 qui
3254 851 3438 906 omnia
3480 862 3672 905 contra

2087 961 2241 1000 suam
2300 945 2544 1015 ipsorum
2583 945 2815 998 salutem
2865 943 3255 998 machinantur
3296 961 3310 998 :
3350 944 3466 999 hrec
3509 946 3674 999 ambo

2088 1038 2164 1091 uti
2195 1052 2294 1091 nos
2329 1036 2690 1107 allegavimus
2724 1036 3003 1091 habebant
3044 1038 3220 1089 sancti
3258 1038 3517 1093 doctores
3569 1054 3676 1092 au-

2087 1128 2400 1181 ctoritatem
2441 1127 2783 1197 inscriptam.
2820 1125 3053 1192 Quidam
3078 1136 3257 1181 autem
3294 1127 3460 1181 animi
3496 1127 3677 1182 audax

2089 1220 2403 1274 audacioris
2419 1221 2585 1274 etiam
2622 1236 2838 1287 manus,
2865 1236 2894 1274 a
2914 1220 3251 1274 membranis
3273 1220 3497 1289 quidem
3525 1223 3675 1276 ferro

2089 1312 2375 1365 veritatem
2410 1312 2636 1377 delevit,
2666 1326 2982 1381 quanquam
3012 1309 3148 1364 nihil
3174 1310 3223 1363 ei
3248 1312 3529 1364 temeritas
3554 1326 3677 1377 prc-

2092 1401 2215 1465 ruit,
2255 1417 2379 1456 cum
2425 1411 2481 1455 et
2508 1401 2665 1456 locus
2697 1415 2905 1455 vacuus
2945 1416 3195 1464 manens,
3235 1410 3291 1454 et
3341 1399 3674 1468 syllabarum

2090 1494 2413 1549 medietates
2452 1493 2634 1549 adhuc
2683 1494 3036 1558 exsistentes,
3075 1502 3132 1547 et
3196 1493 3344 1546 illius
3391 1492 3675 1547 audaciam

2091 1594 2375 1649 accusent,
2408 1594 2464 1639 et
2506 1590 2795 1640 veritatem
2846 1585 3210 1640 nihilominus
3252 1586 3564 1639 ostendant.
3616 1583 3673 1638 In

2090 1693 2335 1749 papyreo
2387 1694 2519 1733 vero
2567 1680 2846 1734 volumine
2894 1688 3202 1732 atramento
3252 1676 3475 1746 perfuso
3508 1686 3674 1730 totam

2091 1771 2241 1825 illam
2271 1780 2483 1841 partem
2530 1772 2771 1841 operuit,
2810 1788 2931 1839 qua:
2975 1772 3180 1824 dicitur
3209 1772 3277 1824 ab
3302 1786 3368 1825 eo
3414 1782 3673 1839 tanquam

416 1886 536 1924 esse
577 1871 986 1933 auctoritatem,
1042 1868 1510 1938 quemadmodum
1571 1880 1627 1922 ct
1685 1868 1821 1921 alios
1869 1867 1989 1937 ejus
2023 1859 2061 1912 Β
2092 1878 2122 1916 a
2161 1880 2327 1919 causa
2364 1865 2700 1934 dependere.
2726 1864 2796 1918 At
2828 1865 3180 1934 postaliquot
3204 1880 3400 1927 annos,
3432 1879 3558 1917 cum
3587 1863 3677 1915 hic

411 1972 601 2016 contra
632 1962 964 2017 Eunouiium
1008 1962 1197 2023 libros.
1233 1960 1437 2030 quibus
1471 1972 1654 2014 autem
1679 1960 1986 2015 rationibus

414 2061 471 2106 tu
504 2067 727 2123 quoque
767 2052 980 2108 audias.
1007 2053 1144 2107 Cum
1179 2053 1231 2105 in
1266 2052 1369 2106 bac
1411 2053 1621 2123 synodo
1662 2062 1851 2107 nostra
1892 2068 1988 2107 si-x

415 2137 563 2192 inter
592 2153 695 2193 nos
724 2139 1002 2194 volumina
1037 2140 1202 2210 hujus
1228 2139 1415 2209 operis
1432 2149 1622 2194 contra
1655 2140 1987 2195 Eunomium

414 2230 744 2286 haberemus
796 2240 1034 2301 quatuor
1092 2232 1146 2285 in
1192 2221 1536 2286 membranis
1579 2232 1986 2302 antiquissima,

410 2338 645 2392 quorum
710 2324 811 2377 tria
869 2323 1093 2393 quidem
1145 2323 1520 2395 Mitylenensls
1581 2325 1986 2394 archiepisc0pi

408 2424 588 2468 erant.
631 2414 897 2482 Quartum
932 2415 1277 2481 Latinorum,
1320 2417 1431 2471 duo
1486 2432 1616 2472 vera
1662 2417 1716 2471 in
1752 2417 1987 2488 Papyro,

410 2522 646 2575 quorum
680 2522 848 2560 unum
882 2508 1225 2562 serenissimi
1260 2517 1379 2561 erat
1416 2507 1792 2578 imperatoris,
1837 2508 1986 2563 aliud

411 2595 853 2651 revereudissimi
930 2596 1301 2665 patriarchae,
1347 2597 1495 2666 quod
1553 2611 1583 2649 a
1652 2596 1989 2649 monasterio

411 2688 889 2759 Xantliopulorum
929 2688 1224 2745 commodo
1254 2689 1532 2759 accipiens
1582 2701 1769 2744 secum
1804 2701 1991 2760 porta-

413 2791 589 2835 verat.
632 2780 900 2847 Qnorum,
940 2780 1189 2851 inquam,
1226 2796 1320 2835 sex
1347 2780 1692 2835 voluminum
1739 2782 1987 2851 quinque

412 2874 492 2927 ita
527 2873 803 2927 habebant
832 2872 971 2927 hanc
998 2874 1409 2937 auctoritatem,
1444 2873 1523 2928 uti
1551 2888 1652 2943 ego
1684 2889 1828 2927 nunc
1860 2874 1985 2929 alle-

413 2964 559 3033 gari.
599 2961 866 3017 Videlicet
910 2964 1002 3030 qui
1034 2964 1102 3017 ab
1149 2966 1289 3033 ipso,
1326 2964 1430 3019 hoc
1466 2975 1567 3028 est,
1610 2964 1747 3019 Filio
1789 2966 1990 3020 habeat

414 3069 537 3110 esse
568 3054 828 3125 Spiritus,
860 3067 916 3109 ct
945 3057 1012 3109 ab
1037 3072 1103 3110 co
1132 3066 1391 3126 tanquam
1426 3072 1634 3111 acausa
1657 3056 1989 3127 dependeat.

418 3148 595 3203 Unum
628 3165 759 3203 vero
790 3149 1078 3214 duntaxat,
1112 3149 1259 3218 quod
1303 3148 1562 3204 vidi-licet
1586 3152 1729 3221 apud
1757 3151 1989 3220 patriar-

415 3241 573 3296 cham
605 3250 743 3305 erat,
780 3241 881 3295 hac
910 3241 1237 3295 auctoritate
1275 3240 1518 3303 carebat,
1559 3241 1611 3294 in
1656 3239 1988 3310 quibusdam

414 3336 667 3403 partibus
695 3335 813 3404 ejus
840 3334 1192 3398 diminutum,
1220 3334 1273 3389 in
1293 3332 1621 3403 quibusdam
1651 3333 1993 3403 superabun-

418 3427 578 3491 dans,
609 3434 775 3496 prout
805 3424 1504 3494 corruptoris,quicunquc
1527 3423 1617 3477 ille
1639 3422 1809 3477 fuerit
1840 3437 1996 3475 meus

418 3527 473 3569 et
516 3531 709 3571 manus
738 3516 931 3579 voluit,
970 3513 1191 3569 demum
1224 3523 1348 3583 post
1386 3514 1726 3568 celebratum
1776 3528 1992 3567 sacrum

424 3607 743 3673 concilium,
780 3616 833 3664 et
862 3615 1113 3662 nostrum
1146 3605 1212 3660 ad
1244 3606 1436 3660 urbem
1467 3604 1995 3674 Constantinopoli—

426 3709 605 3754 tanam
631 3699 893 3764 reditum,
919 3714 1042 3753 cum
1069 3699 1547 3767 proposuissemus
1562 3711 1756 3751 omnes
1778 3696 1994 3749 illorum

421 3806 701 3847 sacrorum
762 3793 1010 3847 locorum
1073 3790 1437 3845 bibliothecas
1492 3802 1605 3844 tum
1656 3789 1819 3859 hujus
1866 3788 1993 3843 libri

419 3884 592 3937 sancti
630 3884 837 3949 Basilii,
880 3892 993 3937 tum
1032 3884 1265 3937 aliorum
1304 3882 1476 3951 gratia
1507 3881 1810 3951 inquirere,
1846 3897 1997 3950 qua--

344 3983 351 3991 '
420 3994 637 4047 cunque
665 3993 800 4031 nova
835 3976 1115 4030 volumina
1153 3974 1336 4044 reperi
1368 3985 1492 4043 post
1512 3972 1655 4028 hanc
1688 3977 1998 4029 contentio-

409 4079 541 4123 ‘nem
575 4071 776 4137 scripta
817 4068 1068 4121 omnia.'..
1103 4066 1362 4137 praedicta
1407 4067 1736 4120 auctoritate
1789 4066 1995 4136 reperi.

414 4164 763 4228 Quaacuuque
822 4174 952 4213 vero
1002 4158 1318 4228 antiquiora
1373 4166 1553 4220 erant,
1600 4165 1654 4211 et
1702 4165 1995 4241 antequam

414 4254 521 4308 hoc
577 4257 782 4309 bellum
834 4258 1098 4314 oriretur,
1156 4253 1362 4319 scripta
1398 4254 1513 4305 haec
1584 4265 1716 4304 vero
1766 4266 1897 4305 sana
1941 4259 1997 4305 et

416 4350 629 4417 integra
652 4361 779 4401 cum
811 4349 1139 4400 auctoritate
1167 4343 1425 4413 praedicta
1453 4356 1701 4407 manent,
1734 4362 1855 4415 qua:
1886 4361 1994 4400 non

416 4444 675 4509 pauciora
724 4450 873 4502 sunt,
912 4454 1076 4510 quam
1109 4438 1199 4493 illa
1231 4453 1353 4507 quae
1385 4453 1546 4507 passa
1608 4437 1831 4493 fuerant
1874 4454 1998 4493 cor-

2092 1958 2233 2012 liber
2283 1959 2335 2011 iu
2389 1971 2585 2013 manus
2626 1958 2913 2017 incidisset
2951 1958 3098 2011 illius
3128 1958 3522 2025 sapientissimi
3571 1956 3674 2009 viri

2094 2050 2356 2103 Demetrii
2390 2049 2649 2121 Cydonii,
2687 2051 2995 2104 auctoritas
3044 2050 3248 2118 praedic
3279 2066 3307 2102 a
3341 2049 3673 2119 rcintegrata

2091 2150 2195 2195 est.
2231 2140 2329 2194 lllc
2360 2141 2507 2195 enim
2538 2156 2659 2194 eam
2685 2142 2905 2208 propria
2944 2148 3105 2193 manu
3146 2140 3198 2192 in
3234 2141 3478 2209 margine
3529 2139 3676 2193 illius

2092 2234 2218 2286 libri
2258 2233 2540 2302 ast-ripsit,
2587 2243 2641 2285 et
2675 2232 2959 2285 audaciam
3002 2233 3351 2300 corruptoris
3390 2231 3551 2299 digne
3584 2245 3672 2283 re-

2092 2326 2392 2397 prehcndit
2426 2342 2439 2377 :
2480 2324 2534 2377 in
2564 2334 2769 2378 tantam
2811 2323 3105 2386 insaniam,
3136 2323 3385 2376 tenebras
3426 2334 3481 2377 et
3524 2324 3676 2393 igno-

2096 2421 2337 2473 rantiam
2372 2430 2597 2472 nostros
2628 2417 2887 2470 homines
2907 2416 3117 2485 pepulit
3143 2431 3333 2469 eorum
3367 2418 3671 2471 contentio.

2093 2511 2301 2566 Deinde
2335 2511 2517 2565 dicere
2554 2511 2777 2570 audi-ut,
2814 2510 2959 2576 quod
2994 2506 3196 2568 Latini.
3243 2521 3672 2577 nostrorumque

2092 2603 2327 2666 Veccus,
2376 2610 2432 2655 et
2457 2601 2574 2659 alii.
2615 2601 2705 2669 qui
2742 2599 2967 2651 Latinos
3007 2599 3185 2651 secuti
3220 2600 3466 2661 fuerunt,
3499 2600 3672 2653 libros

2092 2695 2466 2765 corruperint,
2510 2693 2815 2764 prasertim
2839 2708 2965 2746 cum
2996 2692 3298 2745 auctoritas
3323 2692 3435 2747 lnec
3460 2704 3671 2746 tantum

2092 2798 2375 2853 ornatum,
2413 2798 2620 2842 tantam
2680 2786 2913 2857 gratiam
2947 2794 3003 2839 et
3032 2785 3291 2853 eloquent
3314 2801 3400 2839 am
3435 2787 3673 2842 At.icam

2097 2881 2438 2952 praesel'erat,
2462 2891 2521 2935 ut
2549 2895 2661 2936 non
2687 2879 2849 2934 modo
2878 2879 3103 2932 Latinos
3120 2880 3325 2948 aliquid
3349 2881 3531 2934 simile
3549 2898 3670 2934 cum

2096 2983 2245 3027 tanta
2298 2972 2470 3043 gratia
2521 2973 2579 3026 in
2640 2971 2815 3039 lingua
2871 2970 3159 3041 peregrina
3209 2980 3264 3023 et
3330 2971 3516 3024 Gra'ca
3566 2988 3673 3024 non

2097 3081 2257 3137 posse
2291 3078 2626 3135 componere
2666 3084 2682 3121 :
2718 3063 2814 3118 sed
2840 3077 3018 3132 neque
3043 3062 3261 3117 Graecos
3284 3063 3506 3132 quidem
3541 3081 3678 3133 pra-

2100 3158 2383 3228 teripsuni
2418 3156 2703 3210 Basilium.
2739 3153 2953 3207 Latinis
2986 3154 3195 3207 ctenim
3225 3153 3414 3222 lingua
3449 3170 3568 3223 pro;
3594 3171 3674 3207 ria

2098 3262 2413 3318 generaque
2449 3247 2672 3302 dicendi
2701 3262 2730 3300 a
2760 3245 2971 3301 nosuis
3006 3245 3225 3299 diversa
3279 3246 3679 3314 impedimento
3743 3303 3755 3320 I

2097 3348 2252 3403 sunt,
2288 3354 2354 3393 ne
2378 3340 2587 3408 aliquid
2620 3340 2693 3393 ita
2722 3350 2918 3392 ornate
2940 3338 2995 3391 in
3022 3346 3208 3391 nostra
3228 3338 3417 3407 lingua
3440 3341 3682 3393 conscri-

2097 3432 2229 3487 bant
2269 3447 2283 3484 :
2330 3432 2799 3501 quemadmodum
2857 3430 3025 3484 etiam
3065 3442 3277 3486 nostris
3338 3431 3680 3501 impossibile

2097 3536 2181 3581 est
2211 3525 2421 3595 aliquid
2458 3526 2658 3596 aequali
2689 3526 2866 3591 gratia
2921 3534 2978 3580 et
3021 3535 3245 3588 ornatu,
3282 3536 3447 3595 atque
3500 3525 3679 3580 Latini

2100 3616 2155 3670 in
2216 3598 2401 3684 lingua
2463 3617 2655 3671 Latina
2736 3614 3012 3679 scribere,
3053 3623 3549 3685 quantumcunque
3598 3616 3682 3669 τινι

2099 3708 2273 3763 01·ωεὶ
2308 3709 2361 3761 iu
2386 3708 2607 3773 Latina,
2642 3708 2729 3761 vel
2762 3708 2944 3762 Latini
2974 3707 3029 3760 in
3070 3708 3259 3762 Graca
3287 3708 3473 3777 lingua
3502 3708 3685 3776 profe-

2101 3803 2302 3858 cerint.
2334 3803 2505 3873 Cujus
2545 3803 2622 3858 rei
2663 3810 2777 3856 tum
2810 3816 2937 3871 ego,
2970 3810 3086 3855 tum
3121 3800 3214 3853 alii
3249 3801 3318 3855 de
3349 3802 3558 3855 nostris
3596 3800 3684 3855 di-

2099 3895 2399 3965 gnisumus
2429 3903 2620 3958 testes,
2652 3893 2744 3963 qui
2772 3890 3019 3946 Latinam
3080 3900 3362 3959 utcunque
3388 3892 3685 3946 mediocri-

2102 3999 2186 4041 ter
2220 3986 2587 4056 intelligimus
2620 3985 2890 4050 linguam,
2926 3984 3003 4036 nil
3044 3982 3395 4051 tamenquod
3423 3993 3681 4037 ornatum

2100 4078 2409 4148 Latineque
2442 4078 2811 4147 compositum
2846 4076 2940 4137 sit,
2973 4074 3221 4129 scribere
3246 4090 3492 4143 possum.
3522 4076 3683 4131 Clare

2102 4172 2287 4241 itaque
2323 4179 2471 4241 patet
2499 4170 2595 4239 qui
2638 4169 2834 4222 modos
2865 4168 3113 4229 dicendi,
3141 4168 3366 4238 stylum,
3414 4171 3685 4239 cloquen-

2100 4269 2260 4328 tiam.
2298 4274 2354 4319 et
2393 4262 2497 4317 alia
2526 4262 2775 4315 iudicare
2807 4261 2992 4315 sciunt
3015 4260 3193 4329 ipsius
3237 4259 3449 4326 Basilii,
3480 4269 3538 4315 et
3562 4263 3686 4329 ejus

2101 4361 2303 4416 limata:
2348 4358 2551 4428 linguae
2584 4357 2727 4409 hanc
2761 4358 3178 4417 auctoritatem,
3209 4365 3267 4409 et
3307 4354 3508 4407 nullius
3541 4355 3682 4409 alte-

2102 4449 2221 4503 rius
2252 4463 2398 4503 esse.
2444 4447 2713 4501 Praeterea
2745 4459 2871 4498 cum
2910 4441 3115 4498 Veccus
3156 4443 3347 4513 paucis
3373 4452 3497 4497 ante
3526 4447 3687 4500 annis

415 4532 749 4597 ruptioucm.
794 4527 853 4582 lu
880 4527 1082 4597 quibus
1118 4527 1282 4581 etiam
1337 4526 1543 4597 aliquid
1612 4530 1813 4597 reperi,
1847 4531 1991 4599 quod

2101 4539 2291 4603 fuerit,
2323 4536 2453 4591 libri
2484 4551 2617 4591 vero
2644 4534 2815 4589 multo
2852 4550 2920 4589 eo
2955 4536 3148 4603 antiqu
3174 4550 3300 4589 ores
3323 4536 3455 4599 sint,
3488 4535 3683 4592 falsam

414 4632 470 4675 et
508 4621 873 4692 plangendum
906 4621 1093 4687 simul,
1118 4629 1174 4675 et
1204 4621 1516 4675 mirandum
1544 4632 1648 4676 est.
1684 4621 1997 4676 Mirandum

419 4716 665 4785 quidem,
697 4715 742 4769 si
777 4717 903 4785 quis
924 4715 1114 4769 volens
1146 4714 1396 4770 adhaeret
1419 4714 1553 4770 falso
1590 4714 1705 4785 ipse
1740 4715 1873 4769 illud
1898 4714 1999 4768 lin-

414 4826 569 4880 gens,
616 4819 671 4863 et
700 4807 1005 4879 prasertim
1037 4809 1328 4863 veritatem
1374 4808 1628 4873 celando,
1665 4823 1792 4863 cum
1840 4809 1999 4862 intel-

396 4905 591 4957 -lectus
633 4901 959 4955 naturaliter
989 4901 1281 4955 veritatem
1323 4900 1527 4959 habeat
1582 4915 1680 4970 pro
1725 4902 1945 4972 objecto
1982 4917 1995 4954 :

419 4994 786 5067 plangendum
816 5009 967 5063 vero,
1002 4994 1147 5065 quod
1180 4994 1348 5064 aliqui
1377 4995 1489 5048 sint
1519 4995 1589 5048 ita
1621 4993 1746 5049 ﬁdei
1794 4994 2000 5049 verita-

417 5102 524 5147 tem
558 5090 1004 5161 parviiacientes,
1034 5088 1155 5145 sine
1178 5103 1286 5158 qua
1324 5096 1410 5142 est
1446 5088 1791 5158 impossibile
1820 5087 1999 5141 homi-

418 5202 539 5240 nem
567 5185 777 5249 salrum
813 5184 953 5248 ﬁeri,
989 5192 1047 5236 ut
1098 5197 1205 5235 non
1238 5182 1413 5235 solum
1452 5181 1573 5251 ejus
1624 5180 1999 5249 investigatio-

416 5294 543 5334 nem
570 5286 947 5342 contemnant,
981 5290 1171 5329 verum
1210 5275 1378 5329 etiam
1411 5289 1537 5328 cum
1566 5274 1712 5328 clare
1736 5282 1998 5342 appareat

415 5390 534 5427 eam
561 5374 761 5438 celare,
789 5370 1104 5438 opprimere
1162 5380 1327 5438 atque
1355 5377 1673 5437 pervertere
1700 5377 1994 5420 conentur.

416 5465 531 5521 lloc
555 5480 741 5519 autem
782 5464 887 5518 tale
924 5463 1058 5532 quid
1088 5471 1207 5516 erat
1232 5476 1339 5514 una
1372 5474 1497 5514 cum
1517 5458 1641 5513 aliis
1672 5457 1812 5512 duos
1829 5456 1995 5512 etiam

413 5560 681 5631 quosdam
717 5559 890 5613 libros
918 5556 1095 5611 sancti
1134 5555 1319 5609 Basilii
1362 5553 1568 5608 aliendi
1618 5550 1763 5621 apud
1805 5565 1995 5605 mona-

412 5651 1190 5711 steriumCnristiSalvatoris
1207 5647 1557 5719 PantepOpti,
1594 5663 1761 5700 unum
1793 5648 1846 5699 in
1878 5661 1998 5715 per-

413 5764 649 5821 gameuo
686 5744 1164 5824 ‘atitiquissimum,
1202 5752 1261 5798 ut
1293 5741 1606 5805 videbatur,
1643 5739 1837 5810 quanti
1865 5754 1996 5792 vero

415 5844 681 5918 temporis
710 5843 926 5916 ignore,
956 5855 1068 5898 non
1105 5839 1255 5898 enim
1279 5847 1400 5898 erat
1430 5852 1609 5895 annus
1652 5835 1951 5905 inscriptus
1979 5851 1991 5889 :

2101 4629 2245 4684 hanc
2274 4627 2713 4689 accusationem,
2762 4636 2819 4681 et
2854 4641 3052 4679 vanum
3104 4625 3375 4695 refugium
3423 4627 3686 4696 probant.

2082 4722 2236 4777 oltcm
2266 4722 2371 4775 hoc
2403 4722 2547 4774 idem
2574 4718 2799 4774 aliunde
2837 4719 3127 4789 probatur.
3154 4719 3252 4774 Vir
3284 4720 3507 4790 quidam
3536 4720 3684 4790 apud

2102 4816 2331 4871 Latinos
2359 4814 2613 4869 maxima:
2644 4813 3043 4884 reputationis,
3069 4812 3269 4883 llugon
3296 4815 3521 4868 nomine
3549 4817 3690 4869 auti-

2100 4924 2268 4978 quus,
2291 4917 2348 4963 et
2377 4907 2540 4977 longe
2570 4916 2703 4960 ante
2724 4915 2973 4976 tempora
3002 4916 3212 4971 nostra,
3245 4908 3507 4975 praeteriti
3556 4918 3688 4962 sunt

2100 5017 2340 5071 namque
2374 5002 2490 5055 fere
2518 5014 2614 5054 ccc
2641 4999 2795 5063 anui,
2817 5015 2883 5053 cx
2911 5015 3023 5069 quo
3052 4999 3181 5063 iuit,
3219 5014 3344 5053 cum
3367 4999 3434 5053 de
3466 5015 3690 5067 proces-

2099 5097 2257 5152 sione
2299 5095 2542 5163 Spiritus
2567 5093 2746 5148 sancti
2776 5093 3050 5149 scriberet
3079 5111 3092 5146 :
3126 5093 3265 5147 hanc
3293 5095 3459 5147 etiam
3497 5104 3687 5147 ευιτιοο

2102 5190 2322 5244 ritatem
2372 5186 2547 5241 sancti
2582 5185 2767 5239 Basilii
2802 5185 2866 5237 ad
2911 5184 3055 5239 hanc
3099 5184 3516 5237 conclusionem
3560 5199 3690 5253 pro-

2100 5275 2337 5330 bandam
2376 5274 2608 5328 inducit.
2656 5272 2772 5326 Hoc
2802 5283 2985 5326 autem
3020 5290 3129 5326 non
3180 5274 3375 5327 Latine
3410 5274 3682 5341 scriptum

2101 5368 2295 5422 videns
2318 5366 2468 5429 dico,
2507 5381 2701 5420 verum
2734 5364 2921 5420 Graece
2954 5368 3099 5435 apud
3142 5366 3685 5433 Constantinopolim

2100 5461 2156 5515 in
2190 5460 2429 5529 quodam
2461 5460 2603 5514 libro
2646 5458 2861 5523 Graeco,
2892 5474 3001 5511 non
3052 5459 3229 5527 ipsius
3276 5456 3542 5525 llugonis,
3586 5460 3684 5513 Sed

2100 5552 2390 5625 cujusdam
2439 5552 2649 5607 Nicetze
2706 5553 3115 5621 archiepiscopi
3149 5551 3685 5619 Thessalonicensis,

2099 5648 2195 5718 qui
2232 5646 2337 5716 ipsi
2370 5644 2584 5716 llugoni
2627 5646 2985 5711 contradicit,
3017 5660 3331 5714 quanquam
3362 5645 3481 5713 ipse
3513 5644 3687 5698 Thes-

2099 5742 2462 5795 salonicensis
2489 5740 2632 5794 idem
2660 5755 2784 5794 cum
2807 5738 3022 5793 Latinis
3050 5738 3322 5808 sapiebat.
3358 5737 3513 5803 Quod
3537 5737 3691 5795 enim

2102 5833 2345 5906 Spiritus
2390 5844 2617 5891 sanctus
2666 5849 2734 5891 ex
2791 5834 2955 5891 Patre
3000 5832 3253 5905 Filioque
3309 5833 3693 5905 procederet,
