  <div class='ocr_page' id='page_1' title='image "/cluster/home/n/w/nwhite01/storage/ocr_20150623/161/coo.31924054870666/295.png"; bbox 0 0 4086 6474; ppageno 0'>
   <div class='ocr_carea' id='block_1_1' title="bbox 412 387 516 458">
    <p class='ocr_par' dir='ltr' id='par_1_1' title="bbox 412 387 516 458">
     <span class='ocr_line' id='line_1_1' title="bbox 412 387 516 458; baseline -0.087 0"><span class='ocrx_word' id='word_1_1' title='bbox 412 387 516 458; x_wconf 71' lang='lat'><strong>411</strong></span> 
     </span>
    </p>
   </div>
   <div class='ocr_carea' id='block_1_2' title="bbox 1404 382 2735 448">
    <p class='ocr_par' dir='ltr' id='par_1_2' title="bbox 1404 382 2735 448">
     <span class='ocr_line' id='line_1_2' title="bbox 1404 382 2735 448; baseline -0.002 -3"><span class='ocrx_word' id='word_1_2' title='bbox 1404 387 1911 447; x_wconf 64' lang='lat' dir='ltr'><strong>DESSAlilONlS</strong></span> <span class='ocrx_word' id='word_1_3' title='bbox 1942 387 2002 448; x_wconf 81' lang='lat' dir='ltr'><strong>S.</strong></span> <span class='ocrx_word' id='word_1_4' title='bbox 2050 387 2118 448; x_wconf 74' lang='grc' dir='ltr'><strong>Β.</strong></span> <span class='ocrx_word' id='word_1_5' title='bbox 2153 385 2222 445; x_wconf 87' lang='grc' dir='ltr'><strong>Ε.</strong></span> <span class='ocrx_word' id='word_1_6' title='bbox 2266 382 2735 445; x_wconf 75' lang='lat' dir='ltr'><strong>CARDINALIS</strong></span> 
     </span>
    </p>
   </div>
   <div class='ocr_carea' id='block_1_3' title="bbox 3583 378 3699 453">
    <p class='ocr_par' dir='ltr' id='par_1_3' title="bbox 3583 378 3699 453">
     <span class='ocr_line' id='line_1_3' title="bbox 3583 378 3699 453; baseline 0.112 -13"><span class='ocrx_word' id='word_1_7' title='bbox 3583 378 3699 453; x_wconf 64' lang='grc'><strong>412</strong></span> 
     </span>
    </p>
   </div>
   <div class='ocr_carea' id='block_1_4' title="bbox 413 488 3697 565">
    <p class='ocr_par' dir='ltr' id='par_1_4' title="bbox 413 488 3697 565">
     <span class='ocr_line' id='line_1_4' title="bbox 413 488 3697 565; baseline -0.002 -14"><span class='ocrx_word' id='word_1_8' title='bbox 413 499 697 562; x_wconf 83' lang='lat' dir='ltr'><strong>credebat,</strong></span> <span class='ocrx_word' id='word_1_9' title='bbox 744 495 1122 551; x_wconf 81' lang='lat' dir='ltr'><strong>contendebat</strong></span> <span class='ocrx_word' id='word_1_10' title='bbox 1170 510 1322 558; x_wconf 79' lang='lat' dir='ltr'><strong>vero,</strong></span> <span class='ocrx_word' id='word_1_11' title='bbox 1371 504 1430 548; x_wconf 92' lang='lat' dir='ltr'><strong>ut</strong></span> <span class='ocrx_word' id='word_1_12' title='bbox 1473 496 1637 565; x_wconf 74' lang='lat' dir='ltr'><strong>vulgo</strong></span> <span class='ocrx_word' id='word_1_13' title='bbox 1669 494 1898 559; x_wconf 90' lang='lat' dir='ltr'><strong>dicitur,</strong></span> <span class='ocrx_word' id='word_1_14' title='bbox 1928 495 1997 550; x_wconf 86' lang='lat' dir='ltr'><strong>de</strong></span> <span class='ocrx_word' id='word_1_15' title='bbox 2028 501 2069 557; x_wconf 73' lang='grc' dir='ltr'><strong>Α</strong></span> <span class='ocrx_word' id='word_1_16' title='bbox 2106 510 2252 550; x_wconf 86' lang='lat' dir='ltr'><strong>ream</strong></span> <span class='ocrx_word' id='word_1_17' title='bbox 2279 505 2529 551; x_wconf 86' lang='lat' dir='ltr'><strong>catenam</strong></span> <span class='ocrx_word' id='word_1_18' title='bbox 2552 488 2764 550; x_wconf 76' lang='lat' dir='ltr'><strong>ordinis</strong></span> <span class='ocrx_word' id='word_1_19' title='bbox 2797 507 2893 549; x_wconf 89' lang='lat' dir='ltr'><strong>nos</strong></span> <span class='ocrx_word' id='word_1_20' title='bbox 2918 491 3205 549; x_wconf 85' lang='lat' dir='ltr'><strong>docuit.ln</strong></span> <span class='ocrx_word' id='word_1_21' title='bbox 3238 493 3303 549; x_wconf 88' lang='lat' dir='ltr'><strong>iis</strong></span> <span class='ocrx_word' id='word_1_22' title='bbox 3333 493 3478 548; x_wconf 89' lang='lat' dir='ltr'><strong>enim</strong></span> <span class='ocrx_word' id='word_1_23' title='bbox 3502 505 3697 548; x_wconf 84' lang='lat' dir='ltr'><strong>contra</strong></span> 
     </span>
    </p>
   </div>
   <div class='ocr_carea' id='block_1_5' title="bbox 416 586 1998 656">
    <p class='ocr_par' dir='ltr' id='par_1_5' title="bbox 416 586 1998 656">
     <span class='ocr_line' id='line_1_5' title="bbox 416 586 1998 656; baseline -0.003 -12"><span class='ocrx_word' id='word_1_24' title='bbox 416 592 612 646; x_wconf 85' lang='lat' dir='ltr'><strong>umbra</strong></span> <span class='ocrx_word' id='word_1_25' title='bbox 655 588 822 651; x_wconf 82' lang='lat' dir='ltr'><strong>asini,</strong></span> <span class='ocrx_word' id='word_1_26' title='bbox 862 601 1039 656; x_wconf 86' lang='lat' dir='ltr'><strong>neque</strong></span> <span class='ocrx_word' id='word_1_27' title='bbox 1078 586 1259 655; x_wconf 88' lang='lat' dir='ltr'><strong>ipsum</strong></span> <span class='ocrx_word' id='word_1_28' title='bbox 1292 599 1483 638; x_wconf 86' lang='lat' dir='ltr'><strong>verum</strong></span> <span class='ocrx_word' id='word_1_29' title='bbox 1528 599 1786 640; x_wconf 77' lang='lat' dir='ltr'><strong>asserens</strong></span> <span class='ocrx_word' id='word_1_30' title='bbox 1829 586 1998 640; x_wconf 86' lang='lat' dir='ltr'><strong>licere</strong></span> 
     </span>
    </p>
   </div>
   <div class='ocr_carea' id='block_1_6' title="bbox 418 677 2002 755">
    <p class='ocr_par' dir='ltr' id='par_1_6' title="bbox 418 677 2002 755">
     <span class='ocr_line' id='line_1_6' title="bbox 418 677 2002 755; baseline -0.004 -17"><span class='ocrx_word' id='word_1_31' title='bbox 418 683 685 755; x_wconf 87' lang='lat' dir='ltr'><strong>Symbolo</strong></span> <span class='ocrx_word' id='word_1_32' title='bbox 717 680 871 744; x_wconf 89' lang='lat' dir='ltr'><strong>addi,</strong></span> <span class='ocrx_word' id='word_1_33' title='bbox 899 693 1014 733; x_wconf 89' lang='lat' dir='ltr'><strong>rem</strong></span> <span class='ocrx_word' id='word_1_34' title='bbox 1051 693 1262 748; x_wconf 78' lang='lat' dir='ltr'><strong>inagna:</strong></span> <span class='ocrx_word' id='word_1_35' title='bbox 1296 677 1546 747; x_wconf 68' lang='lat' dir='ltr'><strong>profecto</strong></span> <span class='ocrx_word' id='word_1_36' title='bbox 1574 678 1889 733; x_wconf 87' lang='lat' dir='ltr'><strong>devotionis</strong></span> <span class='ocrx_word' id='word_1_37' title='bbox 1944 686 2002 735; x_wconf 90' lang='lat' dir='ltr'><strong>ct</strong></span> 
     </span>
    </p>
   </div>
   <div class='ocr_carea' id='block_1_7' title="bbox 416 771 2000 845">
    <p class='ocr_par' dir='ltr' id='par_1_7' title="bbox 416 771 2000 845">
     <span class='ocr_line' id='line_1_7' title="bbox 416 771 2000 845; baseline -0.003 -15"><span class='ocrx_word' id='word_1_38' title='bbox 416 776 723 845; x_wconf 52' lang='lat' dir='ltr'><strong>sapientiae,</strong></span> <span class='ocrx_word' id='word_1_39' title='bbox 776 787 842 827; x_wconf 89' lang='lat' dir='ltr'><strong>ac</strong></span> <span class='ocrx_word' id='word_1_40' title='bbox 898 771 944 827; x_wconf 89' lang='lat' dir='ltr'><strong>si</strong></span> <span class='ocrx_word' id='word_1_41' title='bbox 988 771 1206 825; x_wconf 89' lang='lat' dir='ltr'><strong>diceret</strong></span> <span class='ocrx_word' id='word_1_42' title='bbox 1236 785 1347 824; x_wconf 87' lang='lat' dir='ltr'><strong>non</strong></span> <span class='ocrx_word' id='word_1_43' title='bbox 1395 780 1657 839; x_wconf 75' lang='lat' dir='ltr'><strong>oportere</strong></span> <span class='ocrx_word' id='word_1_44' title='bbox 1710 773 2000 826; x_wconf 74' lang='lat' dir='ltr'><strong>veritatem</strong></span> 
     </span>
    </p>
   </div>
   <div class='ocr_carea' id='block_1_8' title="bbox 417 860 1998 935">
    <p class='ocr_par' dir='ltr' id='par_1_8' title="bbox 417 860 1998 935">
     <span class='ocr_line' id='line_1_8' title="bbox 417 860 1998 935; baseline -0.003 -16"><span class='ocrx_word' id='word_1_45' title='bbox 417 865 637 935; x_wconf 80' lang='lat' dir='ltr'><strong>publice</strong></span> <span class='ocrx_word' id='word_1_46' title='bbox 682 862 1009 933; x_wconf 62' lang='lat' dir='ltr'><strong>pratdicare.</strong></span> <span class='ocrx_word' id='word_1_47' title='bbox 1059 861 1186 915; x_wconf 71' lang='lat' dir='ltr'><strong>llaec</strong></span> <span class='ocrx_word' id='word_1_48' title='bbox 1232 869 1419 917; x_wconf 88' lang='lat' dir='ltr'><strong>autem</strong></span> <span class='ocrx_word' id='word_1_49' title='bbox 1474 860 1696 931; x_wconf 77' lang='lat' dir='ltr'><strong>longius</strong></span> <span class='ocrx_word' id='word_1_50' title='bbox 1753 862 1998 925; x_wconf 85' lang='lat' dir='ltr'><strong>narravi,</strong></span> 
     </span>
    </p>
   </div>
   <div class='ocr_carea' id='block_1_9' title="bbox 416 953 2005 1025">
    <p class='ocr_par' dir='ltr' id='par_1_9' title="bbox 416 953 2005 1025">
     <span class='ocr_line' id='line_1_9' title="bbox 416 953 2005 1025; baseline 0.001 -19"><span class='ocrx_word' id='word_1_51' title='bbox 416 958 608 1015; x_wconf 75' lang='lat' dir='ltr'><strong>volens</strong></span> <span class='ocrx_word' id='word_1_52' title='bbox 643 955 882 1025; x_wconf 89' lang='lat' dir='ltr'><strong>probare</strong></span> <span class='ocrx_word' id='word_1_53' title='bbox 923 953 1099 1009; x_wconf 78' lang='lat' dir='ltr'><strong>fuisse</strong></span> <span class='ocrx_word' id='word_1_54' title='bbox 1134 955 1359 1023; x_wconf 84' lang='lat' dir='ltr'><strong>quidem</strong></span> <span class='ocrx_word' id='word_1_55' title='bbox 1405 954 1824 1023; x_wconf 83' lang='lat' dir='ltr'><strong>corruptionem</strong></span> <span class='ocrx_word' id='word_1_56' title='bbox 1856 955 1910 1007; x_wconf 90' lang='lat' dir='ltr'><strong>in</strong></span> <span class='ocrx_word' id='word_1_57' title='bbox 1942 953 2005 1007; x_wconf 89' lang='lat' dir='ltr'><strong>li-</strong></span> 
     </span>
    </p>
   </div>
   <div class='ocr_carea' id='block_1_10' title="bbox 415 1045 2001 1116">
    <p class='ocr_par' dir='ltr' id='par_1_10' title="bbox 415 1045 2001 1116">
     <span class='ocr_line' id='line_1_10' title="bbox 415 1045 2001 1116; baseline -0.005 -11"><span class='ocrx_word' id='word_1_58' title='bbox 415 1050 555 1114; x_wconf 81' lang='lat' dir='ltr'><strong>bris,</strong></span> <span class='ocrx_word' id='word_1_59' title='bbox 599 1063 792 1104; x_wconf 88' lang='lat' dir='ltr'><strong>verum</strong></span> <span class='ocrx_word' id='word_1_60' title='bbox 838 1061 949 1101; x_wconf 92' lang='lat' dir='ltr'><strong>non</strong></span> <span class='ocrx_word' id='word_1_61' title='bbox 974 1062 1004 1100; x_wconf 91' lang='lat' dir='ltr'><strong>a</strong></span> <span class='ocrx_word' id='word_1_62' title='bbox 1033 1045 1248 1101; x_wconf 67' lang='lat' dir='ltr'><strong>[minis</strong></span> <span class='ocrx_word' id='word_1_63' title='bbox 1278 1055 1336 1100; x_wconf 89' lang='lat' dir='ltr'><strong>et</strong></span> <span class='ocrx_word' id='word_1_64' title='bbox 1368 1045 1591 1100; x_wconf 88' lang='lat' dir='ltr'><strong>illorum</strong></span> <span class='ocrx_word' id='word_1_65' title='bbox 1644 1045 2001 1116; x_wconf 87' lang='lat' dir='ltr'><strong>sequacibus,</strong></span> 
     </span>
    </p>
   </div>
   <div class='ocr_carea' id='block_1_11' title="bbox 412 1134 2002 1197">
    <p class='ocr_par' dir='ltr' id='par_1_11' title="bbox 412 1134 2002 1197">
     <span class='ocr_line' id='line_1_11' title="bbox 412 1134 2002 1197; baseline -0.006 0"><span class='ocrx_word' id='word_1_66' title='bbox 412 1141 512 1197; x_wconf 89' lang='lat' dir='ltr'><strong>sed</strong></span> <span class='ocrx_word' id='word_1_67' title='bbox 543 1157 572 1196; x_wconf 92' lang='lat' dir='ltr'><strong>e</strong></span> <span class='ocrx_word' id='word_1_68' title='bbox 606 1151 802 1195; x_wconf 89' lang='lat' dir='ltr'><strong>contra</strong></span> <span class='ocrx_word' id='word_1_69' title='bbox 833 1154 864 1192; x_wconf 89' lang='lat' dir='ltr'><strong>a</strong></span> <span class='ocrx_word' id='word_1_70' title='bbox 892 1136 1363 1193; x_wconf 79' lang='lat' dir='ltr'><strong>contendentibus</strong></span> <span class='ocrx_word' id='word_1_71' title='bbox 1409 1151 1535 1191; x_wconf 91' lang='lat' dir='ltr'><strong>cum</strong></span> <span class='ocrx_word' id='word_1_72' title='bbox 1573 1134 1787 1190; x_wconf 83' lang='lat' dir='ltr'><strong>Latinis</strong></span> <span class='ocrx_word' id='word_1_73' title='bbox 1826 1154 1840 1190; x_wconf 87' lang='lat'><strong>:</strong></span> <span class='ocrx_word' id='word_1_74' title='bbox 1879 1152 2002 1189; x_wconf 78' lang='lat' dir='ltr'><strong>ror-</strong></span> 
     </span>
    </p>
   </div>
   <div class='ocr_carea' id='block_1_12' title="bbox 416 1226 2005 1301">
    <p class='ocr_par' dir='ltr' id='par_1_12' title="bbox 416 1226 2005 1301">
     <span class='ocr_line' id='line_1_12' title="bbox 416 1226 2005 1301; baseline -0.005 -15"><span class='ocrx_word' id='word_1_75' title='bbox 416 1232 844 1301; x_wconf 88' lang='lat' dir='ltr'><strong>ruptionemque</strong></span> <span class='ocrx_word' id='word_1_76' title='bbox 868 1244 978 1283; x_wconf 91' lang='lat' dir='ltr'><strong>non</strong></span> <span class='ocrx_word' id='word_1_77' title='bbox 1004 1244 1103 1297; x_wconf 88' lang='lat' dir='ltr'><strong>per</strong></span> <span class='ocrx_word' id='word_1_78' title='bbox 1120 1227 1465 1282; x_wconf 88' lang='lat' dir='ltr'><strong>additionem</strong></span> <span class='ocrx_word' id='word_1_79' title='bbox 1490 1226 1691 1294; x_wconf 88' lang='lat' dir='ltr'><strong>solum,</strong></span> <span class='ocrx_word' id='word_1_80' title='bbox 1710 1227 1805 1282; x_wconf 87' lang='lat' dir='ltr'><strong>sed</strong></span> <span class='ocrx_word' id='word_1_81' title='bbox 1835 1226 2005 1281; x_wconf 90' lang='lat' dir='ltr'><strong>inter-</strong></span> 
     </span>
    </p>
   </div>
   <div class='ocr_carea' id='block_1_13' title="bbox 418 1319 2007 1394">
    <p class='ocr_par' dir='ltr' id='par_1_13' title="bbox 418 1319 2007 1394">
     <span class='ocr_line' id='line_1_13' title="bbox 418 1319 2007 1394; baseline -0.004 -16"><span class='ocrx_word' id='word_1_82' title='bbox 418 1326 550 1380; x_wconf 88' lang='lat' dir='ltr'><strong>dum</strong></span> <span class='ocrx_word' id='word_1_83' title='bbox 585 1340 681 1394; x_wconf 88' lang='lat' dir='ltr'><strong>per</strong></span> <span class='ocrx_word' id='word_1_84' title='bbox 721 1323 1094 1377; x_wconf 82' lang='lat' dir='ltr'><strong>minutionem</strong></span> <span class='ocrx_word' id='word_1_85' title='bbox 1133 1321 1332 1376; x_wconf 86' lang='lat' dir='ltr'><strong>factam</strong></span> <span class='ocrx_word' id='word_1_86' title='bbox 1383 1320 1574 1375; x_wconf 89' lang='lat' dir='ltr'><strong>fuisse.</strong></span> <span class='ocrx_word' id='word_1_87' title='bbox 1604 1319 1685 1375; x_wconf 91' lang='lat' dir='ltr'><strong>Ita</strong></span> <span class='ocrx_word' id='word_1_88' title='bbox 1716 1330 1774 1374; x_wconf 88' lang='lat' dir='ltr'><strong>ut</strong></span> <span class='ocrx_word' id='word_1_89' title='bbox 1822 1319 2007 1374; x_wconf 87' lang='lat' dir='ltr'><strong>nullus</strong></span> 
     </span>
    </p>
   </div>
   <div class='ocr_carea' id='block_1_14' title="bbox 417 1411 2005 1486">
    <p class='ocr_par' dir='ltr' id='par_1_14' title="bbox 417 1411 2005 1486">
     <span class='ocr_line' id='line_1_14' title="bbox 417 1411 2005 1486; baseline -0.005 -14"><span class='ocrx_word' id='word_1_90' title='bbox 417 1417 657 1486; x_wconf 82' lang='lat' dir='ltr'><strong>amplius</strong></span> <span class='ocrx_word' id='word_1_91' title='bbox 695 1414 873 1486; x_wconf 83' lang='lat' dir='ltr'><strong>possit</strong></span> <span class='ocrx_word' id='word_1_92' title='bbox 922 1413 1159 1468; x_wconf 80' lang='lat' dir='ltr'><strong>Veccum</strong></span> <span class='ocrx_word' id='word_1_93' title='bbox 1196 1421 1253 1467; x_wconf 92' lang='lat' dir='ltr'><strong>et</strong></span> <span class='ocrx_word' id='word_1_94' title='bbox 1317 1411 1529 1466; x_wconf 76' lang='lat' dir='ltr'><strong>similes</strong></span> <span class='ocrx_word' id='word_1_95' title='bbox 1578 1426 1833 1477; x_wconf 85' lang='lat' dir='ltr'><strong>causare,</strong></span> <span class='ocrx_word' id='word_1_96' title='bbox 1877 1426 2005 1466; x_wconf 81' lang='lat' dir='ltr'><strong>cum</strong></span> 
     </span>
    </p>
   </div>
   <div class='ocr_carea' id='block_1_15' title="bbox 419 1505 2006 1576">
    <p class='ocr_par' dir='ltr' id='par_1_15' title="bbox 419 1505 2006 1576">
     <span class='ocr_line' id='line_1_15' title="bbox 419 1505 2006 1576; baseline -0.004 -12"><span class='ocrx_word' id='word_1_97' title='bbox 419 1510 550 1565; x_wconf 82' lang='lat' dir='ltr'><strong>libri</strong></span> <span class='ocrx_word' id='word_1_98' title='bbox 582 1510 757 1563; x_wconf 88' lang='lat' dir='ltr'><strong>multo</strong></span> <span class='ocrx_word' id='word_1_99' title='bbox 779 1516 1075 1576; x_wconf 82' lang='lat' dir='ltr'><strong>antequam</strong></span> <span class='ocrx_word' id='word_1_100' title='bbox 1107 1505 1277 1575; x_wconf 68' lang='lat' dir='ltr'><strong>fuerit</strong></span> <span class='ocrx_word' id='word_1_101' title='bbox 1297 1505 1511 1560; x_wconf 75' lang='lat' dir='ltr'><strong>Veccus</strong></span> <span class='ocrx_word' id='word_1_102' title='bbox 1532 1505 1825 1559; x_wconf 82' lang='lat' dir='ltr'><strong>veritatem</strong></span> <span class='ocrx_word' id='word_1_103' title='bbox 1855 1505 2006 1558; x_wconf 89' lang='lat' dir='ltr'><strong>clare</strong></span> 
     </span>
    </p>
   </div>
   <div class='ocr_carea' id='block_1_16' title="bbox 419 1590 2004 1674">
    <p class='ocr_par' dir='ltr' id='par_1_16' title="bbox 419 1590 2004 1674">
     <span class='ocr_line' id='line_1_16' title="bbox 419 1590 2004 1674; baseline -0.004 -18"><span class='ocrx_word' id='word_1_104' title='bbox 419 1590 745 1674; x_wconf 82' lang='lat' dir='ltr'><strong>probarent.</strong></span> <span class='ocrx_word' id='word_1_105' title='bbox 797 1600 865 1656; x_wconf 81' lang='lat' dir='ltr'><strong>Et</strong></span> <span class='ocrx_word' id='word_1_106' title='bbox 906 1600 1029 1655; x_wconf 67' lang='lat' dir='ltr'><strong>haec</strong></span> <span class='ocrx_word' id='word_1_107' title='bbox 1061 1598 1289 1669; x_wconf 89' lang='lat' dir='ltr'><strong>quidem</strong></span> <span class='ocrx_word' id='word_1_108' title='bbox 1331 1613 1364 1653; x_wconf 88' lang='lat' dir='ltr'><strong>a</strong></span> <span class='ocrx_word' id='word_1_109' title='bbox 1400 1606 1647 1667; x_wconf 84' lang='lat' dir='ltr'><strong>tempore</strong></span> <span class='ocrx_word' id='word_1_110' title='bbox 1679 1597 1754 1651; x_wconf 86' lang='lat' dir='ltr'><strong>ita</strong></span> <span class='ocrx_word' id='word_1_111' title='bbox 1778 1596 2004 1651; x_wconf 81' lang='lat' dir='ltr'><strong>indubia</strong></span> 
     </span>
    </p>
   </div>
   <div class='ocr_carea' id='block_1_17' title="bbox 418 1688 2003 1764">
    <p class='ocr_par' dir='ltr' id='par_1_17' title="bbox 418 1688 2003 1764">
     <span class='ocr_line' id='line_1_17' title="bbox 418 1688 2003 1764; baseline -0.004 -14"><span class='ocrx_word' id='word_1_112' title='bbox 418 1704 478 1750; x_wconf 84' lang='lat' dir='ltr'><strong>et</strong></span> <span class='ocrx_word' id='word_1_113' title='bbox 505 1710 637 1750; x_wconf 90' lang='lat' dir='ltr'><strong>vcra</strong></span> <span class='ocrx_word' id='word_1_114' title='bbox 684 1705 816 1750; x_wconf 91' lang='lat' dir='ltr'><strong>sunt</strong></span> <span class='ocrx_word' id='word_1_115' title='bbox 865 1693 1065 1764; x_wconf 77' lang='lat' dir='ltr'><strong>signa;</strong></span> <span class='ocrx_word' id='word_1_116' title='bbox 1099 1692 1170 1747; x_wconf 88' lang='lat' dir='ltr'><strong>ab</strong></span> <span class='ocrx_word' id='word_1_117' title='bbox 1207 1691 1328 1761; x_wconf 82' lang='lat' dir='ltr'><strong>ipso</strong></span> <span class='ocrx_word' id='word_1_118' title='bbox 1347 1691 1513 1746; x_wconf 84' lang='lat' dir='ltr'><strong>etiam</strong></span> <span class='ocrx_word' id='word_1_119' title='bbox 1543 1705 1750 1760; x_wconf 72' lang='lat' dir='ltr'><strong>genere</strong></span> <span class='ocrx_word' id='word_1_120' title='bbox 1783 1688 2003 1744; x_wconf 79' lang='lat' dir='ltr'><strong>dicendi</strong></span> 
     </span>
    </p>
   </div>
   <div class='ocr_carea' id='block_1_18' title="bbox 419 1780 2004 1854">
    <p class='ocr_par' dir='ltr' id='par_1_18' title="bbox 419 1780 2004 1854">
     <span class='ocr_line' id='line_1_18' title="bbox 419 1780 2004 1854; baseline -0.005 -12"><span class='ocrx_word' id='word_1_121' title='bbox 419 1786 755 1843; x_wconf 89' lang='lat' dir='ltr'><strong>suavissimo</strong></span> <span class='ocrx_word' id='word_1_122' title='bbox 781 1795 839 1840; x_wconf 91' lang='lat' dir='ltr'><strong>et</strong></span> <span class='ocrx_word' id='word_1_123' title='bbox 878 1783 1246 1839; x_wconf 87' lang='lat' dir='ltr'><strong>ornatissimo</strong></span> <span class='ocrx_word' id='word_1_124' title='bbox 1283 1782 1424 1854; x_wconf 88' lang='lat' dir='ltr'><strong>stylo</strong></span> <span class='ocrx_word' id='word_1_125' title='bbox 1456 1790 1608 1851; x_wconf 87' lang='lat' dir='ltr'><strong>patet</strong></span> <span class='ocrx_word' id='word_1_126' title='bbox 1640 1780 1846 1835; x_wconf 78' lang='lat' dir='ltr'><strong>nullius</strong></span> <span class='ocrx_word' id='word_1_127' title='bbox 1871 1780 2004 1834; x_wconf 79' lang='lat' dir='ltr'><strong>alte-</strong></span> 
     </span>
    </p>
   </div>
   <div class='ocr_carea' id='block_1_19' title="bbox 2115 584 3698 655">
    <p class='ocr_par' dir='ltr' id='par_1_19' title="bbox 2115 584 3698 655">
     <span class='ocr_line' id='line_1_19' title="bbox 2115 584 3698 655; baseline 0.001 -17"><span class='ocrx_word' id='word_1_128' title='bbox 2115 584 2446 641; x_wconf 85' lang='lat' dir='ltr'><strong>Eunomium</strong></span> <span class='ocrx_word' id='word_1_129' title='bbox 2476 586 2829 641; x_wconf 83' lang='lat' dir='ltr'><strong>sermonibus</strong></span> <span class='ocrx_word' id='word_1_130' title='bbox 2849 585 2990 649; x_wconf 87' lang='lat' dir='ltr'><strong>suis,</strong></span> <span class='ocrx_word' id='word_1_131' title='bbox 3018 584 3286 655; x_wconf 74' lang='lat' dir='ltr'><strong>dignitate</strong></span> <span class='ocrx_word' id='word_1_132' title='bbox 3331 599 3567 655; x_wconf 79' lang='lat' dir='ltr'><strong>namque</strong></span> <span class='ocrx_word' id='word_1_133' title='bbox 3619 584 3698 639; x_wconf 85' lang='lat' dir='ltr'><strong>ait</strong></span> 
     </span>
    </p>
   </div>
   <div class='ocr_carea' id='block_1_20' title="bbox 2111 674 3698 746">
    <p class='ocr_par' dir='ltr' id='par_1_20' title="bbox 2111 674 3698 746">
     <span class='ocr_line' id='line_1_20' title="bbox 2111 674 3698 746; baseline -0.003 -14"><span class='ocrx_word' id='word_1_134' title='bbox 2111 680 2418 732; x_wconf 83' lang='lat' dir='ltr'><strong>secundum</strong></span> <span class='ocrx_word' id='word_1_135' title='bbox 2449 692 2574 732; x_wconf 46' lang='lat' dir='ltr'><strong>esse</strong></span> <span class='ocrx_word' id='word_1_136' title='bbox 2607 692 2636 730; x_wconf 88' lang='lat' dir='ltr'><strong>a</strong></span> <span class='ocrx_word' id='word_1_137' title='bbox 2669 676 2833 740; x_wconf 85' lang='lat' dir='ltr'><strong>Filio,</strong></span> <span class='ocrx_word' id='word_1_138' title='bbox 2860 676 3120 731; x_wconf 85' lang='lat' dir='ltr'><strong>videlicet</strong></span> <span class='ocrx_word' id='word_1_139' title='bbox 3143 674 3410 746; x_wconf 88' lang='lat' dir='ltr'><strong>Spiritum</strong></span> <span class='ocrx_word' id='word_1_140' title='bbox 3439 685 3698 731; x_wconf 85' lang='lat' dir='ltr'><strong>sanctum</strong></span> 
     </span>
    </p>
   </div>
   <div class='ocr_carea' id='block_1_21' title="bbox 2111 764 3703 842">
    <p class='ocr_par' dir='ltr' id='par_1_21' title="bbox 2111 764 3703 842">
     <span class='ocr_line' id='line_1_21' title="bbox 2111 764 3703 842; baseline -0.004 -19"><span class='ocrx_word' id='word_1_141' title='bbox 2111 784 2236 823; x_wconf 90' lang='lat' dir='ltr'><strong>cum</strong></span> <span class='ocrx_word' id='word_1_142' title='bbox 2262 768 2332 822; x_wconf 88' lang='lat' dir='ltr'><strong>ab</strong></span> <span class='ocrx_word' id='word_1_143' title='bbox 2365 768 2484 842; x_wconf 81' lang='lat' dir='ltr'><strong>ipso</strong></span> <span class='ocrx_word' id='word_1_144' title='bbox 2514 782 2636 823; x_wconf 84' lang='lat' dir='ltr'><strong>esse</strong></span> <span class='ocrx_word' id='word_1_145' title='bbox 2687 767 2904 831; x_wconf 81' lang='lat' dir='ltr'><strong>habeat,</strong></span> <span class='ocrx_word' id='word_1_146' title='bbox 2935 775 2993 821; x_wconf 89' lang='lat' dir='ltr'><strong>et</strong></span> <span class='ocrx_word' id='word_1_147' title='bbox 3040 765 3109 820; x_wconf 88' lang='lat' dir='ltr'><strong>ab</strong></span> <span class='ocrx_word' id='word_1_148' title='bbox 3164 766 3284 835; x_wconf 89' lang='lat' dir='ltr'><strong>ipso</strong></span> <span class='ocrx_word' id='word_1_149' title='bbox 3345 764 3602 834; x_wconf 88' lang='lat' dir='ltr'><strong>accipiat,</strong></span> <span class='ocrx_word' id='word_1_150' title='bbox 3640 772 3703 818; x_wconf 88' lang='lat' dir='ltr'><strong>et</strong></span> 
     </span>
    </p>
   </div>
   <div class='ocr_carea' id='block_1_22' title="bbox 2112 857 3700 927">
    <p class='ocr_par' dir='ltr' id='par_1_22' title="bbox 2112 857 3700 927">
     <span class='ocr_line' id='line_1_22' title="bbox 2112 857 3700 927; baseline -0.003 -12"><span class='ocrx_word' id='word_1_151' title='bbox 2112 861 2405 916; x_wconf 87' lang='lat' dir='ltr'><strong>annuntiet</strong></span> <span class='ocrx_word' id='word_1_152' title='bbox 2424 860 2604 923; x_wconf 88' lang='lat' dir='ltr'><strong>nobis,</strong></span> <span class='ocrx_word' id='word_1_153' title='bbox 2636 870 2689 914; x_wconf 92' lang='lat' dir='ltr'><strong>et</strong></span> <span class='ocrx_word' id='word_1_154' title='bbox 2711 862 2940 914; x_wconf 87' lang='lat' dir='ltr'><strong>omnino</strong></span> <span class='ocrx_word' id='word_1_155' title='bbox 2965 859 3034 914; x_wconf 88' lang='lat' dir='ltr'><strong>ab</strong></span> <span class='ocrx_word' id='word_1_156' title='bbox 3067 858 3154 913; x_wconf 88' lang='lat' dir='ltr'><strong>illa</strong></span> <span class='ocrx_word' id='word_1_157' title='bbox 3177 872 3342 912; x_wconf 84' lang='lat' dir='ltr'><strong>causa</strong></span> <span class='ocrx_word' id='word_1_158' title='bbox 3363 857 3700 927; x_wconf 77' lang='lat' dir='ltr'><strong>dependca&#39;,</strong></span> 
     </span>
    </p>
   </div>
   <div class='ocr_carea' id='block_1_23' title="bbox 2112 948 3704 1024">
    <p class='ocr_par' dir='ltr' id='par_1_23' title="bbox 2112 948 3704 1024">
     <span class='ocr_line' id='line_1_23' title="bbox 2112 948 3704 1024; baseline -0.003 -18"><span class='ocrx_word' id='word_1_159' title='bbox 2112 953 2333 1024; x_wconf 86' lang='lat' dir='ltr'><strong>pietatis</strong></span> <span class='ocrx_word' id='word_1_160' title='bbox 2367 956 2508 1008; x_wconf 79' lang='lat' dir='ltr'><strong>ratio</strong></span> <span class='ocrx_word' id='word_1_161' title='bbox 2537 954 2724 1007; x_wconf 81' lang='lat' dir='ltr'><strong>tradit.</strong></span> <span class='ocrx_word' id='word_1_162' title='bbox 2756 952 2931 1023; x_wconf 86' lang='lat' dir='ltr'><strong>Hujus</strong></span> <span class='ocrx_word' id='word_1_163' title='bbox 2964 951 3114 1006; x_wconf 91' lang='lat' dir='ltr'><strong>enim</strong></span> <span class='ocrx_word' id='word_1_164' title='bbox 3180 948 3546 1013; x_wconf 84' lang='lat' dir='ltr'><strong>auctoritatis,</strong></span> <span class='ocrx_word' id='word_1_165' title='bbox 3586 948 3704 1004; x_wconf 84' lang='lat' dir='ltr'><strong>etsi</strong></span> 
     </span>
    </p>
   </div>
   <div class='ocr_carea' id='block_1_24' title="bbox 2115 1042 3704 1116">
    <p class='ocr_par' dir='ltr' id='par_1_24' title="bbox 2115 1042 3704 1116">
     <span class='ocr_line' id='line_1_24' title="bbox 2115 1042 3704 1116; baseline -0.003 -18"><span class='ocrx_word' id='word_1_166' title='bbox 2115 1061 2225 1099; x_wconf 91' lang='lat' dir='ltr'><strong>non</strong></span> <span class='ocrx_word' id='word_1_167' title='bbox 2246 1056 2442 1110; x_wconf 85' lang='lat' dir='ltr'><strong>totam,</strong></span> <span class='ocrx_word' id='word_1_168' title='bbox 2478 1055 2691 1116; x_wconf 84' lang='lat' dir='ltr'><strong>partem</strong></span> <span class='ocrx_word' id='word_1_169' title='bbox 2723 1054 2905 1099; x_wconf 90' lang='lat' dir='ltr'><strong>tamen</strong></span> <span class='ocrx_word' id='word_1_170' title='bbox 2938 1042 3236 1098; x_wconf 87' lang='lat' dir='ltr'><strong>admittunt</strong></span> <span class='ocrx_word' id='word_1_171' title='bbox 3261 1042 3458 1103; x_wconf 86' lang='lat' dir='ltr'><strong>nostri,</strong></span> <span class='ocrx_word' id='word_1_172' title='bbox 3495 1052 3704 1094; x_wconf 62' lang='lat' dir='ltr'><strong>castora</strong></span> 
     </span>
    </p>
   </div>
   <div class='ocr_carea' id='block_1_25' title="bbox 2112 1131 3702 1205">
    <p class='ocr_par' dir='ltr' id='par_1_25' title="bbox 2112 1131 3702 1205">
     <span class='ocr_line' id='line_1_25' title="bbox 2112 1131 3702 1205; baseline -0.006 -15"><span class='ocrx_word' id='word_1_173' title='bbox 2112 1136 2518 1198; x_wconf 86' lang='lat' dir='ltr'><strong>abscindentes,</strong></span> <span class='ocrx_word' id='word_1_174' title='bbox 2538 1151 2603 1191; x_wconf 85' lang='lat' dir='ltr'><strong>ac</strong></span> <span class='ocrx_word' id='word_1_175' title='bbox 2625 1139 2695 1191; x_wconf 85' lang='lat' dir='ltr'><strong>ita</strong></span> <span class='ocrx_word' id='word_1_176' title='bbox 2710 1151 2829 1191; x_wconf 86' lang='lat' dir='ltr'><strong>eam</strong></span> <span class='ocrx_word' id='word_1_177' title='bbox 2848 1134 3181 1205; x_wconf 67' lang='lat' dir='ltr'><strong>allegantes;</strong></span> <span class='ocrx_word' id='word_1_178' title='bbox 3201 1131 3465 1202; x_wconf 72' lang='lat' dir='ltr'><strong>dignitate</strong></span> <span class='ocrx_word' id='word_1_179' title='bbox 3488 1134 3702 1185; x_wconf 82' lang='lat' dir='ltr'><strong>etenim</strong></span> 
     </span>
    </p>
   </div>
   <div class='ocr_carea' id='block_1_26' title="bbox 2112 1221 3701 1292">
    <p class='ocr_par' dir='ltr' id='par_1_26' title="bbox 2112 1221 3701 1292">
     <span class='ocr_line' id='line_1_26' title="bbox 2112 1221 3701 1292; baseline -0.006 -9"><span class='ocrx_word' id='word_1_180' title='bbox 2112 1229 2390 1283; x_wconf 81' lang='lat' dir='ltr'><strong>secundus</strong></span> <span class='ocrx_word' id='word_1_181' title='bbox 2414 1243 2583 1283; x_wconf 88' lang='lat' dir='ltr'><strong>essea</strong></span> <span class='ocrx_word' id='word_1_182' title='bbox 2625 1227 2765 1282; x_wconf 90' lang='lat' dir='ltr'><strong>Filio</strong></span> <span class='ocrx_word' id='word_1_183' title='bbox 2791 1225 3213 1280; x_wconf 89' lang='lat' dir='ltr'><strong>traditfortasse</strong></span> <span class='ocrx_word' id='word_1_184' title='bbox 3257 1221 3398 1276; x_wconf 88' lang='lat' dir='ltr'><strong>ratio</strong></span> <span class='ocrx_word' id='word_1_185' title='bbox 3450 1222 3701 1292; x_wconf 87' lang='lat' dir='ltr'><strong>pietatis,</strong></span> 
     </span>
    </p>
   </div>
   <div class='ocr_carea' id='block_1_27' title="bbox 2112 1314 3694 1377">
    <p class='ocr_par' dir='ltr' id='par_1_27' title="bbox 2112 1314 3694 1377">
     <span class='ocr_line' id='line_1_27' title="bbox 2112 1314 3694 1377; baseline -0.008 0"><span class='ocrx_word' id='word_1_186' title='bbox 2112 1322 2379 1377; x_wconf 84' lang='lat' dir='ltr'><strong>addentes</strong></span> <span class='ocrx_word' id='word_1_187' title='bbox 2401 1321 2653 1376; x_wconf 82' lang='lat' dir='ltr'><strong>fortassis</strong></span> <span class='ocrx_word' id='word_1_188' title='bbox 2688 1330 2749 1376; x_wconf 91' lang='lat' dir='ltr'><strong>ut</strong></span> <span class='ocrx_word' id='word_1_189' title='bbox 2779 1320 3087 1375; x_wconf 89' lang='lat' dir='ltr'><strong>orationem</strong></span> <span class='ocrx_word' id='word_1_190' title='bbox 3129 1316 3355 1372; x_wconf 86' lang='lat' dir='ltr'><strong>dubiam</strong></span> <span class='ocrx_word' id='word_1_191' title='bbox 3409 1314 3641 1369; x_wconf 85' lang='lat' dir='ltr'><strong>reddant</strong></span> <span class='ocrx_word' id='word_1_192' title='bbox 3675 1328 3694 1377; x_wconf 90' lang='lat'><strong>;</strong></span> 
     </span>
    </p>
   </div>
   <div class='ocr_carea' id='block_1_28' title="bbox 2113 1406 3702 1486">
    <p class='ocr_par' dir='ltr' id='par_1_28' title="bbox 2113 1406 3702 1486">
     <span class='ocr_line' id='line_1_28' title="bbox 2113 1406 3702 1486; baseline -0.008 -15"><span class='ocrx_word' id='word_1_193' title='bbox 2113 1432 2236 1486; x_wconf 69' lang='lat' dir='ltr'><strong>quae</strong></span> <span class='ocrx_word' id='word_1_194' title='bbox 2260 1414 2515 1471; x_wconf 87' lang='lat' dir='ltr'><strong>dubietas</strong></span> <span class='ocrx_word' id='word_1_195' title='bbox 2552 1415 2778 1471; x_wconf 87' lang='lat' dir='ltr'><strong>omnino</strong></span> <span class='ocrx_word' id='word_1_196' title='bbox 2808 1413 2987 1468; x_wconf 89' lang='lat' dir='ltr'><strong>aliena</strong></span> <span class='ocrx_word' id='word_1_197' title='bbox 3019 1427 3051 1468; x_wconf 90' lang='lat' dir='ltr'><strong>a</strong></span> <span class='ocrx_word' id='word_1_198' title='bbox 3084 1417 3269 1466; x_wconf 89' lang='lat' dir='ltr'><strong>mente</strong></span> <span class='ocrx_word' id='word_1_199' title='bbox 3300 1409 3477 1464; x_wconf 85' lang='lat' dir='ltr'><strong>sancti</strong></span> <span class='ocrx_word' id='word_1_200' title='bbox 3502 1406 3702 1462; x_wconf 84' lang='lat' dir='ltr'><strong>Basilii</strong></span> 
     </span>
    </p>
   </div>
   <div class='ocr_carea' id='block_1_29' title="bbox 2114 1499 3703 1581">
    <p class='ocr_par' dir='ltr' id='par_1_29' title="bbox 2114 1499 3703 1581">
     <span class='ocr_line' id='line_1_29' title="bbox 2114 1499 3703 1581; baseline -0.009 -16"><span class='ocrx_word' id='word_1_201' title='bbox 2114 1525 2213 1581; x_wconf 91' lang='lat' dir='ltr'><strong>per</strong></span> <span class='ocrx_word' id='word_1_202' title='bbox 2263 1524 2361 1565; x_wconf 86' lang='lat' dir='ltr'><strong>nos</strong></span> <span class='ocrx_word' id='word_1_203' title='bbox 2385 1508 2745 1580; x_wconf 83' lang='lat' dir='ltr'><strong>probabitur.’</strong></span> <span class='ocrx_word' id='word_1_204' title='bbox 2763 1506 2888 1562; x_wconf 64' lang='lat' dir='ltr'><strong>Haec</strong></span> <span class='ocrx_word' id='word_1_205' title='bbox 2907 1507 3056 1561; x_wconf 91' lang='lat' dir='ltr'><strong>enim</strong></span> <span class='ocrx_word' id='word_1_206' title='bbox 3082 1519 3191 1560; x_wconf 85' lang='lat' dir='ltr'><strong>non</strong></span> <span class='ocrx_word' id='word_1_207' title='bbox 3222 1518 3323 1574; x_wconf 89' lang='lat' dir='ltr'><strong>per</strong></span> <span class='ocrx_word' id='word_1_208' title='bbox 3353 1499 3703 1571; x_wconf 80' lang='lat' dir='ltr'><strong>impossibile</strong></span> 
     </span>
    </p>
   </div>
   <div class='ocr_carea' id='block_1_30' title="bbox 2113 1582 3705 1668">
    <p class='ocr_par' dir='ltr' id='par_1_30' title="bbox 2113 1582 3705 1668">
     <span class='ocr_line' id='line_1_30' title="bbox 2113 1582 3705 1668; baseline -0.006 -13"><span class='ocrx_word' id='word_1_209' title='bbox 2113 1611 2338 1656; x_wconf 85' lang='lat' dir='ltr'><strong>sanctus</strong></span> <span class='ocrx_word' id='word_1_210' title='bbox 2364 1601 2454 1655; x_wconf 82' lang='lat' dir='ltr'><strong>ille</strong></span> <span class='ocrx_word' id='word_1_211' title='bbox 2477 1600 2672 1654; x_wconf 92' lang='lat' dir='ltr'><strong>doctor</strong></span> <span class='ocrx_word' id='word_1_212' title='bbox 2696 1598 2884 1666; x_wconf 77' lang='lat' dir='ltr'><strong>infert,</strong></span> <span class='ocrx_word' id='word_1_213' title='bbox 2914 1582 3382 1668; x_wconf 83' lang='lat' dir='ltr'><strong>quemadmodum</strong></span> <span class='ocrx_word' id='word_1_214' title='bbox 3416 1592 3705 1663; x_wconf 75' lang='lat' dir='ltr'><strong>aliquibus</strong></span> 
     </span>
    </p>
   </div>
   <div class='ocr_carea' id='block_1_31' title="bbox 2116 1685 3705 1763">
    <p class='ocr_par' dir='ltr' id='par_1_31' title="bbox 2116 1685 3705 1763">
     <span class='ocr_line' id='line_1_31' title="bbox 2116 1685 3705 1763; baseline -0.006 -16"><span class='ocrx_word' id='word_1_215' title='bbox 2116 1693 2441 1763; x_wconf 63' lang='lat' dir='ltr'><strong>ignoranter</strong></span> <span class='ocrx_word' id='word_1_216' title='bbox 2459 1692 2637 1747; x_wconf 80' lang='lat' dir='ltr'><strong>visum</strong></span> <span class='ocrx_word' id='word_1_217' title='bbox 2661 1701 2765 1756; x_wconf 77' lang='lat' dir='ltr'><strong>est;</strong></span> <span class='ocrx_word' id='word_1_218' title='bbox 2788 1693 3001 1747; x_wconf 90' lang='lat' dir='ltr'><strong>scilicet</strong></span> <span class='ocrx_word' id='word_1_219' title='bbox 3024 1702 3086 1751; x_wconf 86' lang='lat' dir='ltr'><strong>ut</strong></span> <span class='ocrx_word' id='word_1_220' title='bbox 3102 1704 3288 1747; x_wconf 81' lang='lat' dir='ltr'><strong>veram</strong></span> <span class='ocrx_word' id='word_1_221' title='bbox 3310 1699 3512 1744; x_wconf 74' lang='lat' dir='ltr'><strong>sanctae</strong></span> <span class='ocrx_word' id='word_1_222' title='bbox 3542 1685 3705 1742; x_wconf 80' lang='lat' dir='ltr'><strong>Scri-</strong></span> 
     </span>
    </p>
   </div>
   <div class='ocr_carea' id='block_1_32' title="bbox 2116 1778 3702 1855">
    <p class='ocr_par' dir='ltr' id='par_1_32' title="bbox 2116 1778 3702 1855">
     <span class='ocr_line' id='line_1_32' title="bbox 2116 1778 3702 1855; baseline -0.007 -16"><span class='ocrx_word' id='word_1_223' title='bbox 2116 1795 2312 1855; x_wconf 59' lang='lat' dir='ltr'><strong>ptura.</strong></span> <span class='ocrx_word' id='word_1_224' title='bbox 2365 1798 2632 1854; x_wconf 76' lang='lat' dir='ltr'><strong>suamque</strong></span> <span class='ocrx_word' id='word_1_225' title='bbox 2667 1784 2983 1855; x_wconf 67' lang='lat' dir='ltr'><strong>opinionem</strong></span> <span class='ocrx_word' id='word_1_226' title='bbox 3021 1797 3307 1854; x_wconf 80' lang='lat' dir='ltr'><strong>exponens</strong></span> <span class='ocrx_word' id='word_1_227' title='bbox 3343 1778 3702 1845; x_wconf 69' lang='lat' dir='ltr'><strong>considerat,</strong></span> 
     </span>
    </p>
   </div>
   <div class='ocr_carea' id='block_1_33' title="bbox 420 1871 3701 1955">
    <p class='ocr_par' dir='ltr' id='par_1_33' title="bbox 420 1871 3701 1955">
     <span class='ocr_line' id='line_1_33' title="bbox 420 1871 3701 1955; baseline -0.005 -21"><span class='ocrx_word' id='word_1_228' title='bbox 420 1880 540 1934; x_wconf 90' lang='lat' dir='ltr'><strong>rius</strong></span> <span class='ocrx_word' id='word_1_229' title='bbox 567 1893 731 1949; x_wconf 88' lang='lat' dir='ltr'><strong>quam</strong></span> <span class='ocrx_word' id='word_1_230' title='bbox 777 1874 979 1932; x_wconf 75' lang='lat' dir='ltr'><strong>Basilii</strong></span> <span class='ocrx_word' id='word_1_231' title='bbox 998 1874 1206 1930; x_wconf 84' lang='lat' dir='ltr'><strong>debere</strong></span> <span class='ocrx_word' id='word_1_232' title='bbox 1232 1875 1385 1955; x_wconf 75' lang='lat' dir='ltr'><strong>credi</strong></span> <span class='ocrx_word' id='word_1_233' title='bbox 1425 1874 1588 1928; x_wconf 86' lang='lat' dir='ltr'><strong>istam</strong></span> <span class='ocrx_word' id='word_1_234' title='bbox 1610 1871 2007 1928; x_wconf 82' lang='lat' dir='ltr'><strong>auctoritatem</strong></span> <span class='ocrx_word' id='word_1_235' title='bbox 2042 1874 2083 1927; x_wconf 79' lang='lat' dir='ltr'><strong>ll</strong></span> <span class='ocrx_word' id='word_1_236' title='bbox 2113 1878 2259 1949; x_wconf 77' lang='lat' dir='ltr'><strong>quod</strong></span> <span class='ocrx_word' id='word_1_237' title='bbox 2291 1893 2531 1947; x_wconf 82' lang='lat' dir='ltr'><strong>sequens</strong></span> <span class='ocrx_word' id='word_1_238' title='bbox 2551 1887 2636 1933; x_wconf 84' lang='lat' dir='ltr'><strong>est</strong></span> <span class='ocrx_word' id='word_1_239' title='bbox 2664 1879 2890 1933; x_wconf 84' lang='lat' dir='ltr'><strong>tertium</strong></span> <span class='ocrx_word' id='word_1_240' title='bbox 2926 1876 3122 1932; x_wconf 84' lang='lat' dir='ltr'><strong>ordine</strong></span> <span class='ocrx_word' id='word_1_241' title='bbox 3150 1877 3299 1933; x_wconf 85' lang='lat' dir='ltr'><strong>clare</strong></span> <span class='ocrx_word' id='word_1_242' title='bbox 3327 1887 3539 1945; x_wconf 88' lang='lat' dir='ltr'><strong>ponens</strong></span> <span class='ocrx_word' id='word_1_243' title='bbox 3569 1871 3701 1940; x_wconf 73' lang='lat' dir='ltr'><strong>Spi.</strong></span> 
     </span>
    </p>
   </div>
   <div class='ocr_carea' id='block_1_34' title="bbox 418 1963 2001 2036">
    <p class='ocr_par' dir='ltr' id='par_1_34' title="bbox 418 1963 2001 2036">
     <span class='ocr_line' id='line_1_34' title="bbox 418 1963 2001 2036; baseline -0.006 -12"><span class='ocrx_word' id='word_1_244' title='bbox 418 1984 567 2024; x_wconf 85' lang='lat' dir='ltr'><strong>esse.</strong></span> <span class='ocrx_word' id='word_1_245' title='bbox 608 1969 865 2023; x_wconf 84' lang='lat' dir='ltr'><strong>Attamen</strong></span> <span class='ocrx_word' id='word_1_246' title='bbox 896 1968 966 2022; x_wconf 86' lang='lat' dir='ltr'><strong>ab</strong></span> <span class='ocrx_word' id='word_1_247' title='bbox 999 1968 1115 2036; x_wconf 89' lang='lat' dir='ltr'><strong>ipsa</strong></span> <span class='ocrx_word' id='word_1_248' title='bbox 1149 1966 1317 2021; x_wconf 87' lang='lat' dir='ltr'><strong>etiam</strong></span> <span class='ocrx_word' id='word_1_249' title='bbox 1348 1963 1651 2029; x_wconf 83' lang='lat' dir='ltr'><strong>sententia,</strong></span> <span class='ocrx_word' id='word_1_250' title='bbox 1679 1971 1735 2018; x_wconf 88' lang='lat' dir='ltr'><strong>et</strong></span> <span class='ocrx_word' id='word_1_251' title='bbox 1764 1977 2001 2032; x_wconf 84' lang='lat' dir='ltr'><strong>sequen-</strong></span> 
     </span>
    </p>
   </div>
   <div class='ocr_carea' id='block_1_35' title="bbox 422 2054 2006 2130">
    <p class='ocr_par' dir='ltr' id='par_1_35' title="bbox 422 2054 2006 2130">
     <span class='ocr_line' id='line_1_35' title="bbox 422 2054 2006 2130; baseline -0.006 -15"><span class='ocrx_word' id='word_1_252' title='bbox 422 2062 558 2115; x_wconf 87' lang='lat' dir='ltr'><strong>tium</strong></span> <span class='ocrx_word' id='word_1_253' title='bbox 584 2060 653 2115; x_wconf 90' lang='lat' dir='ltr'><strong>ad</strong></span> <span class='ocrx_word' id='word_1_254' title='bbox 684 2061 1050 2130; x_wconf 63' lang='lat' dir='ltr'><strong>praecedentia</strong></span> <span class='ocrx_word' id='word_1_255' title='bbox 1082 2072 1340 2113; x_wconf 78' lang='lat' dir='ltr'><strong>ronnexu</strong></span> <span class='ocrx_word' id='word_1_256' title='bbox 1372 2056 1425 2111; x_wconf 89' lang='lat' dir='ltr'><strong>id</strong></span> <span class='ocrx_word' id='word_1_257' title='bbox 1453 2056 1630 2125; x_wconf 89' lang='lat' dir='ltr'><strong>ipsum</strong></span> <span class='ocrx_word' id='word_1_258' title='bbox 1668 2054 1816 2110; x_wconf 88' lang='lat' dir='ltr'><strong>clare</strong></span> <span class='ocrx_word' id='word_1_259' title='bbox 1851 2063 2006 2124; x_wconf 87' lang='lat' dir='ltr'><strong>pate-</strong></span> 
     </span>
    </p>
   </div>
   <div class='ocr_carea' id='block_1_36' title="bbox 420 2148 2009 2225">
    <p class='ocr_par' dir='ltr' id='par_1_36' title="bbox 420 2148 2009 2225">
     <span class='ocr_line' id='line_1_36' title="bbox 420 2148 2009 2225; baseline -0.008 -15"><span class='ocrx_word' id='word_1_260' title='bbox 420 2157 540 2222; x_wconf 88' lang='lat' dir='ltr'><strong>bit;</strong></span> <span class='ocrx_word' id='word_1_261' title='bbox 579 2156 623 2209; x_wconf 89' lang='lat' dir='ltr'><strong>si</strong></span> <span class='ocrx_word' id='word_1_262' title='bbox 655 2155 780 2225; x_wconf 87' lang='lat' dir='ltr'><strong>quis</strong></span> <span class='ocrx_word' id='word_1_263' title='bbox 810 2161 1025 2209; x_wconf 83' lang='lat' dir='ltr'><strong>attente</strong></span> <span class='ocrx_word' id='word_1_264' title='bbox 1054 2150 1391 2208; x_wconf 87' lang='lat' dir='ltr'><strong>consideret.</strong></span> <span class='ocrx_word' id='word_1_265' title='bbox 1421 2149 1558 2206; x_wconf 89' lang='lat' dir='ltr'><strong>Cum</strong></span> <span class='ocrx_word' id='word_1_266' title='bbox 1594 2148 1904 2204; x_wconf 83' lang='lat' dir='ltr'><strong>Eunomius</strong></span> <span class='ocrx_word' id='word_1_267' title='bbox 1943 2161 2009 2200; x_wconf 81' lang='lat' dir='ltr'><strong>ex</strong></span> 
     </span>
    </p>
   </div>
   <div class='ocr_carea' id='block_1_37' title="bbox 418 2239 2011 2316">
    <p class='ocr_par' dir='ltr' id='par_1_37' title="bbox 418 2239 2011 2316">
     <span class='ocr_line' id='line_1_37' title="bbox 418 2239 2011 2316; baseline -0.007 -14"><span class='ocrx_word' id='word_1_268' title='bbox 418 2263 490 2302; x_wconf 88' lang='lat' dir='ltr'><strong>eo</strong></span> <span class='ocrx_word' id='word_1_269' title='bbox 519 2248 667 2316; x_wconf 69' lang='lat' dir='ltr'><strong>quod</strong></span> <span class='ocrx_word' id='word_1_270' title='bbox 718 2246 961 2315; x_wconf 90' lang='lat' dir='ltr'><strong>Spiritus</strong></span> <span class='ocrx_word' id='word_1_271' title='bbox 996 2255 1225 2300; x_wconf 89' lang='lat' dir='ltr'><strong>sanctus</strong></span> <span class='ocrx_word' id='word_1_272' title='bbox 1256 2243 1456 2298; x_wconf 81' lang='lat' dir='ltr'><strong>tertius</strong></span> <span class='ocrx_word' id='word_1_273' title='bbox 1484 2240 1683 2296; x_wconf 90' lang='lat' dir='ltr'><strong>ordine</strong></span> <span class='ocrx_word' id='word_1_274' title='bbox 1713 2239 2011 2310; x_wconf 78' lang='lat' dir='ltr'><strong>dignitate-</strong></span> 
     </span>
    </p>
   </div>
   <div class='ocr_carea' id='block_1_38' title="bbox 421 2331 2008 2410">
    <p class='ocr_par' dir='ltr' id='par_1_38' title="bbox 421 2331 2008 2410">
     <span class='ocr_line' id='line_1_38' title="bbox 421 2331 2008 2410; baseline -0.007 -16"><span class='ocrx_word' id='word_1_275' title='bbox 421 2355 531 2410; x_wconf 83' lang='lat' dir='ltr'><strong>que</strong></span> <span class='ocrx_word' id='word_1_276' title='bbox 580 2340 864 2394; x_wconf 75' lang='lat' dir='ltr'><strong>(liceretur</strong></span> <span class='ocrx_word' id='word_1_277' title='bbox 916 2354 943 2390; x_wconf 86' lang='lat' dir='ltr'><strong>a</strong></span> <span class='ocrx_word' id='word_1_278' title='bbox 993 2334 1330 2407; x_wconf 89' lang='lat' dir='ltr'><strong>quibusdam</strong></span> <span class='ocrx_word' id='word_1_279' title='bbox 1385 2333 1734 2399; x_wconf 87' lang='lat' dir='ltr'><strong>doctoribus,</strong></span> <span class='ocrx_word' id='word_1_280' title='bbox 1784 2331 2008 2387; x_wconf 84' lang='lat' dir='ltr'><strong>tertiqu</strong></span> 
     </span>
    </p>
   </div>
   <div class='ocr_carea' id='block_1_39' title="bbox 420 2423 2013 2500">
    <p class='ocr_par' dir='ltr' id='par_1_39' title="bbox 420 2423 2013 2500">
     <span class='ocr_line' id='line_1_39' title="bbox 420 2423 2013 2500; baseline -0.008 -12"><span class='ocrx_word' id='word_1_281' title='bbox 420 2435 589 2490; x_wconf 86' lang='lat' dir='ltr'><strong>etiam</strong></span> <span class='ocrx_word' id='word_1_282' title='bbox 655 2448 781 2487; x_wconf 87' lang='lat' dir='ltr'><strong>eum</strong></span> <span class='ocrx_word' id='word_1_283' title='bbox 856 2441 1051 2485; x_wconf 89' lang='lat' dir='ltr'><strong>natura</strong></span> <span class='ocrx_word' id='word_1_284' title='bbox 1104 2429 1437 2500; x_wconf 82' lang='lat' dir='ltr'><strong>colligeret,</strong></span> <span class='ocrx_word' id='word_1_285' title='bbox 1500 2434 1729 2482; x_wconf 89' lang='lat' dir='ltr'><strong>sanctus</strong></span> <span class='ocrx_word' id='word_1_286' title='bbox 1776 2423 2013 2480; x_wconf 86' lang='lat' dir='ltr'><strong>Basilius</strong></span> 
     </span>
    </p>
   </div>
   <div class='ocr_carea' id='block_1_40' title="bbox 422 2516 2011 2590">
    <p class='ocr_par' dir='ltr' id='par_1_40' title="bbox 422 2516 2011 2590">
     <span class='ocr_line' id='line_1_40' title="bbox 422 2516 2011 2590; baseline -0.009 -9"><span class='ocrx_word' id='word_1_287' title='bbox 422 2516 840 2582; x_wconf 76' lang='lat' dir='ltr'><strong>conclusionem</strong></span> <span class='ocrx_word' id='word_1_288' title='bbox 874 2523 1021 2576; x_wconf 89' lang='lat' dir='ltr'><strong>banc</strong></span> <span class='ocrx_word' id='word_1_289' title='bbox 1054 2536 1203 2590; x_wconf 70' lang='lat' dir='ltr'><strong>aegre</strong></span> <span class='ocrx_word' id='word_1_290' title='bbox 1240 2518 1451 2582; x_wconf 88' lang='lat' dir='ltr'><strong>ferens,</strong></span> <span class='ocrx_word' id='word_1_291' title='bbox 1482 2516 1662 2573; x_wconf 88' lang='lat' dir='ltr'><strong>media</strong></span> <span class='ocrx_word' id='word_1_292' title='bbox 1693 2524 1874 2570; x_wconf 87' lang='lat' dir='ltr'><strong>tamen</strong></span> <span class='ocrx_word' id='word_1_293' title='bbox 1898 2528 2011 2568; x_wconf 91' lang='lat' dir='ltr'><strong>non</strong></span> 
     </span>
    </p>
   </div>
   <div class='ocr_carea' id='block_1_41' title="bbox 422 2607 2013 2689">
    <p class='ocr_par' dir='ltr' id='par_1_41' title="bbox 422 2607 2013 2689">
     <span class='ocr_line' id='line_1_41' title="bbox 422 2607 2013 2689; baseline -0.009 -17"><span class='ocrx_word' id='word_1_294' title='bbox 422 2626 608 2689; x_wconf 78' lang='lat' dir='ltr'><strong>negat,</strong></span> <span class='ocrx_word' id='word_1_295' title='bbox 633 2615 783 2686; x_wconf 91' lang='lat' dir='ltr'><strong>quod</strong></span> <span class='ocrx_word' id='word_1_296' title='bbox 811 2614 1031 2670; x_wconf 90' lang='lat' dir='ltr'><strong>scilicet</strong></span> <span class='ocrx_word' id='word_1_297' title='bbox 1051 2611 1301 2683; x_wconf 89' lang='lat' dir='ltr'><strong>Spiritus</strong></span> <span class='ocrx_word' id='word_1_298' title='bbox 1341 2618 1575 2666; x_wconf 90' lang='lat' dir='ltr'><strong>sanctus</strong></span> <span class='ocrx_word' id='word_1_299' title='bbox 1618 2607 1821 2662; x_wconf 86' lang='lat' dir='ltr'><strong>tertius</strong></span> <span class='ocrx_word' id='word_1_300' title='bbox 1862 2614 2013 2661; x_wconf 86' lang='lat' dir='ltr'><strong>esset</strong></span> 
     </span>
    </p>
   </div>
   <div class='ocr_carea' id='block_1_42' title="bbox 426 2699 2010 2782">
    <p class='ocr_par' dir='ltr' id='par_1_42' title="bbox 426 2699 2010 2782">
     <span class='ocr_line' id='line_1_42' title="bbox 426 2699 2010 2782; baseline -0.009 -16"><span class='ocrx_word' id='word_1_301' title='bbox 426 2711 695 2782; x_wconf 78' lang='lat' dir='ltr'><strong>dignitate</strong></span> <span class='ocrx_word' id='word_1_302' title='bbox 733 2719 789 2764; x_wconf 84' lang='lat' dir='ltr'><strong>et</strong></span> <span class='ocrx_word' id='word_1_303' title='bbox 816 2707 1058 2771; x_wconf 83' lang='lat' dir='ltr'><strong>ordine;</strong></span> <span class='ocrx_word' id='word_1_304' title='bbox 1103 2720 1227 2759; x_wconf 91' lang='lat' dir='ltr'><strong>nam</strong></span> <span class='ocrx_word' id='word_1_305' title='bbox 1278 2713 1333 2759; x_wconf 88' lang='lat' dir='ltr'><strong>et</strong></span> <span class='ocrx_word' id='word_1_306' title='bbox 1367 2703 1413 2757; x_wconf 88' lang='lat' dir='ltr'><strong>si</strong></span> <span class='ocrx_word' id='word_1_307' title='bbox 1446 2709 1644 2758; x_wconf 91' lang='lat' dir='ltr'><strong>contra</strong></span> <span class='ocrx_word' id='word_1_308' title='bbox 1675 2699 2010 2755; x_wconf 83' lang='lat' dir='ltr'><strong>Eunomium</strong></span> 
     </span>
    </p>
   </div>
   <div class='ocr_carea' id='block_1_43' title="bbox 426 2792 2014 2869">
    <p class='ocr_par' dir='ltr' id='par_1_43' title="bbox 426 2792 2014 2869">
     <span class='ocr_line' id='line_1_43' title="bbox 426 2792 2014 2869; baseline -0.009 -10"><span class='ocrx_word' id='word_1_309' title='bbox 426 2804 696 2865; x_wconf 79' lang='lat' dir='ltr'><strong>clamans,</strong></span> <span class='ocrx_word' id='word_1_310' title='bbox 733 2801 833 2866; x_wconf 90' lang='lat' dir='ltr'><strong>ait,</strong></span> <span class='ocrx_word' id='word_1_311' title='bbox 858 2800 953 2869; x_wconf 91' lang='lat' dir='ltr'><strong>qui</strong></span> <span class='ocrx_word' id='word_1_312' title='bbox 984 2814 1118 2853; x_wconf 90' lang='lat' dir='ltr'><strong>vero</strong></span> <span class='ocrx_word' id='word_1_313' title='bbox 1156 2798 1191 2851; x_wconf 91' lang='lat' dir='ltr'><strong>ii</strong></span> <span class='ocrx_word' id='word_1_314' title='bbox 1223 2795 1403 2851; x_wconf 86' lang='lat' dir='ltr'><strong>sancti</strong></span> <span class='ocrx_word' id='word_1_315' title='bbox 1453 2794 1690 2858; x_wconf 79' lang='lat' dir='ltr'><strong>fuerint,</strong></span> <span class='ocrx_word' id='word_1_316' title='bbox 1720 2803 1778 2849; x_wconf 89' lang='lat' dir='ltr'><strong>et</strong></span> <span class='ocrx_word' id='word_1_317' title='bbox 1804 2793 1860 2847; x_wconf 91' lang='lat' dir='ltr'><strong>in</strong></span> <span class='ocrx_word' id='word_1_318' title='bbox 1890 2792 2014 2862; x_wconf 82' lang='lat' dir='ltr'><strong>qui-</strong></span> 
     </span>
    </p>
   </div>
   <div class='ocr_carea' id='block_1_44' title="bbox 426 2885 2009 2953">
    <p class='ocr_par' dir='ltr' id='par_1_44' title="bbox 426 2885 2009 2953">
     <span class='ocr_line' id='line_1_44' title="bbox 426 2885 2009 2953; baseline -0.01 0"><span class='ocrx_word' id='word_1_319' title='bbox 426 2897 531 2953; x_wconf 87' lang='lat' dir='ltr'><strong>bus</strong></span> <span class='ocrx_word' id='word_1_320' title='bbox 573 2909 769 2951; x_wconf 87' lang='lat' dir='ltr'><strong>eorum</strong></span> <span class='ocrx_word' id='word_1_321' title='bbox 812 2891 1175 2949; x_wconf 86' lang='lat' dir='ltr'><strong>sermonibus</strong></span> <span class='ocrx_word' id='word_1_322' title='bbox 1209 2889 1317 2944; x_wconf 87' lang='lat' dir='ltr'><strong>hoc</strong></span> <span class='ocrx_word' id='word_1_323' title='bbox 1342 2889 1660 2950; x_wconf 84' lang='lat' dir='ltr'><strong>docuerint,</strong></span> <span class='ocrx_word' id='word_1_324' title='bbox 1687 2885 1875 2942; x_wconf 82' lang='lat' dir='ltr'><strong>dicere</strong></span> <span class='ocrx_word' id='word_1_325' title='bbox 1900 2900 2009 2938; x_wconf 85' lang='lat' dir='ltr'><strong>nun</strong></span> 
     </span>
    </p>
   </div>
   <div class='ocr_carea' id='block_1_45' title="bbox 427 2976 2011 3051">
    <p class='ocr_par' dir='ltr' id='par_1_45' title="bbox 427 2976 2011 3051">
     <span class='ocr_line' id='line_1_45' title="bbox 427 2976 2011 3051; baseline -0.009 -7"><span class='ocrx_word' id='word_1_326' title='bbox 427 2990 600 3043; x_wconf 87' lang='lat' dir='ltr'><strong>audet</strong></span> <span class='ocrx_word' id='word_1_327' title='bbox 635 3005 651 3043; x_wconf 88' lang='lat'><strong>:</strong></span> <span class='ocrx_word' id='word_1_328' title='bbox 680 3002 793 3042; x_wconf 92' lang='lat' dir='ltr'><strong>non</strong></span> <span class='ocrx_word' id='word_1_329' title='bbox 845 2985 972 3041; x_wconf 87' lang='lat' dir='ltr'><strong>ideo</strong></span> <span class='ocrx_word' id='word_1_330' title='bbox 1007 2985 1114 3039; x_wconf 84' lang='lat' dir='ltr'><strong>ltoc</strong></span> <span class='ocrx_word' id='word_1_331' title='bbox 1144 2982 1302 3044; x_wconf 87' lang='lat' dir='ltr'><strong>dicit,</strong></span> <span class='ocrx_word' id='word_1_332' title='bbox 1331 2981 1460 3051; x_wconf 86' lang='lat' dir='ltr'><strong>quia</strong></span> <span class='ocrx_word' id='word_1_333' title='bbox 1493 2988 1697 3051; x_wconf 76' lang='lat' dir='ltr'><strong>negant</strong></span> <span class='ocrx_word' id='word_1_334' title='bbox 1742 2976 2011 3050; x_wconf 86' lang='lat' dir='ltr'><strong>Spiritum</strong></span> 
     </span>
    </p>
   </div>
   <div class='ocr_carea' id='block_1_46' title="bbox 426 3067 2012 3136">
    <p class='ocr_par' dir='ltr' id='par_1_46' title="bbox 426 3067 2012 3136">
     <span class='ocr_line' id='line_1_46' title="bbox 426 3067 2012 3136; baseline -0.009 -3"><span class='ocrx_word' id='word_1_335' title='bbox 426 3088 681 3134; x_wconf 89' lang='lat' dir='ltr'><strong>sanctum</strong></span> <span class='ocrx_word' id='word_1_336' title='bbox 731 3078 956 3132; x_wconf 86' lang='lat' dir='ltr'><strong>tertium</strong></span> <span class='ocrx_word' id='word_1_337' title='bbox 1010 3075 1207 3130; x_wconf 89' lang='lat' dir='ltr'><strong>ordine</strong></span> <span class='ocrx_word' id='word_1_338' title='bbox 1259 3072 1527 3136; x_wconf 82' lang='lat' dir='ltr'><strong>esse,-vel</strong></span> <span class='ocrx_word' id='word_1_339' title='bbox 1561 3070 1752 3127; x_wconf 73' lang='lat' dir='ltr'><strong>dit-ia</strong></span> <span class='ocrx_word' id='word_1_340' title='bbox 1782 3067 2012 3130; x_wconf 79' lang='lat' dir='ltr'><strong>sanctis,</strong></span> 
     </span>
    </p>
   </div>
   <div class='ocr_carea' id='block_1_47' title="bbox 426 3157 2013 3240">
    <p class='ocr_par' dir='ltr' id='par_1_47' title="bbox 426 3157 2013 3240">
     <span class='ocr_line' id='line_1_47' title="bbox 426 3157 2013 3240; baseline -0.008 -15"><span class='ocrx_word' id='word_1_341' title='bbox 426 3167 898 3240; x_wconf 84' lang='lat' dir='ltr'><strong>quemadmodum</strong></span> <span class='ocrx_word' id='word_1_342' title='bbox 944 3166 1122 3221; x_wconf 88' lang='lat' dir='ltr'><strong>nostri</strong></span> <span class='ocrx_word' id='word_1_343' title='bbox 1158 3172 1309 3219; x_wconf 90' lang='lat' dir='ltr'><strong>recte</strong></span> <span class='ocrx_word' id='word_1_344' title='bbox 1334 3172 1530 3233; x_wconf 88' lang='lat' dir='ltr'><strong>putant</strong></span> <span class='ocrx_word' id='word_1_345' title='bbox 1577 3161 1684 3233; x_wconf 84' lang='lat' dir='ltr'><strong>(sic</strong></span> <span class='ocrx_word' id='word_1_346' title='bbox 1716 3161 1867 3215; x_wconf 87' lang='lat' dir='ltr'><strong>enim</strong></span> <span class='ocrx_word' id='word_1_347' title='bbox 1904 3157 2013 3213; x_wconf 85' lang='lat' dir='ltr'><strong>sibi</strong></span> 
     </span>
    </p>
   </div>
   <div class='ocr_carea' id='block_1_48' title="bbox 426 3251 2016 3332">
    <p class='ocr_par' dir='ltr' id='par_1_48' title="bbox 426 3251 2016 3332">
     <span class='ocr_line' id='line_1_48' title="bbox 426 3251 2016 3332; baseline -0.008 -13"><span class='ocrx_word' id='word_1_348' title='bbox 426 3262 537 3332; x_wconf 85' lang='lat' dir='ltr'><strong>ipsi</strong></span> <span class='ocrx_word' id='word_1_349' title='bbox 563 3263 732 3318; x_wconf 90' lang='lat' dir='ltr'><strong>etiam</strong></span> <span class='ocrx_word' id='word_1_350' title='bbox 768 3268 826 3314; x_wconf 91' lang='lat' dir='ltr'><strong>et</strong></span> <span class='ocrx_word' id='word_1_351' title='bbox 865 3258 1083 3314; x_wconf 87' lang='lat' dir='ltr'><strong>veritati</strong></span> <span class='ocrx_word' id='word_1_352' title='bbox 1128 3257 1408 3312; x_wconf 85' lang='lat' dir='ltr'><strong>contraria</strong></span> <span class='ocrx_word' id='word_1_353' title='bbox 1439 3252 1705 3323; x_wconf 86' lang='lat' dir='ltr'><strong>diceret),</strong></span> <span class='ocrx_word' id='word_1_354' title='bbox 1740 3251 1836 3308; x_wconf 86' lang='lat' dir='ltr'><strong>sed</strong></span> <span class='ocrx_word' id='word_1_355' title='bbox 1867 3251 2016 3307; x_wconf 83' lang='lat' dir='ltr'><strong>illius</strong></span> 
     </span>
    </p>
   </div>
   <div class='ocr_carea' id='block_1_49' title="bbox 429 3344 2018 3421">
    <p class='ocr_par' dir='ltr' id='par_1_49' title="bbox 429 3344 2018 3421">
     <span class='ocr_line' id='line_1_49' title="bbox 429 3344 2018 3421; baseline -0.006 -14"><span class='ocrx_word' id='word_1_356' title='bbox 429 3355 806 3410; x_wconf 85' lang='lat' dir='ltr'><strong>temeritatem</strong></span> <span class='ocrx_word' id='word_1_357' title='bbox 827 3365 971 3421; x_wconf 67' lang='lat' dir='ltr'><strong>aegre</strong></span> <span class='ocrx_word' id='word_1_358' title='bbox 996 3349 1207 3415; x_wconf 90' lang='lat' dir='ltr'><strong>ferens,</strong></span> <span class='ocrx_word' id='word_1_359' title='bbox 1229 3357 1287 3403; x_wconf 87' lang='lat' dir='ltr'><strong>et</strong></span> <span class='ocrx_word' id='word_1_360' title='bbox 1307 3346 1721 3403; x_wconf 84' lang='lat' dir='ltr'><strong>conclusionem</strong></span> <span class='ocrx_word' id='word_1_361' title='bbox 1757 3344 1902 3399; x_wconf 88' lang='lat' dir='ltr'><strong>banc</strong></span> <span class='ocrx_word' id='word_1_362' title='bbox 1926 3358 2018 3398; x_wconf 82' lang='lat' dir='ltr'><strong>re-</strong></span> 
     </span>
    </p>
   </div>
   <div class='ocr_carea' id='block_1_50' title="bbox 429 3437 2014 3516">
    <p class='ocr_par' dir='ltr' id='par_1_50' title="bbox 429 3437 2014 3516">
     <span class='ocr_line' id='line_1_50' title="bbox 429 3437 2014 3516; baseline -0.005 -18"><span class='ocrx_word' id='word_1_363' title='bbox 429 3448 667 3515; x_wconf 76' lang='lat' dir='ltr'><strong>pellens,</strong></span> <span class='ocrx_word' id='word_1_364' title='bbox 695 3444 840 3516; x_wconf 92' lang='lat' dir='ltr'><strong>quod</strong></span> <span class='ocrx_word' id='word_1_365' title='bbox 867 3443 1081 3500; x_wconf 84' lang='lat' dir='ltr'><strong>scilicet</strong></span> <span class='ocrx_word' id='word_1_366' title='bbox 1101 3441 1348 3513; x_wconf 81' lang='lat' dir='ltr'><strong>Spiritus</strong></span> <span class='ocrx_word' id='word_1_367' title='bbox 1375 3450 1602 3495; x_wconf 89' lang='lat' dir='ltr'><strong>sanctus</strong></span> <span class='ocrx_word' id='word_1_368' title='bbox 1623 3439 1818 3494; x_wconf 90' lang='lat' dir='ltr'><strong>tertius</strong></span> <span class='ocrx_word' id='word_1_369' title='bbox 1844 3437 2014 3493; x_wconf 85' lang='lat' dir='ltr'><strong>etiam</strong></span> 
     </span>
    </p>
   </div>
   <div class='ocr_carea' id='block_1_51' title="bbox 423 3528 2016 3602">
    <p class='ocr_par' dir='ltr' id='par_1_51' title="bbox 423 3528 2016 3602">
     <span class='ocr_line' id='line_1_51' title="bbox 423 3528 2016 3602; baseline -0.006 -9"><span class='ocrx_word' id='word_1_370' title='bbox 423 3548 575 3593; x_wconf 88' lang='lat' dir='ltr'><strong>esset</strong></span> <span class='ocrx_word' id='word_1_371' title='bbox 602 3546 829 3602; x_wconf 89' lang='lat' dir='ltr'><strong>natura,</strong></span> <span class='ocrx_word' id='word_1_372' title='bbox 860 3534 1189 3593; x_wconf 77' lang='lat' dir='ltr'><strong>exclamavit</strong></span> <span class='ocrx_word' id='word_1_373' title='bbox 1218 3532 1437 3597; x_wconf 87' lang='lat' dir='ltr'><strong>dicens;</strong></span> <span class='ocrx_word' id='word_1_374' title='bbox 1473 3532 1567 3602; x_wconf 88' lang='lat' dir='ltr'><strong>qui</strong></span> <span class='ocrx_word' id='word_1_375' title='bbox 1605 3544 1740 3585; x_wconf 84' lang='lat' dir='ltr'><strong>vero</strong></span> <span class='ocrx_word' id='word_1_376' title='bbox 1767 3530 1804 3584; x_wconf 89' lang='lat' dir='ltr'><strong>ii</strong></span> <span class='ocrx_word' id='word_1_377' title='bbox 1840 3528 2016 3584; x_wconf 87' lang='lat' dir='ltr'><strong>sancti</strong></span> 
     </span>
    </p>
   </div>
   <div class='ocr_carea' id='block_1_52' title="bbox 427 3621 2017 3698">
    <p class='ocr_par' dir='ltr' id='par_1_52' title="bbox 427 3621 2017 3698">
     <span class='ocr_line' id='line_1_52' title="bbox 427 3621 2017 3698; baseline -0.008 -12"><span class='ocrx_word' id='word_1_378' title='bbox 427 3630 658 3698; x_wconf 78' lang='lat' dir='ltr'><strong>fuerint,</strong></span> <span class='ocrx_word' id='word_1_379' title='bbox 705 3639 762 3684; x_wconf 87' lang='lat' dir='ltr'><strong>et</strong></span> <span class='ocrx_word' id='word_1_380' title='bbox 805 3628 861 3683; x_wconf 93' lang='lat' dir='ltr'><strong>in</strong></span> <span class='ocrx_word' id='word_1_381' title='bbox 894 3627 1103 3698; x_wconf 87' lang='lat' dir='ltr'><strong>quibus</strong></span> <span class='ocrx_word' id='word_1_382' title='bbox 1145 3640 1339 3682; x_wconf 91' lang='lat' dir='ltr'><strong>eorum</strong></span> <span class='ocrx_word' id='word_1_383' title='bbox 1391 3622 1746 3679; x_wconf 88' lang='lat' dir='ltr'><strong>sermonibus</strong></span> <span class='ocrx_word' id='word_1_384' title='bbox 1784 3621 1888 3675; x_wconf 88' lang='lat' dir='ltr'><strong>hoc</strong></span> <span class='ocrx_word' id='word_1_385' title='bbox 1917 3621 2017 3675; x_wconf 91' lang='lat' dir='ltr'><strong>do-</strong></span> 
     </span>
    </p>
   </div>
   <div class='ocr_carea' id='block_1_53' title="bbox 428 3712 2019 3788">
    <p class='ocr_par' dir='ltr' id='par_1_53' title="bbox 428 3712 2019 3788">
     <span class='ocr_line' id='line_1_53' title="bbox 428 3712 2019 3788; baseline -0.008 -8"><span class='ocrx_word' id='word_1_386' title='bbox 428 3723 673 3788; x_wconf 87' lang='lat' dir='ltr'><strong>cuerint,</strong></span> <span class='ocrx_word' id='word_1_387' title='bbox 708 3722 893 3778; x_wconf 89' lang='lat' dir='ltr'><strong>dicere</strong></span> <span class='ocrx_word' id='word_1_388' title='bbox 929 3735 1039 3776; x_wconf 90' lang='lat' dir='ltr'><strong>non</strong></span> <span class='ocrx_word' id='word_1_389' title='bbox 1086 3719 1286 3784; x_wconf 86' lang='lat' dir='ltr'><strong>audet;</strong></span> <span class='ocrx_word' id='word_1_390' title='bbox 1315 3732 1423 3772; x_wconf 89' lang='lat' dir='ltr'><strong>non</strong></span> <span class='ocrx_word' id='word_1_391' title='bbox 1456 3716 1588 3786; x_wconf 88' lang='lat' dir='ltr'><strong>quia</strong></span> <span class='ocrx_word' id='word_1_392' title='bbox 1639 3730 1751 3770; x_wconf 92' lang='lat' dir='ltr'><strong>non</strong></span> <span class='ocrx_word' id='word_1_393' title='bbox 1807 3712 2019 3769; x_wconf 87' lang='lat' dir='ltr'><strong>fuerint</strong></span> 
     </span>
    </p>
   </div>
   <div class='ocr_carea' id='block_1_54' title="bbox 428 3807 2022 3888">
    <p class='ocr_par' dir='ltr' id='par_1_54' title="bbox 428 3807 2022 3888">
     <span class='ocr_line' id='line_1_54' title="bbox 428 3807 2022 3888; baseline -0.006 -17"><span class='ocrx_word' id='word_1_394' title='bbox 428 3817 527 3888; x_wconf 92' lang='lat' dir='ltr'><strong>qui</strong></span> <span class='ocrx_word' id='word_1_395' title='bbox 584 3816 690 3870; x_wconf 89' lang='lat' dir='ltr'><strong>boc</strong></span> <span class='ocrx_word' id='word_1_396' title='bbox 746 3814 1038 3879; x_wconf 73' lang='lat' dir='ltr'><strong>dixerunt,</strong></span> <span class='ocrx_word' id='word_1_397' title='bbox 1112 3811 1213 3867; x_wconf 86' lang='lat' dir='ltr'><strong>sed</strong></span> <span class='ocrx_word' id='word_1_398' title='bbox 1263 3809 1394 3881; x_wconf 85' lang='lat' dir='ltr'><strong>quia</strong></span> <span class='ocrx_word' id='word_1_399' title='bbox 1434 3809 1480 3865; x_wconf 89' lang='lat' dir='ltr'><strong>si</strong></span> <span class='ocrx_word' id='word_1_400' title='bbox 1539 3823 1736 3864; x_wconf 88' lang='lat' dir='ltr'><strong>eorum</strong></span> <span class='ocrx_word' id='word_1_401' title='bbox 1781 3807 2022 3863; x_wconf 87' lang='lat' dir='ltr'><strong>auctori-</strong></span> 
     </span>
    </p>
   </div>
   <div class='ocr_carea' id='block_1_55' title="bbox 432 3900 2018 3979">
    <p class='ocr_par' dir='ltr' id='par_1_55' title="bbox 432 3900 2018 3979">
     <span class='ocr_line' id='line_1_55' title="bbox 432 3900 2018 3979; baseline -0.006 -13"><span class='ocrx_word' id='word_1_402' title='bbox 432 3920 601 3966; x_wconf 88' lang='lat' dir='ltr'><strong>tatem</strong></span> <span class='ocrx_word' id='word_1_403' title='bbox 661 3921 926 3979; x_wconf 77' lang='lat' dir='ltr'><strong>expresse</strong></span> <span class='ocrx_word' id='word_1_404' title='bbox 986 3905 1310 3977; x_wconf 74' lang='lat' dir='ltr'><strong>allegasset,</strong></span> <span class='ocrx_word' id='word_1_405' title='bbox 1379 3902 1672 3957; x_wconf 84' lang='lat' dir='ltr'><strong>manifeste</strong></span> <span class='ocrx_word' id='word_1_406' title='bbox 1728 3900 2018 3972; x_wconf 86' lang='lat' dir='ltr'><strong>apparuis-</strong></span> 
     </span>
    </p>
   </div>
   <div class='ocr_carea' id='block_1_56' title="bbox 429 3993 2018 4073">
    <p class='ocr_par' dir='ltr' id='par_1_56' title="bbox 429 3993 2018 4073">
     <span class='ocr_line' id='line_1_56' title="bbox 429 3993 2018 4073; baseline -0.008 -13"><span class='ocrx_word' id='word_1_407' title='bbox 429 4013 517 4060; x_wconf 83' lang='lat' dir='ltr'><strong>set</strong></span> <span class='ocrx_word' id='word_1_408' title='bbox 566 4019 678 4058; x_wconf 89' lang='lat' dir='ltr'><strong>non</strong></span> <span class='ocrx_word' id='word_1_409' title='bbox 724 4001 971 4073; x_wconf 81' lang='lat' dir='ltr'><strong>potuisse</strong></span> <span class='ocrx_word' id='word_1_410' title='bbox 1029 3999 1175 4054; x_wconf 84' lang='lat' dir='ltr'><strong>hanc</strong></span> <span class='ocrx_word' id='word_1_411' title='bbox 1229 3995 1526 4053; x_wconf 83' lang='lat' dir='ltr'><strong>absurdam</strong></span> <span class='ocrx_word' id='word_1_412' title='bbox 1572 3993 1731 4065; x_wconf 86' lang='lat' dir='ltr'><strong>sequi</strong></span> <span class='ocrx_word' id='word_1_413' title='bbox 1786 3995 2018 4050; x_wconf 86' lang='lat' dir='ltr'><strong>conclu-</strong></span> 
     </span>
    </p>
   </div>
   <div class='ocr_carea' id='block_1_57' title="bbox 429 4085 2018 4157">
    <p class='ocr_par' dir='ltr' id='par_1_57' title="bbox 429 4085 2018 4157">
     <span class='ocr_line' id='line_1_57' title="bbox 429 4085 2018 4157; baseline -0.008 -4"><span class='ocrx_word' id='word_1_414' title='bbox 429 4099 649 4153; x_wconf 90' lang='lat' dir='ltr'><strong>sionem</strong></span> <span class='ocrx_word' id='word_1_415' title='bbox 679 4110 749 4150; x_wconf 76' lang='lat' dir='ltr'><strong>ex</strong></span> <span class='ocrx_word' id='word_1_416' title='bbox 788 4093 956 4149; x_wconf 86' lang='lat' dir='ltr'><strong>dictis</strong></span> <span class='ocrx_word' id='word_1_417' title='bbox 988 4106 1210 4147; x_wconf 88' lang='lat' dir='ltr'><strong>eorum.</strong></span> <span class='ocrx_word' id='word_1_418' title='bbox 1248 4088 1467 4144; x_wconf 87' lang='lat' dir='ltr'><strong>Scimus</strong></span> <span class='ocrx_word' id='word_1_419' title='bbox 1523 4090 1734 4144; x_wconf 78' lang='lat' dir='ltr'><strong>etenim</strong></span> <span class='ocrx_word' id='word_1_420' title='bbox 1769 4085 1918 4157; x_wconf 91' lang='lat' dir='ltr'><strong>quod</strong></span> <span class='ocrx_word' id='word_1_421' title='bbox 1949 4101 2018 4141; x_wconf 78' lang='lat' dir='ltr'><strong>ex</strong></span> 
     </span>
    </p>
   </div>
   <div class='ocr_carea' id='block_1_58' title="bbox 431 4176 2020 4251">
    <p class='ocr_par' dir='ltr' id='par_1_58' title="bbox 431 4176 2020 4251">
     <span class='ocr_line' id='line_1_58' title="bbox 431 4176 2020 4251; baseline -0.009 -7"><span class='ocrx_word' id='word_1_422' title='bbox 431 4207 543 4244; x_wconf 75' lang='lat' dir='ltr'><strong>uno</strong></span> <span class='ocrx_word' id='word_1_423' title='bbox 568 4192 733 4245; x_wconf 89' lang='lat' dir='ltr'><strong>etiam</strong></span> <span class='ocrx_word' id='word_1_424' title='bbox 771 4185 1063 4251; x_wconf 87' lang='lat' dir='ltr'><strong>vocabulo,</strong></span> <span class='ocrx_word' id='word_1_425' title='bbox 1092 4184 1178 4239; x_wconf 86' lang='lat' dir='ltr'><strong>vel</strong></span> <span class='ocrx_word' id='word_1_426' title='bbox 1215 4182 1464 4238; x_wconf 87' lang='lat' dir='ltr'><strong>dictione</strong></span> <span class='ocrx_word' id='word_1_427' title='bbox 1522 4179 1728 4245; x_wconf 81' lang='lat' dir='ltr'><strong>ablata,</strong></span> <span class='ocrx_word' id='word_1_428' title='bbox 1752 4176 2020 4247; x_wconf 75' lang='lat' dir='ltr'><strong>superad—</strong></span> 
     </span>
    </p>
   </div>
   <div class='ocr_carea' id='block_1_59' title="bbox 432 4271 2018 4350">
    <p class='ocr_par' dir='ltr' id='par_1_59' title="bbox 432 4271 2018 4350">
     <span class='ocr_line' id='line_1_59' title="bbox 432 4271 2018 4350; baseline -0.007 -15"><span class='ocrx_word' id='word_1_429' title='bbox 432 4283 543 4336; x_wconf 81' lang='lat' dir='ltr'><strong>dita</strong></span> <span class='ocrx_word' id='word_1_430' title='bbox 580 4281 668 4336; x_wconf 88' lang='lat' dir='ltr'><strong>vel</strong></span> <span class='ocrx_word' id='word_1_431' title='bbox 726 4280 1030 4350; x_wconf 88' lang='lat' dir='ltr'><strong>proposita,</strong></span> <span class='ocrx_word' id='word_1_432' title='bbox 1065 4285 1177 4331; x_wconf 89' lang='lat' dir='ltr'><strong>tota</strong></span> <span class='ocrx_word' id='word_1_433' title='bbox 1230 4272 1464 4331; x_wconf 91' lang='lat' dir='ltr'><strong>intentio</strong></span> <span class='ocrx_word' id='word_1_434' title='bbox 1513 4280 1680 4342; x_wconf 83' lang='lat' dir='ltr'><strong>atque</strong></span> <span class='ocrx_word' id='word_1_435' title='bbox 1742 4271 2018 4325; x_wconf 81' lang='lat' dir='ltr'><strong>sententia</strong></span> 
     </span>
    </p>
   </div>
   <div class='ocr_carea' id='block_1_60' title="bbox 432 4363 2017 4446">
    <p class='ocr_par' dir='ltr' id='par_1_60' title="bbox 432 4363 2017 4446">
     <span class='ocr_line' id='line_1_60' title="bbox 432 4363 2017 4446; baseline -0.008 -17"><span class='ocrx_word' id='word_1_436' title='bbox 432 4376 719 4446; x_wconf 80' lang='lat' dir='ltr'><strong>scriptoris</strong></span> <span class='ocrx_word' id='word_1_437' title='bbox 784 4385 1069 4440; x_wconf 80' lang='lat' dir='ltr'><strong>mutatur;</strong></span> <span class='ocrx_word' id='word_1_438' title='bbox 1120 4383 1179 4429; x_wconf 91' lang='lat' dir='ltr'><strong>et</strong></span> <span class='ocrx_word' id='word_1_439' title='bbox 1227 4387 1259 4427; x_wconf 91' lang='lat' dir='ltr'><strong>e</strong></span> <span class='ocrx_word' id='word_1_440' title='bbox 1289 4381 1564 4426; x_wconf 83' lang='lat' dir='ltr'><strong>converso</strong></span> <span class='ocrx_word' id='word_1_441' title='bbox 1591 4381 1719 4421; x_wconf 89' lang='lat' dir='ltr'><strong>cum</strong></span> <span class='ocrx_word' id='word_1_442' title='bbox 1777 4363 2017 4419; x_wconf 81' lang='lat' dir='ltr'><strong>ﬁdeliter</strong></span> 
     </span>
    </p>
   </div>
   <div class='ocr_carea' id='block_1_61' title="bbox 432 4454 2014 4539">
    <p class='ocr_par' dir='ltr' id='par_1_61' title="bbox 432 4454 2014 4539">
     <span class='ocr_line' id='line_1_61' title="bbox 432 4454 2014 4539; baseline -0.009 -17"><span class='ocrx_word' id='word_1_443' title='bbox 432 4469 723 4539; x_wconf 75' lang='lat' dir='ltr'><strong>altegatur,</strong></span> <span class='ocrx_word' id='word_1_444' title='bbox 751 4465 900 4522; x_wconf 88' lang='lat' dir='ltr'><strong>clare</strong></span> <span class='ocrx_word' id='word_1_445' title='bbox 925 4480 1084 4521; x_wconf 85' lang='lat' dir='ltr'><strong>mens</strong></span> <span class='ocrx_word' id='word_1_446' title='bbox 1109 4464 1230 4535; x_wconf 84' lang='lat' dir='ltr'><strong>ejus</strong></span> <span class='ocrx_word' id='word_1_447' title='bbox 1265 4463 1553 4534; x_wconf 77' lang='lat' dir='ltr'><strong>probatur,</strong></span> <span class='ocrx_word' id='word_1_448' title='bbox 1591 4459 1668 4515; x_wconf 92' lang='lat' dir='ltr'><strong>ita</strong></span> <span class='ocrx_word' id='word_1_449' title='bbox 1699 4467 1757 4513; x_wconf 93' lang='lat' dir='ltr'><strong>ut</strong></span> <span class='ocrx_word' id='word_1_450' title='bbox 1796 4471 1907 4511; x_wconf 88' lang='lat' dir='ltr'><strong>non</strong></span> <span class='ocrx_word' id='word_1_451' title='bbox 1946 4454 2014 4509; x_wconf 87' lang='lat' dir='ltr'><strong>li-</strong></span> 
     </span>
    </p>
   </div>
   <div class='ocr_carea' id='block_1_62' title="bbox 2114 1968 3697 2039">
    <p class='ocr_par' dir='ltr' id='par_1_62' title="bbox 2114 1968 3697 2039">
     <span class='ocr_line' id='line_1_62' title="bbox 2114 1968 3697 2039; baseline -0.001 -15"><span class='ocrx_word' id='word_1_452' title='bbox 2114 1972 2278 2025; x_wconf 88' lang='lat' dir='ltr'><strong>ritum</strong></span> <span class='ocrx_word' id='word_1_453' title='bbox 2313 1985 2468 2036; x_wconf 85' lang='lat' dir='ltr'><strong>esse;</strong></span> <span class='ocrx_word' id='word_1_454' title='bbox 2508 1975 2734 2025; x_wconf 88' lang='lat' dir='ltr'><strong>tertium</strong></span> <span class='ocrx_word' id='word_1_455' title='bbox 2762 1986 2897 2026; x_wconf 90' lang='lat' dir='ltr'><strong>vero</strong></span> <span class='ocrx_word' id='word_1_456' title='bbox 2926 1979 3125 2025; x_wconf 89' lang='lat' dir='ltr'><strong>natura</strong></span> <span class='ocrx_word' id='word_1_457' title='bbox 3166 1978 3425 2038; x_wconf 89' lang='lat' dir='ltr'><strong>tanquam</strong></span> <span class='ocrx_word' id='word_1_458' title='bbox 3459 1968 3697 2039; x_wconf 85' lang='lat' dir='ltr'><strong>impium</strong></span> 
     </span>
    </p>
   </div>
   <div class='ocr_carea' id='block_1_63' title="bbox 2113 2063 3700 2136">
    <p class='ocr_par' dir='ltr' id='par_1_63' title="bbox 2113 2063 3700 2136">
     <span class='ocr_line' id='line_1_63' title="bbox 2113 2063 3700 2136; baseline -0.001 -18"><span class='ocrx_word' id='word_1_459' title='bbox 2113 2065 2406 2136; x_wconf 85' lang='lat' dir='ltr'><strong>repellens.</strong></span> <span class='ocrx_word' id='word_1_460' title='bbox 2440 2064 2584 2119; x_wconf 82' lang='lat' dir='ltr'><strong>Audi</strong></span> <span class='ocrx_word' id='word_1_461' title='bbox 2613 2065 2821 2120; x_wconf 89' lang='lat' dir='ltr'><strong>etenim</strong></span> <span class='ocrx_word' id='word_1_462' title='bbox 2863 2080 2987 2132; x_wconf 72' lang='lat' dir='ltr'><strong>quae</strong></span> <span class='ocrx_word' id='word_1_463' title='bbox 3041 2065 3109 2120; x_wconf 90' lang='lat' dir='ltr'><strong>ad</strong></span> <span class='ocrx_word' id='word_1_464' title='bbox 3136 2064 3384 2131; x_wconf 81' lang='lat' dir='ltr'><strong>ejusdem</strong></span> <span class='ocrx_word' id='word_1_465' title='bbox 3409 2063 3700 2134; x_wconf 75' lang='lat' dir='ltr'><strong>prob;.tio-</strong></span> 
     </span>
    </p>
   </div>
   <div class='ocr_carea' id='block_1_64' title="bbox 2112 2156 3699 2227">
    <p class='ocr_par' dir='ltr' id='par_1_64' title="bbox 2112 2156 3699 2227">
     <span class='ocr_line' id='line_1_64' title="bbox 2112 2156 3699 2227; baseline -0.001 -15"><span class='ocrx_word' id='word_1_466' title='bbox 2112 2174 2238 2213; x_wconf 86' lang='lat' dir='ltr'><strong>nem</strong></span> <span class='ocrx_word' id='word_1_467' title='bbox 2266 2158 2401 2213; x_wconf 86' lang='lat' dir='ltr'><strong>dicit</strong></span> <span class='ocrx_word' id='word_1_468' title='bbox 2426 2176 2439 2211; x_wconf 89' lang='lat'>:</span> <span class='ocrx_word' id='word_1_469' title='bbox 2471 2156 2950 2224; x_wconf 86' lang='lat' dir='ltr'><strong>Quemadmodum</strong></span> <span class='ocrx_word' id='word_1_470' title='bbox 2977 2157 3150 2221; x_wconf 88' lang='lat' dir='ltr'><strong>enim,</strong></span> <span class='ocrx_word' id='word_1_471' title='bbox 3178 2156 3376 2227; x_wconf 82' lang='lat' dir='ltr'><strong>inquit,</strong></span> <span class='ocrx_word' id='word_1_472' title='bbox 3412 2157 3581 2212; x_wconf 86' lang='lat' dir='ltr'><strong>Filius</strong></span> <span class='ocrx_word' id='word_1_473' title='bbox 3602 2173 3699 2211; x_wconf 86' lang='lat' dir='ltr'><strong>or-</strong></span> 
     </span>
    </p>
   </div>
   <div class='ocr_carea' id='block_1_65' title="bbox 2112 2240 3694 2319">
    <p class='ocr_par' dir='ltr' id='par_1_65' title="bbox 2112 2240 3694 2319">
     <span class='ocr_line' id='line_1_65' title="bbox 2112 2240 3694 2319; baseline 0 -14"><span class='ocrx_word' id='word_1_474' title='bbox 2112 2250 2242 2305; x_wconf 89' lang='lat' dir='ltr'><strong>dine</strong></span> <span class='ocrx_word' id='word_1_475' title='bbox 2272 2250 2542 2319; x_wconf 77' lang='lat' dir='ltr'><strong>quidemn</strong></span> <span class='ocrx_word' id='word_1_476' title='bbox 2570 2249 2733 2305; x_wconf 86' lang='lat' dir='ltr'><strong>Patre</strong></span> <span class='ocrx_word' id='word_1_477' title='bbox 2755 2240 3033 2305; x_wconf 82' lang='lat' dir='ltr'><strong>secundus</strong></span> <span class='ocrx_word' id='word_1_478' title='bbox 3057 2259 3165 2312; x_wconf 89' lang='lat' dir='ltr'><strong>est,</strong></span> <span class='ocrx_word' id='word_1_479' title='bbox 3188 2249 3448 2319; x_wconf 83' lang='lat' dir='ltr'><strong>quoniam</strong></span> <span class='ocrx_word' id='word_1_480' title='bbox 3476 2251 3545 2305; x_wconf 89' lang='lat' dir='ltr'><strong>ab</strong></span> <span class='ocrx_word' id='word_1_481' title='bbox 3575 2251 3694 2305; x_wconf 89' lang='lat' dir='ltr'><strong>illo:</strong></span> 
     </span>
    </p>
   </div>
   <div class='ocr_carea' id='block_1_66' title="bbox 2112 2336 3684 2414">
    <p class='ocr_par' dir='ltr' id='par_1_66' title="bbox 2112 2336 3684 2414">
     <span class='ocr_line' id='line_1_66' title="bbox 2112 2336 3684 2414; baseline 0 -17"><span class='ocrx_word' id='word_1_482' title='bbox 2112 2352 2168 2397; x_wconf 88' lang='lat' dir='ltr'><strong>et</strong></span> <span class='ocrx_word' id='word_1_483' title='bbox 2198 2343 2480 2414; x_wconf 76' lang='lat' dir='ltr'><strong>dignitate,</strong></span> <span class='ocrx_word' id='word_1_484' title='bbox 2512 2342 2775 2412; x_wconf 84' lang='lat' dir='ltr'><strong>quoniam</strong></span> <span class='ocrx_word' id='word_1_485' title='bbox 2805 2342 2994 2413; x_wconf 79' lang='lat' dir='ltr'><strong>origo;</strong></span> <span class='ocrx_word' id='word_1_486' title='bbox 3037 2350 3093 2396; x_wconf 90' lang='lat' dir='ltr'><strong>et</strong></span> <span class='ocrx_word' id='word_1_487' title='bbox 3152 2355 3318 2397; x_wconf 83' lang='lat' dir='ltr'><strong>causa</strong></span> <span class='ocrx_word' id='word_1_488' title='bbox 3350 2336 3567 2397; x_wconf 83' lang='lat' dir='ltr'><strong>essendi</strong></span> <span class='ocrx_word' id='word_1_489' title='bbox 3589 2344 3642 2397; x_wconf 89' lang='lat' dir='ltr'><strong>ei</strong></span> <span class='ocrx_word' id='word_1_490' title='bbox 3667 2383 3684 2407; x_wconf 91' lang='lat'><strong>,</strong></span> 
     </span>
    </p>
   </div>
   <div class='ocr_carea' id='block_1_67' title="bbox 2111 2433 3697 2507">
    <p class='ocr_par' dir='ltr' id='par_1_67' title="bbox 2111 2433 3697 2507">
     <span class='ocr_line' id='line_1_67' title="bbox 2111 2433 3697 2507; baseline -0.003 -15"><span class='ocrx_word' id='word_1_491' title='bbox 2111 2452 2235 2492; x_wconf 90' lang='lat' dir='ltr'><strong>cum</strong></span> <span class='ocrx_word' id='word_1_492' title='bbox 2260 2436 2381 2507; x_wconf 89' lang='lat' dir='ltr'><strong>ejus</strong></span> <span class='ocrx_word' id='word_1_493' title='bbox 2407 2436 2566 2491; x_wconf 84' lang='lat' dir='ltr'><strong>Pater</strong></span> <span class='ocrx_word' id='word_1_494' title='bbox 2590 2435 2663 2490; x_wconf 91' lang='lat' dir='ltr'><strong>sit</strong></span> <span class='ocrx_word' id='word_1_495' title='bbox 2688 2451 2704 2502; x_wconf 91' lang='lat'><strong>;</strong></span> <span class='ocrx_word' id='word_1_496' title='bbox 2739 2443 2937 2489; x_wconf 85' lang='lat' dir='ltr'><strong>natura</strong></span> <span class='ocrx_word' id='word_1_497' title='bbox 2964 2447 3098 2490; x_wconf 72' lang='lat' dir='ltr'><strong>vero</strong></span> <span class='ocrx_word' id='word_1_498' title='bbox 3126 2433 3279 2489; x_wconf 91' lang='lat' dir='ltr'><strong>nullo</strong></span> <span class='ocrx_word' id='word_1_499' title='bbox 3304 2433 3469 2488; x_wconf 90' lang='lat' dir='ltr'><strong>modo</strong></span> <span class='ocrx_word' id='word_1_500' title='bbox 3493 2449 3697 2490; x_wconf 85' lang='lat' dir='ltr'><strong>secon-</strong></span> 
     </span>
    </p>
   </div>
   <div class='ocr_carea' id='block_1_68' title="bbox 2114 2516 3690 2597">
    <p class='ocr_par' dir='ltr' id='par_1_68' title="bbox 2114 2516 3690 2597">
     <span class='ocr_line' id='line_1_68' title="bbox 2114 2516 3690 2597; baseline -0.001 -16"><span class='ocrx_word' id='word_1_501' title='bbox 2114 2526 2240 2592; x_wconf 92' lang='lat' dir='ltr'><strong>dus,</strong></span> <span class='ocrx_word' id='word_1_502' title='bbox 2269 2516 2528 2597; x_wconf 82' lang='lat' dir='ltr'><strong>quoniam</strong></span> <span class='ocrx_word' id='word_1_503' title='bbox 2567 2525 2623 2580; x_wconf 87' lang='lat' dir='ltr'><strong>in</strong></span> <span class='ocrx_word' id='word_1_504' title='bbox 2657 2534 2896 2595; x_wconf 88' lang='lat' dir='ltr'><strong>utroque</strong></span> <span class='ocrx_word' id='word_1_505' title='bbox 2932 2540 3037 2580; x_wconf 88' lang='lat' dir='ltr'><strong>una</strong></span> <span class='ocrx_word' id='word_1_506' title='bbox 3070 2537 3155 2580; x_wconf 85' lang='lat' dir='ltr'><strong>est</strong></span> <span class='ocrx_word' id='word_1_507' title='bbox 3185 2524 3371 2580; x_wconf 87' lang='lat' dir='ltr'><strong>Deitas</strong></span> <span class='ocrx_word' id='word_1_508' title='bbox 3403 2542 3417 2579; x_wconf 90' lang='lat'><strong>:</strong></span> <span class='ocrx_word' id='word_1_509' title='bbox 3493 2525 3566 2579; x_wconf 88' lang='lat' dir='ltr'><strong>ita</strong></span> <span class='ocrx_word' id='word_1_510' title='bbox 3599 2526 3690 2579; x_wconf 87' lang='lat' dir='ltr'><strong>vi-</strong></span> 
     </span>
    </p>
   </div>
   <div class='ocr_carea' id='block_1_69' title="bbox 2113 2617 3696 2690">
    <p class='ocr_par' dir='ltr' id='par_1_69' title="bbox 2113 2617 3696 2690">
     <span class='ocr_line' id='line_1_69' title="bbox 2113 2617 3696 2690; baseline -0.001 -15"><span class='ocrx_word' id='word_1_511' title='bbox 2113 2620 2315 2676; x_wconf 88' lang='lat' dir='ltr'><strong>delicet</strong></span> <span class='ocrx_word' id='word_1_512' title='bbox 2351 2628 2407 2675; x_wconf 91' lang='lat' dir='ltr'><strong>et</strong></span> <span class='ocrx_word' id='word_1_513' title='bbox 2446 2620 2493 2673; x_wconf 90' lang='lat' dir='ltr'><strong>si</strong></span> <span class='ocrx_word' id='word_1_514' title='bbox 2525 2618 2793 2690; x_wconf 72' lang='lat' dir='ltr'><strong>dignitate</strong></span> <span class='ocrx_word' id='word_1_515' title='bbox 2854 2628 2917 2675; x_wconf 88' lang='lat' dir='ltr'><strong>et</strong></span> <span class='ocrx_word' id='word_1_516' title='bbox 2949 2618 3142 2674; x_wconf 91' lang='lat' dir='ltr'><strong>ordine</strong></span> <span class='ocrx_word' id='word_1_517' title='bbox 3171 2619 3450 2674; x_wconf 90' lang='lat' dir='ltr'><strong>secundus</strong></span> <span class='ocrx_word' id='word_1_518' title='bbox 3498 2633 3527 2673; x_wconf 85' lang='lat' dir='ltr'><strong>a</strong></span> <span class='ocrx_word' id='word_1_519' title='bbox 3551 2617 3696 2674; x_wconf 88' lang='lat' dir='ltr'><strong>Filio</strong></span> 
     </span>
    </p>
   </div>
   <div class='ocr_carea' id='block_1_70' title="bbox 2113 2710 3698 2780">
    <p class='ocr_par' dir='ltr' id='par_1_70' title="bbox 2113 2710 3698 2780">
     <span class='ocr_line' id='line_1_70' title="bbox 2113 2710 3698 2780; baseline -0.001 -15"><span class='ocrx_word' id='word_1_520' title='bbox 2113 2721 2219 2773; x_wconf 77' lang='lat' dir='ltr'><strong>est,</strong></span> <span class='ocrx_word' id='word_1_521' title='bbox 2293 2720 2619 2765; x_wconf 87' lang='lat' dir='ltr'><strong>nontamen</strong></span> <span class='ocrx_word' id='word_1_522' title='bbox 2670 2711 2865 2765; x_wconf 67' lang='lat' dir='ltr'><strong>alienae</strong></span> <span class='ocrx_word' id='word_1_523' title='bbox 2925 2710 3104 2780; x_wconf 85' lang='lat' dir='ltr'><strong>ipsum</strong></span> <span class='ocrx_word' id='word_1_524' title='bbox 3172 2721 3383 2764; x_wconf 66' lang='lat' dir='ltr'><strong>natura:</strong></span> <span class='ocrx_word' id='word_1_525' title='bbox 3416 2725 3536 2766; x_wconf 88' lang='lat' dir='ltr'><strong>esse</strong></span> <span class='ocrx_word' id='word_1_526' title='bbox 3570 2710 3698 2764; x_wconf 86' lang='lat' dir='ltr'><strong>inde</strong></span> 
     </span>
    </p>
   </div>
   <div class='ocr_carea' id='block_1_71' title="bbox 2115 2803 3795 2875">
    <p class='ocr_par' dir='ltr' id='par_1_71' title="bbox 2115 2803 3795 2875">
     <span class='ocr_line' id='line_1_71' title="bbox 2115 2803 3795 2875; baseline 0 -16"><span class='ocrx_word' id='word_1_527' title='bbox 2115 2816 2505 2875; x_wconf 78' lang='lat' dir='ltr'><strong>consequetur.</strong></span> <span class='ocrx_word' id='word_1_528' title='bbox 2537 2804 2634 2859; x_wconf 87' lang='lat' dir='ltr'><strong>His</strong></span> <span class='ocrx_word' id='word_1_529' title='bbox 2681 2809 2844 2858; x_wconf 79' lang='lat' dir='ltr'><strong>etiam</strong></span> <span class='ocrx_word' id='word_1_530' title='bbox 2888 2803 3073 2858; x_wconf 82' lang='lat' dir='ltr'><strong>verbis</strong></span> <span class='ocrx_word' id='word_1_531' title='bbox 3108 2803 3279 2874; x_wconf 89' lang='lat' dir='ltr'><strong>aliqui</strong></span> <span class='ocrx_word' id='word_1_532' title='bbox 3336 2804 3695 2868; x_wconf 87' lang='lat' dir='ltr'><strong>addiderunt,</strong></span> <span class='ocrx_word' id='word_1_533' title='bbox 3787 2804 3795 2819; x_wconf 81' lang='lat'><em>‘</em></span> 
     </span>
    </p>
   </div>
   <div class='ocr_carea' id='block_1_72' title="bbox 2116 2896 3698 2969">
    <p class='ocr_par' dir='ltr' id='par_1_72' title="bbox 2116 2896 3698 2969">
     <span class='ocr_line' id='line_1_72' title="bbox 2116 2896 3698 2969; baseline 0 -17"><span class='ocrx_word' id='word_1_534' title='bbox 2116 2912 2430 2969; x_wconf 82' lang='lat' dir='ltr'><strong>quanquam</strong></span> <span class='ocrx_word' id='word_1_535' title='bbox 2460 2896 2884 2953; x_wconf 87' lang='lat' dir='ltr'><strong>concedendum</strong></span> <span class='ocrx_word' id='word_1_536' title='bbox 2917 2910 3024 2950; x_wconf 90' lang='lat' dir='ltr'><strong>non</strong></span> <span class='ocrx_word' id='word_1_537' title='bbox 3056 2896 3166 2950; x_wconf 84' lang='lat' dir='ltr'><strong>sit:</strong></span> <span class='ocrx_word' id='word_1_538' title='bbox 3201 2912 3312 2966; x_wconf 84' lang='lat' dir='ltr'><strong>quo</strong></span> <span class='ocrx_word' id='word_1_539' title='bbox 3361 2896 3501 2951; x_wconf 81' lang='lat' dir='ltr'><strong>nihil</strong></span> <span class='ocrx_word' id='word_1_540' title='bbox 3527 2898 3698 2967; x_wconf 69' lang='lat' dir='ltr'><strong>magis</strong></span> 
     </span>
    </p>
   </div>
   <div class='ocr_carea' id='block_1_73' title="bbox 2115 2986 3698 3057">
    <p class='ocr_par' dir='ltr' id='par_1_73' title="bbox 2115 2986 3698 3057">
     <span class='ocr_line' id='line_1_73' title="bbox 2115 2986 3698 3057; baseline -0.003 -12"><span class='ocrx_word' id='word_1_541' title='bbox 2115 2988 2454 3045; x_wconf 84' lang='lat' dir='ltr'><strong>contrarium</strong></span> <span class='ocrx_word' id='word_1_542' title='bbox 2481 2999 2567 3045; x_wconf 90' lang='lat' dir='ltr'><strong>est</strong></span> <span class='ocrx_word' id='word_1_543' title='bbox 2595 2986 2888 3043; x_wconf 90' lang='lat' dir='ltr'><strong>intentioni</strong></span> <span class='ocrx_word' id='word_1_544' title='bbox 2922 2987 2985 3041; x_wconf 88' lang='grc' dir='ltr'><strong>Β.</strong></span> <span class='ocrx_word' id='word_1_545' title='bbox 3012 2986 3222 3051; x_wconf 82' lang='lat' dir='ltr'><strong>Basilii,</strong></span> <span class='ocrx_word' id='word_1_546' title='bbox 3249 2988 3342 3057; x_wconf 90' lang='lat' dir='ltr'><strong>qui</strong></span> <span class='ocrx_word' id='word_1_547' title='bbox 3371 2988 3423 3041; x_wconf 91' lang='lat' dir='ltr'><strong>in</strong></span> <span class='ocrx_word' id='word_1_548' title='bbox 3451 2986 3698 3057; x_wconf 85' lang='lat' dir='ltr'><strong>Epistola</strong></span> 
     </span>
    </p>
   </div>
   <div class='ocr_carea' id='block_1_74' title="bbox 2116 3078 3698 3151">
    <p class='ocr_par' dir='ltr' id='par_1_74' title="bbox 2116 3078 3698 3151">
     <span class='ocr_line' id='line_1_74' title="bbox 2116 3078 3698 3151; baseline -0.004 -14"><span class='ocrx_word' id='word_1_549' title='bbox 2116 3082 2185 3138; x_wconf 90' lang='lat' dir='ltr'><strong>ad</strong></span> <span class='ocrx_word' id='word_1_550' title='bbox 2239 3083 2561 3147; x_wconf 81' lang='lat' dir='ltr'><strong>canonicas,</strong></span> <span class='ocrx_word' id='word_1_551' title='bbox 2586 3079 2911 3137; x_wconf 86' lang='lat' dir='ltr'><strong>Clarissime</strong></span> <span class='ocrx_word' id='word_1_552' title='bbox 2945 3079 3184 3151; x_wconf 85' lang='lat' dir='ltr'><strong>Spiritus</strong></span> <span class='ocrx_word' id='word_1_553' title='bbox 3210 3089 3453 3145; x_wconf 82' lang='lat' dir='ltr'><strong>sanctus,</strong></span> <span class='ocrx_word' id='word_1_554' title='bbox 3495 3078 3698 3150; x_wconf 92' lang='lat' dir='ltr'><strong>inquit,</strong></span> 
     </span>
    </p>
   </div>
   <div class='ocr_carea' id='block_1_75' title="bbox 2119 3175 3702 3245">
    <p class='ocr_par' dir='ltr' id='par_1_75' title="bbox 2119 3175 3702 3245">
     <span class='ocr_line' id='line_1_75' title="bbox 2119 3175 3702 3245; baseline -0.001 -16"><span class='ocrx_word' id='word_1_555' title='bbox 2119 3175 2265 3230; x_wconf 81' lang='lat' dir='ltr'><strong>Patri</strong></span> <span class='ocrx_word' id='word_1_556' title='bbox 2317 3175 2538 3245; x_wconf 89' lang='lat' dir='ltr'><strong>quidem</strong></span> <span class='ocrx_word' id='word_1_557' title='bbox 2579 3187 2636 3231; x_wconf 90' lang='lat' dir='ltr'><strong>et</strong></span> <span class='ocrx_word' id='word_1_558' title='bbox 2692 3176 2834 3231; x_wconf 86' lang='lat' dir='ltr'><strong>Filio</strong></span> <span class='ocrx_word' id='word_1_559' title='bbox 2888 3185 3339 3241; x_wconf 86' lang='lat' dir='ltr'><strong>connumeratur,</strong></span> <span class='ocrx_word' id='word_1_560' title='bbox 3377 3189 3501 3229; x_wconf 89' lang='lat' dir='ltr'><strong>cum</strong></span> <span class='ocrx_word' id='word_1_561' title='bbox 3532 3189 3702 3244; x_wconf 88' lang='lat' dir='ltr'><strong>supra</strong></span> 
     </span>
    </p>
   </div>
   <div class='ocr_carea' id='block_1_76' title="bbox 2118 3265 3707 3334">
    <p class='ocr_par' dir='ltr' id='par_1_76' title="bbox 2118 3265 3707 3334">
     <span class='ocr_line' id='line_1_76' title="bbox 2118 3265 3707 3334; baseline -0.001 -12"><span class='ocrx_word' id='word_1_562' title='bbox 2118 3281 2338 3322; x_wconf 88' lang='lat' dir='ltr'><strong>omnem</strong></span> <span class='ocrx_word' id='word_1_563' title='bbox 2367 3277 2679 3323; x_wconf 87' lang='lat' dir='ltr'><strong>creaturam</strong></span> <span class='ocrx_word' id='word_1_564' title='bbox 2711 3268 2818 3334; x_wconf 90' lang='lat' dir='ltr'><strong>sit;</strong></span> <span class='ocrx_word' id='word_1_565' title='bbox 2857 3267 3053 3323; x_wconf 91' lang='lat' dir='ltr'><strong>ordine</strong></span> <span class='ocrx_word' id='word_1_566' title='bbox 3099 3281 3232 3322; x_wconf 90' lang='lat' dir='ltr'><strong>vero</strong></span> <span class='ocrx_word' id='word_1_567' title='bbox 3269 3265 3464 3321; x_wconf 87' lang='lat' dir='ltr'><strong>tertius</strong></span> <span class='ocrx_word' id='word_1_568' title='bbox 3496 3276 3602 3333; x_wconf 80' lang='lat' dir='ltr'><strong>est,</strong></span> <span class='ocrx_word' id='word_1_569' title='bbox 3641 3274 3707 3321; x_wconf 92' lang='lat' dir='ltr'><strong>ut</strong></span> 
     </span>
    </p>
   </div>
   <div class='ocr_carea' id='block_1_77' title="bbox 2120 3340 3705 3430">
    <p class='ocr_par' dir='ltr' id='par_1_77' title="bbox 2120 3340 3705 3430">
     <span class='ocr_line' id='line_1_77' title="bbox 2120 3340 3705 3430; baseline -0.001 -16"><span class='ocrx_word' id='word_1_570' title='bbox 2120 3359 2414 3430; x_wconf 79' lang='lat' dir='ltr'><strong>Evangelia</strong></span> <span class='ocrx_word' id='word_1_571' title='bbox 2448 3374 2550 3413; x_wconf 83' lang='lat' dir='ltr'><strong>nos</strong></span> <span class='ocrx_word' id='word_1_572' title='bbox 2572 3360 2746 3415; x_wconf 83' lang='lat' dir='ltr'><strong>decen</strong></span> <span class='ocrx_word' id='word_1_573' title='bbox 2766 3370 2807 3425; x_wconf 92' lang='lat' dir='ltr'><strong>t,</strong></span> <span class='ocrx_word' id='word_1_574' title='bbox 2850 3360 3084 3414; x_wconf 91' lang='lat' dir='ltr'><strong>Domino</strong></span> <span class='ocrx_word' id='word_1_575' title='bbox 3112 3340 3331 3413; x_wconf 81' lang='lat' dir='ltr'><strong>dicente</strong></span> <span class='ocrx_word' id='word_1_576' title='bbox 3358 3376 3372 3412; x_wconf 85' lang='lat'>:</span> <span class='ocrx_word' id='word_1_577' title='bbox 3420 3357 3617 3412; x_wconf 70' lang='lat' dir='ltr'><strong>Eunus</strong></span> <span class='ocrx_word' id='word_1_578' title='bbox 3647 3358 3705 3412; x_wconf 79' lang='lat' dir='ltr'><strong>in</strong></span> 
     </span>
    </p>
   </div>
   <div class='ocr_carea' id='block_1_78' title="bbox 2119 3449 3704 3522">
    <p class='ocr_par' dir='ltr' id='par_1_78' title="bbox 2119 3449 3704 3522">
     <span class='ocr_line' id='line_1_78' title="bbox 2119 3449 3704 3522; baseline -0.001 -18"><span class='ocrx_word' id='word_1_579' title='bbox 2119 3452 2418 3506; x_wconf 78' lang='lat' dir='ltr'><strong>universum</strong></span> <span class='ocrx_word' id='word_1_580' title='bbox 2450 3455 2709 3505; x_wconf 58' lang='lat' dir='ltr'><strong>m‘undum</strong></span> <span class='ocrx_word' id='word_1_581' title='bbox 2755 3451 3022 3522; x_wconf 69' lang='lat' dir='ltr'><strong>baptizata</strong></span> <span class='ocrx_word' id='word_1_582' title='bbox 3052 3451 3107 3504; x_wconf 84' lang='lat' dir='ltr'><strong>in</strong></span> <span class='ocrx_word' id='word_1_583' title='bbox 3154 3450 3364 3503; x_wconf 80' lang='lat' dir='ltr'><strong>nomine</strong></span> <span class='ocrx_word' id='word_1_584' title='bbox 3424 3449 3624 3513; x_wconf 74' lang='lat' dir='ltr'><strong>Patris,</strong></span> <span class='ocrx_word' id='word_1_585' title='bbox 3648 3459 3704 3503; x_wconf 83' lang='lat' dir='ltr'><strong>et</strong></span> 
     </span>
    </p>
   </div>
   <div class='ocr_carea' id='block_1_79' title="bbox 2119 3541 3709 3613">
    <p class='ocr_par' dir='ltr' id='par_1_79' title="bbox 2119 3541 3709 3613">
     <span class='ocr_line' id='line_1_79' title="bbox 2119 3541 3709 3613; baseline 0.002 -18"><span class='ocrx_word' id='word_1_586' title='bbox 2119 3541 2263 3606; x_wconf 80' lang='lat' dir='ltr'><strong>Filii,</strong></span> <span class='ocrx_word' id='word_1_587' title='bbox 2296 3551 2344 3596; x_wconf 80' lang='lat' dir='ltr'><strong>et</strong></span> <span class='ocrx_word' id='word_1_588' title='bbox 2395 3541 2626 3613; x_wconf 77' lang='lat' dir='ltr'><strong>Spiritus</strong></span> <span class='ocrx_word' id='word_1_589' title='bbox 2654 3545 2860 3600; x_wconf 80' lang='lat' dir='ltr'><strong>sancti:</strong></span> <span class='ocrx_word' id='word_1_590' title='bbox 2892 3543 2987 3612; x_wconf 82' lang='lat' dir='ltr'><strong>qui</strong></span> <span class='ocrx_word' id='word_1_591' title='bbox 3028 3553 3215 3598; x_wconf 89' lang='lat' dir='ltr'><strong>autem</strong></span> <span class='ocrx_word' id='word_1_592' title='bbox 3246 3557 3375 3597; x_wconf 90' lang='lat' dir='ltr'><strong>eum</strong></span> <span class='ocrx_word' id='word_1_593' title='bbox 3433 3543 3709 3612; x_wconf 53' lang='lat' dir='ltr'><strong>praeponit</strong></span> 
     </span>
    </p>
   </div>
   <div class='ocr_carea' id='block_1_80' title="bbox 2119 3634 3708 3707">
    <p class='ocr_par' dir='ltr' id='par_1_80' title="bbox 2119 3634 3708 3707">
     <span class='ocr_line' id='line_1_80' title="bbox 2119 3634 3708 3707; baseline 0.003 -17"><span class='ocrx_word' id='word_1_594' title='bbox 2119 3634 2280 3703; x_wconf 78' lang='lat' dir='ltr'><strong>Filio,</strong></span> <span class='ocrx_word' id='word_1_595' title='bbox 2312 3646 2404 3691; x_wconf 90' lang='lat' dir='ltr'><strong>aut</strong></span> <span class='ocrx_word' id='word_1_596' title='bbox 2438 3637 2783 3707; x_wconf 87' lang='lat' dir='ltr'><strong>superiorem</strong></span> <span class='ocrx_word' id='word_1_597' title='bbox 2816 3635 2979 3692; x_wconf 87' lang='lat' dir='ltr'><strong>Patre</strong></span> <span class='ocrx_word' id='word_1_598' title='bbox 3034 3635 3191 3704; x_wconf 87' lang='lat' dir='ltr'><strong>dicit,</strong></span> <span class='ocrx_word' id='word_1_599' title='bbox 3245 3638 3339 3693; x_wconf 92' lang='lat' dir='ltr'><strong>bic</strong></span> <span class='ocrx_word' id='word_1_600' title='bbox 3369 3638 3708 3695; x_wconf 75' lang='lat' dir='ltr'><strong>contradicit</strong></span> 
     </span>
    </p>
   </div>
   <div class='ocr_carea' id='block_1_81' title="bbox 2124 3724 3710 3802">
    <p class='ocr_par' dir='ltr' id='par_1_81' title="bbox 2124 3724 3710 3802">
     <span class='ocr_line' id='line_1_81' title="bbox 2124 3724 3710 3802; baseline 0.002 -19"><span class='ocrx_word' id='word_1_601' title='bbox 2124 3729 2217 3784; x_wconf 87' lang='lat' dir='ltr'><strong>Dei</strong></span> <span class='ocrx_word' id='word_1_602' title='bbox 2243 3730 2545 3799; x_wconf 80' lang='lat' dir='ltr'><strong>traditioni,</strong></span> <span class='ocrx_word' id='word_1_603' title='bbox 2590 3731 2806 3786; x_wconf 80' lang='lat' dir='ltr'><strong>alienus</strong></span> <span class='ocrx_word' id='word_1_604' title='bbox 2840 3744 2973 3786; x_wconf 88' lang='lat' dir='ltr'><strong>vero</strong></span> <span class='ocrx_word' id='word_1_605' title='bbox 2997 3724 3200 3786; x_wconf 61' lang='lat' dir='ltr'><strong>a&#39;sana</strong></span> <span class='ocrx_word' id='word_1_606' title='bbox 3242 3729 3347 3785; x_wconf 85' lang='lat' dir='ltr'><strong>fide</strong></span> <span class='ocrx_word' id='word_1_607' title='bbox 3396 3741 3499 3793; x_wconf 85' lang='lat' dir='ltr'><strong>est,</strong></span> <span class='ocrx_word' id='word_1_608' title='bbox 3536 3746 3710 3802; x_wconf 85' lang='lat' dir='ltr'><strong>quam</strong></span> 
     </span>
    </p>
   </div>
   <div class='ocr_carea' id='block_1_82' title="bbox 2118 3822 3712 3894">
    <p class='ocr_par' dir='ltr' id='par_1_82' title="bbox 2118 3822 3712 3894">
     <span class='ocr_line' id='line_1_82' title="bbox 2118 3822 3712 3894; baseline 0.001 -17"><span class='ocrx_word' id='word_1_609' title='bbox 2118 3823 2352 3893; x_wconf 83' lang='lat' dir='ltr'><strong>accepit,</strong></span> <span class='ocrx_word' id='word_1_610' title='bbox 2388 3822 2724 3878; x_wconf 86' lang='lat' dir='ltr'><strong>laudationis</strong></span> <span class='ocrx_word' id='word_1_611' title='bbox 2750 3822 2981 3879; x_wconf 87' lang='lat' dir='ltr'><strong>formam</strong></span> <span class='ocrx_word' id='word_1_612' title='bbox 3008 3838 3123 3878; x_wconf 90' lang='lat' dir='ltr'><strong>non</strong></span> <span class='ocrx_word' id='word_1_613' title='bbox 3154 3838 3428 3887; x_wconf 86' lang='lat' dir='ltr'><strong>servans;</strong></span> <span class='ocrx_word' id='word_1_614' title='bbox 3462 3832 3519 3878; x_wconf 92' lang='lat' dir='ltr'><strong>et</strong></span> <span class='ocrx_word' id='word_1_615' title='bbox 3578 3833 3712 3894; x_wconf 86' lang='lat' dir='ltr'><strong>post</strong></span> 
     </span>
    </p>
   </div>
   <div class='ocr_carea' id='block_1_83' title="bbox 2122 3903 3709 3992">
    <p class='ocr_par' dir='ltr' id='par_1_83' title="bbox 2122 3903 3709 3992">
     <span class='ocr_line' id='line_1_83' title="bbox 2122 3903 3709 3992; baseline 0.002 -28"><span class='ocrx_word' id='word_1_616' title='bbox 2122 3928 2293 3982; x_wconf 87' lang='lat' dir='ltr'><strong>pauca</strong></span> <span class='ocrx_word' id='word_1_617' title='bbox 2317 3930 2331 3967; x_wconf 89' lang='lat'><strong>:</strong></span> <span class='ocrx_word' id='word_1_618' title='bbox 2350 3911 2533 3979; x_wconf 87' lang='lat' dir='ltr'><strong>Quare</strong></span> <span class='ocrx_word' id='word_1_619' title='bbox 2556 3912 2602 3968; x_wconf 87' lang='lat' dir='ltr'><strong>si</strong></span> <span class='ocrx_word' id='word_1_620' title='bbox 2629 3913 2755 3983; x_wconf 91' lang='lat' dir='ltr'><strong>quis</strong></span> <span class='ocrx_word' id='word_1_621' title='bbox 2774 3903 2932 3968; x_wconf 83' lang='lat' dir='ltr'><strong>hunc</strong></span> <span class='ocrx_word' id='word_1_622' title='bbox 2947 3913 3198 3968; x_wconf 89' lang='lat' dir='ltr'><strong>ordinem</strong></span> <span class='ocrx_word' id='word_1_623' title='bbox 3215 3913 3504 3992; x_wconf 79' lang='lat' dir='ltr'><strong>pervertit,</strong></span> <span class='ocrx_word' id='word_1_624' title='bbox 3531 3915 3709 3984; x_wconf 84' lang='lat' dir='ltr'><strong>ipsam</strong></span> 
     </span>
    </p>
   </div>
   <div class='ocr_carea' id='block_1_84' title="bbox 2121 4005 3708 4078">
    <p class='ocr_par' dir='ltr' id='par_1_84' title="bbox 2121 4005 3708 4078">
     <span class='ocr_line' id='line_1_84' title="bbox 2121 4005 3708 4078; baseline 0.001 -17"><span class='ocrx_word' id='word_1_625' title='bbox 2121 4020 2483 4076; x_wconf 83' lang='lat' dir='ltr'><strong>personarum</strong></span> <span class='ocrx_word' id='word_1_626' title='bbox 2549 4005 2933 4062; x_wconf 79' lang='lat' dir='ltr'><strong>exsistentiam</strong></span> <span class='ocrx_word' id='word_1_627' title='bbox 2970 4014 3250 4077; x_wconf 79' lang='lat' dir='ltr'><strong>totamque</strong></span> <span class='ocrx_word' id='word_1_628' title='bbox 3310 4006 3487 4062; x_wconf 83' lang='lat' dir='ltr'><strong>ﬁdem.</strong></span> <span class='ocrx_word' id='word_1_629' title='bbox 3522 4017 3708 4078; x_wconf 75' lang='lat' dir='ltr'><strong>negat.</strong></span> 
     </span>
    </p>
   </div>
   <div class='ocr_carea' id='block_1_85' title="bbox 2120 4097 3710 4167">
    <p class='ocr_par' dir='ltr' id='par_1_85' title="bbox 2120 4097 3710 4167">
     <span class='ocr_line' id='line_1_85' title="bbox 2120 4097 3710 4167; baseline 0.002 -15"><span class='ocrx_word' id='word_1_630' title='bbox 2120 4098 2176 4152; x_wconf 84' lang='lat' dir='ltr'><strong>Si</strong></span> <span class='ocrx_word' id='word_1_631' title='bbox 2201 4099 2367 4167; x_wconf 84' lang='lat' dir='ltr'><strong>igitur</strong></span> <span class='ocrx_word' id='word_1_632' title='bbox 2395 4099 2512 4153; x_wconf 71' lang='lat' dir='ltr'><strong>haec</strong></span> <span class='ocrx_word' id='word_1_633' title='bbox 2554 4098 2724 4153; x_wconf 86' lang='lat' dir='ltr'><strong>verba</strong></span> <span class='ocrx_word' id='word_1_634' title='bbox 2773 4097 3078 4154; x_wconf 64' lang='lat' dir='ltr'><strong>haesitantis</strong></span> <span class='ocrx_word' id='word_1_635' title='bbox 3106 4108 3164 4154; x_wconf 90' lang='lat' dir='ltr'><strong>et</strong></span> <span class='ocrx_word' id='word_1_636' title='bbox 3212 4098 3516 4154; x_wconf 89' lang='lat' dir='ltr'><strong>dubitantis</strong></span> <span class='ocrx_word' id='word_1_637' title='bbox 3560 4101 3710 4155; x_wconf 87' lang='lat' dir='ltr'><strong>circa</strong></span> 
     </span>
    </p>
   </div>
   <div class='ocr_carea' id='block_1_86' title="bbox 2119 4189 3704 4261">
    <p class='ocr_par' dir='ltr' id='par_1_86' title="bbox 2119 4189 3704 4261">
     <span class='ocr_line' id='line_1_86' title="bbox 2119 4189 3704 4261; baseline 0.001 -17"><span class='ocrx_word' id='word_1_638' title='bbox 2119 4189 2370 4244; x_wconf 91' lang='lat' dir='ltr'><strong>ordinem</strong></span> <span class='ocrx_word' id='word_1_639' title='bbox 2437 4190 2570 4255; x_wconf 89' lang='lat' dir='ltr'><strong>sint,</strong></span> <span class='ocrx_word' id='word_1_640' title='bbox 2630 4198 2687 4244; x_wconf 92' lang='lat' dir='ltr'><strong>et</strong></span> <span class='ocrx_word' id='word_1_641' title='bbox 2732 4190 2873 4260; x_wconf 85' lang='lat' dir='ltr'><strong>ejus,</strong></span> <span class='ocrx_word' id='word_1_642' title='bbox 2929 4191 3023 4261; x_wconf 88' lang='lat' dir='ltr'><strong>qui</strong></span> <span class='ocrx_word' id='word_1_643' title='bbox 3145 4207 3301 4246; x_wconf 83' lang='lat' dir='ltr'><strong>suam</strong></span> <span class='ocrx_word' id='word_1_644' title='bbox 3373 4193 3704 4246; x_wconf 81' lang='lat' dir='ltr'><strong>sententiam</strong></span> 
     </span>
    </p>
   </div>
   <div class='ocr_carea' id='block_1_87' title="bbox 2118 4282 3701 4355">
    <p class='ocr_par' dir='ltr' id='par_1_87' title="bbox 2118 4282 3701 4355">
     <span class='ocr_line' id='line_1_87' title="bbox 2118 4282 3701 4355; baseline 0.001 -18"><span class='ocrx_word' id='word_1_645' title='bbox 2118 4283 2224 4338; x_wconf 82' lang='lat' dir='ltr'><strong>sub</strong></span> <span class='ocrx_word' id='word_1_646' title='bbox 2290 4282 2498 4344; x_wconf 85' lang='lat' dir='ltr'><strong>dubiis,</strong></span> <span class='ocrx_word' id='word_1_647' title='bbox 2548 4295 2605 4339; x_wconf 89' lang='lat' dir='ltr'><strong>et</strong></span> <span class='ocrx_word' id='word_1_648' title='bbox 2687 4296 2814 4337; x_wconf 87' lang='lat' dir='ltr'><strong>cum</strong></span> <span class='ocrx_word' id='word_1_649' title='bbox 2883 4283 3158 4350; x_wconf 80' lang='lat' dir='ltr'><strong>fortassis,</strong></span> <span class='ocrx_word' id='word_1_650' title='bbox 3257 4294 3315 4339; x_wconf 84' lang='lat' dir='ltr'><strong>et</strong></span> <span class='ocrx_word' id='word_1_651' title='bbox 3386 4300 3701 4355; x_wconf 75' lang='lat' dir='ltr'><strong>quanquam</strong></span> 
     </span>
    </p>
   </div>
   <div class='ocr_carea' id='block_1_88' title="bbox 2119 4376 3703 4448">
    <p class='ocr_par' dir='ltr' id='par_1_88' title="bbox 2119 4376 3703 4448">
     <span class='ocr_line' id='line_1_88' title="bbox 2119 4376 3703 4448; baseline 0.001 -16"><span class='ocrx_word' id='word_1_652' title='bbox 2119 4376 2533 4432; x_wconf 75' lang='lat' dir='ltr'><strong>concedendum</strong></span> <span class='ocrx_word' id='word_1_653' title='bbox 2593 4392 2703 4431; x_wconf 91' lang='lat' dir='ltr'><strong>non</strong></span> <span class='ocrx_word' id='word_1_654' title='bbox 2776 4377 2851 4432; x_wconf 90' lang='lat' dir='ltr'><strong>sit</strong></span> <span class='ocrx_word' id='word_1_655' title='bbox 2923 4378 3186 4448; x_wconf 86' lang='lat' dir='ltr'><strong>proferat,</strong></span> <span class='ocrx_word' id='word_1_656' title='bbox 3243 4387 3395 4432; x_wconf 90' lang='lat' dir='ltr'><strong>tuum</strong></span> <span class='ocrx_word' id='word_1_657' title='bbox 3450 4380 3522 4432; x_wconf 87' lang='lat' dir='ltr'><strong>sit</strong></span> <span class='ocrx_word' id='word_1_658' title='bbox 3550 4379 3703 4447; x_wconf 83' lang='lat' dir='ltr'><strong>judi-</strong></span> 
     </span>
    </p>
   </div>
   <div class='ocr_carea' id='block_1_89' title="bbox 2119 4466 3710 4537">
    <p class='ocr_par' dir='ltr' id='par_1_89' title="bbox 2119 4466 3710 4537">
     <span class='ocr_line' id='line_1_89' title="bbox 2119 4466 3710 4537; baseline 0 -17"><span class='ocrx_word' id='word_1_659' title='bbox 2119 4469 2290 4532; x_wconf 89' lang='lat' dir='ltr'><strong>cium,</strong></span> <span class='ocrx_word' id='word_1_660' title='bbox 2322 4478 2379 4520; x_wconf 91' lang='lat' dir='ltr'><strong>et</strong></span> <span class='ocrx_word' id='word_1_661' title='bbox 2407 4467 2669 4532; x_wconf 87' lang='lat' dir='ltr'><strong>aliorum,</strong></span> <span class='ocrx_word' id='word_1_662' title='bbox 2702 4469 2796 4537; x_wconf 87' lang='lat' dir='ltr'><strong>qui</strong></span> <span class='ocrx_word' id='word_1_663' title='bbox 2827 4468 2964 4523; x_wconf 89' lang='lat' dir='ltr'><strong>recti</strong></span> <span class='ocrx_word' id='word_1_664' title='bbox 2986 4466 3207 4537; x_wconf 82' lang='lat' dir='ltr'><strong>judices</strong></span> <span class='ocrx_word' id='word_1_665' title='bbox 3235 4478 3386 4532; x_wconf 88' lang='lat' dir='ltr'><strong>sunt,</strong></span> <span class='ocrx_word' id='word_1_666' title='bbox 3410 4477 3464 4521; x_wconf 91' lang='lat' dir='ltr'><strong>et</strong></span> <span class='ocrx_word' id='word_1_667' title='bbox 3496 4469 3710 4537; x_wconf 82' lang='lat' dir='ltr'><strong>aliqua-</strong></span> 
     </span>
    </p>
   </div>
   <div class='ocr_carea' id='block_1_90' title="bbox 435 4554 2013 4631">
    <p class='ocr_par' dir='ltr' id='par_1_90' title="bbox 435 4554 2013 4629">
     <span class='ocr_line' id='line_1_90' title="bbox 435 4554 2013 4629; baseline -0.006 -17"><span class='ocrx_word' id='word_1_668' title='bbox 435 4572 559 4613; x_wconf 88' lang='lat' dir='ltr'><strong>ceat</strong></span> <span class='ocrx_word' id='word_1_669' title='bbox 590 4558 1020 4629; x_wconf 82' lang='lat' dir='ltr'><strong>malignantibus</strong></span> <span class='ocrx_word' id='word_1_670' title='bbox 1037 4556 1451 4621; x_wconf 79' lang='lat' dir='ltr'><strong>conclusionem</strong></span> <span class='ocrx_word' id='word_1_671' title='bbox 1473 4554 1704 4616; x_wconf 76' lang='lat' dir='ltr'><strong>inferre,</strong></span> <span class='ocrx_word' id='word_1_672' title='bbox 1730 4564 1851 4620; x_wconf 70' lang='lat' dir='ltr'><strong>qua:</strong></span> <span class='ocrx_word' id='word_1_673' title='bbox 1880 4562 2013 4620; x_wconf 80' lang='lat' dir='ltr'><strong>prae-</strong></span> 
     </span>
    </p>
   </div>
   <div class='ocr_carea' id='block_1_91' title="bbox 2119 4554 3709 4631">
    <p class='ocr_par' dir='ltr' id='par_1_91' title="bbox 2130 4559 3709 4631">
     <span class='ocr_line' id='line_1_91' title="bbox 2130 4559 3709 4631; baseline -0.001 -16"><span class='ocrx_word' id='word_1_674' title='bbox 2130 4571 2289 4615; x_wconf 86' lang='lat' dir='ltr'><strong>tenus</strong></span> <span class='ocrx_word' id='word_1_675' title='bbox 2355 4559 2669 4630; x_wconf 77' lang='lat' dir='ltr'><strong>intelligant</strong></span> <span class='ocrx_word' id='word_1_676' title='bbox 2721 4564 2830 4614; x_wconf 90' lang='lat' dir='ltr'><strong>vim</strong></span> <span class='ocrx_word' id='word_1_677' title='bbox 2913 4563 3214 4625; x_wconf 90' lang='lat' dir='ltr'><strong>rationum,</strong></span> <span class='ocrx_word' id='word_1_678' title='bbox 3275 4569 3333 4613; x_wconf 86' lang='lat' dir='ltr'><strong>et</strong></span> <span class='ocrx_word' id='word_1_679' title='bbox 3390 4559 3709 4631; x_wconf 69' lang='lat' dir='ltr'><strong>dogmatum</strong></span> 
     </span>
    </p>
   </div>
   <div class='ocr_carea' id='block_1_92' title="bbox 436 4641 2022 4713">
    <p class='ocr_par' dir='ltr' id='par_1_92' title="bbox 436 4641 2022 4713">
     <span class='ocr_line' id='line_1_92' title="bbox 436 4641 2022 4713; baseline -0.008 -6"><span class='ocrx_word' id='word_1_680' title='bbox 436 4653 763 4707; x_wconf 86' lang='lat' dir='ltr'><strong>cedentibus</strong></span> <span class='ocrx_word' id='word_1_681' title='bbox 833 4666 943 4705; x_wconf 90' lang='lat' dir='ltr'><strong>non</strong></span> <span class='ocrx_word' id='word_1_682' title='bbox 1012 4650 1331 4705; x_wconf 83' lang='lat' dir='ltr'><strong>conveniat.</strong></span> <span class='ocrx_word' id='word_1_683' title='bbox 1385 4646 1568 4713; x_wconf 84' lang='lat' dir='ltr'><strong>Quare</strong></span> <span class='ocrx_word' id='word_1_684' title='bbox 1618 4645 1666 4700; x_wconf 89' lang='lat' dir='ltr'><strong>si</strong></span> <span class='ocrx_word' id='word_1_685' title='bbox 1718 4641 2022 4699; x_wconf 86' lang='lat' dir='ltr'><strong>Eunomius</strong></span> 
     </span>
    </p>
   </div>
   <div class='ocr_carea' id='block_1_93' title="bbox 437 4733 2022 4813">
    <p class='ocr_par' dir='ltr' id='par_1_93' title="bbox 437 4733 2022 4813">
     <span class='ocr_line' id='line_1_93' title="bbox 437 4733 2022 4813; baseline -0.009 -13"><span class='ocrx_word' id='word_1_686' title='bbox 437 4748 605 4801; x_wconf 87' lang='lat' dir='ltr'><strong>etiam</strong></span> <span class='ocrx_word' id='word_1_687' title='bbox 655 4744 942 4813; x_wconf 74' lang='lat' dir='ltr'><strong>allegasset</strong></span> <span class='ocrx_word' id='word_1_688' title='bbox 974 4743 1361 4797; x_wconf 87' lang='lat' dir='ltr'><strong>auctoritatem</strong></span> <span class='ocrx_word' id='word_1_689' title='bbox 1416 4752 1763 4801; x_wconf 90' lang='lat' dir='ltr'><strong>sanctorum,</strong></span> <span class='ocrx_word' id='word_1_690' title='bbox 1817 4751 1927 4791; x_wconf 89' lang='lat' dir='ltr'><strong>non</strong></span> <span class='ocrx_word' id='word_1_691' title='bbox 1952 4733 2022 4788; x_wconf 63' lang='lat' dir='ltr'><strong>lio</strong></span> 
     </span>
    </p>
   </div>
   <div class='ocr_carea' id='block_1_94' title="bbox 437 4826 2023 4903">
    <p class='ocr_par' dir='ltr' id='par_1_94' title="bbox 437 4826 2023 4903">
     <span class='ocr_line' id='line_1_94' title="bbox 437 4826 2023 4903; baseline -0.008 -10"><span class='ocrx_word' id='word_1_692' title='bbox 437 4839 646 4893; x_wconf 83' lang='lat' dir='ltr'><strong>coisset</strong></span> <span class='ocrx_word' id='word_1_693' title='bbox 672 4836 725 4890; x_wconf 92' lang='lat' dir='ltr'><strong>ei</strong></span> <span class='ocrx_word' id='word_1_694' title='bbox 764 4833 1099 4889; x_wconf 89' lang='lat' dir='ltr'><strong>concludere</strong></span> <span class='ocrx_word' id='word_1_695' title='bbox 1129 4834 1274 4903; x_wconf 88' lang='lat' dir='ltr'><strong>quod</strong></span> <span class='ocrx_word' id='word_1_696' title='bbox 1315 4832 1851 4897; x_wconf 59' lang='lat' dir='ltr'><strong>ooneluserat;‘nam</strong></span> <span class='ocrx_word' id='word_1_697' title='bbox 1882 4839 1941 4884; x_wconf 89' lang='lat' dir='ltr'><strong>et</strong></span> <span class='ocrx_word' id='word_1_698' title='bbox 1978 4826 2023 4881; x_wconf 89' lang='lat' dir='ltr'><strong>si</strong></span> 
     </span>
    </p>
   </div>
   <div class='ocr_carea' id='block_1_95' title="bbox 440 4922 2023 5003">
    <p class='ocr_par' dir='ltr' id='par_1_95' title="bbox 440 4922 2023 5003">
     <span class='ocr_line' id='line_1_95' title="bbox 440 4922 2023 5003; baseline -0.007 -17"><span class='ocrx_word' id='word_1_699' title='bbox 440 4932 667 4987; x_wconf 80' lang='lat' dir='ltr'><strong>tertium</strong></span> <span class='ocrx_word' id='word_1_700' title='bbox 684 4944 807 4984; x_wconf 88' lang='lat' dir='ltr'><strong>esse</strong></span> <span class='ocrx_word' id='word_1_701' title='bbox 838 4929 1105 5003; x_wconf 80' lang='lat' dir='ltr'><strong>Spiritum</strong></span> <span class='ocrx_word' id='word_1_702' title='bbox 1129 4938 1378 4983; x_wconf 83' lang='lat' dir='ltr'><strong>sanctum</strong></span> <span class='ocrx_word' id='word_1_703' title='bbox 1405 4927 1662 4982; x_wconf 81' lang='lat' dir='ltr'><strong>doctores</strong></span> <span class='ocrx_word' id='word_1_704' title='bbox 1689 4922 2023 4988; x_wconf 88' lang='lat' dir='ltr'><strong>concedunt,</strong></span> 
     </span>
    </p>
   </div>
   <div class='ocr_carea' id='block_1_96' title="bbox 448 5027 2024 5090">
    <p class='ocr_par' dir='ltr' id='par_1_96' title="bbox 448 5027 2024 5090">
     <span class='ocr_line' id='line_1_96' title="bbox 448 5027 2024 5090; baseline -0.008 -11"><span class='ocrx_word' id='word_1_705' title='bbox 448 5028 668 5079; x_wconf 78' lang='lat' dir='ltr'><strong>tertium</strong></span> <span class='ocrx_word' id='word_1_706' title='bbox 724 5032 907 5077; x_wconf 87' lang='lat' dir='ltr'><strong>tamen</strong></span> <span class='ocrx_word' id='word_1_707' title='bbox 934 5036 1061 5090; x_wconf 88' lang='lat' dir='ltr'><strong>eum</strong></span> <span class='ocrx_word' id='word_1_708' title='bbox 1096 5036 1220 5075; x_wconf 84' lang='lat' dir='ltr'><strong>esse</strong></span> <span class='ocrx_word' id='word_1_709' title='bbox 1255 5031 1453 5074; x_wconf 85' lang='lat' dir='ltr'><strong>natura</strong></span> <span class='ocrx_word' id='word_1_710' title='bbox 1510 5027 1711 5088; x_wconf 76' lang='lat' dir='ltr'><strong>negant</strong></span> <span class='ocrx_word' id='word_1_711' title='bbox 1735 5028 2024 5085; x_wconf 71' lang='lat' dir='ltr'><strong>esprcsse,</strong></span> 
     </span>
    </p>
   </div>
   <div class='ocr_carea' id='block_1_97' title="bbox 443 5107 2027 5188">
    <p class='ocr_par' dir='ltr' id='par_1_97' title="bbox 443 5107 2027 5188">
     <span class='ocr_line' id='line_1_97' title="bbox 443 5107 2027 5188; baseline -0.008 -17"><span class='ocrx_word' id='word_1_712' title='bbox 443 5135 619 5188; x_wconf 85' lang='lat' dir='ltr'><strong>quare</strong></span> <span class='ocrx_word' id='word_1_713' title='bbox 652 5115 1048 5186; x_wconf 74' lang='lat' dir='ltr'><strong>malignitatem</strong></span> <span class='ocrx_word' id='word_1_714' title='bbox 1109 5113 1232 5184; x_wconf 87' lang='lat' dir='ltr'><strong>ejus</strong></span> <span class='ocrx_word' id='word_1_715' title='bbox 1288 5111 1571 5166; x_wconf 86' lang='lat' dir='ltr'><strong>detestans</strong></span> <span class='ocrx_word' id='word_1_716' title='bbox 1602 5109 1774 5165; x_wconf 87' lang='lat' dir='ltr'><strong>infert</strong></span> <span class='ocrx_word' id='word_1_717' title='bbox 1802 5126 1815 5174; x_wconf 92' lang='lat'><strong>;</strong></span> <span class='ocrx_word' id='word_1_718' title='bbox 1848 5107 2027 5161; x_wconf 86' lang='lat' dir='ltr'><strong>fuitne</strong></span> 
     </span>
    </p>
   </div>
   <div class='ocr_carea' id='block_1_98' title="bbox 445 5202 2025 5282">
    <p class='ocr_par' dir='ltr' id='par_1_98' title="bbox 445 5202 2025 5282">
     <span class='ocr_line' id='line_1_98' title="bbox 445 5202 2025 5282; baseline -0.009 -16"><span class='ocrx_word' id='word_1_719' title='bbox 445 5225 689 5282; x_wconf 84' lang='lat' dir='ltr'><strong>unquam</strong></span> <span class='ocrx_word' id='word_1_720' title='bbox 720 5207 797 5261; x_wconf 84' lang='lat' dir='ltr'><strong>ita</strong></span> <span class='ocrx_word' id='word_1_721' title='bbox 821 5203 1149 5261; x_wconf 81' lang='lat' dir='ltr'><strong>temerarius</strong></span> <span class='ocrx_word' id='word_1_722' title='bbox 1171 5203 1399 5273; x_wconf 88' lang='lat' dir='ltr'><strong>aliquis,</strong></span> <span class='ocrx_word' id='word_1_723' title='bbox 1428 5203 1527 5273; x_wconf 88' lang='lat' dir='ltr'><strong>qui</strong></span> <span class='ocrx_word' id='word_1_724' title='bbox 1550 5202 1738 5257; x_wconf 80' lang='lat' dir='ltr'><strong>divina</strong></span> <span class='ocrx_word' id='word_1_725' title='bbox 1773 5202 2025 5270; x_wconf 75' lang='lat' dir='ltr'><strong>dogmata</strong></span> 
     </span>
    </p>
   </div>
   <div class='ocr_carea' id='block_1_99' title="bbox 447 5294 2026 5377">
    <p class='ocr_par' dir='ltr' id='par_1_99' title="bbox 447 5294 2026 5377">
     <span class='ocr_line' id='line_1_99' title="bbox 447 5294 2026 5377; baseline -0.007 -18"><span class='ocrx_word' id='word_1_726' title='bbox 447 5308 809 5377; x_wconf 84' lang='lat' dir='ltr'><strong>perverteret,</strong></span> <span class='ocrx_word' id='word_1_727' title='bbox 842 5309 1009 5368; x_wconf 90' lang='lat' dir='ltr'><strong>atque</strong></span> <span class='ocrx_word' id='word_1_728' title='bbox 1041 5297 1372 5353; x_wconf 87' lang='lat' dir='ltr'><strong>innovaret:</strong></span> <span class='ocrx_word' id='word_1_729' title='bbox 1403 5308 1460 5351; x_wconf 89' lang='lat' dir='ltr'><strong>et</strong></span> <span class='ocrx_word' id='word_1_730' title='bbox 1504 5305 1654 5366; x_wconf 87' lang='lat' dir='ltr'><strong>patet</strong></span> <span class='ocrx_word' id='word_1_731' title='bbox 1685 5295 1835 5366; x_wconf 84' lang='lat' dir='ltr'><strong>quod</strong></span> <span class='ocrx_word' id='word_1_732' title='bbox 1870 5294 2026 5349; x_wconf 82' lang='lat' dir='ltr'><strong>novi-</strong></span> 
     </span>
    </p>
   </div>
   <div class='ocr_carea' id='block_1_100' title="bbox 446 5384 2024 5457">
    <p class='ocr_par' dir='ltr' id='par_1_100' title="bbox 446 5384 2024 5457">
     <span class='ocr_line' id='line_1_100' title="bbox 446 5384 2024 5457; baseline -0.008 -6"><span class='ocrx_word' id='word_1_733' title='bbox 446 5406 613 5451; x_wconf 89' lang='lat' dir='ltr'><strong>tatem</strong></span> <span class='ocrx_word' id='word_1_734' title='bbox 664 5394 758 5449; x_wconf 89' lang='lat' dir='ltr'><strong>bio</strong></span> <span class='ocrx_word' id='word_1_735' title='bbox 815 5393 1068 5446; x_wconf 86' lang='lat' dir='ltr'><strong>nominat</strong></span> <span class='ocrx_word' id='word_1_736' title='bbox 1098 5387 1325 5444; x_wconf 84' lang='lat' dir='ltr'><strong>tertium</strong></span> <span class='ocrx_word' id='word_1_737' title='bbox 1382 5401 1508 5442; x_wconf 88' lang='lat' dir='ltr'><strong>esse</strong></span> <span class='ocrx_word' id='word_1_738' title='bbox 1538 5394 1734 5441; x_wconf 87' lang='lat' dir='ltr'><strong>natura</strong></span> <span class='ocrx_word' id='word_1_739' title='bbox 1756 5384 2024 5457; x_wconf 88' lang='lat' dir='ltr'><strong>Spiritum</strong></span> 
     </span>
    </p>
   </div>
   <div class='ocr_carea' id='block_1_101' title="bbox 444 5478 2027 5551">
    <p class='ocr_par' dir='ltr' id='par_1_101' title="bbox 444 5478 2027 5551">
     <span class='ocr_line' id='line_1_101' title="bbox 444 5478 2027 5551; baseline -0.008 -6"><span class='ocrx_word' id='word_1_740' title='bbox 444 5501 717 5551; x_wconf 87' lang='lat' dir='ltr'><strong>sanctum,</strong></span> <span class='ocrx_word' id='word_1_741' title='bbox 780 5500 893 5541; x_wconf 85' lang='lat' dir='ltr'><strong>non</strong></span> <span class='ocrx_word' id='word_1_742' title='bbox 941 5491 1126 5539; x_wconf 85' lang='lat' dir='ltr'><strong>autem</strong></span> <span class='ocrx_word' id='word_1_743' title='bbox 1157 5481 1353 5535; x_wconf 87' lang='lat' dir='ltr'><strong>ordine</strong></span> <span class='ocrx_word' id='word_1_744' title='bbox 1398 5491 1457 5535; x_wconf 87' lang='lat' dir='ltr'><strong>et</strong></span> <span class='ocrx_word' id='word_1_745' title='bbox 1499 5479 1786 5550; x_wconf 79' lang='lat' dir='ltr'><strong>dignitate.</strong></span> <span class='ocrx_word' id='word_1_746' title='bbox 1817 5478 2027 5550; x_wconf 85' lang='lat' dir='ltr'><strong>Nempe</strong></span> 
     </span>
    </p>
   </div>
   <div class='ocr_carea' id='block_1_102' title="bbox 441 5575 2029 5650">
    <p class='ocr_par' dir='ltr' id='par_1_102' title="bbox 441 5575 2029 5650">
     <span class='ocr_line' id='line_1_102' title="bbox 441 5575 2029 5650; baseline -0.008 -11"><span class='ocrx_word' id='word_1_747' title='bbox 441 5585 591 5640; x_wconf 85' lang='lat' dir='ltr'><strong>enim</strong></span> <span class='ocrx_word' id='word_1_748' title='bbox 644 5580 888 5650; x_wconf 86' lang='lat' dir='ltr'><strong>seipsnm</strong></span> <span class='ocrx_word' id='word_1_749' title='bbox 943 5575 1275 5646; x_wconf 81' lang='lat' dir='ltr'><strong>appellath</strong></span> <span class='ocrx_word' id='word_1_750' title='bbox 1314 5587 1584 5628; x_wconf 86' lang='lat' dir='ltr'><strong>novarum</strong></span> <span class='ocrx_word' id='word_1_751' title='bbox 1617 5587 1801 5628; x_wconf 87' lang='lat' dir='ltr'><strong>rerum</strong></span> <span class='ocrx_word' id='word_1_752' title='bbox 1830 5581 2029 5628; x_wconf 84' lang='lat' dir='ltr'><strong>aucto-</strong></span> 
     </span>
    </p>
   </div>
   <div class='ocr_carea' id='block_1_103' title="bbox 441 5664 2029 5739">
    <p class='ocr_par' dir='ltr' id='par_1_103' title="bbox 441 5664 2029 5739">
     <span class='ocr_line' id='line_1_103' title="bbox 441 5664 2029 5739; baseline -0.006 -11"><span class='ocrx_word' id='word_1_753' title='bbox 441 5690 581 5739; x_wconf 88' lang='lat' dir='ltr'><strong>rem,</strong></span> <span class='ocrx_word' id='word_1_754' title='bbox 622 5682 680 5727; x_wconf 88' lang='lat' dir='ltr'><strong>ct</strong></span> <span class='ocrx_word' id='word_1_755' title='bbox 724 5670 831 5729; x_wconf 84' lang='lat' dir='ltr'><strong>sibi</strong></span> <span class='ocrx_word' id='word_1_756' title='bbox 890 5669 991 5739; x_wconf 88' lang='lat' dir='ltr'><strong>ipsi</strong></span> <span class='ocrx_word' id='word_1_757' title='bbox 1023 5664 1300 5722; x_wconf 85' lang='lat' dir='ltr'><strong>contraria</strong></span> <span class='ocrx_word' id='word_1_758' title='bbox 1332 5666 1562 5721; x_wconf 83' lang='lat' dir='ltr'><strong>diceret.</strong></span> <span class='ocrx_word' id='word_1_759' title='bbox 1595 5664 1716 5735; x_wconf 83' lang='lat' dir='ltr'><strong>ipse</strong></span> <span class='ocrx_word' id='word_1_760' title='bbox 1758 5666 1909 5719; x_wconf 90' lang='lat' dir='ltr'><strong>enim</strong></span> <span class='ocrx_word' id='word_1_761' title='bbox 1939 5677 2029 5719; x_wconf 53' lang='lat' dir='ltr'><strong>est</strong></span> 
     </span>
    </p>
   </div>
   <div class='ocr_carea' id='block_1_104' title="bbox 439 5757 2024 5839">
    <p class='ocr_par' dir='ltr' id='par_1_104' title="bbox 439 5757 2024 5839">
     <span class='ocr_line' id='line_1_104' title="bbox 439 5757 2024 5839; baseline -0.005 -18"><span class='ocrx_word' id='word_1_762' title='bbox 439 5771 534 5839; x_wconf 81' lang='lat' dir='ltr'><strong>qui</strong></span> <span class='ocrx_word' id='word_1_763' title='bbox 569 5766 846 5838; x_wconf 72' lang='lat' dir='ltr'><strong>praecipue</strong></span> <span class='ocrx_word' id='word_1_764' title='bbox 884 5762 1047 5818; x_wconf 85' lang='lat' dir='ltr'><strong>nobis</strong></span> <span class='ocrx_word' id='word_1_765' title='bbox 1067 5758 1297 5813; x_wconf 87' lang='lat' dir='ltr'><strong>credere</strong></span> <span class='ocrx_word' id='word_1_766' title='bbox 1325 5757 1551 5813; x_wconf 83' lang='lat' dir='ltr'><strong>tradidit</strong></span> <span class='ocrx_word' id='word_1_767' title='bbox 1580 5757 1851 5828; x_wconf 89' lang='lat' dir='ltr'><strong>Spiritum</strong></span> <span class='ocrx_word' id='word_1_768' title='bbox 1894 5776 2024 5814; x_wconf 85' lang='lat' dir='ltr'><strong>san-</strong></span> 
     </span>
    </p>
   </div>
   <div class='ocr_carea' id='block_1_105' title="bbox 436 5853 2023 5923">
    <p class='ocr_par' dir='ltr' id='par_1_105' title="bbox 436 5853 2023 5923">
     <span class='ocr_line' id='line_1_105' title="bbox 436 5853 2023 5923; baseline -0.006 -4"><span class='ocrx_word' id='word_1_769' title='bbox 436 5876 588 5922; x_wconf 75' lang='lat' dir='ltr'><strong>ctum</strong></span> <span class='ocrx_word' id='word_1_770' title='bbox 617 5860 837 5915; x_wconf 83' lang='lat' dir='ltr'><strong>tertium</strong></span> <span class='ocrx_word' id='word_1_771' title='bbox 871 5873 992 5912; x_wconf 83' lang='lat' dir='ltr'><strong>esse</strong></span> <span class='ocrx_word' id='word_1_772' title='bbox 1048 5853 1241 5908; x_wconf 84' lang='lat' dir='ltr'><strong>ordine</strong></span> <span class='ocrx_word' id='word_1_773' title='bbox 1276 5864 1325 5907; x_wconf 90' lang='lat' dir='ltr'><strong>ct</strong></span> <span class='ocrx_word' id='word_1_774' title='bbox 1357 5853 1640 5923; x_wconf 75' lang='lat' dir='ltr'><strong>dignilzt&#39;c,</strong></span> <span class='ocrx_word' id='word_1_775' title='bbox 1664 5864 1718 5907; x_wconf 90' lang='lat' dir='ltr'><strong>et</strong></span> <span class='ocrx_word' id='word_1_776' title='bbox 1755 5853 1895 5907; x_wconf 76' lang='lat' dir='ltr'><strong>lianc</strong></span> <span class='ocrx_word' id='word_1_777' title='bbox 1929 5871 2023 5909; x_wconf 88' lang='lat' dir='ltr'><strong>au-</strong></span> 
     </span>
    </p>
   </div>
   <div class='ocr_carea' id='block_1_106' title="bbox 2130 4652 3716 4723">
    <p class='ocr_par' dir='ltr' id='par_1_106' title="bbox 2130 4652 3716 4723">
     <span class='ocr_line' id='line_1_106' title="bbox 2130 4652 3716 4723; baseline 0.001 -19"><span class='ocrx_word' id='word_1_778' title='bbox 2130 4661 2440 4707; x_wconf 52' lang='lat' dir='ltr'><strong>reritatem.</strong></span> <span class='ocrx_word' id='word_1_779' title='bbox 2506 4652 2711 4706; x_wconf 84' lang='lat' dir='ltr'><strong>Deinde</strong></span> <span class='ocrx_word' id='word_1_780' title='bbox 2758 4667 2867 4706; x_wconf 89' lang='lat' dir='ltr'><strong>non</strong></span> <span class='ocrx_word' id='word_1_781' title='bbox 2900 4652 3070 4723; x_wconf 88' lang='lat' dir='ltr'><strong>pudet</strong></span> <span class='ocrx_word' id='word_1_782' title='bbox 3117 4668 3215 4709; x_wconf 86' lang='lat' dir='ltr'><strong>eos</strong></span> <span class='ocrx_word' id='word_1_783' title='bbox 3267 4660 3432 4708; x_wconf 71' lang='lat' dir='ltr'><strong>tanta:</strong></span> <span class='ocrx_word' id='word_1_784' title='bbox 3495 4666 3716 4709; x_wconf 82' lang='lat' dir='ltr'><strong>contra-</strong></span> 
     </span>
    </p>
   </div>
   <div class='ocr_carea' id='block_1_107' title="bbox 2131 4742 3713 4809">
    <p class='ocr_par' dir='ltr' id='par_1_107' title="bbox 2131 4742 3713 4809">
     <span class='ocr_line' id='line_1_107' title="bbox 2131 4742 3713 4809; baseline 0.001 -12"><span class='ocrx_word' id='word_1_785' title='bbox 2131 4742 2341 4798; x_wconf 84' lang='lat' dir='ltr'><strong>rietatis</strong></span> <span class='ocrx_word' id='word_1_786' title='bbox 2391 4753 2644 4798; x_wconf 86' lang='lat' dir='ltr'><strong>sanctum</strong></span> <span class='ocrx_word' id='word_1_787' title='bbox 2699 4744 2984 4798; x_wconf 89' lang='lat' dir='ltr'><strong>doctorem</strong></span> <span class='ocrx_word' id='word_1_788' title='bbox 3057 4760 3343 4809; x_wconf 85' lang='lat' dir='ltr'><strong>accusare,</strong></span> <span class='ocrx_word' id='word_1_789' title='bbox 3411 4745 3523 4799; x_wconf 88' lang='lat' dir='ltr'><strong>imo</strong></span> <span class='ocrx_word' id='word_1_790' title='bbox 3579 4761 3713 4799; x_wconf 84' lang='lat' dir='ltr'><strong>veto</strong></span> 
     </span>
    </p>
   </div>
   <div class='ocr_carea' id='block_1_108' title="bbox 2129 4835 3716 4909">
    <p class='ocr_par' dir='ltr' id='par_1_108' title="bbox 2129 4835 3716 4909">
     <span class='ocr_line' id='line_1_108' title="bbox 2129 4835 3716 4909; baseline -0.001 -19"><span class='ocrx_word' id='word_1_791' title='bbox 2129 4835 2478 4906; x_wconf 57' lang='lat' dir='ltr'><strong>ignorantia,</strong></span> <span class='ocrx_word' id='word_1_792' title='bbox 2499 4835 2545 4890; x_wconf 89' lang='lat' dir='ltr'><strong>si</strong></span> <span class='ocrx_word' id='word_1_793' title='bbox 2578 4837 2744 4892; x_wconf 89' lang='lat' dir='ltr'><strong>modo</strong></span> <span class='ocrx_word' id='word_1_794' title='bbox 2769 4837 2994 4909; x_wconf 86' lang='lat' dir='ltr'><strong>quidem</strong></span> <span class='ocrx_word' id='word_1_795' title='bbox 3033 4839 3256 4892; x_wconf 85' lang='lat' dir='ltr'><strong>tertium</strong></span> <span class='ocrx_word' id='word_1_796' title='bbox 3289 4847 3349 4891; x_wconf 90' lang='lat' dir='ltr'><strong>ut</strong></span> <span class='ocrx_word' id='word_1_797' title='bbox 3379 4853 3487 4892; x_wconf 90' lang='lat' dir='ltr'><strong>non</strong></span> <span class='ocrx_word' id='word_1_798' title='bbox 3518 4837 3716 4892; x_wconf 86' lang='lat' dir='ltr'><strong>liceret</strong></span> 
     </span>
    </p>
   </div>
   <div class='ocr_carea' id='block_1_109' title="bbox 2128 4929 3712 4999">
    <p class='ocr_par' dir='ltr' id='par_1_109' title="bbox 2128 4929 3712 4999">
     <span class='ocr_line' id='line_1_109' title="bbox 2128 4929 3712 4999; baseline 0.001 -17"><span class='ocrx_word' id='word_1_799' title='bbox 2128 4933 2339 4998; x_wconf 84' lang='lat' dir='ltr'><strong>absque</strong></span> <span class='ocrx_word' id='word_1_800' title='bbox 2395 4929 2631 4984; x_wconf 82' lang='lat' dir='ltr'><strong>crimine</strong></span> <span class='ocrx_word' id='word_1_801' title='bbox 2665 4930 2988 4999; x_wconf 81' lang='lat' dir='ltr'><strong>impietatis,</strong></span> <span class='ocrx_word' id='word_1_802' title='bbox 3021 4939 3079 4984; x_wconf 89' lang='lat' dir='ltr'><strong>et</strong></span> <span class='ocrx_word' id='word_1_803' title='bbox 3121 4930 3292 4985; x_wconf 90' lang='lat' dir='ltr'><strong>totius</strong></span> <span class='ocrx_word' id='word_1_804' title='bbox 3324 4929 3712 4999; x_wconf 67' lang='lat' dir='ltr'><strong>ﬁdeipervc-r-</strong></span> 
     </span>
    </p>
   </div>
   <div class='ocr_carea' id='block_1_110' title="bbox 2128 5019 3709 5085">
    <p class='ocr_par' dir='ltr' id='par_1_110' title="bbox 2128 5019 3709 5085">
     <span class='ocr_line' id='line_1_110' title="bbox 2128 5019 3709 5085; baseline 0.002 -12"><span class='ocrx_word' id='word_1_805' title='bbox 2128 5021 2342 5073; x_wconf 85' lang='lat' dir='ltr'><strong>sionem</strong></span> <span class='ocrx_word' id='word_1_806' title='bbox 2370 5019 2522 5074; x_wconf 86' lang='lat' dir='ltr'><strong>ltunc</strong></span> <span class='ocrx_word' id='word_1_807' title='bbox 2547 5022 2800 5075; x_wconf 84' lang='lat' dir='ltr'><strong>ordinent</strong></span> <span class='ocrx_word' id='word_1_808' title='bbox 2836 5034 3075 5085; x_wconf 83' lang='lat' dir='ltr'><strong>mutare,</strong></span> <span class='ocrx_word' id='word_1_809' title='bbox 3108 5022 3271 5075; x_wconf 86' lang='lat' dir='ltr'><strong>modo</strong></span> <span class='ocrx_word' id='word_1_810' title='bbox 3302 5019 3551 5075; x_wconf 61' lang='lat' dir='ltr'><strong>fortassis</strong></span> <span class='ocrx_word' id='word_1_811' title='bbox 3582 5037 3709 5076; x_wconf 88' lang='lat' dir='ltr'><strong>cum</strong></span> 
     </span>
    </p>
   </div>
   <div class='ocr_carea' id='block_1_111' title="bbox 2127 5114 3709 5184">
    <p class='ocr_par' dir='ltr' id='par_1_111' title="bbox 2127 5114 3709 5184">
     <span class='ocr_line' id='line_1_111' title="bbox 2127 5114 3709 5184; baseline 0.003 -19"><span class='ocrx_word' id='word_1_812' title='bbox 2127 5128 2252 5166; x_wconf 82' lang='lat' dir='ltr'><strong>esse</strong></span> <span class='ocrx_word' id='word_1_813' title='bbox 2282 5114 2586 5167; x_wconf 84' lang='lat' dir='ltr'><strong>secundum</strong></span> <span class='ocrx_word' id='word_1_814' title='bbox 2612 5131 2642 5169; x_wconf 90' lang='lat' dir='ltr'><strong>a</strong></span> <span class='ocrx_word' id='word_1_815' title='bbox 2674 5114 2813 5169; x_wconf 79' lang='lat' dir='ltr'><strong>Filio</strong></span> <span class='ocrx_word' id='word_1_816' title='bbox 2837 5116 3006 5177; x_wconf 84' lang='lat' dir='ltr'><strong>dicat,</strong></span> <span class='ocrx_word' id='word_1_817' title='bbox 3041 5125 3097 5170; x_wconf 88' lang='lat' dir='ltr'><strong>et</strong></span> <span class='ocrx_word' id='word_1_818' title='bbox 3135 5115 3241 5169; x_wconf 85' lang='lat' dir='ltr'><strong>alia</strong></span> <span class='ocrx_word' id='word_1_819' title='bbox 3304 5114 3709 5184; x_wconf 78' lang='lat' dir='ltr'><strong>hujuscemodi.</strong></span> 
     </span>
    </p>
   </div>
   <div class='ocr_carea' id='block_1_112' title="bbox 2138 5203 3719 5277">
    <p class='ocr_par' dir='ltr' id='par_1_112' title="bbox 2138 5203 3719 5277">
     <span class='ocr_line' id='line_1_112' title="bbox 2138 5203 3719 5277; baseline 0.002 -21"><span class='ocrx_word' id='word_1_820' title='bbox 2138 5203 2251 5274; x_wconf 79' lang='lat' dir='ltr'><strong>Ego</strong></span> <span class='ocrx_word' id='word_1_821' title='bbox 2288 5220 2420 5259; x_wconf 88' lang='lat' dir='ltr'><strong>vero</strong></span> <span class='ocrx_word' id='word_1_822' title='bbox 2452 5215 2591 5259; x_wconf 87' lang='lat' dir='ltr'><strong>teste</strong></span> <span class='ocrx_word' id='word_1_823' title='bbox 2629 5208 2741 5261; x_wconf 87' lang='lat' dir='ltr'><strong>Deo</strong></span> <span class='ocrx_word' id='word_1_824' title='bbox 2773 5208 2949 5260; x_wconf 84' lang='lat' dir='ltr'><strong>vicem</strong></span> <span class='ocrx_word' id='word_1_825' title='bbox 3020 5223 3214 5262; x_wconf 85' lang='lat' dir='ltr'><strong>eorum</strong></span> <span class='ocrx_word' id='word_1_826' title='bbox 3250 5209 3343 5277; x_wconf 90' lang='lat' dir='ltr'><strong>qui</strong></span> <span class='ocrx_word' id='word_1_827' title='bbox 3372 5208 3492 5264; x_wconf 77' lang='lat' dir='ltr'><strong>haec</strong></span> <span class='ocrx_word' id='word_1_828' title='bbox 3555 5217 3719 5261; x_wconf 80' lang='lat' dir='ltr'><strong>autu-</strong></span> 
     </span>
    </p>
   </div>
   <div class='ocr_carea' id='block_1_113' title="bbox 2131 5292 3716 5370">
    <p class='ocr_par' dir='ltr' id='par_1_113' title="bbox 2131 5292 3716 5370">
     <span class='ocr_line' id='line_1_113' title="bbox 2131 5292 3716 5370; baseline 0.001 -20"><span class='ocrx_word' id='word_1_829' title='bbox 2131 5309 2283 5353; x_wconf 71' lang='lat' dir='ltr'><strong>munt</strong></span> <span class='ocrx_word' id='word_1_830' title='bbox 2331 5299 2492 5352; x_wconf 86' lang='lat' dir='ltr'><strong>doleo</strong></span> <span class='ocrx_word' id='word_1_831' title='bbox 2521 5308 2577 5353; x_wconf 89' lang='lat' dir='ltr'><strong>et</strong></span> <span class='ocrx_word' id='word_1_832' title='bbox 2608 5314 2707 5368; x_wconf 88' lang='lat' dir='ltr'><strong>pro</strong></span> <span class='ocrx_word' id='word_1_833' title='bbox 2739 5299 2822 5354; x_wconf 89' lang='lat' dir='ltr'><strong>eis</strong></span> <span class='ocrx_word' id='word_1_834' title='bbox 2857 5292 2942 5353; x_wconf 71' lang='lat' dir='ltr'><strong>me</strong></span> <span class='ocrx_word' id='word_1_835' title='bbox 2981 5303 3166 5369; x_wconf 84' lang='lat' dir='ltr'><strong>pudet.</strong></span> <span class='ocrx_word' id='word_1_836' title='bbox 3210 5299 3267 5353; x_wconf 85' lang='lat' dir='ltr'><strong>Si</strong></span> <span class='ocrx_word' id='word_1_837' title='bbox 3304 5315 3434 5353; x_wconf 87' lang='lat' dir='ltr'><strong>vero</strong></span> <span class='ocrx_word' id='word_1_838' title='bbox 3465 5301 3567 5370; x_wconf 88' lang='lat' dir='ltr'><strong>ipsi</strong></span> <span class='ocrx_word' id='word_1_839' title='bbox 3606 5315 3716 5352; x_wconf 90' lang='lat' dir='ltr'><strong>non</strong></span> 
     </span>
    </p>
   </div>
   <div class='ocr_carea' id='block_1_114' title="bbox 2129 5391 3712 5461">
    <p class='ocr_par' dir='ltr' id='par_1_114' title="bbox 2129 5391 3712 5461">
     <span class='ocr_line' id='line_1_114' title="bbox 2129 5391 3712 5461; baseline 0 -16"><span class='ocrx_word' id='word_1_840' title='bbox 2129 5392 2396 5455; x_wconf 84' lang='lat' dir='ltr'><strong>sentiunt,</strong></span> <span class='ocrx_word' id='word_1_841' title='bbox 2424 5391 2622 5445; x_wconf 89' lang='lat' dir='ltr'><strong>mirum</strong></span> <span class='ocrx_word' id='word_1_842' title='bbox 2662 5401 2749 5446; x_wconf 86' lang='lat' dir='ltr'><strong>est</strong></span> <span class='ocrx_word' id='word_1_843' title='bbox 2784 5393 3049 5461; x_wconf 87' lang='lat' dir='ltr'><strong>profecto.</strong></span> <span class='ocrx_word' id='word_1_844' title='bbox 3075 5391 3232 5457; x_wconf 86' lang='lat' dir='ltr'><strong>Quod</strong></span> <span class='ocrx_word' id='word_1_845' title='bbox 3261 5402 3444 5445; x_wconf 89' lang='lat' dir='ltr'><strong>autem</strong></span> <span class='ocrx_word' id='word_1_846' title='bbox 3490 5407 3712 5446; x_wconf 88' lang='lat' dir='ltr'><strong>omnem</strong></span> 
     </span>
    </p>
   </div>
   <div class='ocr_carea' id='block_1_115' title="bbox 2130 5483 3720 5554">
    <p class='ocr_par' dir='ltr' id='par_1_115' title="bbox 2130 5483 3720 5554">
     <span class='ocr_line' id='line_1_115' title="bbox 2130 5483 3720 5554; baseline 0.001 -16"><span class='ocrx_word' id='word_1_847' title='bbox 2130 5499 2320 5538; x_wconf 88' lang='lat' dir='ltr'><strong>eorum</strong></span> <span class='ocrx_word' id='word_1_848' title='bbox 2373 5483 2769 5554; x_wconf 87' lang='lat' dir='ltr'><strong>impudentiam</strong></span> <span class='ocrx_word' id='word_1_849' title='bbox 2813 5493 3064 5549; x_wconf 87' lang='lat' dir='ltr'><strong>enervat,</strong></span> <span class='ocrx_word' id='word_1_850' title='bbox 3096 5484 3201 5539; x_wconf 88' lang='lat' dir='ltr'><strong>hoc</strong></span> <span class='ocrx_word' id='word_1_851' title='bbox 3234 5493 3341 5549; x_wconf 83' lang='lat' dir='ltr'><strong>est,</strong></span> <span class='ocrx_word' id='word_1_852' title='bbox 3366 5484 3513 5553; x_wconf 90' lang='lat' dir='ltr'><strong>quod</strong></span> <span class='ocrx_word' id='word_1_853' title='bbox 3548 5484 3602 5538; x_wconf 91' lang='lat' dir='ltr'><strong>iu</strong></span> <span class='ocrx_word' id='word_1_854' title='bbox 3634 5485 3720 5540; x_wconf 84' lang='lat' dir='ltr'><strong>bis</strong></span> 
     </span>
    </p>
   </div>
   <div class='ocr_carea' id='block_1_116' title="bbox 2132 5578 3720 5650">
    <p class='ocr_par' dir='ltr' id='par_1_116' title="bbox 2132 5578 3720 5650">
     <span class='ocr_line' id='line_1_116' title="bbox 2132 5578 3720 5650; baseline 0.002 -19"><span class='ocrx_word' id='word_1_855' title='bbox 2132 5588 2324 5633; x_wconf 79' lang='lat' dir='ltr'><strong>contra</strong></span> <span class='ocrx_word' id='word_1_856' title='bbox 2358 5578 2692 5634; x_wconf 84' lang='lat' dir='ltr'><strong>Eunomium</strong></span> <span class='ocrx_word' id='word_1_857' title='bbox 2734 5579 3044 5634; x_wconf 86' lang='lat' dir='ltr'><strong>rationibus</strong></span> <span class='ocrx_word' id='word_1_858' title='bbox 3074 5579 3191 5634; x_wconf 86' lang='lat' dir='ltr'><strong>suis</strong></span> <span class='ocrx_word' id='word_1_859' title='bbox 3220 5588 3345 5650; x_wconf 79' lang='lat' dir='ltr'><strong>post</strong></span> <span class='ocrx_word' id='word_1_860' title='bbox 3379 5583 3552 5636; x_wconf 88' lang='lat' dir='ltr'><strong>multa</strong></span> <span class='ocrx_word' id='word_1_861' title='bbox 3584 5597 3720 5636; x_wconf 82' lang='lat' dir='ltr'><strong>con-</strong></span> 
     </span>
    </p>
   </div>
   <div class='ocr_carea' id='block_1_117' title="bbox 2134 5671 3724 5742">
    <p class='ocr_par' dir='ltr' id='par_1_117' title="bbox 2134 5671 3724 5742">
     <span class='ocr_line' id='line_1_117' title="bbox 2134 5671 3724 5742; baseline 0.003 -18"><span class='ocrx_word' id='word_1_862' title='bbox 2134 5671 2366 5725; x_wconf 85' lang='lat' dir='ltr'><strong>eludens</strong></span> <span class='ocrx_word' id='word_1_863' title='bbox 2391 5673 2479 5727; x_wconf 88' lang='lat' dir='ltr'><strong>ltic</strong></span> <span class='ocrx_word' id='word_1_864' title='bbox 2502 5672 2697 5726; x_wconf 85' lang='lat' dir='ltr'><strong>doctor</strong></span> <span class='ocrx_word' id='word_1_865' title='bbox 2716 5671 2882 5726; x_wconf 89' lang='lat' dir='ltr'><strong>infert</strong></span> <span class='ocrx_word' id='word_1_866' title='bbox 2908 5690 2922 5727; x_wconf 90' lang='lat'><strong>:</strong></span> <span class='ocrx_word' id='word_1_867' title='bbox 2946 5672 3022 5726; x_wconf 90' lang='lat' dir='ltr'><strong>Ita</strong></span> <span class='ocrx_word' id='word_1_868' title='bbox 3039 5684 3095 5727; x_wconf 87' lang='lat' dir='ltr'><strong>et</strong></span> <span class='ocrx_word' id='word_1_869' title='bbox 3125 5672 3365 5742; x_wconf 85' lang='lat' dir='ltr'><strong>Spiritus</strong></span> <span class='ocrx_word' id='word_1_870' title='bbox 3385 5684 3609 5729; x_wconf 82' lang='lat' dir='ltr'><strong>sanctus</strong></span> <span class='ocrx_word' id='word_1_871' title='bbox 3638 5675 3724 5728; x_wconf 90' lang='lat' dir='ltr'><strong>di-</strong></span> 
     </span>
    </p>
   </div>
   <div class='ocr_carea' id='block_1_118' title="bbox 2132 5764 3723 5835">
    <p class='ocr_par' dir='ltr' id='par_1_118' title="bbox 2132 5764 3723 5835">
     <span class='ocr_line' id='line_1_118' title="bbox 2132 5764 3723 5835; baseline 0.003 -21"><span class='ocrx_word' id='word_1_872' title='bbox 2132 5765 2339 5831; x_wconf 80' lang='lat' dir='ltr'><strong>gnitate</strong></span> <span class='ocrx_word' id='word_1_873' title='bbox 2364 5764 2584 5833; x_wconf 77' lang='lat' dir='ltr'><strong>quidem</strong></span> <span class='ocrx_word' id='word_1_874' title='bbox 2610 5774 2666 5817; x_wconf 86' lang='lat' dir='ltr'><strong>et</strong></span> <span class='ocrx_word' id='word_1_875' title='bbox 2690 5764 2885 5819; x_wconf 88' lang='lat' dir='ltr'><strong>ordine</strong></span> <span class='ocrx_word' id='word_1_876' title='bbox 2917 5765 3192 5819; x_wconf 83' lang='lat' dir='ltr'><strong>secundus</strong></span> <span class='ocrx_word' id='word_1_877' title='bbox 3224 5775 3346 5835; x_wconf 88' lang='lat' dir='ltr'><strong>post</strong></span> <span class='ocrx_word' id='word_1_878' title='bbox 3374 5764 3570 5819; x_wconf 85' lang='lat' dir='ltr'><strong>Filium</strong></span> <span class='ocrx_word' id='word_1_879' title='bbox 3597 5776 3683 5819; x_wconf 81' lang='lat' dir='ltr'><strong>est</strong></span> <span class='ocrx_word' id='word_1_880' title='bbox 3709 5786 3723 5831; x_wconf 84' lang='grc'><strong>;</strong></span> 
     </span>
    </p>
   </div>
   <div class='ocr_carea' id='block_1_119' title="bbox 2133 5856 3729 5923">
    <p class='ocr_par' dir='ltr' id='par_1_119' title="bbox 2133 5856 3729 5923">
     <span class='ocr_line' id='line_1_119' title="bbox 2133 5856 3729 5923; baseline 0.004 -17"><span class='ocrx_word' id='word_1_881' title='bbox 2133 5856 2444 5923; x_wconf 74' lang='lat' dir='ltr'><strong>accepimus</strong></span> <span class='ocrx_word' id='word_1_882' title='bbox 2476 5871 2622 5910; x_wconf 79' lang='lat' dir='ltr'><strong>cnzm</strong></span> <span class='ocrx_word' id='word_1_883' title='bbox 2645 5872 2770 5909; x_wconf 89' lang='lat' dir='ltr'><strong>eum</strong></span> <span class='ocrx_word' id='word_1_884' title='bbox 2796 5856 3014 5911; x_wconf 84' lang='lat' dir='ltr'><strong>tertium</strong></span> <span class='ocrx_word' id='word_1_885' title='bbox 3042 5874 3068 5910; x_wconf 72' lang='grc' dir='ltr'><strong>ιι</strong></span> <span class='ocrx_word' id='word_1_886' title='bbox 3092 5859 3248 5912; x_wconf 75' lang='lat' dir='ltr'><strong>Putre</strong></span> <span class='ocrx_word' id='word_1_887' title='bbox 3276 5866 3331 5911; x_wconf 87' lang='lat' dir='ltr'><strong>et</strong></span> <span class='ocrx_word' id='word_1_888' title='bbox 3356 5857 3497 5911; x_wconf 83' lang='lat' dir='ltr'><strong>Ftiio</strong></span> <span class='ocrx_word' id='word_1_889' title='bbox 3529 5870 3729 5913; x_wconf 80' lang='lat' dir='ltr'><strong>nume-</strong></span> 
     </span>
    </p>
   </div>
  </div>
