4086 6430
371 361 482 428 413

1297 363 1390 421 DE
1435 361 1953 420 i’liOCE‘SSiONE
2001 360 2366 421 Sl‘lRlTUS
2409 359 2714 438 SANCTI.

3538 363 3645 430 iii-

368 493 550 534 ratum
595 477 715 546 ipso
741 477 972 530 Domino
1031 475 1085 526 in
1121 474 1427 528 tradilione
1471 475 1816 544 baptismatis
1873 491 1957 530 sa-
1989 481 2027 534 A
2061 485 2114 528 ct
2148 473 2379 527 ordine:
2417 473 2583 542 igitur
2609 471 2852 542 Spiritus
2878 489 2942 528 ex
2973 474 3111 530 Filio
3141 486 3248 530 est.
3279 478 3430 544 Quod
3459 492 3650 533 autem

366 571 555 627 lutans
580 571 729 624 hunc
761 569 1011 623 ordinem
1050 568 1282 622 docente
1311 581 1435 621 eum
1470 567 1674 621 dixerit
1709 585 1721 619 :
1759 567 1957 622 Euutcs

367 667 657 735 baptizata,
681 676 790 718 etc.
847 661 1242 716 Animadverte
1317 661 1484 732 igitur
1547 660 1694 730 quod
1756 661 1959 732 quibus

367 758 704 828 argumentis
731 756 786 809 in
827 755 1088 824 Epistola
1135 756 1202 807 ad
1237 753 1536 808 canonicas
1613 753 1864 806 ordinem
1901 753 1955 807 in

378 849 645 902 Trinitale
681 847 878 916 prohat
909 847 1191 912 salutaris,
1220 847 1439 901 scilicet
1467 845 1814 916 baptismatis
1854 855 1958 900 tra-

364 945 596 1008 ditione,
629 943 842 998 eisdem
901 943 1067 996 etiam
1129 941 1218 995 hic
1247 940 1500 994 eumdem
1558 939 1806 993 ordinem
1865 939 1960 991 de-

365 1044 681 1099 monstrat;
724 1041 780 1087 at
813 1033 869 1087 in
905 1033 1151 1110 Epistula
1191 1033 1256 1086 ad
1295 1031 1602 1086 canonicas
1638 1040 1784 1083 tanta
1832 1043 1956 1083 cum

362 1127 696 1180 eertitudine
729 1125 881 1179 hunc
916 1125 1422 1188 asseritordinem,
1476 1133 1535 1177 ut
1573 1139 1697 1178 eum
1731 1121 1822 1190 qui
1857 1120 1957 1174 ali-

362 1229 443 1272 ter
469 1217 699 1282 diceret,
732 1218 959 1288 impium
988 1227 1285 1272 assereret.
1313 1217 1432 1282 Quo
1461 1217 1625 1286 igitur
1649 1215 1812 1269 modo
1849 1214 1957 1278 hic,

364 1310 457 1362 ubi
496 1310 703 1364 eisdem
729 1307 1072 1378 argumentis
1104 1307 1303 1366 utitur.
1335 1321 1459 1360 cum
1523 1306 1866 1360 limsitalione
1903 1313 1960 1357 cl.

363 1397 706 1456 dubitatione
731 1399 1088 1470 loqueretur?
1111 1414 1294 1452 verum
1319 1398 1436 1452 hac
1465 1413 1754 1466 pravorum
1782 1396 1962 1450 homi-

367 1508 520 1558 num,
557 1503 612 1546 et
648 1491 968 1562 impiorum,
991 1505 1097 1542 non
1136 1488 1286 1543 illius
1317 1487 1653 1543 sanctissimi
1675 1487 1778 1540 viri
1805 1497 1956 1540 sunt.

371 1583 729 1652 Nolliitaque
808 1579 1175 1636 dubitandum
1210 1590 1296 1634 est
1347 1579 1522 1634 sancti
1575 1579 1753 1633 Patris
1783 1579 1956 1632 nostri

385 1676 569 1730 Basilii
629 1675 768 1729 hanc
800 1688 922 1727 esse
953 1672 1366 1735 auctoritatem,
1419 1669 1711 1740 Spiritum,
1749 1671 1960 1726 scilicet

367 1778 637 1830 sanctum,
693 1765 892 1820 ordine
945 1773 1002 1818 et
1062 1762 1331 1834 dignitate
1394 1763 1700 1818 sccnndum
1754 1777 1782 1816 a
1817 1749 1956 1817 Filio

2065 565 2306 634 Spiritus
2335 575 2529 620 natura
2581 577 2666 622 est
2701 568 2896 624 ordine
2927 570 3206 626 secundus
3235 589 3261 624 a
3293 574 3449 634 Filio.
3479 586 3648 644 patet.

2063 659 2200 712 nihil
2243 659 2390 714 enim
2425 669 2510 714 est
2535 661 2586 714 in
2616 671 2804 715 sancta
2838 661 3110 718 Trinitate
3133 677 3334 734 printer
3367 678 3643 730 naturam,

2062 764 2240 818 neque
2273 765 2372 819 per
2402 750 2660 804 accidens
2698 767 2712 816 ;
2747 763 2796 806 et
2828 767 2958 808 cave
2994 770 3062 810 ne
3088 763 3140 810 te
3174 758 3506 812 scandalizet
3535 762 3650 814 hac

2062 840 2252 907 dictio,
2291 852 2506 907 natura,
2542 859 2666 896 cum
2695 843 2958 914 Spiritum
3019 857 3214 902 natura
3265 851 3566 904 secundum
3618 872 3645 905 a

2063 929 2202 987 Filio
2225 933 2440 988 audias.
2479 934 2591 987 Non
2618 934 2766 988 enim
2808 937 3109 990 secundum
3142 947 3396 993 naturam
3445 957 3649 996 secun-

2064 1026 2196 1080 dum
2232 1025 2386 1078 illum
2417 1025 2675 1090 dicimus,
2708 1027 3017 1082 utalterius
3076 1039 3284 1084 natura:
3329 1031 3478 1086 illum
3523 1049 3646 1088 esse

2063 1117 2444 1178 ostendamus,
2479 1127 2642 1186 prout
2669 1119 2978 1175 Eunomius
3003 1121 3274 1186 faciebat;
3311 1125 3405 1178 sed
3437 1135 3647 1179 naturae

2065 1209 2303 1263 dicimus
2325 1207 2685 1262 excludentes
2717 1209 3004 1276 accidens,
3063 1219 3120 1265 et
3148 1212 3296 1281 quod
3323 1225 3523 1280 printer
3552 1231 3648 1268 na-

2066 1311 2244 1355 turam
2281 1311 2386 1356 est.
2423 1301 2538 1355 Hoc
2574 1309 2758 1355 autem
2797 1310 3028 1356 sanctus
3065 1318 3283 1372 quoque
3312 1305 3646 1360 Athanasius

2065 1400 2339 1458 testatur;
2373 1392 2586 1461 qualem
2651 1392 2904 1446 ordinem
2957 1403 3012 1448 et
3045 1403 3293 1448 naturam
3355 1397 3523 1451 habet
3558 1397 3649 1450 Fi-

2060 1483 2168 1538 lius
2187 1485 2251 1539 ad
2271 1485 2510 1550 Patrem,
2542 1485 2705 1539 talem
2726 1485 2974 1538 ordinem
3013 1496 3069 1540 et
3110 1497 3357 1542 naturam
3378 1489 3642 1560 Spiritum

2062 1593 2280 1648 quoque
2337 1590 2584 1632 sanctum
2643 1577 2710 1632 ad
2755 1579 2952 1632 Filium
3001 1579 3204 1634 habere
3251 1580 3476 1635 docens.
3525 1581 3643 1634 Duo

2061 1667 2205 1720 enim
2237 1667 2352 1722 haec
2376 1683 2473 1736 per
2495 1667 2636 1723 hanc
2662 1669 3046 1724 auctoritatem
3073 1671 3398 1739 probantur,
3420 1681 3474 1725 et
3497 1673 3640 1741 quod

2064 1761 2256 1814 tertius
2281 1776 2309 1812 a
2335 1761 2496 1816 Patre
2517 1759 2760 1830 Spiritus
2782 1773 3004 1817 sanctus
3033 1773 3118 1818 est
3137 1764 3351 1827 ordine,
3371 1776 3426 1819 et
3450 1780 3648 1819 secun-

365 1876 510 1924 esse,
554 1860 844 1928 ipsumque
875 1871 996 1912 esse
1029 1854 1234 1928 habere
1302 1852 1370 1906 ab
1394 1868 1481 1917 eo,
1531 1863 1585 1907 ct
1637 1853 1704 1906 ab
1734 1867 1801 1906 eo
1831 1861 1952 1906 tan-
1991 1823 2030 1876 Β
2063 1853 2168 1907 dus
2194 1868 2223 1906 a
2261 1852 2422 1917 Filio,
2455 1854 2714 1924 quodque
2743 1864 2941 1909 natura
2973 1868 3056 1910 est
3085 1857 3175 1909 hic
3207 1859 3364 1912 ordo.
3393 1855 3499 1912 Sed
3531 1858 3646 1912 haec

366 1969 531 2023 quam
567 1927 783 2004 acausa
827 1945 1162 2017 dependere.
1217 1943 1372 2010 Quod
1401 1960 1528 1998 cum
1585 1945 1658 1998 ita
1707 1945 1802 2010 sit,
1831 1944 1956 2014 quis

370 2043 604 2113 amplius
631 2042 838 2112 aliquid
865 2043 1004 2096 alius
1031 2042 1232 2112 quaerit
1255 2040 1501 2095 ?'Nonne
1533 2040 1686 2094 solus
1711 2038 1952 2094 Basilius

363 2135 642 2190 soliti-iens
678 2145 760 2188 est
784 2149 1002 2188 ouniem
1035 2148 1136 2187 nos
1187 2132 1387 2188 docere
1419 2132 1735 2190 veritatem?
1761 2131 1954 2186 Nonne

365 2237 574 2281 tantum
611 2237 666 2280 et
723 2227 973 2279 humanm
1033 2235 1082 2279 et
1133 2224 1333 2278 divinae
1385 2223 1667 2294 sapientiae
1719 2224 1951 2292 partici-

363 2318 534 2387 pavit,
567 2326 626 2368 ut
657 2317 824 2369 etiam
863 2315 1013 2369 solus
1043 2313 1324 2370 sulliciens
1354 2315 1428 2369 sit
1471 2315 1570 2370 toti
1629 2329 1813 2368 causa:
1849 2313 1952 2366 do-

361 2421 482 2464 ctor
534 2423 596 2462 ac
624 2408 929 2478 magister?
963 2406 1028 2461 Et
1055 2423 1368 2476 quanquam
1403 2406 1520 2460 haec
1550 2406 1771 2469 veritas,
1804 2406 1952 2476 quod

363 2501 604 2571 Spiritus
631 2510 856 2555 sanctus
889 2501 1144 2556 videlicet
1193 2501 1357 2555 etiam
1397 2516 1464 2554 ex
1503 2500 1640 2554 Filio
1678 2501 1949 2570 procedit,

363 2593 534 2647 exiis
588 2593 753 2647 etiam
813 2593 974 2646 nudis
1023 2593 1186 2656 huius
1244 2591 1487 2646 doctoris
1561 2591 1745 2646 verbis
1774 2593 1950 2646 mani-

361 2685 502 2740 feste
560 2695 857 2754 appareat:
925 2700 1032 2738 non
1089 2691 1267 2737 tamen
1305 2683 1372 2738 ab
1431 2699 1489 2738 re
1521 2698 1644 2738 esse
1700 2683 1942 2754 judicavi

365 2777 540 2845 ipsius
563 2778 680 2847 ejus
704 2777 888 2830 verbis
919 2775 1333 2844 pra'suppositis
1352 2775 1728 2846 syllogismum
1759 2792 1950 2845 quem-

362 2869 489 2922 dam
527 2870 593 2921 ad
658 2883 780 2922 eam
841 2867 1130 2922 veritatem
1167 2867 1504 2934 probandam
1539 2866 1768 2928 inferne.
1803 2867 1950 2923 Dicit

363 2963 531 3032 igitur
571 2959 770 3014 Filium
807 2959 1110 3015 secundum
1154 2973 1182 3011 a
1231 2959 1393 3013 Patre
1421 2957 1621 3012 ordine
1668 2966 1722 3011 et
1769 2958 1949 3029 digni-

365 3061 475 3107 tate
499 3069 514 3114 ;
539 3052 642 3106 hoc
669 3059 851 3105 autem
881 3051 1050 3105 nostri
1077 3049 1243 3104 etiam
1275 3048 1606 3114 concedunt,
1640 3049 1736 3104 sed
1767 3051 1945 3104 anim-

2062 1942 2289 2011 quidem
2345 1959 2414 1998 ex
2449 1944 2876 2000 auctoritatibus
2932 1947 3108 2000 sam-ti
3139 1947 3324 2001 Basilii
3387 1948 3507 2003 luce
3535 1949 3645 2002 cla-

2061 2035 2176 2089 rius
2213 2035 2442 2103 probata
2469 2045 2619 2102 sunt,
2654 2053 2777 2106 qua}
2808 2037 2975 2108 longo
3001 2055 3256 2094 sermone
3285 2040 3412 2094 data
3467 2057 3634 2110 opera

2058 2127 2325 2196 exposui;
2363 2141 2487 2182 cum
2522 2143 2630 2182 non
2679 2144 2847 2198 parva
2886 2145 2987 2185 nos
3037 2130 3165 2186 inde
3218 2141 3484 2206 sequatur
3535 2132 3644 2184 uti-

2055 2217 2201 2282 liras,
2237 2217 2345 2270 imo
2379 2234 2513 2274 vero
2583 2228 2758 2274 totum
2792 2221 2906 2274 haec
2944 2223 3056 2276 sola
3084 2221 3250 2276 verba
3285 2225 3513 2294 possint.
3552 2223 3640 2278 Si-

2056 2309 2280 2378 quidem
2328 2309 2477 2364 solus
2505 2311 2738 2366 Basilius
2769 2311 3049 2367 sufficiens
3081 2321 3166 2367 est
3209 2315 3276 2367 ad
3325 2314 3633 2370 docendum

2058 2415 2155 2454 nos
2176 2400 2298 2456 fidei
2320 2401 2759 2458 veritatcham
2795 2419 2923 2458 vero
2947 2404 3014 2458 ad
3039 2405 3310 2474 promissa
3337 2421 3422 2459 me
3455 2417 3636 2460 trans-

2055 2481 2245 2548 féram.
2267 2506 2322 2545 et
2348 2505 2565 2546 omnem
2587 2492 2683 2546 tibi
2712 2509 3029 2562 processum
3051 2497 3190 2549 sacri
3215 2497 3432 2550 concilii
3459 2497 3638 2550 brevi-

2055 2589 2137 2636 lcr
2177 2584 2445 2650 narrabo;
2483 2585 2680 2641 deinde
2717 2587 2927 2655 aliquas
2955 2587 3450 2643 demonstrationes
3474 2591 3636 2660 hujus

2058 2675 2306 2740 veritatis
2361 2677 2414 2730 in
2453 2677 2691 2733 medium
2735 2679 2982 2746 aderam,
3011 2689 3066 2733 et
3108 2680 3188 2735 sic
3217 2682 3378 2734 finem
3412 2682 3634 2737 faciam.

2131 2767 2392 2822 Narratio
2419 2785 2600 2822 eorum
2634 2786 2746 2838 qua'
2777 2771 2831 2823 in
2865 2770 3088 2824 concilio
3121 2772 3270 2840 facta
3327 2774 3562 2842 fuerunt.

2125 2861 2214 2914 Illa
2250 2861 2436 2930 igitur,
2459 2861 2527 2914 de
2551 2863 2754 2931 quibus
2789 2861 3074 2926 Ferrariai,
3105 2865 3198 2920 ubi
3235 2875 3290 2919 ul
3323 2877 3510 2920 notum
3537 2883 3634 2920 vo-

2052 2951 2136 3007 bis
2166 2963 2266 3016 est,
2287 2955 2466 3022 primo
2486 2955 2821 3023 appulimus,
2841 2965 2966 3010 ante
2986 2956 3387 3014 inchoationem
3411 2961 3632 3016 concilii

2053 3043 2312 3113 privatim
2373 3044 2802 3113 disputavimus,
2867 3055 3124 3114 tanquam
3175 3061 3284 3100 non
3324 3053 3632 3104 necessaria

361 3143 588 3197 adverte
614 3157 848 3212 quonam
905 3140 1066 3195 modo
1110 3141 1385 3196 secundus
1412 3155 1440 3190 a
1485 3139 1646 3194 Patre
1680 3140 1751 3192 sit
1778 3139 1949 3194 Filius
1976 3179 2016 3231 ε
2052 3137 2323 3198 omittam,
2349 3151 2472 3189 cum
2500 3138 2664 3190 etiam
2689 3138 2848 3191 nobis
2873 3140 2960 3192 illa
2985 3141 3195 3196 terendi
3229 3143 3490 3211 temporis
3512 3161 3634 3214 gra-

362 3237 557 3290 ordine
587 3211 643 3291 et
689 3235 955 3305 dignitate
987 3251 1001 3287 :
1057 3234 1198 3288 idem
1252 3233 1397 3287 enim
1439 3233 1624 3294 infert,
1657 3243 1945 3303 propterea
1976 3211 2016 3231 υ
2055 3229 2126 3282 tia
2167 3231 2376 3299 porius,
2413 3242 2469 3285 et
2530 3233 2652 3287 illos
2681 3236 3057 3302 exspectandi,
3089 3237 3182 3306 qui
3227 3240 3444 3292 venturi
3475 3253 3634 3294 erant

361 3329 506 3396 quod
553 3325 620 3380 ab
652 3341 718 3380 eo
749 3337 854 3390 εει,
900 3334 955 3380 et
994 3325 1121 3394 quia
1153 3324 1502 3406 principiunl
1545 3333 1600 3378 et
1640 3339 1800 3378 causa
1829 3325 1948 3394 ejus

363 3429 450 3474 est
493 3419 674 3473 Pater.
705 3419 885 3484 Quare
917 3419 1061 3487 quod
1095 3418 1149 3471 in
1199 3417 1404 3470 divinis
1455 3418 1707 3485 personis
1747 3431 1946 3472 secun-

362 3513 493 3564 dum
514 3511 706 3564 ordine
731 3509 1062 3580 etdignitate
1087 3509 1154 3561 ab
1168 3509 1350 3577 aliquo
1373 3517 1478 3570 est,
1500 3508 1624 3562 ideo
1642 3506 1944 3562 secundum

362 3603 431 3657 ab
463 3603 556 3656 illo
584 3601 820 3671 est,quia
843 3611 926 3656 est
951 3601 1019 3654 ab
1055 3601 1168 3653 illo.
1197 3599 1322 3654 llaec
1361 3615 1495 3654 vero
1521 3599 1574 3654 in
1601 3599 1946 3653 naturalibus

363 3697 525 3751 etiam
561 3694 730 3748 rebus
775 3693 1120 3768 manifestum
1157 3703 1261 3747 est.
1297 3693 1471 3747 Omne
1509 3694 1656 3747 enim
1690 3691 1834 3761 quod
1869 3695 1938 3748 ab

365 3787 548 3855 aliquo
581 3797 775 3840 natura
806 3786 1106 3840 secundum
1147 3794 1250 3846 est,
1300 3786 1464 3839 etiam
1497 3786 1564 3838 ab
1616 3800 1683 3839 eo
1745 3794 1862 3839 est:
1894 3786 1940 3839 si

363 3881 484 3947 quis
521 3879 663 3932 dicat
705 3879 942 3932 calorem
981 3877 1208 3944 produci
1275 3895 1301 3930 a
1351 3879 1463 3932 sole
1496 3877 1651 3946 prius
1699 3878 1938 3942 radium,

361 3987 470 4026 non
534 3983 714 4026 tamen
765 3971 1004 4026 calorem
1033 3971 1258 4040 produci
1318 3985 1349 4023 a
1404 3969 1580 4034 radio,
1619 3985 1937 4038 quanquam

359 4064 432 4119 sit
459 4075 650 4116 natura
697 4061 972 4116 secundus
1017 4069 1143 4130 post
1175 4059 1409 4124 radium,
1439 4063 1821 4129 rcSpondetur,
1881 4060 1936 4114 in

357 4155 631 4208 creaturis
667 4151 915 4222 quidem,
955 4153 1099 4222 quod
1135 4161 1326 4205 natura
1359 4151 1662 4206 secundum
1708 4153 1938 4208 alterius

359 4247 428 4300 ab
462 4261 528 4299 eo
570 4260 714 4310 esse,
737 4244 823 4298 vel
855 4255 1110 4311 tauquam
1140 4257 1170 4296 a
1200 4257 1362 4297 causa
1387 4243 1662 4307 ell'ectiva,
1697 4245 1780 4298 vel
1819 4254 1937 4298 tan-

357 4351 520 4406 quam
555 4355 584 4391 a
633 4319 842 4400 causa,"r
879 4337 997 4390 sine
1039 4351 1146 4404 qua
1195 4351 1327 4401 non,
1365 4347 1424 4389 ut
1448 4338 1501 4390 in
1525 4337 1780 4406 exemplo
1809 4353 1935 4407 pro-

357 4431 523 4484 ducto
553 4447 570 4496 ;
605 4429 658 4482 in
689 4427 798 4483 Deo
826 4443 948 4484 cum
1007 4444 1114 4482 non
1171 4429 1326 4496 prius
1377 4435 1621 4497 tempore
1672 4430 1935 4498 procedat

2050 3323 2114 3376 ad
2141 3324 2463 3390 concilium,
2501 3330 2778 3396 proposita
2811 3327 3038 3391 fuerint.
3068 3347 3228 3400 quam
3266 3334 3410 3401 quod
3441 3349 3630 3386 neces.-

2048 3414 2194 3468 saria
2226 3424 2433 3474 essent.
2479 3418 2750 3486 Tempore
2783 3435 2914 3473 vero
2955 3421 3280 3477 adveniente
3321 3425 3498 3478 visum
3547 3437 3630 3478 est

2049 3508 2255 3561 nostris
2286 3509 2340 3562 in
2367 3511 2500 3562 duas
2527 3522 2716 3579 partes
2744 3513 3078 3582 propositam
3103 3518 3462 3584 tiliaestioncm
3490 3518 3630 3569 divi-

2047 3599 2178 3654 dere
2205 3616 2219 3652 2
2245 3617 2432 3660 unam.
2463 3603 2610 3670 quod
2647 3619 2747 3658 nec
2780 3601 2958 3674 ipsam
2983 3607 3149 3660 etiam
3184 3609 3466 3662 veritatem
3500 3609 3630 3664 licc-

2047 3703 2130 3746 ret
2160 3692 2362 3748 addere
2390 3693 2648 3766 Symbolo
2677 3697 2896 3751 Patrum
2929 3717 2942 3753 :
2974 3699 3220 3760 alteram,
3247 3703 3392 3771 quod
3425 3719 3524 3756 nec
3555 3708 3626 3758 sit

2045 3798 2233 3836 vexum
2268 3783 2533 3852 Spiritum
2579 3799 2828 3842 sanctum
2861 3805 2926 3843 ex
2955 3789 3130 3844 Patre'
3177 3791 3428 3861 Filioque
3487 3811 3615 3860 pro-

2045 3876 2258 3930 cedere.
2288 3875 2355 3930 Et
2383 3893 2506 3931 cum
2549 3879 2649 3934 hoc
2679 3880 2995 3949 placuisset,
3018 3883 3238 3935 domum
3270 3884 3622 3953 quaerebatur

2043 3983 2283 4034 quonam
2345 3969 2722 4037 incipiendum
2775 3981 2942 4033 esset.
2979 3983 3034 4027 et
3063 3975 3344 4030 communi
3385 3975 3616 4029 aliorum

2042 4059 2313 4112 sententia
2349 4059 2530 4113 visum
2567 4059 2672 4114 fuit
2700 4061 2829 4115 inde
2869 4061 3113 4131 incipere
3143 4082 3156 4120 :
3198 4055 3342 4132 quod
3371 4065 3506 4118 nihil
3545 4069 3619 4121 sit

2039 4153 2354 4207 addendum
2387 4151 2452 4224 Sy
2467 4155 2666 4222 mbolo,
2696 4171 3006 4225 quanquam
3035 4158 3149 4227 ipse
3172 4158 3455 4212 manifeste
3488 4175 3621 4214 con-

2041 4244 2405 4300 tradicebam.
2469 4245 2698 4300 Aiebam
2766 4248 2914 4300 enim
2959 4257 3054 4301 aut
3109 4249 3451 4318 probabilius
3511 4253 3617 4307 hoc

2047 4334 2224 4390 altero
2283 4350 2426 4399 esse,
2483 4345 2576 4389 aut
2623 4353 2653 4392 e
2709 4347 2940 4392 contra:
2981 4348 3036 4392 ct
3099 4340 3371 4410 siquidem
3401 4391 3408 4396 ,
3437 4343 3618 4395 minus

2041 4427 2325 4496 probabile
2353 4439 2521 4492 esset,
2555 4445 2667 4483 non
2693 4429 2934 4484 deccrca
2955 4431 3323 4487 dcbilioribus
3347 4435 3612 4504 incipere,

353 4536 384 4576 a
453 4519 612 4573 Patre
677 4517 867 4584 Filius,
909 4534 1072 4588 quam
1129 4517 1388 4588 Spiritus,
1451 4519 1496 4572 si
1554 4519 1796 4588 Spiritus
1845 4529 2006 4592 cstp
2039 4523 2110 4577 ita
2143 4524 2404 4577 utvictos
2437 4533 2490 4577 et
2537 4523 2852 4593 prolligatos
2907 4539 3008 4578 nos
3067 4525 3121 4578 in
3194 4527 3374 4595 primo
3432 4543 3609 4584 rei-ta-

355 4621 552 4666 natura
585 4611 863 4666 secundus
897 4609 1058 4676 Filio,
1091 4618 1309 4679 oportet
1336 4611 1480 4680 quod
1515 4611 1584 4665 ab
1620 4627 1685 4666 eo
1709 4614 1778 4667 sit
1809 4621 1930 4667 tan-

353 4719 518 4774 quam
547 4720 755 4759 acausa
788 4704 1040 4759 etl'ectiva
1069 4720 1083 4758 :
1119 4704 1390 4759 sumimus
1420 4713 1603 4757 autem
1636 4703 1744 4766 hic,
1771 4714 1828 4759 et
1876 4704 1933 4758 in

355 4805 472 4851 toto
505 4796 608 4850 hoc
624 4809 790 4864 Opere
813 4809 1032 4849 causam
1063 4808 1164 4863 pro
1187 4795 1526 4864 producente
1555 4809 1708 4849 more
1739 4795 1932 4850 docto.

355 4900 476 4939 rum
495 4885 828 4940 Gram-orum.
849 4887 918 4940 At
939 4885 1204 4955 Spiritum
1223 4901 1442 4956 quoque
1468 4895 1718 4942 sanctum
1738 4888 1932 4942 ordine

349 4989 406 5033 et
425 4978 690 5048 dignitate
719 4979 1020 5034 secundum
1044 4995 1074 5032 a
1093 4977 1232 5032 Filio
1261 4978 1403 5033 idem
1433 4980 1502 5033 ait
1526 4995 1540 5044 ;
1569 4979 1714 5049 quod
1747 4989 1928 5035 autem
1983 4971 1986 4978 ’

355 5085 464 5123 non
491 5071 646 5139 quasi
665 5069 952 5133 dubitans,
978 5077 1039 5123 ut
1064 5069 1287 5139 quidem
1316 5073 1614 5136 somniant,
1655 5070 1767 5124 imo
1797 5087 1928 5126 vero

355 5174 512 5216 certo
554 5170 747 5218 tenens
784 5163 841 5216 in
892 5161 1122 5230 epistola
1157 5161 1223 5214 ad
1253 5161 1548 5216 canonicas
1576 5162 1722 5216 clare
1774 5162 1928 5216 vide-

351 5261 460 5304 tur.
495 5251 571 5305 Ex
603 5252 670 5306 iis
704 5253 866 5318 igitur
897 5251 1002 5305 tale
1028 5252 1098 5306 sit
1127 5251 1755 5321 argumentum.0mne,
1779 5253 1926 5322 quod

349 5343 404 5396 in
445 5342 646 5398 divinis
677 5344 927 5412 personis
957 5343 1067 5398 alio
1100 5344 1404 5398 secundum
1440 5353 1546 5405 est,
1603 5345 1669 5398 ab
1697 5361 1763 5399 eo
1798 5355 1881 5399 est
1910 5363 1925 5400 :

354 5435 594 5504 Spiritus
607 5451 738 5490 vero
763 5444 987 5490 sanctus
1005 5435 1284 5490 secundus
1310 5449 1340 5489 a
1371 5433 1512 5490 Filio
1535 5445 1618 5490 est
1659 5455 1672 5488 :
1703 5437 1870 5508 igitur
1895 5453 1926 5491 a

349 5525 490 5580 Filio
521 5537 626 5582 est.
659 5527 817 5592 Quod
846 5528 890 5582 si
917 5528 1158 5583 volueris
1191 5528 1362 5598 magis
1399 5530 1736 5598 generaliter
1758 5545 1926 5601 argu-

349 5619 602 5686 mentari,
639 5619 694 5672 in
728 5619 876 5675 hunc
899 5621 1118 5675 modum
1145 5621 1246 5674 tibi
1267 5621 1566 5676 dicendum
1589 5632 1704 5676 est:
1729 5623 1922 5688 Omne,

347 5712 490 5777 quod
517 5711 585 5765 ab
615 5719 809 5766 natura
855 5713 1154 5766 secundum
1230 5713 1418 5783 aliquo
1475 5723 1583 5776 est,
1614 5719 1680 5767 ab
1724 5731 1792 5770 eo
1815 5727 1921 5772 est.

351 5805 587 5876 Spiritus
615 5820 740 5862 vero
768 5817 961 5863 natura
987 5807 1260 5862 secundus
1295 5817 1378 5862 est
1407 5823 1436 5862 a
1469 5806 1624 5874 Filio,
1662 5808 1923 5880 dignitate

2037 4617 2187 4670 mine
2225 4617 2557 4670 deterritos:
2589 4616 2792 4670 deinde
2821 4621 3128 4671 secundum
3161 4619 3373 4682 subire,
3409 4637 3476 4676 ne
3501 4624 3612 4676 for-

2035 4709 2197 4764 tassis
2233 4711 2421 4766 islhazc
2455 4709 2766 4780 profligatio
2792 4711 2958 4765 etiam
2993 4725 3048 4766 ut
3075 4717 3371 4768 secundam
3396 4727 3606 4786 partem

2033 4801 2394 4870 perderemus
2439 4818 2603 4857 causa
2644 4803 2818 4857 fleret.
2886 4805 3041 4870 Quod
3099 4806 3142 4860 si
3183 4807 3608 4874 probabiliorem

2031 4893 2180 4947 illam
2207 4903 2416 4964 partem
2450 4907 2789 4964 putaremus,
2845 4907 3100 4964 Oportcre
3153 4913 3276 4952 eam
3335 4902 3608 4968 posterio-

2035 5001 2149 5040 rem
2179 5002 2421 5042 scrvare.
2449 4987 2506 5042 Si
2547 4989 2694 5041 enim
2725 4989 2778 5042 in
2814 4991 2986 5060 pritna
3021 4994 3328 5060 qumstione
3365 4995 3612 5048 vincere-

2033 5093 2176 5142 mus,
2194 5078 2358 5133 etiam
2381 5079 2680 5134 secundum
2708 5079 2920 5135 fortiori
2944 5084 3128 5136 animo
3152 5075 3602 5153 aggrederentur;

2031 5173 2178 5240 quod
2209 5171 2252 5224 si
2297 5173 2524 5240 primam
2553 5173 2928 5243 perderemus,
2985 5175 3134 5228 illam
3173 5177 3449 5242 videlicet,
3487 5192 3609 5246 qua:

2033 5261 2298 5331 Spiritum
2355 5273 2608 5318 sanctum
2645 5264 2810 5318 etiam
2849 5281 2878 5319 a
2913 5263 3054 5319 Filio
3099 5267 3397 5334 proci'dere
3433 5273 3606 5336 ponit.

2031 5359 2164 5408 tunc
2195 5354 2388 5408 saltem
2415 5355 2466 5407 in
2502 5357 2742 5410 secunda
2767 5357 3146 5424 vinceremus;
3188 5375 3369 5428 neque
3431 5359 3601 5428 ipsam

2029 5447 2313 5499 veritatem
2345 5445 2512 5500 licere
2544 5449 2746 5502 addere
2778 5449 3152 5504 ostendentes.
3187 5451 3455 5508 Praeterea
3476 5469 3602 5508 cum

2029 5537 2084 5592 in
2153 5547 2348 5594 natura
2398 5540 2562 5593 etiam
2617 5540 2764 5610 quod
2813 5541 2928 5594 fieri
2962 5557 3060 5610 per
3108 5544 3366 5610 pauciora
3399 5555 3602 5614 potest,

2029 5647 2138 5685 non
2167 5630 2225 5684 fit
2253 5645 2348 5700 per
2384 5632 2576 5701 plura:
2611 5634 2812 5687 frustra
2843 5635 2991 5686 enim
3030 5643 3196 5696 esset,
3240 5635 3445 5690 frustra
3473 5651 3606 5690 vero

2031 5739 2132 5777 nec
2189 5721 2350 5788 Deus,
2387 5737 2488 5777 nec
2541 5735 2735 5777 natura
2781 5723 2912 5778 facit
2951 5741 2964 5788 ;
3015 5724 3148 5778 illud
3191 5727 3608 5796 proponendum

2031 5815 2276 5870 dicebam
2303 5825 2355 5867 et
2394 5813 2460 5868 de
2489 5815 2580 5869 illo
2607 5816 2838 5884 primum
2873 5799 3286 5887 disputantium,
3309 5829 3429 5888 post
3462 5819 3613 5888 quod
