4086 6434
479 393 583 459 415

1440 395 1952 456 BESSAIilONIS
1980 397 2039 460 S.
2084 398 2158 457 Β.
2197 398 2771 460 E.CARDINALIS

3636 395 3744 460 “6

480 506 639 564 alteri
683 522 790 561 non
866 504 1194 573 relinquitur
1288 506 1460 561 locus.
1520 508 1576 562 Si
1663 510 1830 580 igitur
1886 511 2063 579 ipsum
2093 513 2144 573 Α
2172 524 2294 565 mus
2322 511 2623 566 secundum
2651 513 3054 567 (ecumetticum
3097 512 3392 568 concilium
3418 510 3740 585 Symbolum

482 601 680 669 dogma
726 597 919 651 falsum
973 610 1095 649 esse
1145 596 1523 664 probaremus.
1558 599 1689 653 illud
1719 601 1923 654 addere
1954 615 2063 654 non

485 692 649 748 licere
678 688 1026 743 manifestum
1071 696 1237 750 esset,
1273 703 1371 743 nec
1395 689 1739 757 probandum
1762 699 1927 750 esset,
1954 706 2060 744 non

485 783 650 837 licere
709 780 843 835 illud
896 781 1121 834 addere.
1165 785 1344 844 Quare
1374 796 1484 835 uno
1515 782 1818 836 certamine
1883 790 2060 837 totum

485 875 851 943 perficiet-ius,
874 870 1167 933 airbam,si
1193 870 1523 940 incipiemus
1552 887 1581 925 a
1599 872 1873 942 dogmate,
1902 873 2065 927 etiam

488 969 621 1023 illud
664 967 861 1021 falsum
900 980 1023 1020 esse
1075 964 1308 1034 probare
1341 965 1669 1034 poterimus.
1698 965 1855 1031 Quod
1881 975 2065 1021 autem

494 1077 597 1116 nec
629 1062 803 1131 ipsam
831 1059 1122 1113 veritatem
1160 1058 1351 1111 liceret
1375 1057 1580 1112 addere
1606 1058 1861 1127 probato,
1898 1067 2070 1112 resta-

488 1153 569 1208 bit
621 1153 806 1206 adhuc
836 1150 1016 1220 ipsum
1057 1150 1253 1219 dogma
1289 1164 1559 1203 verumne
1629 1165 1699 1203 an
1765 1148 1961 1204 falsum
1998 1151 2071 1206 sit

490 1246 741 1313 probare.
775 1242 900 1296 Haec
923 1252 1104 1296 autem
1133 1257 1257 1295 cum
1277 1241 1471 1295 dicens
1501 1242 1835 1310 persuadere
1863 1242 2070 1297 nostris

491 1354 599 1390 non
638 1338 966 1406 potuissem.
1001 1334 1213 1389 scilicet
1241 1335 1309 1389 de
1349 1334 1443 1387 illo
1496 1335 1676 1405 primo
1718 1335 1919 1389 vellent
1948 1351 2070 1389 om-

494 1433 627 1485 nino
672 1431 957 1498 disputarc
998 1444 1012 1492 ;
1058 1436 1344 1497 propterea
1391 1430 1536 1495 quod
1599 1429 1866 1495 putabant
1931 1430 2072 1483 hanc

492 1521 918 1594 probabiliorem
955 1530 1185 1589 partem,
1224 1521 1416 1575 volens
1478 1534 1573 1575 eos
1602 1519 1883 1574 dehortari
1916 1538 1930 1575 :
1958 1520 2070 1575 dixi

496 1617 547 1667 in
579 1614 918 1669 Contrarium
954 1623 1195 1680 quatuor
1235 1611 1478 1666 rationes
1504 1611 1772 1667 duntaxat
1803 1622 2073 1680 praesente

493 1704 903 1773 sapientissimo
925 1703 1255 1770 imperatore
1290 1684 1501 1767 nostro,
1525 1716 1664 1770 quas
1692 1701 1869 1754 Latini
1902 1702 2069 1755 etiam

495 1810 683 1868 postea
750 1796 1122 1861 adduxerunt,
1180 1809 1426 1864 quasque
1485 1795 1631 1848 inter
1686 1793 1931 1849 rationes
1973 1809 2072 1863 per

2166 600 2444 654 Nicetium
2476 602 2530 656 in
2566 601 2818 672 plurimis
2855 612 3094 657 mutasse
3154 603 3357 673 partim
3417 602 3747 666 auferendo,

2168 692 2364 760 partim
2398 692 2674 755 addendo,
2709 709 2819 748 non
2854 692 3053 748 licebat
3075 694 3262 750 dicere
3285 702 3413 749 ante
3440 695 3749 749 secundum

2167 785 2466 840 concilium
2497 785 2640 841 hanc
2674 787 3064 842 inhibitionem
3116 786 3311 842 factam
3348 787 3562 855 fuisse;
3600 786 3756 856 ipsos

2168 877 2372 931 etenim
2405 888 2625 933 sanctos
2659 879 2849 935 Patres
2879 879 3108 935 secundi
3132 878 3351 934 concilii
3382 877 3757 933 anathematis

2170 983 2295 1024 reos
2357 969 2688 1027 fecissemus
2720 1012 2733 1035 ,
2779 973 2872 1042 qui
2909 972 3107 1042 partim
3158 970 3515 1035 addiderunt,
3549 972 3755 1040 partim

2170 1062 2552 1118 diminuerunt
2624 1064 2849 1120 Nicaeno
2929 1064 3212 1136 Symbolo.
3296 1062 3393 1118 His
3460 1061 3627 1133 igitur
3679 1065 3759 1115 ita

2172 1153 2490 1218 declaratis,
2533 1156 2822 1211 considera
2875 1171 2998 1226 quae
3028 1170 3094 1211 ex
3140 1156 3209 1210 iis
3275 1171 3397 1225 quae.
3440 1154 3762 1223 Ephesium

2171 1246 2713 1315 preposituruserat,
2739 1249 3179 1303 inconvenientia
3202 1248 3595 1317 sequebantur.
3614 1245 3764 1300 Cum

2170 1338 2318 1391 enim
2351 1348 2575 1394 sanctus
2600 1340 2916 1410 Apostolus,
2945 1340 3139 1395 beatus
3195 1355 3421 1410 quoque
3456 1338 3765 1409 Dionysius

2175 1432 2346 1487 multo
2370 1446 2495 1487 ante
2512 1448 2618 1488 non
2648 1435 2825 1489 solum
2854 1433 3174 1498 secundam,
3202 1431 3297 1486 sed
3328 1432 3493 1486 etiam
3518 1431 3763 1501 primam

2173 1527 2442 1597 synodum
2501 1526 2727 1588 fuerint,
2784 1527 2829 1580 si
2870 1540 2950 1579 ea:
2983 1525 3342 1581 auctoritates
3370 1524 3541 1592 ipsam
3588 1522 3771 1576 etiam

2173 1618 2463 1673 veritatem
2495 1619 2768 1684 inhibent,
2792 1634 2862 1672 ne
2889 1610 3013 1685 quis
3044 1632 3165 1673 eam
3199 1615 3283 1672 vel
3310 1614 3528 1678 doceat,
3554 1614 3639 1668 vel
3658 1613 3769 1666 ad-

2179 1709 2275 1764 dat
2309 1709 2575 1781 Symbolo
2624 1711 2727 1764 sub
2760 1709 3130 1774 anathemate,
3174 1718 3230 1764 et
3257 1705 3487 1763 secundi
3535 1704 3767 1760 concilii

2177 1803 2370 1857 Patres
2391 1810 2599 1865 essent,
2626 1803 2720 1872 qui
2744 1812 2823 1857 tot
2856 1801 3232 1857 additionibus
3258 1809 3312 1855 et
3356 1799 3771 1854 minutionibus

495 1861 729 1947 Latinos
790 1890 1044 1965 inductas
1099 1861 1288 1943 audies
1309 1861 1352 1955 ;_
1376 1888 1579 1958 quibus
1636 1887 1936 1957 probabam
1974 1861 1988 1863 _
2018 1897 2075 1941 et
2108 1861 2147 1915 Β
2180 1894 2379 1949 Νἰεωιιί
2400 1861 2976 1967 concilii'Symbolum
3002 1894 3329 1958 alterarunt,
3352 1892 3526 1961 etipsi
3553 1891 3771 1947 Nicwni

499 1986 664 2055 hujus
697 1986 774 2038 rei
803 1982 1125 2044 falsitatem,
1159 1989 1216 2035 et
1246 1979 1392 2048 quod
1444 1978 1741 2033 ridiculum
1782 1979 1854 2033 sit
1884 1987 2078 2047 putare

496 2078 785 2131 veritatem
844 2090 951 2129 non
1011 2073 1177 2129 licere
1226 2072 1471 2127 addere:
1504 2086 1642 2141 quas
1702 2079 1759 2124 et
1793 2071 1839 2126 si
1891 2070 2078 2124 nullus

496 2168 849 2239 praesentium
880 2165 1092 2223 solvere
1112 2166 1375 2234 potuerit,
1417 2164 1564 2233 quod
1595 2173 1776 2216 tamen
1799 2162 2074 2227 volebant,

498 2261 603 2314 hoc
655 2268 994 2323 statuerunt,
1029 2266 1085 2312 ct
1143 2272 1245 2326 ego
1309 2256 1608 2325 sequebar,
1643 2255 1828 2309 dicere
1855 2254 2078 2325 quidem

494 2367 617 2420 quae
649 2350 974 2421 expedirent
1002 2348 1239 2414 nationi,
1267 2358 1325 2402 et
1357 2349 1554 2402 honori
1583 2349 1727 2418 ejus,
1756 2356 1955 2417 putans
1993 2362 2080 2400 me

494 2446 702 2500 debere
730 2446 837 2500 Deo
864 2452 919 2500 et
958 2443 1061 2514 ipsi
1115 2444 1348 2508 nationi,
1405 2441 1607 2497 deinde
1652 2457 1785 2496 vero
1817 2442 2079 2512 majorem

495 2550 705 2612 partem
768 2539 927 2611 sequi
992 2546 1051 2593 et
1103 2553 1211 2592 una
1251 2552 1374 2591 cum
1410 2535 1492 2590 eis
1537 2544 1819 2589 certamen
1865 2534 2078 2588 subire.

494 2634 845 2703 Sequebatur
894 2632 1063 2686 etiam
1123 2629 1516 2685 serenissimus
1568 2627 1886 2696 iutperator,
1951 2625 2082 2681 licet

492 2726 546 2782 ei
580 2743 688 2781 non
722 2725 963 2796 placeret
1019 2725 1122 2779 hoc
1174 2722 1490 2783 consilium,
1547 2721 1756 2773 ve’ritus
1790 2728 1969 2772 tamen
2012 2732 2082 2772 ne

493 2820 622 2889 quis
654 2818 1027 2890 ignorantium
1061 2829 1187 2871 eum
1229 2821 1447 2883 putaret
1475 2811 1582 2864 vim
1609 2811 1846 2878 aliquam
1874 2809 1956 2864 eis
2003 2809 2083 2861 in-

493 2912 660 2967 ferre.
686 2911 1000 2982 lncepimtts
1033 2908 1199 2978 igitur
1252 2920 1375 2959 cum
1394 2903 1601 2958 Latinis
1625 2903 1926 2972 disputare,
1952 2917 2082 2972 pro-

494 3006 629 3061 bare
646 3005 891 3059 volentes
919 2999 1077 3058 nihil,
1105 3013 1203 3052 nec
1231 2997 1402 3066 ipsam
1424 2996 1706 3049 veritatem
1737 2996 1902 3049 licere
1928 2994 2084 3065 Sym-

494 3097 624 3153 bolo
650 3096 868 3151 Patrum
897 3094 1135 3155 addere;
1161 3095 1275 3142 tota
1302 3102 1434 3141 vero
1452 3085 1531 3139 vis
1558 3096 1742 3139 nostra
1767 3086 1820 3138 in
1850 3085 2086 3140 decretis

2177 1989 2395 2044 concilii
2432 1987 2639 2053 Patres,
2675 1989 2768 2059 qui
2822 2002 2934 2057 quo
2962 1996 3089 2042 ante
3123 2000 3220 2041 eos
3262 1983 3523 2040 Ecclesia:
3563 1983 3768 2037 uteba-

2182 2090 2272 2134 tur
2330 2077 2653 2150 Symbolum
2696 2079 2975 2149 plerisquc
3027 2077 3081 2132 in
3137 2076 3389 2147 partibus
3422 2076 3544 2147 ejus
3576 2084 3773 2129 muta-

2180 2178 2335 2226 runt.
2404 2169 2460 2226 Si
2511 2180 2692 2225 autem
2726 2171 2842 2226 haec
2883 2170 3069 2240 opinio
3090 2185 3192 2225 nec
3214 2169 3503 2241 cogitanda
3534 2168 3768 2240 quidem

2181 2271 2440 2332 tanquam
2497 2264 2661 2331 impia
2711 2264 2802 2326 sit,
2858 2271 3024 2332 patet,
3082 2264 3229 2332 quod
3282 2262 3370 2317 illa
3417 2261 3675 2326 inhibuit,
3700 2271 3771 2316 et

2180 2353 2506 2422 Apostolus,
2541 2363 2597 2408 et
2622 2353 2915 2424 Dionysius
2942 2353 3162 2415 docere,
3201 2367 3418 2422 sapere,
3484 2350 3769 2421 evangeli-

2183 2461 2336 2509 zare,
2371 2457 2426 2502 et
2449 2447 2695 2517 cogitare
2718 2463 2840 2517 quae
2866 2446 2996 2501 falsa
3050 2446 3285 2516 fideique
3313 2444 3594 2500 catholica:
3623 2459 3768 2498 con-

2183 2539 2348 2593 traria
2380 2548 2509 2594 sunt
2537 2556 2550 2604 ;
2580 2540 2723 2608 quod
2752 2540 2795 2594 si
2826 2540 2960 2593 falsa
2987 2539 3225 2605 inhibet,
3245 2554 3344 2593 nos
3368 2551 3546 2596 autem
3565 2553 3769 2593 eorum

2183 2634 2542 2687 auctoritates
2576 2642 2836 2702 tanquam
2864 2633 3266 2701 tequit'alentes
3300 2634 3540 2688 decretis
3570 2631 3769 2686 conci-

2183 2723 2380 2777 liorum
2399 2723 2861 2795 producebamus,
2883 2735 3048 2795 patet,
3069 2725 3214 2795 quod
3238 2726 3402 2781 etiam
3424 2727 3640 2781 decreta
3664 2726 3775 2779 Pa-

2188 2827 2331 2873 trum
2354 2818 2486 2873 falsa
2510 2819 2762 2873 inhibent
2782 2835 2848 2874 ne
2872 2821 3130 2892 Symbolo
3143 2820 3439 2885 addantur,
3459 2836 3566 2875 non
3581 2828 3774 2875 autem

2186 2926 2309 2979 qua:
2343 2926 2469 2966 vera
2517 2922 2667 2967 sunt.
2699 2913 2884 2981 Itaque
2933 2913 2984 2967 in
3018 2915 3137 2983 ipso
3172 2914 3351 2982 primo
3386 2929 3685 2983 congressu
3712 2923 3779 2969 et.

2190 3007 2367 3070 primo
2395 3001 2483 3057 die
2504 3003 2741 3058 convicti
2773 3012 2827 3057 et
2855 3004 3123 3074 profligati
3156 3002 3625 3058 fuissemus.Cum
3661 3019 3776 3058 au-

2189 3103 2299 3147 tem
2344 3094 2461 3149 haec
2486 3109 2588 3163 ego
2619 3095 2942 3161 sensissem,
2962 3096 3271 3152 rationibus
3298 3096 3571 3167 praedictis
3599 3098 3687 3149 vix
3713 3094 3775 3152 ei

496 3196 812 3245 sanctorum
840 3196 897 3239 et
918 3196 1387 3240 tecumemcorum
1431 3179 1789 3234 conciliorum
1822 3179 2086 3233 COIISiSlC‘
2111 3217 2157 3279 Ο
2194 3187 2463 3256 persuasi,
2484 3197 2542 3241 ιςι
2570 3187 2691 3242 illas
2710 3189 3068 3244 auctoritates
3092 3205 3199 3244 non
3230 3200 3583 3260 proponeret.
3603 3190 3679 3245 Ex
3698 3190 3772 3245 iis

497 3283 615 3345 bat,
648 3282 701 3335 in
739 3280 939 3350 quibus
967 3281 1110 3333 circa
1134 3278 1297 3332 linem
1330 3278 1511 3344 aiunt,
1538 3294 1646 3331 non
1682 3278 1847 3332 licere
1886 3286 2083 3347 praeter

500 3382 617 3433 haec
650 3376 809 3430 aliam
854 3372 1011 3429 ﬁdem
1072 3371 1423 3427 conscribere
1447 3408 1462 3434 ,
1486 3380 1582 3426 aut
1619 3386 1831 3440 sapere,
1862 3380 1956 3425 aut
1988 3372 2086 3425 do-

496 3488 646 3535 cere,
673 3478 727 3525 et
754 3479 950 3523 (uetera
985 3462 1386 3536 hujuscemodi.
1443 3462 1673 3530 Quando
1726 3462 2085 3517 ridiculosum

500 3565 655 3636 quid,
690 3572 746 3617 et
769 3564 949 3630 magni
987 3558 1245 3629 vituperii
1289 3556 1517 3628 dignum
1557 3571 1715 3627 passa
1755 3557 1946 3611 fuisset
1977 3568 2086 3611 tota

498 3659 672 3723 natio,
702 3669 756 3713 et
788 3672 889 3710 nos
907 3668 1099 3708 omnes
1126 3667 1223 3722 per
1247 3650 1593 3719 prudentiam
1630 3649 1757 3703 boni
1802 3648 2085 3723 Ephesini,

496 3752 600 3806 nisi
632 3767 733 3820 ego
765 3747 1011 3803 sentiens
1034 3744 1462 3814 impedivissem.
1502 3741 1613 3797 Una
1657 3741 1807 3794 enim
1837 3756 1961 3795 cum
1993 3743 2084 3795 dc-

496 3844 661 3914 cretis
693 3842 917 3897 Patrum
948 3839 1082 3893 illud
1133 3851 1352 3906 quoque
1371 3833 1615 3902 Apostoli
1648 3833 1715 3887 ad
1752 3832 1970 3891 Galatas
2008 3835 2088 3890 al-

496 3937 675 4007 legare
698 3936 939 3997 volebat,
971 3930 1241 3985 dicentis:
1272 3930 1329 3983 Si
1365 3930 1479 3998 quis
1528 3927 1670 3980 vobis
1708 3927 1856 3980 aliud
1892 3938 2088 3995 praeter

496 4044 655 4098 quam
707 4026 908 4080 tradidi
963 4025 1105 4078 vobis
1161 4021 1549 4091 erattgelizatus
1587 4018 1766 4090 fuerit,
1799 4021 2086 4075 anathema

493 4124 588 4174 sit.
615 4119 935 4175 ltemsaneti
962 4116 1200 4186 Dionysii
1226 4114 1568 4184 AreOpagitaz
1586 4113 1654 4167 de
1682 4112 1883 4168 divinis
1913 4113 2088 4168 nomi-

498 4217 664 4269 nibus
721 4212 1106 4267 auctoritatem
1161 4208 1397 4263 diccntis
1420 4245 1435 4272 ,
1460 4206 1699 4262 Omnino
1727 4206 1910 4275 itaque.
1949 4207 2086 4261 nihil

497 4314 587 4360 est
615 4304 949 4369 audendum,
980 4304 1061 4356 vel
1096 4301 1306 4364 dicere.
1363 4299 1449 4354 vel
1489 4299 1729 4370 cogitare
1766 4310 1963 4368 praeter
1996 4300 2086 4353 illa

496 4415 620 4469 qua:
650 4384 932 4452 divinitus.
966 4409 997 4450 e
1036 4395 1209 4449 sacris
1239 4391 1480 4447 oraculis
1512 4392 1672 4446 nobis
1712 4391 1907 4445 tradita
1933 4400 2082 4445 sunt.

503 4491 731 4547 Volebat
764 4490 947 4559 itaque
979 4503 1075 4557 per
1110 4487 1210 4541 ista
1244 4484 1409 4540 etiam
1469 4484 1702 4553 probare
1759 4499 1867 4537 non
1915 4484 2083 4538 licere

2190 3276 2378 3346 itaque
2399 3277 2528 3332 licet
2553 3278 2701 3334 illius
2737 3278 3003 3346 hominis,
3035 3291 3092 3336 et
3120 3280 3319 3350 ingenii
3352 3282 3473 3350 ejus
3493 3281 3778 3335 subtilita-

2194 3367 2594 3437 temjudicare,
2626 3379 2682 3424 et
2703 3372 2865 3440 quale
2893 3371 3233 3443 eijudicium
3266 3374 3320 3426 in
3353 3371 3778 3428 sublimioribus

2191 3461 2283 3525 sit,
2309 3462 2355 3516 si
2389 3463 2503 3516 haec
2531 3476 2620 3517 res
2646 3478 2771 3517 eum
2801 3476 2906 3517 tam
2944 3463 3231 3519 manifesta
3266 3465 3493 3520 latebat.
3522 3463 3646 3519 Haec
3675 3481 3780 3521 au-

2191 3563 2297 3607 tem
2320 3555 2445 3611 dico
2475 3569 2585 3609 non
2614 3556 2734 3625 ejus
2765 3557 3199 3626 reprehendendi
3219 3571 3405 3626 causa,
3427 3557 3586 3628 longe
3618 3558 3776 3613 enim

2189 3651 2259 3706 ab
2285 3653 2386 3705 hoc
2408 3651 2733 3713 absum,sed
2758 3662 2817 3705 ttt
2845 3652 3123 3706 auditores
3147 3651 3468 3706 admoneam
3491 3660 3549 3705 ut
3569 3649 3671 3707 sibi
3698 3654 3771 3709 ab

2190 3740 2313 3803 ejus
2342 3740 2693 3795 sermonibus
2719 3751 2973 3796 caveant.
3029 3741 3397 3799 Discutientes
3428 3745 3595 3814 igitur
3629 3747 3775 3801 hanc

2191 3835 2573 3905 quatstionem,
2607 3844 2663 3891 et
2697 3833 2766 3891 de
2799 3851 2864 3890 ea
2913 3834 3131 3905 publice
3170 3851 3296 3891 cum
3330 3836 3540 3893 Latinis
3577 3838 3774 3909 dispu,

2193 3937 2394 3993 tantes,
2427 3928 2555 3983 dtttn
2590 3928 2642 3982 in
2674 3929 2962 3999 principiis
2995 3936 3053 3985 et
3118 3929 3265 3987 circa
3316 3931 3582 4001 prommia
3615 3947 3773 3988 esse-

2193 4036 2336 4081 mus.
2357 4035 2459 4075 nos
2481 4018 2811 4075 videbamur
2844 4034 3143 4090 superare:
3181 4020 3429 4076 nondum
3480 4023 3632 4079 enim
3668 4024 3772 4079 ali-

2188 4112 2321 4183 quid
2350 4112 2581 4178 dignum
2607 4111 2755 4182 quod
2786 4111 2855 4167 ad
2913 4113 3245 4182 propositam
3281 4128 3395 4168 rem
3428 4114 3656 4181 faceret,
3678 4117 3771 4171 di-

2188 4218 2338 4261 ctum
2371 4221 2401 4260 a
2437 4205 2648 4260 Latinis
2672 4203 2799 4260 fuit.
2829 4203 3058 4271 Quando
3092 4206 3219 4276 (etsi
3273 4206 3482 4278 absque
3508 4224 3775 4281 arrogan-

2191 4300 2263 4355 tia
2297 4299 2529 4368 dictum)
2557 4298 2803 4368 potiores
2848 4296 2918 4351 ad
2954 4297 3094 4352 hanc
3127 4314 3238 4353 rem
3272 4314 3336 4354 ex
3371 4310 3525 4371 parte
3579 4314 3774 4359 nostra

2190 4388 2476 4459 productae
2524 4388 2767 4443 rationes
2800 4403 2829 4442 a
2870 4402 2958 4442 me
2990 4397 3045 4443 et
3093 4388 3351 4455 inventae,
3380 4400 3435 4445 et
3463 4393 3625 4447 dicta:
3654 4393 3775 4449 fue-

2190 4490 2535 4547 runtvteStes
2561 4491 2692 4536 sunt
2721 4481 2815 4552 qui
2850 4480 3164 4537 adfuerunt.
3187 4482 3323 4537 Cum
3349 4495 3529 4540 autent
3554 4501 3775 4541 succes-

502 4598 606 4637 nec
634 4583 805 4651 ipsam
855 4581 1021 4634 etiam
1058 4578 1343 4632 veritatem
1405 4576 1608 4629 addere
1639 4573 1918 4645 Symbolo.
1971 4574 2083 4629 Hoc
2118 4576 2159 4631 D
2189 4577 2328 4630 cerit
2359 4574 2410 4628 in
2450 4588 2707 4628 sermone
2745 4576 2989 4643 optimus
3018 4574 3108 4629 ille
3158 4575 3243 4628 vir
3270 4575 3522 4632 Julianus
3586 4578 3642 4632 S.
3700 4578 3771 4635 Β.

497 4685 683 4728 autem
714 4682 972 4741 quautam
1027 4670 1185 4724 nobis
1224 4669 1558 4722 derisionem
1579 4667 1816 4731 fecisset,
1846 4675 1901 4720 et
1930 4666 2079 4736 quod

503 4766 558 4819 in
594 4767 714 4834 ipso
749 4767 997 4832 ingressu
1039 4761 1313 4816 convincti
1370 4772 1426 4814 et
1465 4761 1732 4831 proﬂigati
1758 4758 2077 4826 fuissemus,

502 4857 634 4912 hinc
689 4858 913 4911 senties.
948 4855 1083 4909 Tota
1136 4855 1277 4908 ratio
1314 4865 1529 4918 nostra,
1556 4869 1663 4924 qua
1712 4854 2081 4909 credebamus

503 4952 647 5005 hanc
673 4965 785 5003 rem
818 4964 975 5017 posse
1007 4948 1248 5018 probari,
1284 4946 1339 5000 in
1373 4946 1539 5001 dictis
1570 4948 1714 5001 tertii
1747 4949 2080 5003 (ecumenici
2128 4960 2131 4967 ‘

497 5042 721 5098 concilii
748 5040 1007 5109 Ephesiui
1042 5038 1406 5104 consistebat;
1458 5052 1582 5092 cum
1637 5053 2082 5093 asseveraremus

504 5138 649 5190 illam
716 5135 945 5204 primam
977 5134 1028 5186 in
1085 5132 1191 5186 fine
1245 5132 1332 5186 sui
1361 5130 1574 5186 decreti
1610 5130 1753 5187 hanc
1783 5131 2079 5187 inhibitio-

501 5244 628 5300 nem
687 5228 755 5281 de
805 5240 1135 5295 quacunque
1185 5224 1442 5279 videlicet
1473 5223 1762 5278 additionc
1805 5225 2075 5280 edidisse.

500 5320 635 5375 Nam
684 5320 790 5375 etsi
828 5333 937 5372 non
977 5318 1048 5371 sit
1078 5332 1267 5370 verum
1304 5316 1466 5369 talem
1524 5315 1911 5372 inhibitionem
1947 5317 2081 5371 illud

498 5414 793 5467 concilium
834 5412 1053 5475 fecisse,
1090 5410 1184 5479 qui
1239 5418 1419 5463 tamen
1479 5409 1813 5465 contendere
1860 5411 2075 5478 volunt,

502 5514 733 5575 possunt
776 5504 988 5575 aliquid
1035 5500 1341 5571 adjumenti
1402 5500 1535 5555 hinc
1601 5501 1805 5557 habere
1858 5516 2082 5573 propter

498 5598 989 5667 atquivocationetu
1017 5604 1072 5649 et
1098 5592 1514 5662 ambiguitatem
1549 5594 1869 5649 verborum.
1904 5593 2078 5649 Causa

503 5703 632 5740 vero
664 5701 763 5743 cur
805 5686 1025 5742 tertium
1060 5685 1357 5739 concilium
1409 5684 1649 5754 primum
1687 5685 1829 5739 hanc
1871 5684 2082 5739 inhibi-

500 5775 705 5829 tionem
743 5778 936 5831 fecisse
961 5776 1217 5841 dicimus,
1246 5784 1331 5830 est
1361 5773 1719 5845 primo,un
1748 5772 1885 5828 Acta
1918 5774 2081 5843 primi

507 5866 732 5922 concilii
758 5881 1033 5937 nusquam
1065 5867 1463 5939 reperiuntur;
1482 5865 1729 5923 secundo
1758 5881 1883 5920 cum
1911 5867 2083 5922 scirc-

2195 4670 2255 4723 E.
2296 4667 2596 4722 cardinalis
2620 4666 2797 4722 sancti
2842 4666 3033 4736 Angeli
3064 4667 3445 4737 dignissimus,
3500 4672 3669 4725 multa
3715 4686 3778 4728 et

2192 4760 2419 4831 quidem
2458 4758 2744 4830 potissima
2768 4758 2826 4815 in
2860 4760 3103 4814 medium
3130 4759 3387 4825 adduxit,
3413 4761 3617 4831 quibus
3644 4778 3777 4833 pro-

2194 4850 2427 4920 positam
2457 4849 2820 4921 quaestionem
2841 4850 2916 4905 ita
2958 4850 3106 4905 clare
3134 4858 3192 4906 et
3214 4851 3551 4908 suiiicienter
3574 4853 3775 4923 proba-

2195 4944 2291 5008 vit,
2319 4941 2753 4997 demonstrando
2790 4942 2960 4997 licere
2987 4942 3277 4998 veritatem
3309 4928 3529 5015 semper
3557 4944 3769 5002 addere

2194 5034 2321 5088 ﬁdei
2357 5032 2617 5105 Symbolo
2644 5072 2660 5098 ,
2687 5035 2994 5105 praesertim
3018 5049 3143 5089 cum
3169 5036 3466 5090 necessitas
3500 5046 3681 5106 cogat,
3716 5049 3778 5091 et

2192 5128 2501 5181 auctoritas
2531 5127 2733 5180 summi
2782 5125 3059 5196 pontiﬁcis
3094 5126 3341 5195 accedat,
3392 5139 3453 5183 ut
3479 5130 3614 5184 nihil
3644 5146 3775 5197 nos,
3828 5139 3835 5145 '

2192 5235 2504 5292 quanquam
2533 5220 2627 5274 diu
2661 5220 3004 5290 multumque
3038 5221 3487 5291 cogitaverimus,
3525 5234 3759 5279 contra-

2192 5315 2379 5368 dicere
2446 5313 2809 5382 potuerimus.
2860 5312 2993 5379 Qum
3048 5328 3171 5367 cum
3209 5316 3381 5369 multa
3422 5315 3647 5381 fuerint,
3681 5316 3776 5373 illa

2194 5419 2398 5471 tamen,
2419 5423 2539 5475 quae
2553 5406 2814 5461 memoria
2849 5416 3031 5471 teneo,
3059 5407 3150 5463 hic
3182 5423 3476 5478 exponam,
3513 5420 3572 5463 ut
3603 5411 3771 5464 etiam

2194 5502 2357 5570 hujus
2391 5502 2469 5555 rei
2503 5499 2791 5553 veritatem
2824 5501 3121 5570 intelligas.
3156 5501 3263 5557 Sed
3300 5515 3429 5559 ante
3472 5504 3586 5557 ltazc
3615 5519 3775 5557 sum-

2194 5608 2339 5647 mam
2382 5601 2691 5647 nostratum
2743 5592 3044 5660 rationum,
3091 5602 3147 5648 et
3192 5595 3540 5665 potissimam
3596 5596 3773 5657 audi;

2195 5686 2247 5739 in
2312 5685 2418 5738 fine
2477 5684 2828 5739 decretorum
2885 5686 3185 5757 cujuslibet
3238 5692 3382 5744 sacri
3438 5690 3772 5745 meumenici

2193 5775 2413 5829 concilii
2453 5790 2484 5828 a
2521 5776 2681 5829 tertio
2735 5776 3049 5831 inchoando
3107 5779 3174 5831 de
3241 5783 3409 5836 Verbo
3438 5783 3506 5835 ad
3535 5780 3770 5836 verbum

2194 5868 2271 5922 sic
2304 5866 2573 5922 habetur:
2600 5866 2694 5923 llis
2727 5869 2882 5923 lt‘CliS
2907 5871 3239 5927 determinat
3279 5884 3469 5929 sancta
3507 5873 3772 5939 synodus,
