4086 6406
351 337 451 405 εις

1219 323 1230 330 ”
1293 339 1388 400 DE
1421 339 1942 402 raecassxoua
1978 341 2342 404 Sl‘lltlTUS
2387 343 2690 406 S.\NC’I‘I.

3511 348 3622 410 48

348 451 481 509 n’hili
511 453 680 508 licere
709 450 868 506 aliam
926 446 1086 504 diem
1121 449 1386 517 proferre,
1440 464 1530 504 aut
1572 467 1927 520 componere,
1964 465 2002 513 Α
2038 454 2224 508 omnia
2261 455 2520 524 Symbolo
2559 456 2764 510 Niczeni
2812 456 3072 522 concilii,
3119 456 3428 530 eademque
3481 461 3620 516 ﬁdet

269 561 288 572 τ-
347 553 443 599 aut
474 557 692 612 sapere,
719 549 816 594 aut
839 539 1040 594 docere
1067 539 1250 592 aliter.
1277 539 1380 605 Qui
1415 555 1542 593 vero
1575 541 1680 593 hoc
1697 539 1936 593 audeant

348 635 555 702 facere,
594 619 782 690 clerici
814 633 1130 702 priventur,
1190 632 1314 684 laici
1366 631 1931 685 anathematizentur.

353 727 528 796 Hujus
561 724 856 779 sententia:
885 733 942 778 et
1000 723 1198 777 horum
1263 722 1374 776 fere
1415 725 1706 776 verberum
1741 737 1937 777 omnes

349 819 470 872 aliie
504 817 875 871 inhibitiones
903 823 1054 870 sunt.
1079 813 1174 868 llis
1225 830 1328 870 nos
1357 813 1784 869 auctoritatibus
1818 824 1937 867 tan-

351 923 516 978 quam
597 905 1082 974 irrcfragabilibus
1143 905 1482 967 nitebamur,
1539 904 1788 958 dicentes
1835 919 1938 958 nec

349 1001 526 1068 ipsam
563 997 852 1052 veritatem
886 998 1049 1051 licere
1081 995 1309 1062 addere,
1355 1011 1480 1050 cum
1534 1011 1600 1050 ex
1623 994 1786 1049 dictis
1813 1010 1934 1048 θεω-

349 1105 564 1147 ctorum
605 1091 904 1145 inhibitum
931 1073 1021 1154 sit,
1071 1104 1172 1144 nec
1217 1089 1398 1142 liceat.
1443 1087 1647 1143 Contra
1696 1099 1938 1142 nostram

353 1186 683 1254 positionem
717 1183 862 1236 inter
919 1181 1115 1235 multas
1151 1183 1392 1235 rationes
1421 1195 1486 1235 es
1516 1193 1666 1249 parte
1713 1177 1940 1236 Latino-

357 1295 479 1338 rum
519 1277 866 1334 introductus
893 1277 1007 1330 haec
1031 1291 1250 1347 quoque
1279 1275 1525 1328 fuerunt.

465 1435 718 1492 Rationes
761 1434 1076 1488 Latinorum
1103 1473 1116 1494 ,
1162 1431 1352 1503 quibus
1389 1431 1646 1504 probatur
1687 1433 1828 1504 quod

650 1507 772 1560 licet
819 1507 1095 1559 veritatem
1147 1503 1344 1556 addere
1379 1503 1656 1572 Symbolo.

437 1646 740 1715 Quodlibet
777 1644 1076 1699 concilium
1119 1655 1226 1695 non
1269 1641 1446 1694 solum
1491 1637 1744 1709 proferre
1773 1639 1938 1693 aliam

367 1741 532 1795 fidem
586 1737 835 1800 inhibet,
880 1735 976 1790 sed
1033 1743 1087 1787 et
1135 1745 1491 1800 componere.
1533 1729 1590 1785 Si
1629 1729 1800 1800 igitur
1841 1745 1939 1800 per

2043 548 2094 600 in
2130 558 2366 616 utroque
2395 548 2734 612 continetur,
2771 548 2874 603 nisi
2909 549 3204 606 manifeste
3233 563 3462 621 apparet
3494 569 3619 607 vcn-

2042 639 2126 692 bis
2171 657 2278 694 non
2319 656 2443 696 esse
2489 642 2656 698 idem.
2691 643 2783 698 llis
2813 644 2959 696 enim
2995 645 3232 700 maxime
3266 645 3456 701 dill‘ert
3493 647 3620 716 plu-

2043 749 2130 787 res
2159 734 2472 788 additiones
2495 775 2508 798 ,
2543 735 2732 805 plures
2762 736 2928 790 etiam
2955 736 3358 794 diminutiones
3383 739 3616 795 habens.

2043 825 2140 877 Est
2172 823 2341 893 igitur
2371 825 2516 882 idem
2549 828 2881 892 sententiis,
2913 843 3019 897 qua
3046 829 3118 882 de
3144 844 3312 883 causa
3339 839 3396 882 et
3453 829 3618 900 primi

2041 925 2098 968 et
2126 915 2358 968 secundi
2393 917 2614 970 concilii
2651 915 2968 986 Symbohun
3009 928 3270 992 tanquam
3305 935 3478 976 unum
3517 936 3620 988 pu-

2046 1015 2235 1060 tarunt
2285 1008 2430 1061 tertii
2477 1008 2699 1061 c0ncilii
2753 1010 2980 1066 l’atrcs:
3031 1025 3204 1080 quare
3240 1025 3406 1066 omne
3449 1011 3616 1064 etiam

2045 1097 2365 1169 Symbolum
2393 1101 2818 1170 quibuscunque
2850 1102 3226 1170 compositura
3261 1102 3443 1157 verbis
3471 1117 3618 1158 came

2045 1193 2170 1244 dem
2209 1192 2588 1255 sententiam,
2633 1207 2798 1262 quam
2852 1201 2908 1246 et
2956 1192 3244 1246 Nica‘num
3291 1195 3618 1260 continens,

2045 1285 2190 1339 idem
2229 1294 2311 1338 est
2348 1285 2466 1340 ilii:
2505 1285 2758 1353 nihilque
2793 1296 2988 1338 contra
3027 1284 3134 1338 hoc
3172 1285 3336 1348 facit,
3371 1301 3496 1340 cum
3533 1287 3617 1340 di-

2045 1377 2192 1430 citur
2224 1392 2334 1430 non
2370 1377 2572 1430 audere
2606 1375 2828 1430 tradere
2851 1376 3008 1432 aliud
3059 1375 3382 1450 Symbolum
3415 1393 3430 1432 :
3469 1377 3619 1434 aliud

2043 1469 2190 1523 cnim
2239 1467 2657 1544 intelligendum
2706 1477 2826 1534 est,
2878 1467 3026 1538 quod
3077 1470 3414 1524 contrariam
3466 1472 3616 1526 veri-

2047 1557 2172 1611 tatis
2210 1557 2542 1612 sentEntiam
2580 1559 2858 1614 centiuet.
2895 1557 3186 1628 Siquidem
3219 1559 3452 1614 secundi
3487 1577 3620 1616 con-

2047 1651 2157 1704 cilii
2195 1649 2516 1721 Symbolum
2554 1661 2767 1707 tantum
2808 1669 2838 1707 a
2879 1655 3104 1710 Nicaeno
3136 1657 3405 1713 differens
3434 1660 3616 1729 quoad

2049 1743 2246 1809 verba,
2277 1744 2420 1799 idem
2456 1756 2635 1800 tamen
2666 1761 2792 1802 cum
2836 1747 3018 1816 primo
3049 1765 3160 1803 non
3193 1749 3344 1806 aliud
3384 1751 3617 1823 judica-

367 1835 472 1888 hoc
509 1832 658 1903 quod
696 1831 868 1895 dicit,
909 1827 1072 1883 aliam
1117 1825 1281 1878 fidem
1305 1865 1320 1889 ,
1353 1823 1616 1892 intelligit
1657 1823 1782 1878 aliis
1818 1837 1939 1875 ver-
1973 1827 2012 1881 Β
2047 1846 2161 1890 tum
2204 1847 2288 1892 ρει
2319 1853 2349 1892 a
2385 1839 2666 1896 patribus.

361 1930 470 1994 bis,
530 1927 712 1981 cidem
765 1935 951 1978 tamen
1005 1923 1298 1977 sentcntiae
1347 1918 1714 1989 compositam
1774 1915 1938 1970 fidem

359 2037 458 2075 seu
495 2018 838 2091 Symbolum,
874 2016 1086 2070 accidet
1119 2016 1264 2086 quod
1287 2029 1483 2070 omnes
1520 2013 1742 2083 quidem
1780 2009 1908 2080 Sym

363 2113 552 2166 bolum
594 2111 833 2166 diversis
873 2109 1106 2178 quidem
1157 2107 1376 2174 verbis,
1429 2103 1706 2162 sententia
1757 2112 1940 2155 tamen

361 2202 594 2266 eadem,
635 2208 1108 2270 composuerunt,
1150 2197 1298 2270 quod
1339 2198 1469 2268 quia
1511 2210 1706 2250 omnes
1747 2194 1938 2247 docto-

365 2310 460 2348 res
499 2292 712 2354 sancti,
757 2291 853 2361 qui
889 2291 1054 2344 fidem
1100 2289 1431 2345 catholicam
1475 2288 1823 2368 proﬁtentur,
1867 2284 1944 2336 fe—

359 2397 560 2444 ceruut
581 2425 597 2452 ,
625 2385 732 2440 sub
762 2385 1114 2440 anathemate
1150 2391 1340 2438 erunt.
1371 2384 1440 2436 At
1473 2383 1578 2436 hoc
1610 2395 1720 2434 non
1759 2379 1938 2432 solum

359 2479 564 2534 falsum
590 2517 606 2544 ,
648 2477 743 2533 sed
785 2477 952 2532 etiam
995 2475 1335 2544 blasphemia
1378 2483 1460 2529 est
1499 2472 1707 2528 dicere.
1770 2473 1943 2540 lgttur

363 2587 476 2626 non
511 2571 838 2642 prohibetur
864 2569 986 2624 aliis
1016 2567 1202 2623 verbis
1238 2567 1502 2622 consonis
1533 2563 1754 2620 veritati
1785 2577 1944 2616 eama

364 2669 492 2721 dem
524 2673 806 2735 exponere
840 2662 1002 2717 tidem
1026 2700 1040 2724 ,
1071 2660 1167 2714 sed
1199 2657 1543 2714 contrariam
1575 2665 1634 2712 et
1659 2655 1938 2710 diversam

363 2770 742 2825 componere,
787 2753 892 2808 hoc
933 2749 1289 2822 prohibitum
1335 2757 1440 2804 est.
1499 2747 1635 2802 Item
1677 2753 1936 2817 quartum

359 2848 663 2910 concilium
705 2846 885 2915 ipsum
926 2843 1092 2898 etiam
1137 2856 1371 2911 sapere,
1407 2849 1464 2896 et
1505 2839 1706 2894 docere
1747 2839 1933 2904 aliter,

361 2938 700 2998 anathemati
743 2935 986 3007 subjicit.
1031 2935 1086 2990 Si
1127 2935 1294 3005 igitur
1327 2949 1562 3003 sapere,
1619 2932 1702 2986 vel
1737 2934 1936 2986 docere

365 3032 650 3088 vocabulis
683 3030 907 3100 quidem
944 3027 1220 3094 diversis,
1259 3025 1522 3080 consonis
1565 3034 1754 3079 tamen
1791 3025 1938 3080 veri-

367 3126 466 3180 tati
509 3123 806 3195 prohibet,
845 3121 948 3176 sub
991 3120 1351 3174 anathemate
1389 3126 1522 3172 sunt
1560 3131 1793 3185 omnes,
1846 3117 1938 3187 qui

367 3190 530 3276 fidem
588 3213 994 3279 orthodoxam,
1047 3211 1252 3282 quibus
1309 3211 1496 3281 potuit
1555 3211 1937 3282 unusquisque
1971 3190 2012 3248 (ἶ

363 3312 548 3366 verbis
603 3313 936 3384 docuerunt,
993 3303 1394 3374 Unusquisque
1432 3302 1582 3358 enim
1617 3311 1937 3357 sanctorum

363 3381 604 3458 diversis
651 3381 936 3454 vocabulis
981 3394 1234 3450 eamdem
1277 3393 1440 3449 fidem
1483 3393 1829 3464 praedicavit.
1873 3397 1944 3447 At

365 3511 492 3552 eum
535 3494 638 3547 hoc
681 3489 1084 3545 inconveniens
1119 3487 1191 3542 sit
1226 3486 1454 3552 dicere,
1493 3499 1604 3540 non
1643 3485 1941 3539 diversita-

367 3597 477 3640 tem
519 3583 912 3637 vocabulorum
945 3619 959 3644 ,
1001 3577 1098 3632 sed
1137 3576 1539 3632 sententiarum
1579 3576 1942 3630 contrarieta-

369 3685 478 3730 tem
516 3675 822 3744 prohibet:
876 3669 1188 3742 praisertim
1229 3684 1355 3722 cum
1396 3668 1578 3737 ipsum
1630 3682 1822 3738 sapere
1873 3666 1940 3720 ad

367 3768 668 3822 conitentias
692 3805 705 3828 ,
747 3779 854 3818 non
894 3763 960 3817 ad
999 3761 1278 3816 vocabula
1311 3760 1610 3816 referatur.

438 3859 712 3918 Pra-tcrea
744 3863 962 3912 sextum
998 3850 1299 3906 concilium
1331 3851 1524 3904 eadem
1559 3849 1705 3918 ipsa,
1737 3863 1857 3915 quae
1887 3833 1944 3902 ὲι

368 3963 664 4022 quartum,
697 3949 871 4010 dicit.
907 3955 964 4002 et
1004 3948 1234 4015 insuper
1277 3943 1490 3997 inhibet
1529 3957 1599 3996 ne
1639 3957 1802 4010 quam
1843 3957 1945 3994 vo-

366 4061 489 4100 cem
525 4045 744 4097 inanem
792 4049 888 4094 aut
923 4053 1128 4094 vanam
1160 4035 1397 4106 alicujus
1425 4033 1692 4088 dictionis
1745 4033 1943 4088 inven-

365 4140 572 4196 tioaem
606 4137 733 4204 quis
760 4132 1078 4187 introducat
1110 4129 1174 4184 ad
1209 4127 1638 4197 perverteudum
1670 4143 1794 4196 qua:
1824 4143 1852 4180 a
1883 4143 1942 4180 se

367 4231 737 4285 delerminata
780 4233 930 4280 sunt.
972 4224 1051 4277 Ex
1103 4221 1308 4291 quibus
1361 4219 1656 4274 manileste
1714 4230 1944 4287 apparet

367 4321 457 4378 illa
495 4317 764 4374 vocabula
801 4315 1038 4370 inhibita
1072 4327 1230 4377 esse,
1265 4327 1386 4380 qua:
1415 4311 1480 4365 ad
1511 4309 1941 4380 pervertendum

368 4416 626 4482 dogmata
660 4411 884 4465 Patrum
921 4404 1378 4469 introducantur,
1417 4417 1528 4456 non
1565 4417 1688 4470 qua:
1717 4401 1784 4456 ad
1820 4417 1944 4455 cor-

2119 1948 2254 2004 ltcm
2300 1951 2736 2024 unumquodque
2791 1955 3094 2010 concilium
3150 1968 3278 2027 post
3322 1959 3622 2016 lectionem

2047 2042 2222 2096 totius
2253 2043 2338 2096 sui
2363 2043 2574 2098 decreti
2599 2060 2708 2100 non
2759 2047 3006 2117 Symboli
3051 2051 3256 2118 solius,
3303 2053 3399 2108 sed
3453 2056 3623 2111 totius

2047 2137 2254 2192 decreti
2279 2177 2294 2202 ,
2331 2139 2429 2204 ait,
2463 2139 2559 2192 llis
2593 2141 2750 2194 lectis
2776 2143 3340 2199 determinavitsacra
3375 2151 3624 2216 synodus

2047 2231 2186 2285 nulli
2233 2231 2404 2285 licere
2445 2232 2609 2286 aliam
2662 2234 2824 2288 fidem
2865 2235 3160 2304 proferre;
3203 2249 3355 2308 patet
3396 2251 3578 2294 autem
3607 2281 3620 2302 .

2047 2323 2196 2391 quod
2225 2339 2350 2377 cum
2384 2322 2566 2386 dicat,
2595 2324 2680 2378 his
2707 2325 2867 2380 lectis
2887 2367 2903 2391 ,
2937 2335 3109 2381 totum
3139 2329 3425 2386 decretum
3460 2335 3623 2386 intsl.

2045 2415 2185 2484 Iigit.
2223 2415 2390 2485 Igitur
2421 2425 2479 2470 et
2513 2415 2662 2486 quod
2698 2420 2976 2487 sequitur,
3013 2422 3175 2476 aliaat
3209 2422 3370 2480 fidem
3408 2439 3517 2478 non
3551 2425 3619 2480 Ιιτ

2049 2521 2176 2561 cete
2217 2507 2468 2576 proferte
2511 2509 2576 2562 ad
2627 2517 2802 2563 totum
2847 2509 3134 2566 decretum
3182 2513 3362 2583 ipsum
3398 2531 3621 2584 quoque

2051 2599 2320 2666 refertur,
2347 2600 2610 2656 videlicet
2645 2619 2754 2657 non
2789 2605 2958 2659 licere
2987 2605 3236 2674 proferre
3264 2609 3426 2663 aliam
3459 2611 3620 2670 fidem
3709 2591 3726 2606 ’

2048 2703 2249 2765 praeter
2295 2709 2416 2749 eam
2465 2710 2590 2764 quae
2633 2696 2692 2750 in
2744 2705 2858 2752 toto
2903 2697 3152 2763 decreto,
3184 2715 3292 2756 non
3347 2702 3524 2756 solum
3563 2703 3618 2760 in

2048 2786 2308 2859 Symbolo
2364 2791 2706 2842 continetur.
2760 2787 2831 2843 At
2889 2789 3070 2858 quoad
3127 2792 3298 2848 verba
3350 2807 3610 2863 quartum

2045 2879 2338 2936 concilium
2366 2879 2512 2934 aliud
2541 2895 2704 2950 quam
2733 2881 2977 2948 tertium,
3003 2885 3255 2953 quintum
3286 2886 3435 2941 aliud
3453 2903 3618 2958 quam

2045 2981 2298 3042 quartum
2321 3013 2337 3039 ,
2366 2981 2420 3027 et
2449 2973 2521 3026 ita
2549 2983 2746 3030 caetera
2777 2977 3241 3046 conscripserunt.
3274 2979 3348 3034 De
3381 2989 3488 3036 tota
3522 2981 3623 3051 ἱείς
3669 3051 3672 3054 _

2051 3077 2142 3120 tur
2172 3063 2274 3120 fide
2305 3076 2363 3120 et
2390 3067 2700 3136 sententiis,
2753 3082 2862 3123 non
2893 3069 3078 3125 verbis
3107 3069 3200 3125 hic
3229 3071 3370 3127 ratio
3399 3083 3509 3128 est.

2119 3158 2256 3212 item
2290 3158 2584 3228 septimum
2619 3159 2916 3214 concilium
2949 3177 3060 3216 non
3092 3167 3322 3220 omnino
3357 3166 3490 3222 facit
3515 3169 3615 3222 ali.

2044 3265 2208 3319 quam
2235 3250 2485 3322 Symboli
2515 3253 2599 3306 vel
2630 3251 2795 3322 primi
2841 3253 2928 3309 vel
2975 3257 3202 3312 Secundi
3235 3261 3572 3316 mentionem
3597 3303 3612 3328 ,

2043 3343 2140 3396 sed
2187 3342 2518 3412 simpliciter
2553 3345 2778 3402 decreto
2811 3348 2932 3419 ejus
2965 3349 3118 3404 edito
3162 3351 3216 3406 in
3265 3353 3373 3410 line
3417 3355 3608 3417 addit:
3653 3393 3658 3398 ο

2045 3431 2138 3485 llis
2171 3433 2308 3490 nihil
2339 3444 2424 3490 est
2457 3435 2773 3492 addendum
2799 3478 2814 3503 ,
2847 3439 2987 3494 nihil
3015 3441 3084 3496 ab
3115 3443 3198 3498 eis
3228 3447 3618 3514 auferendum,

2044 3523 2192 3592 quod
2247 3525 2292 3578 si
2344 3528 2470 3596 quis
2501 3527 2584 3581 vel
2615 3528 2817 3590 addat,
2857 3529 2939 3583 vel
2976 3529 3194 3586 auferat
3241 3533 3510 3604 quidquid
3550 3541 3620 3595 ab

2045 3620 2148 3670 hac
2175 3617 2302 3682 fide,
2326 3619 2620 3674 anathema
2652 3620 2743 3676 sit.
2775 3620 3122 3678 Manifestum
3139 3625 3308 3695 igitur
3332 3637 3438 3694 est,
3470 3633 3618 3699 quod

2044 3708 2112 3762 de
2146 3711 2248 3764 litte
2281 3713 2560 3766 contraria
2595 3722 2650 3767 et
2682 3713 2818 3769 falsa
2849 3714 3097 3782 inhibet;
3165 3733 3276 3772 non
3309 3721 3456 3774 enim
3493 3738 3622 3792 pro.

2047 3804 2240 3868 hibet,
2271 3821 2340 3860 ne
2367 3805 2613 3862 Ecclesia
2644 3807 2870 3862 decreta
2899 3846 2912 3874 ,
2951 3822 3080 3868 cum
3110 3823 3199 3865 res
3221 3811 3422 3883 exigit,
3451 3815 3620 3878 cdere

2044 3898 2188 3968 possi
2202 3909 2238 3952 t.

2117 4011 2394 4066 Praeterea
2429 4028 2550 4082 quae
2582 4015 2748 4069 corde
2780 4017 3059 4073 credimus
3097 4019 3150 4072 in
3183 4019 3456 4089 justitiam
3480 4061 3493 4084 ,
3527 4037 3622 4078 eaq

2047 4107 2171 4158 dem
2222 4121 2320 4160 ore
2367 4121 2590 4180 quoque
2635 4110 2892 4163 confiteri
2937 4111 3008 4164 ad
3043 4112 3278 4166 salutem
3314 4112 3618 4181 debemus,

2049 4197 2208 4253 aliter
2257 4197 2576 4267 imperfecta
2631 4199 2795 4254 nobis
2844 4200 2983 4256 fides
3030 4211 3200 4259 esset.
3251 4205 3582 4262 Confitenda

2046 4290 2194 4345 enim
2229 4299 2316 4344 est
2348 4305 2532 4346 coram
2570 4291 2892 4348 hominibus
2926 4294 3096 4360 fides,
3140 4298 3188 4352 si
3227 4298 3615 4362 desideramus

2047 4381 2317 4452 promissa
2349 4384 2598 4451 praemia.
2649 4387 2716 4437 At
2742 4401 2933 4440 verum
2979 4391 3211 4444 necesse
3254 4399 3338 4444 est
3385 4406 3614 4463 sapere,

365 4474 766 4560 roborandam.
803 4501 1053 4570 Amplius
1096 4499 1318 4553 tertium
1371 4495 1666 4550 concilium
1712 4493 1937 4558 statuit,
1976 4524 2017 4578 υ
2050 4474 2221 4544 igitur
2247 4483 2303 4530 ει
2334 4475 2592 4531 οοηίῖιεΐὶ
2621 4477 2764 4532 idem
2793 4495 3022 4539 necesse
3050 4494 3156 4536 est.

368 4611 470 4652 nec
504 4597 671 4650 licere
708 4595 871 4648 aliam
905 4593 1066 4646 fidem
1123 4589 1376 4660 proferre
1429 4595 1632 4658 przeter
1666 4599 1786 4640 eam
1819 4599 1940 4653 quae

367 4691 426 4746 in
467 4690 684 4745 Nicaano
721 4687 958 4742 concilio
991 4685 1138 4740 edita
1176 4683 1319 4746 fuit,
1353 4688 1410 4735 et
1441 4695 1538 4734 eos
1574 4679 1667 4756 qui
1703 4679 1810 4732 hoc
1845 4693 1942 4731 au-

369 4782 568 4837 derent
588 4821 604 4844 ,
635 4778 975 4834 anathemati
1006 4775 1264 4847 subjeCit.
1290 4774 1366 4828 De
1398 4771 1660 4840 Symbolo
1687 4785 1818 4824 vero
1847 4785 1944 4839 per

367 4875 669 4930 secundum
703 4873 1003 4929 concilium
1036 4870 1220 4934 edito,
1253 4883 1364 4937 quo
1399 4875 1510 4920 tota
1545 4865 1794 4918 Ecclesia
1829 4865 1943 4918 uti-

369 4977 486 5034 tur,
522 4969 728 5024 nullam
762 4968 894 5026 facit
937 4971 1300 5024 mentionem.
1335 4962 1392 5017 Si
1439 4963 1606 5032 igitur
1655 4961 1781 5015 ideo
1827 4975 1938 5014 non

313 5041 318 5048 ’
367 5061 615 5116 fecerant
649 5061 715 5112 de
747 5073 814 5114 eo
873 5057 1250 5120 mentionem,
1289 5056 1418 5126 quia
1455 5055 1607 5108 aliud
1657 5063 1712 5107 et
1749 5055 1937 5107 diver-

365 5169 488 5210 sum
523 5169 553 5208 a
587 5153 693 5207 ﬁde
724 5151 932 5210 Nicami
963 5150 1188 5204 concilii
1226 5149 1358 5201 illud
1393 5155 1669 5217 putarunt
1698 5163 1714 5200 ς
1747 5163 1942 5218 pecca-

365 5261 492 5302 mus
530 5260 668 5310 nos,
711 5253 767 5299 et
809 5243 1034 5313 quidem
1068 5239 1399 5303 mortaliter,
1429 5241 1522 5309 qui
1557 5240 1762 5294 omisso
1800 5247 1941 5294 tota-

367 5337 495 5391 litcr
528 5336 789 5412 Symbolo
823 5335 1078 5397 Nica'no,
1119 5342 1319 5402 prreter
1351 5331 1502 5400 quod
1535 5331 1742 5384 nullam
1776 5332 1938 5384 aliam

371 5429 532 5484 iidem
564 5427 819 5498 proferre
852 5433 1171 5480 statuerunt
1199 5421 1426 5486 Patres,
1454 5421 1682 5476 secundi
1715 5419 1940 5480 concilii

369 5519 578 5571 utimur
611 5515 874 5588 Symbolo
895 5555 908 5578 ,
945 5513 1082 5568 illud
1113 5514 1362 5579 legentes
1385 5553 1400 5577 ,
1447 5511 1586 5564 illud
1633 5514 1897 5565 docentes
1925 5551 1940 5575 ,

366 5609 501 5664 iltud
545 5617 602 5662 et
643 5607 903 5677 privatim
951 5613 1006 5659 et
1041 5606 1260 5675 publice.
1289 5603 1638 5673 profercntcs
1666 5641 1682 5664 ,
1747 5615 1796 5655 et
1836 5605 1940 5662 hac

371 5700 585 5753 ratione
631 5701 735 5754 sub
779 5699 1130 5752 anathemate
1177 5713 1391 5752 sumus.
1443 5695 1600 5762 Quod
1632 5696 1677 5750 si
1713 5695 1838 5753 ideo
1865 5695 1940 5748 si-

365 5791 540 5852 lentio
573 5793 703 5848 illud
737 5792 1156 5860 praeterierunt,
1207 5790 1470 5858 quoniam
1523 5789 1668 5845 idem
1710 5797 1796 5844 est
1838 5803 1940 5864 per

690 5889 968 5950 Puncta
1001 5885 1116 5950 Gn.
1154 5881 1330 5948 CLXI

2115 4591 2363 4662 Amplius
2409 4591 2464 4646 in
2511 4593 2647 4648 actis
2692 4597 2878 4666 quarti
2925 4598 3148 4652 concilii
3199 4599 3254 4658 in
3289 4599 3468 4674 prima
3504 4619 3620 4658 ses-

2045 4683 2236 4750 sione,
2293 4685 2476 4754 primo
2531 4687 2756 4759 quidem
2811 4689 2944 4758 legit
2997 4690 3278 4760 Eutyches
3333 4691 3615 4750 Niemnuin

2044 4777 2406 4844 Symbolum,
2451 4779 2648 4833 deinde
2692 4779 2838 4834 idem
2885 4781 3181 4837 luereticus
3228 4785 3433 4848 infert,
3463 4794 3610 4857 quod

2045 4868 2114 4920 de
2149 4871 2251 4922 hac
2303 4869 2410 4923 fide
2462 4871 2684 4926 Nica-na
2735 4873 2994 4934 videlicet
3039 4875 3290 4930 decrevit
3339 4879 3616 4948 Ephesina

2044 4960 2288 5032 synodus
2331 4977 2458 5015 eum
2503 4965 2598 5034 qui
2645 4973 2844 5036 praeter
2887 4965 3033 5020 hanc
3076 4970 3380 5038 quidquam
3412 4971 3617 5038 addat,

2044 5050 2250 5118 cegitet
2312 5059 2408 5110 aut
2449 5051 2673 5116 doceat,
2723 5069 2878 5107 reum
2925 5070 3048 5110 esse
3083 5059 3308 5126 poenis,
3361 5075 3484 5129 qua:
3536 5063 3612 5120 ibi

2044 5139 2172 5195 dem
2221 5145 2597 5202 continentur.
2651 5149 2720 5198 At
2769 5147 3082 5213 Eusebius,
3117 5149 3416 5220 episcOpns
3447 5152 3616 5222 Dory-

2043 5233 2214 5292 lensis
2235 5271 2250 5298 ,
2282 5235 2376 5304 qui
2405 5251 2463 5290 se
2495 5239 2614 5290 zelo
2646 5237 2772 5293 fidei
2809 5249 3190 5294 accusatorem
3228 5242 3400 5311 hujus
3438 5245 3616 5298 luere.

2045 5325 2140 5379 tici
2195 5327 2585 5394 constituerat,
2625 5344 2748 5383 cum
2811 5331 2928 5386 haec
2969 5333 3249 5401 audisset,
3289 5335 3618 5397 exclamavit

2044 5417 2237 5471 dicens
2259 5457 2274 5482 ,
2305 5417 2422 5472 Non
2457 5433 2540 5473 est
2571 5419 2676 5474 tale
2707 5422 3016 5490 decretum,
3053 5439 3160 5477 non
3194 5433 3280 5478 est
3311 5439 3487 5478 canon
3518 5430 3612 5494 qui

2045 5508 2151 5562 hoc
2175 5508 2390 5580 jubeat,
2421 5513 2688 5566 mentitus
2717 5522 2819 5566 est.
2860 5513 3047 5569 Patres
3071 5529 3202 5569 vero
3231 5515 3454 5570 concilii
3490 5531 3616 5572 scxa

2043 5600 2192 5654 ccnti
2241 5611 2298 5654 et
2347 5601 2570 5670 triginta
2629 5619 2863 5660 numero
2909 5605 2997 5660 his
3036 5607 3276 5670 auditis,
3323 5609 3611 5676 Eutychen

2043 5692 2517 5758 condemnarunt,
2578 5697 2856 5752 nolentem
2926 5715 3118 5768 sapere
3169 5710 3335 5772 atque
3381 5703 3614 5760 credor-.5

2043 5784 2232 5862 aliqua
2274 5786 2408 5854 alia,
2451 5803 2570 5866 qua:
2609 5789 2663 5844 in
2697 5789 2921 5849 Nicwuo
2981 5793 3245 5864 Symbolo
3295 5811 3398 5849 non
3430 5801 3609 5856 coui-

3141 5887 3212 5956 η
