4086 6404
520 381 624 441 419

1513 370 2018 430 aiassantoxts
2061 370 2115 428 ς.
2154 370 2219 428 ιι.
2254 369 2316 429 E.
2341 341 2812 430 etnotaanis

3660 361 3774 425 4Ξο

519 511 755 556 neantnr
801 497 1077 566 explicito.
1136 494 1253 548 Alia
1315 507 1445 546 vero
1492 491 1641 543 dico.
1673 505 1905 542 numero
1933 531 1944 548 ,
1981 503 2088 539 non
2125 500 2162 551 Α
2199 502 2294 541 nes
2333 503 2362 541 a
2403 486 2680 556 praedictis
2718 485 2924 540 sanctis
2968 481 3224 536 Patribns
3258 486 3368 550 jam
3412 481 3616 547 editos,
3649 497 3706 536 et
3740 500 3772 538 a

523 605 583 647 nt
638 589 1070 644 contradictoria
1113 586 1193 639 vel
1229 581 1543 644 contraria,
1575 597 1685 650 quo
1747 580 1797 632 fit
1827 620 1838 641 ,
1877 587 1932 630 ut
1968 579 2086 629 illas

518 688 824 742 additioncs
879 680 1206 751 putaverint
1236 675 1566 730 inhibendas
1596 689 1719 728 esse
1743 713 1757 736 ,
1788 687 1918 740 quae
1949 686 2080 724 coa-

519 780 701 833 trariae
749 785 804 830 et
857 773 1126 842 Opposita:
1175 769 1393 824 veritati
1447 776 1612 830 sunt,
1660 781 1769 819 non
1816 765 1934 817 illas
1967 777 2088 830 qua:

517 881 647 926 sunt
676 877 1082 922 consentaneae.
1111 861 1264 928 Quod
1293 861 1441 915 enim
1469 857 1723 913 Christus
1751 855 1804 908 in
1875 853 2089 907 duabus

516 977 573 1018 et
602 980 666 1016 ex
704 961 923 1015 duabus
958 957 1176 1012 naturis
1213 955 1422 1021 absque
1458 949 1788 1004 confusione
1825 963 2090 1016 perman-

516 1056 651 1111 serit
693 1061 818 1124 post
867 1049 1051 1105 carnis
1102 1045 1578 1113 assumptioncm,
1612 1040 1758 1110 quod
1809 1039 2086 1108 Eutyches

517 1149 779 1215 negabat,
830 1155 1148 1212 quanquam
1200 1135 1350 1191 aliud
1397 1146 1545 1190 esset
1588 1149 1617 1186 a
1662 1131 1886 1188 Nicarno
1924 1131 2088 1200 Sym-

515 1241 642 1294 bnlo
664 1280 676 1299 .
709 1235 860 1290 aliud
890 1248 1017 1286 vero
1045 1246 1152 1284 non
1191 1228 1463 1283 sententia
1490 1265 1504 1289 ,
1536 1223 1630 1279 sed
1661 1223 1842 1278 verbis
1865 1265 1877 1286 ,
1909 1231 2088 1274 tamen

514 1331 784 1399 cogebant
821 1325 1109 1395 Eutychen
1133 1361 1147 1385 ,
1183 1329 1244 1373 ut
1276 1319 1382 1372 hoc
1409 1319 1682 1371 crederet.
1723 1315 1892 1382 Igitur
1917 1312 2094 1366 mani-

517 1427 652 1478 feste
700 1430 930 1490 apparet
973 1433 1080 1470 non
1127 1413 1456 1481 simpliciter
1490 1410 1637 1464 aliud
1667 1450 1680 1469 ,
1730 1407 1824 1460 sed
1865 1414 2090 1459 contra-

515 1518 658 1569 rium
715 1510 1034 1566 inhibuisse
1088 1514 1307 1560 sanctos
1361 1505 1639 1556 doctores.
1703 1496 2092 1560 Anhnadverte

515 1617 749 1672 namque
784 1599 928 1668 qttnd
979 1598 1215 1666 ipsamct
1264 1592 1429 1648 verba
1479 1589 1626 1644 tertii
1674 1587 1939 1649 concilii,
1971 1596 2094 1653 qua:

529 1712 628 1750 nos
663 1693 1001 1764 proferimus
1023 1731 1035 1749 .
1073 1687 1207 1742 nulli
1238 1684 1492 1738 videlicet
1525 1682 1693 1735 licere
1727 1680 1889 1732 aliam
1927 1677 2092 1730 fidem

521 1790 799 1858 proferre,
860 1785 977 1837 lure
1004 1781 1196 1835 eadem
1248 1778 1522 1846 Eutychos
1575 1789 1675 1843 pro
1725 1788 1783 1826 se
1829 1768 2096 1839 produce-

519 1885 635 1936 bat.
685 1881 990 1947 Episcopus
1029 1889 1159 1928 vero
1205 1869 1554 1942 Dorylensis,
1590 1879 1644 1919 et
1691 1874 1866 1918 totum
1914 1860 2096 1915 conci-
2131 1901 2167 1954 Β

520 1978 653 2028 lium
686 2013 698 2035 ,
731 1971 847 2024 Non
875 1978 959 2022 cst
989 1966 1114 2020 talis
1163 1977 1365 2025 canon,
1393 1959 1808 2018 exclamarunt,
1850 1955 1942 2021 qui
1990 1952 2097 2004 hoc

519 2070 708 2136 jnlzeat
731 2106 744 2126 ,
779 2071 832 2116 et
861 2061 1012 2114 illum
1043 2055 1484 2110 comlemnarunt
1510 2061 1770 2117 tanquam
1799 2061 1906 2100 non
1943 2052 2094 2098 recte

521 2159 914 2218 intel’igcntcm
947 2153 1092 2206 hunc
1121 2161 1412 2202 canonem.
1439 2142 1756 2210 Exponehat
1782 2140 1931 2193 enim
1965 2151 2093 2191 eum

520 2246 986 2322 quemadmodum
1027 2251 1082 2298 et
1131 2239 1302 2294 nostri
1355 2251 1521 2292 omne
1565 2233 1715 2288 aliud
1745 2230 2094 2301 simpliciter,

521 2345 686 2401 etiam
716 2341 761 2396 si
792 2347 939 2394 esset
966 2333 1280 2389 differentia
1316 2328 1560 2384 verbalis
1583 2366 1597 2391 ,
1628 2335 1832 2398 putans
1877 2321 2086 2376 inhibi-

524 2445 640 2490 tum
685 2447 830 2488 esse.
879 2431 1054 2494 Quam
1100 2423 1506 2495 expositionem
1556 2416 1800 2489 synodus
1850 2413 2098 2476 refellit,

520 2542 635 2581 non
664 2536 872 2593 negans
905 2521 1020 2574 lucc
1050 2517 1216 2572 verba
1257 2515 1312 2568 in
1346 2507 1884 2578 canonei-Epltesino
1915 2502 2095 2557 conti-

523 2620 682 2674 neri:
727 2617 892 2670 aliam
942 2623 1122 2666 tamen
1152 2608 1313 2662 fidem
1361 2614 1601 2675 putans,
1649 2615 1772 2670 qua:
1819 2597 2097 2652 contraria

521 2696 792 2772 veritati,
852 2720 960 2760 non
1016 2716 1139 2772 qua:
1191 2697 1376 2753 verbis
1432 2694 1742 2758 differens,
1800 2685 2095 2742 sententiis

522 2813 754 2857 concors
784 2805 840 2852 et
867 2802 1236 2850 consentanea
1266 2788 1360 2843 sit.

598 2893 734 2946 Item
777 2888 832 2942 in
875 2886 1025 2940 libro
1049 2895 1322 2938 canonum
1357 2875 1722 2934 conciliorum
1749 2912 1765 2938 ,
1795 2883 1936 2939 quos
1993 2879 2104 2920 no-

507 2964 645 3039 ster
677 2981 923 3035 Zonaras
971 2975 1234 3044 exponit,
1267 2970 1344 3024 lin
1367 2983 1459 3024 eo
1482 3009 1496 3034 ,
1543 2966 1805 3034 inquam,
1842 2959 1984 3014 libro
2021 2965 2108 3012 est

527 3080 646 3133 luce
695 3072 952 3129 inhibitio
1003 3067 1149 3124 tertii
1199 3062 1471 3126 concilii,
1505 3061 1593 3114 his
1638 3056 1894 3112 videlicet
1945 3049 2106 3106 lectis

527 3163 918 3222 determinavit
945 3168 1132 3215 sancta
1167 3154 1433 3226 synodus,
1467 3161 1522 3205 et
1549 3158 1635 3206 est
1664 3149 1810 3201 inter
1841 3139 2099 3215 ejusdem

2189 576 2505 630 Christiano
2548 575 2830 627 consortio
2878 583 3136 640 tanquam
3179 569 3394 623 alienus
3435 569 3682 638 pellatur
3708 581 3777 627 et

2160 667 2536 736 projiciatar.
2573 665 2685 720 Nos
2712 665 2859 718 enim
2917 679 3018 717 nec
3066 662 3272 715 addere
3338 676 3520 729 neque
3551 663 3776 718 auferre

2191 759 2492 828 quidquam
2547 758 2772 812 omnino
2824 755 2902 810 vel
2960 758 3303 822 cogitamus,
3340 753 3436 806 .vel
3473 767 3777 821 possumus

2157 867 2436 906 canones
2483 850 2781 919 pnedictos
2827 857 3148 915 sequentes.
3202 845 3530 899 llic-canna
3582 845 3777 897 mani-

2193 945 2331 996 feste
2362 941 2606 994 declarat
2636 937 2780 991 tertii
2809 936 3032 991 conc-illi
3063 936 3348 990 decretum
3376 973 3390 996 ,
3424 945 3479 987 et
3505 935 3775 996 aliorum,

2191 1048 2312 1102 qum
2345 1031 2633 1094 inhibent,
2666 1045 2734 1085 ne
2768 1029 2893 1098 quis
2923 1027 3084 1080 al'am
3123 1025 3382 1095 putferat
3419 1024 3606 1088 fidem,
3644 1040 3778 1078 cum

2193 1125 2338 1195 dicat
2362 1164 2376 1189 ,
2409 1123 2557 1194 quod
2595 1123 2642 1177 si
2677 1122 2800 1192 quis
2837 1120 3123 1174 contraire
3159 1119 3380 1172 Patrum
3417 1116 3781 1186 dogmatibus

2193 1227 2450 1280 conetur,
2489 1217 2784 1270 anathema
2826 1215 2897 1269 sit
2933 1211 3240 1269 secundum
3275 1224 3518 1265 canones
3549 1212 3667 1277 jam
3705 1208 3778 1260 ab

2193 1310 2281 1362 eis
2309 1309 2506 1373 editos,
2539 1308 2640 1362 hos
2667 1307 2944 1369 videlicet,
2974 1305 3067 1374 qui
3105 1303 3359 1357 inhibent
3387 1302 3548 1354 aliam
3581 1299 3777 1352 ﬁdem.

2197 1401 2318 1454 llme
2367 1402 2534 1469 igitur
2575 1399 2798 1453 detreta
2841 1396 3178 1451 contrariam
3223 1395 3385 1447 fidem
3431 1392 3779 1462 prohibent,

2195 1496 2420 1564 etquod
2455 1494 2701 1547 inferunt
2725 1533 2738 1553 .
2777 1508 2876 1546 nos
2903 1491 3051 1545 enim
3083 1506 3181 1544 nec
3208 1489 3499 1550 addimus,
3537 1501 3641 1539 nec
3677 1501 3779 1538 au-

2166 1597 2169 1602 ‘
2197 1586 2423 1640 ferimus
2456 1587 2660 1654 aliquid
2687 1627 2699 1646 ,
2734 1584 2789 1636 in
2819 1583 3220 1636 fidevidelicet
3253 1581 3606 1647 intelligunt,
3668 1593 3780 1630 non

2199 1679 2251 1731 in
2297 1677 2554 1748 Symbolo
2591 1695 2604 1743 ;
2643 1672 2976 1740 Symbolum
3014 1676 3168 1728 'enim
3217 1674 3333 1727 haec
3377 1673 3623 1743 synodus
3666 1686 3779 1724 non

2198 1771 2434 1823 inseruit
2474 1772 2527 1822 in
2570 1786 2670 1822 suo
2705 1769 2972 1833 decreto,
3017 1767 3109 1820 sed
3155 1765 3316 1819 fidem
3350 1777 3648 1832 exponens
3674 1804 3688 1824 .
3727 1769 3783 1816 et

2198 1865 2451 1933 dogmata
2485 1870 2800 1917 sanctorum
2837 1862 3059 1915 Patrum
3089 1899 3104 1924 ,
3138 1869 3194 1914 et
3224 1858 3471 1912 omnium
3505 1855 3781 1910 concilio-

2200 1956 2562 2017 runt-infert,
2611 1957 2721 2010 Nec
2761 1953 3001 2017 addere,
3047 1968 3151 2006 nec
3208 1952 3429 2004 auferre
3477 1949 3784 2017 quidquam

2199 2051 2548 2119 cogitamus:
2587 2059 2640 2101 et
2686 2049 2860 2111 ratio,
2910 2047 3040 2116 quia
3083 2059 3327 2098 canones
3360 2040 3656 2110 pra~dictos
3690 2054 3784 2092 se-

2198 2143 2466 2211 quimur;
2497 2141 2570 2194 ita
2603 2149 2654 2192 ttt
2688 2141 2834 2192 clare
2863 2148 3049 2207 pateat
3071 2177 3085 2202 ,
3117 2153 3243 2190 cum
3274 2137 3422 2189 dicat
3452 2136 3651 2189 Patres
3682 2147 3787 2186 nec

2160 2286 2169 2295 ,
2200 2234 2407 2288 addere
2440 2247 2539 2286 nec
2569 2233 2790 2285 auferre
2839 2231 3012 2285 licere
3037 2271 3051 2295 ,
3081 2245 3212 2284 ‘non
3249 2229 3504 2284 verbales
3536 2227 3783 2280 additio-

2205 2340 2304 2381 nes
2331 2336 2385 2379 et
2409 2325 2734 2386 alilationes,
2795 2323 2888 2377 sed
2937 2322 3336 2378 Contrariarum
3373 2321 3782 2374 sententiarum

2201 2425 2257 2470 et
2303 2415 2424 2470 falsi
2473 2431 2670 2470 sensus
2719 2415 2996 2486 inhibere,
3046 2413 3150 2467 Per
3193 2413 3342 2466 hunc
3391 2411 3559 2478 igitur
3607 2425 3781 2464 unum

2203 2522 2472 2561 canonem
2518 2507 2696 2560 solum
2721 2547 2735 2570 ,
2768 2520 2937 2575 quem
2961 2519 3091 2558 -non
3128 2504 3270 2558 ratio
3297 2514 3486 2557 nostra
3523 2504 3780 2567 inducit,

2181 2613 2315 2653 "non
2348 2598 2550 2665 aliquis
2594 2598 2841 2666 privatus
2875 2597 3486 2650 homoeommentatur
3516 2595 3787 2664 simpl-ici-

2207 2699 2314 2754 ter,
2344 2689 2437 2744 sed
2471 2705 2632 2758 quem
2670 2705 2776 2742 una
2805 2689 3072 2759 synodus,
3106 2698 3186 2744 tot
3219 2689 3442 2742 Patrum
3467 2699 3786 2742 conventus

2218 2783 2570 2852 composuit,
2617 2799 2729 2853 quo
2780 2785 2947 2837 etiam
2991 2792 3045 2837 et
3081 2783 3316 2838 aliorum
3365 2783 3630 2839 similium
3681 2781 3786 2835 Pa-

2213 2889 2359 2934 trum
2406 2890 2646 2960 mentem
2693 2889 3020 2950 exponunt,
3100 2879 3448 2950 apertissime
3512 2889 3568 2934 et
3612 2879 3786 2933 mani-

2197 2971 2514 3028 festissime
2547 2972 2782 3026 solvitur
2813 2973 3050 3041 quaestio
3080 2987 3188 3026 non
3223 2973 3563 3027 contendere
3597 2975 3788 3028 volen-

2213 3066 2383 3120 tibus.
2419 3063 2730 3120 Voluissem
2763 3065 2961 3119 liceret
2995 3064 3216 3130 longius
3240 3065 3506 3136 evagari;
3542 3067 3786 3120 vidisses

2219 3159 2470 3229 profecto
2503 3158 2707 3212 multas
2735 3157 2946 3213 similes
2984 3142 3250 3220 rationes.
3309 3169 3365 3211 ct
3413 3158 3639 3226 qudem
3692 3173 3790 3226 po-

539 3257 759 3315 conrilii
796 3267 1037 3310 canones
1071 3249 1344 3321 septimus
1380 3257 1651 3307 numero;
1685 3250 1808 3316 ante
1843 3238 1990 3292 hunc
2024 3241 2107 3290 est

2217 3252 2480 3306 tissimas.
2523 3252 2660 3306 Cum
2700 3265 2830 3306 vero
2864 3263 2920 3305 ct
2961 3267 3083 3320 qua:
3137 3252 3282 3305 dit-ta
3331 3261 3462 3304 sunt
3514 3253 3586 3304 ita
3644 3252 3788 3304 Citltc

529 3352 672 3406 alius
706 3347 952 3420 ejusdem
987 3342 1212 3398 concilii
1251 3355 1427 3394 canon
1466 3350 1704 3391 numero
1738 3337 1964 3393 sextus,
2001 3326 2101 3396 qui

531 3440 924 3500 communione
964 3437 1145 3508 privat
1183 3448 1280 3489 eos
1320 3431 1414 3499 qui
1457 3429 1727 3482 auderent
1765 3420 1976 3492 aliquid
2009 3435 2108 3474 ee-

533 3552 656 3592 rum
686 3541 1005 3606 permutare
1029 3570 1043 3594 ,
1080 3543 1200 3598 quze
1235 3541 1264 3580 a
1301 3525 1512 3594 synodo
1549 3531 1670 3575 acta
1705 3528 1856 3573 sunt.
1893 3517 1952 3568 ln
1986 3528 2108 3582 sep-

534 3603 898 3681 timo—autem
933 3631 1141 3674 canone
1177 3613 1433 3672 videlicet
1488 3605 1839 3664 inhibitionis
1882 3603 2112 3656 anathe-

534 3719 872 3773 matizantur
893 3714 991 3782 qui
1013 3707 1494 3779 transgrediuntur
1525 3713 1792 3756 canonem
1819 3738 1833 3762 ,
1864 3705 1921 3751 et
1949 3695 2114 3750 aliam

534 3809 836 3882 prazdicent
864 3805 1048 3859 fidem.
1077 3799 1284 3867 Quaerit
1318 3798 1486 3869 igitur
1511 3795 1759 3849 Zonaras
1785 3804 1956 3861 quare
1987 3805 2118 3843 san-

537 3907 611 3964 cti
645 3904 838 3958 Patres
872 3900 930 3954 in
962 3905 1116 3954 sexto
1155 3908 1369 3950 canone
1408 3887 1804 3945 communione
1843 3885 2115 3938 duntaxat

533 3998 753 4070 privant
781 4002 1239 4062 transgressores,
1267 3985 1322 4040 in
1349 3982 1585 4052 septimo
1615 3993 1748 4034 vero
1775 3972 2115 4032 anathemati

534 4065 632 4144 eos
661 4087 1000 4156 subjiciunt;
1042 4083 1184 4136 hanc
1223 4092 1355 4132 vero
1395 4073 1763 4145 quzestionem
1805 4069 1894 4123 his
1929 4065 2119 4122 verbis

535 4181 698 4236 solvit
731 4197 746 4233 :
785 4177 1016 4232 Multum
1059 4173 1334 4236 interest,
1371 4169 1593 4235 inquit,
1631 4165 1782 4218 inter
1833 4156 2118 4216 contradi-

537 4289 691 4340 cere,
729 4281 787 4327 et
819 4270 1080 4326 dubitare
1113 4265 1182 4320 de
1221 4263 1404 4331 aliqua
1438 4275 1498 4315 re
1526 4274 1542 4326 ;
1611 4255 1740 4312 ideo
1767 4253 1861 4325 qui
1894 4250 2119 4308 dubitat

537 4367 606 4422 de
654 4366 740 4420 his
770 4380 892 4434 qua:
917 4362 1028 4433 jam
1062 4368 1212 4415 recte
1244 4372 1274 4412 a
1306 4353 1565 4411 Patribus
1604 4355 1806 4405 statuta
1834 4351 1991 4410 sunt,
2027 4354 2122 4397 ex-

538 4433 1068 4514 communicatione.
1097 4449 1420 4512 innodatur,
1468 4454 1524 4500 et
1564 4439 1956 4498 communione
2001 4433 2119 4504 pri-

537 4549 851 4618 vatur:qui
899 4561 1030 4600 vero
1059 4544 1141 4598 eis
1169 4537 1510 4596 contradicit
1533 4531 1797 4604 tanquiam
1841 4524 2120 4584 contraria

540 4643 792 4712 Sapiens,
841 4633 1367 4692 anathematizatur.
1400 4631 1584 4696 Quare
1627 4626 1732 4679 iste
1765 4623 1934 4677 etiam
1965 4632 2122 4673 com-

545 4742 821 4789 mentator
851 4732 1014 4784 aliaat
1064 4726 1224 4780 tidem
1252 4725 1340 4778 hic
1370 4717 1856 4777 contradictoriam
1899 4719 2122 4769 contra-

544 4826 794 4891 riamque
842 4817 1192 4889 apertissime
1247 4825 1305 4870 et
1354 4812 1645 4866 manifeste
1710 4808 1980 4863 nominat.

618 4888 754 4971 Item
806 4888 1106 4967 concilium
1153 4911 1210 4962 in
1255 4907 1445 4962 Trnllo
1475 4905 1812 4960 celebratum
1846 4902 1901 4956 in
1940 4888 2128 4971 primo

545 5028 647 5067 suo
676 5023 886 5064 eanone
913 5007 1084 5060 dicit:
1115 5003 1422 5058 Statuimus
1450 4997 1849 5053 immutabilem
1873 5035 1890 5061 ,
1919 4995 2128 5063 absque

545 5106 734 5174 aliqua
777 5103 1021 5155 novitate
1049 5139 1063 5162 ,
1109 5111 1337 5152 servare
1381 5093 1642 5148 traditam
1684 5091 1848 5144 nobis
1881 5089 1952 5143 ab
1990 5087 2126 5158 ipsis

544 5196 817 5251 ministris
849 5191 1010 5247 Verbi
1057 5189 1150 5260 qni
1183 5187 1316 5243 illud
1346 5185 1522 5239 oculis
1547 5184 1828 5248 viderunt,
1862 5179 2129 5252 apostolis

546 5289 806 5342 videlicet
835 5286 1076 5348 sanctis,
1113 5291 1170 5336 et
1199 5299 1228 5336 a
1259 5280 1365 5357 5118
1400 5279 1609 5334 sanctis
1637 5275 1899 5330 Patribus
1936 5275 1990 5326 in
2025 5272 2119 5326 Ni-

546 5398 658 5437 ca‘a
693 5380 1074 5450 congregatis;
1112 5385 1168 5430 et
1232 5382 1639 5441 consequenter
1688 5378 1981 5422 enumerat
2015 5381 2132 5420 om-

545 5476 636 5529 nia
669 5474 902 5530 concilia
927 5511 941 5536 ,
976 5481 1032 5525 et
1070 5469 1233 5537 jubet
1283 5466 1443 5520 fidem
1475 5464 1545 5518 ab
1575 5463 1836 5520 omnibus
1870 5462 1981 5517 illis
2017 5469 2125 5514 tra-

553 5570 727 5623 ditam
767 5563 1177 5620 immutabilem
1219 5557 1452 5614 servari.
1494 5557 1701 5611 Deinde
1743 5554 1952 5621 infert,
1983 5553 2130 5623 quod

549 5659 595 5712 si
629 5658 755 5726 quis
795 5655 1059 5727 praedicta
1100 5651 1326 5722 pietatis
1360 5648 1618 5720 degmata
1662 5662 1772 5700 non
1811 5654 2037 5709 teneat,
2074 5652 2132 5698 et

549 5751 632 5804 eis
663 5750 981 5818 acquiescat
1002 5786 1017 5812 ,
1051 5757 1108 5801 et
1141 5746 1214 5799 ita
1247 5745 1461 5815 sapiat,
1493 5751 1550 5798 et
1579 5744 1843 5812 praedicet
1870 5779 1884 5804 ,
1921 5737 2018 5793 sed
2051 5736 2133 5792 eis

550 5840 834 5896 contraire
869 5849 1140 5910 conetur,
1183 5837 1476 5894 anathema
1516 5833 1590 5893 sit
1617 5829 1924 5889 secundum
1963 5842 2132 5884 cano-

2207 3346 2367 3402 ~hanc
2395 3346 2755 3415 quaestionem
2802 3343 3112 3411 decidant,
3165 3353 3227 3399 ut
3283 3343 3358 3397 illi
3401 3343 3624 3412 quidem
3653 3384 3666 3408 ,
3699 3341 3788 3410 qui

2223 3439 2514 3494 veritatem
2578 3437 2815 3508 diligat,
2877 3447 2932 3492 ct
2985 3438 3192 3507 absque
3248 3438 3607 3492 contentione
3677 3449 3794 3505 quze

2216 3530 2365 3586 dicta
2428 3538 2558 3586 sunt
2604 3531 2829 3597 audiat,
2865 3532 2998 3584 satis
3046 3544 3322 3600 superque
3379 3531 3511 3594 sint,
3566 3541 3791 3583 conten-

2216 3625 2348 3680 dere
2389 3641 2520 3678 vero
2551 3622 2756 3678 volenti
2791 3638 2893 3677 nec
2947 3622 3123 3676 multo
3176 3622 3364 3692 plures
3414 3621 3785 3676 satisfaciant:

2218 3735 2328 3774 uno
2377 3719 2644 3773 duntaxat
2692 3725 3019 3786 argumento
3065 3715 3384 3769 Latinorum
3444 3714 3631 3770 adhuc
3690 3715 3788 3768 ad-

2219 3810 2360 3875 dito,
2390 3810 2620 3863 cessabo
2670 3807 2738 3862 de
2791 3807 2892 3861 hac
2941 3822 3001 3860 re
3031 3806 3188 3876 plura
3216 3805 3423 3861 dicere.
3472 3807 3568 3861 Est
3609 3818 3791 3862 autem

2220 3902 2326 3956 hoc
2357 3900 2706 3970 potissimum
2735 3941 2748 3964 ,
2781 3908 2836 3954 et
2861 3899 3007 3968 quod
3042 3899 3218 3953 solum
3249 3897 3479 3953 sufliciat
3512 3899 3580 3952 ad
3611 3900 3796 3955 redar-

2219 3993 2498 4065 guendum
2569 4007 2816 4047 errorem
2876 4001 3222 4047 nostrorum.
3285 3990 3399 4046 Nos
3458 3993 3793 4058 asserimus,

2221 4085 2366 4156 quod
2415 4086 2653 4154 primum
2699 4075 2925 4138 tertium
2973 4085 3274 4140 concilium
3319 4084 3466 4140 hanc
3515 4085 3798 4141 inhibitio-

2222 4194 2348 4234 nem
2381 4177 2664 4242 decrevit,
2698 4187 2761 4232 ut
2790 4177 2954 4247 paulo
2987 4186 3115 4232 ante
3147 4177 3262 4232 dixi
3292 4195 3306 4244 ;
3353 4179 3578 4248 quando
3629 4183 3794 4233 etiam

2223 4286 2468 4333 causam,
2499 4285 2672 4340 quare
2703 4269 2807 4324 hoc
2834 4269 3074 4324 dicimus
3105 4271 3455 4324 manifeslavi
3480 4313 3494 4337 ,
3522 4287 3647 4341 qua:
3677 4282 3794 4326 est:

2224 4362 2372 4434 quod
2405 4378 2531 4418 eum
2567 4361 2806 4416 secunda
2837 4360 3085 4432 synodus
3115 4361 3268 4431 plura
3312 4361 3628 4428 addiderit,
3679 4364 3796 4434 plu-

2226 4470 2399 4526 raque
2440 4453 2731 4508 abstulerit
2779 4467 2808 4506 a
2857 4452 3117 4524 Symbolo
3147 4452 3373 4508 Nicaeae
3398 4495 3414 4522 ,
3447 4455 3491 4510 si
3528 4470 3802 4511 asserere-

2150 4569 2202 4630 Β
2232 4563 2354 4601 mus
2384 4557 2512 4601 ante
2542 4544 2849 4601 secundum
2880 4545 3177 4600 concilium
3225 4547 3368 4600 hanc
3416 4547 3798 4603 inhihitionetn

2232 4639 2403 4694 fuisse
2433 4677 2447 4702 ,
2481 4653 2548 4693 ex
2580 4637 2798 4693 duobus
2846 4653 3018 4692 unum
3064 4648 3414 4707 sequeretur,
3451 4655 3682 4697 necesse
3724 4656 3805 4694 es-

2233 4741 2338 4794 set,
2377 4741 2473 4784 aut
2516 4730 2986 4800 transgressionis
3018 4746 3294 4786 canonum
3325 4743 3549 4789 sanctos
3580 4733 3801 4790 secundi

2235 4824 2459 4879 concilii
2491 4823 2682 4878 Patres
2708 4838 2992 4885 accusare.
3021 4833 3073 4877 et
3107 4823 3210 4878 sub
3240 4825 3591 4880 anathemate
3613 4826 3800 4885 fuisse.

2232 4925 2327 4970 aut
2353 4930 2477 4969 cum
2512 4916 2615 4969 hoc
2641 4930 2749 4969 non
2775 4917 2950 4970 solum
2977 4916 3277 4971 absurdum
3301 4958 3316 4983 ,
3343 4917 3440 4972 sed
3467 4919 3634 4973 etiam
3668 4919 3804 4973 blas-

2235 5007 2457 5079 phemia
2497 5007 2576 5061 sit
2607 5008 2822 5073 dicere,
2859 5024 2967 5063 non
3003 5024 3226 5063 omnem
3262 5009 3542 5064 verbalem
3577 5011 3784 5064 additio

2235 5113 2395 5160 nem,
2463 5097 2560 5151 sed
2600 5098 2907 5152 sententias
2951 5096 3118 5151 falsas
3163 5107 3328 5168 atque
3370 5101 3712 5167 contrarias,
3743 5114 3808 5152 ne

2233 5186 2508 5240 addantur
2551 5186 2881 5242 inhibuisse.
2921 5185 3104 5252 Quare
3153 5190 3404 5256 cogimur
3455 5190 3639 5244 dicere
3689 5196 3808 5260 post

2235 5278 2535 5333 secundam
2611 5280 2877 5349 synodum
2940 5279 3082 5333 hanc
3144 5279 3533 5336 inhibitionem
3614 5283 3806 5336 factam

2236 5370 2440 5437 fuisse,
2473 5384 2584 5425 non
2616 5379 2799 5426 antea.
2830 5370 3005 5441 Igitur
3030 5372 3075 5424 si
3103 5372 3228 5441 quis
3259 5388 3290 5426 e
3323 5388 3597 5429 converso
3631 5383 3807 5427 051011-

2237 5466 2332 5516 dat
2379 5462 2525 5532 quod
2567 5471 2694 5516 ante
2737 5462 3034 5516 secundam
3080 5465 3354 5534 synodum
3403 5467 3518 5521 haec
3556 5467 3807 5520 inhibitio

2235 5553 2406 5609 fuerit
2435 5595 2450 5620 ,
2480 5563 2536 5610 et
2566 5554 2760 5609 iisdem
2794 5553 2908 5609 fere
2937 5556 3156 5622 verbis,
3191 5559 3393 5626 quibus
3428 5560 3650 5613 tertium
3683 5573 3809 5613 con-

2237 5647 2424 5702 cilium
2484 5663 2644 5702 usum
2694 5657 2817 5713 est,
2860 5647 3155 5718 colligetur
3199 5650 3440 5704 duorum
3472 5651 3810 5722 supradicto-

2237 5753 2360 5792 rum
2385 5738 2622 5793 alterum
2645 5779 2661 5803 ,
2687 5749 2742 5793 et
2768 5754 2892 5794 cum
2919 5741 3150 5795 secundi
3181 5742 3400 5796 concilii
3427 5742 3618 5796 Patres
3645 5750 3815 5795 trans-

2240 5844 2523 5901 gressores
2550 5845 2828 5890 canonum
2856 5831 3063 5902 dicere,
3098 5832 3449 5906 blasphemia
3479 5834 3551 5890 sit
3577 5873 3593 5904 ,
3626 5835 3812 5896 restat,
