4086 6402
360 367 456 432 421

1311 356 1412 415 DE
1453 348 1974 415 I‘BOLESSIONE
2014 348 2376 408 SPlRlTUS
2415 347 2705 411 SANCTi.

3510 346 3614 416 ιτε

295 533 306 540 .
364 500 426 544 ut
467 483 774 542 secundum
816 480 888 536 sit
918 491 1146 538 verum,
1179 474 1440 528 videlicet
1495 486 1599 524 non
1638 469 1691 522 id
1731 466 1933 520 intciii-
1961 469 2007 528 Α
2045 463 2314 532 intelligit,
2347 481 2466 516 rum
2497 463 2630 516 hanc
2661 459 3040 516 inhibitionem
3071 459 3344 527 decernit,
3379 462 3470 516 sed
3506 478 3622 518 ma-

367 596 496 650 gere
535 577 684 631 illam
719 571 1110 628 inhibitionem
1136 605 1152 631 ,
1186 565 1332 635 quod
1367 563 1537 617 nostri
1580 551 1803 630 putaui,
1836 557 1933 612 sed

359 668 696 725 contrariam
737 664 898 718 Iidem
945 658 1220 715 inhibere.
1279 655 1392 710 lioe
1427 655 1593 722 igitur
1641 650 1798 704 nobis
1848 664 1937 702 os-

367 759 664 814 tenderunt
729 751 929 806 Latini.
991 749 1294 805 Probatum
1347 754 1428 798 est
1477 741 1679 798 ctenim
1731 739 1803 793 ab
1857 739 1938 792 cis
2001 771 2004 773 λ

366 852 596 920 primam
663 847 939 900 Nicmnam
1000 840 1274 912 synodum
1346 837 1488 890 hanc
1548 833 1935 888 iabibitionem

363 941 556 996 fecisse
585 977 598 996 .
638 938 832 992 iisdem
876 935 1012 1003 ipsis
1059 932 1240 987 verbis
1265 971 1280 992 ,
1321 928 1524 997 quibus
1567 937 1621 980 et
1664 926 1936 985 tertium,

363 1044 420 1086 t-t
451 1006 556 1084 alia
593 1027 826 1082 concilia
856 1024 1227 1091 scripserunt.
1253 1018 1566 1073 Probarunt
1605 1025 1789 1067 autem
1835 1012 1941 1064 hoc

372 1125 536 1176 modo
575 1137 586 1172 :
625 1120 702 1172 ita
738 1114 972 1169 studiosi
999 1123 1056 1166 et
1084 1113 1373 1179 diligentes
1406 1109 1460 1162 in
1498 1107 1758 1160 omnibus
1800 1103 1939 1159 acli-

367 1216 469 1269 bus
502 1215 618 1265 suis
654 1217 786 1265 stmt
835 1207 1060 1268 Latini,
1114 1211 1280 1272 prout
1321 1213 1377 1255 et
1405 1205 1515 1254 ’tua
1561 1199 1819 1252 nobilitas
1872 1197 1945 1249 sit

369 1316 598 1374 experta
635 1303 690 1356 in
727 1301 919 1354 multis
953 1313 1146 1352 eorum
1178 1292 1462 1364 sapientia:
1483 1331 1496 1354 ,
1529 1300 1591 1344 ut
1624 1305 1730 1344 non
1764 1289 1942 1342 solum

372 1399 426 1450 in
460 1395 684 1460 divinis,
717 1407 906 1446 verum
956 1391 1122 1444 etiam
1196 1388 1249 1440 in
1285 1383 1542 1440 immanis
1602 1392 1655 1437 et
1693 1381 1946 1436 civilibus

371 1490 544 1542 rebus
583 1486 724 1542 nihil
768 1499 866 1538 eos
910 1482 976 1536 de
1029 1480 1230 1550 priscis
1285 1477 1456 1548 gestis
1495 1477 1580 1530 vcl
1612 1474 1836 1543 scriptis
1865 1472 1948 1528 ia-

375 1593 520 1645 ttat;
553 1594 722 1649 quare
748 1580 1164 1644 in_unaquaque
1205 1573 1367 1626 etiam
1401 1570 1617 1624 civitate
1639 1565 1948 1636 rcperiesin

383 1687 574 1726 eorum
603 1668 866 1723 archiviis
903 1666 1070 1719 multa
1099 1661 1499 1732 antiquissimis
1545 1659 1714 1730 gestis
1756 1671 1948 1712 eorum

381 1763 711 1829 consrripta.
733 1757 846 1811 lloc
865 1757 1033 1811 etiam
1061 1757 1114 1808 in
1134 1754 1401 1809 catholica
1433 1751 1678 1806 Ecclesia
1719 1749 1950 1817 aliisque

2043 557 2236 610 ttifeste
2276 557 2603 610 contrariam
2642 554 2801 608 iidem
2837 553 3062 608 inhibet.

2043 691 2322 746 Conclusio
2381 689 2523 759 quod
2585 697 2804 753 urgente
2876 690 3226 750 necessitate,
3301 697 3351 740 et
3407 689 3620 758 judicio

2115 761 2384 821 Ecclesirt',
2431 771 2477 812 et
2527 765 2843 811 aucturitute
2899 760 3094 810 summi
3145 760 3411 828 pontiﬁcis
3467 777 3620 812 ιιι-εε-

2114 833 2287 891 dculc,
2339 831 2462 883 licet
2513 839 2560 882 cl
2617 829 2970 881 necessarium
3020 840 3094 881 est
3153 829 3345 881 addere
3403 830 3618 883 verbum

2116 899 2382 969 Symbolo.

2119 1017 2222 1070 Per
2253 1017 2372 1070 lucc
2400 1016 2584 1085 itaque
2626 1017 2807 1069 omnia
2854 1016 3283 1070 clementissime
3331 1016 3454 1070 luce
3501 1017 3608 1068 cla-

2051 1111 2165 1165 rius
2199 1113 2490 1182 probatum
2524 1121 2605 1164 est
2637 1127 2742 1163 non
2780 1126 2900 1164 esse
2935 1111 3278 1181 prohibitura
3329 1110 3617 1162 veritatem

2050 1203 2254 1257 addere
2295 1203 2417 1256 lidei
2454 1202 2732 1272 Symboio,
2761 1201 2872 1255 imo
2909 1217 3038 1256 vero
3064 1201 3367 1254 declarare.
3402 1201 3622 1254 Nullum

2051 1295 2198 1348 enim
2236 1295 2485 1349 veritatis
2541 1281 2734 1363 dogma
2779 1301 2888 1357 est,
2921 1293 3066 1363 quod
3102 1295 3186 1350 vel
3222 1293 3478 1362 expiicite
3512 1307 3622 1344 non

2053 1385 2402 1437 contineatur
2430 1384 2715 1452 Symboio,
2755 1392 2810 1436 et
2835 1383 3067 1451 simplici
3103 1383 3479 1451 apostolorum
3517 1392 3628 1435 tra-

2055 1475 2253 1529 ditioni
2303 1474 2636 1529 :der-larare
2687 1481 2896 1542 autem,
2941 1483 2997 1528 et
3027 1475 3312 1542 replicare,
3359 1489 3422 1527 ac
3474 1472 3630 1540 Sym-

2055 1567 2184 1621 bolo
2212 1568 2416 1622 addere
2439 1582 2552 1620 non
2583 1582 2803 1638 semper
2838 1566 3116 1631 videlicet,
3147 1583 3247 1620 nec
3282 1582 3499 1620 onmem
3535 1582 3628 1618 vo-

2056 1659 2281 1719 lentem,
2329 1658 2425 1713 sed
2479 1673 2676 1729 magna
2723 1659 3052 1714 neceSsitate
3101 1669 3354 1728 cogente,
3401 1667 3456 1712 ct
3503 1673 3626 1712 eum

2058 1751 2320 1805 Ecclesia:
2353 1752 2645 1822 judicium,
2677 1760 2732 1806 et
2782 1752 3087 1806 auctoritas
3121 1751 3317 1805 summi
3354 1752 3564 1822 ptillliiit
3586 1752 3630 1804 is

377 1857 488 1926 piis
519 1847 1121 1906 locisservatur.lliulta
1139 1843 1783 1911 euimactapontiticum,
1817 1839 1953 1891 mul-
1989 1827 2028 1883 Β
2058 1844 2377 1909 accesserit,
2415 1859 2524 1897 non
2577 1843 2741 1898 modo
2797 1859 2907 1898 non
2954 1858 3075 1898 esse
3130 1845 3498 1914 prohibitum,
3535 1843 3630 1900 sui

383 1961 562 2016 tarque
623 1942 988 1999 conciliorum
1027 1940 1274 2007 epistolae
1328 1945 1385 1990 et
1430 1947 1672 1988 canones
1714 1937 1950 1986 exstant.

385 2040 782 2096 Produxerunt
833 2033 1000 2102 igitur
1040 2029 1203 2084 nobis
1253 2028 1309 2081 in
1358 2023 1748 2093 antiquissimo
1809 2021 1952 2074 libro

389 2132 748 2188 nwmbraneo
776 2125 1066 2196 epistolam
1097 2119 1298 2176 Liberii
1342 2133 1494 2188 papae
1519 2115 1586 2170 ad
1627 2115 1688 2170 B.
1712 2113 1956 2168 Athana-

379 2239 525 2278 sum
579 2217 1012 2278 Alexandrinum
1047 2211 1419 2282 patriarcham
1452 2251 1466 2276 ,
1525 2223 1646 2276 quae
1700 2205 1942 2275 incipit:

384 2317 504 2370 iam
557 2329 586 2368 a
646 2310 918 2381 principio
962 2316 1168 2360 tantam
1212 2303 1527 2372 accepimus
1567 2315 1595 2354 a
1634 2297 1958 2354 beatissimo

387 2411 554 2468 Petro
603 2405 851 2476 principe
908 2397 1316 2470 apostolorum.
1367 2394 1426 2450 in
1477 2407 1583 2461 qua
1620 2397 1741 2460 post
1787 2402 1960 2457 pauca

388 2503 557 2562 dicit,
610 2498 890 2566 accepisse
949 2489 1242 2559 epistolam
1297 2485 1472 2540 sancti
1529 2479 1850 2542 Athanasii,
1907 2484 1964 2531 et

383 2611 510 2651 cam
551 2593 776 2662 legisse.
809 2587 1020 2646 Deinde
1063 2584 1252 2656 addit:
1285 2581 1420 2636 Cum
1460 2587 1644 2633 autem
1675 2576 1833 2630 Iidem
1865 2574 1962 2630 Ni-

383 2685 526 2741 catni
566 2681 784 2738 cont-iiii
825 2682 880 2734 in
921 2694 980 2733 ea
1021 2683 1224 2751 rectam
1259 2670 1696 2738 reperissemus,
1733 2678 1958 2734 magnas

391 2778 596 2849 gratias
628 2775 786 2829 vobis
821 2771 1117 2827 retulimus
1141 2809 1154 2834 ,
1187 2782 1292 2837 pro
1321 2778 1428 2835 qua
1459 2777 1567 2816 non
1603 2760 1781 2816 solum
1810 2771 1964 2812 com-

389 2847 504 2942 pati
537 2867 863 2930 vobiscum,
908 2873 970 2916 et
1013 2858 1457 2932 persecutionem
1502 2853 1614 2924 pati
1659 2847 1835 2920 parati
1876 2863 1967 2901 su-

393 2939 552 3023 mus,
589 2959 682 3014 scd
727 2973 848 3012 cum
889 2954 1194 3009 necessitas
1226 2950 1442 3018 exigat,
1480 2947 1646 2999 etiam
1684 2939 1822 2995 meri
1852 2955 1966 3009 pro

393 3055 612 3110 nomine
636 3050 834 3107 Christi
878 3063 985 3102 non
1025 3055 1444 3115 postponetnus,
1478 3045 1968 3106 quantumcunque

2057 1939 2224 1995 etiam
2259 1939 2632 1994 necessarium
2662 1955 2806 1996 esse.

2131 2048 2466 2104 Conlinuatio
2491 2053 2818 2123 narrationis
2855 2070 3056 2116 eorum,
3087 2069 3203 2123 qua:
3231 2053 3286 2106 in
3324 2055 3557 2107 concilio

2643 2121 2785 2190 facta
2819 2123 3052 2191 fuerunt.

2135 2212 2230 2267 liis
2263 2211 2429 2282 igitur
2495 2215 2727 2285 aliisque
2765 2215 3040 2269 similibus
3071 2230 3165 2283 per
3195 2215 3418 2271 Latinos
3450 2216 3632 2279 dictis,

2061 2307 2486 2364 clementissime
2521 2311 2626 2373 vir,
2661 2326 2761 2365 nos
2811 2327 2933 2364 cum
2967 2311 3102 2365 nihil
3139 2313 3204 2366 ad
3252 2313 3372 2368 haec
3405 2329 3634 2381 respon-

2061 2400 2192 2456 dere
2247 2402 2614 2466 haberemus,
2679 2403 2815 2473 quid
2879 2421 3117 2475 namque
3171 2415 3385 2474 poterat
3433 2407 3634 2476 aliquis

2063 2501 2254 2548 contra
2282 2495 2442 2550 talem
2468 2495 2753 2549 veritatem
2792 2495 3142 2565 impudenter
3165 2497 3390 2552 dicere?
3420 2499 3637 2552 taceba.

2065 2599 2204 2640 mus.
2253 2583 2434 2638 Latini
2469 2601 2602 2641 vero
2637 2587 2866 2656 probato
2897 2587 3043 2657 quod
3077 2588 3206 2643 licet
3236 2588 3442 2643 addere
3476 2589 3635 2660 Sym-

2065 2675 2192 2730 bolo
2257 2678 2582 2742 veritatem,
2635 2667 3042 2747 consequenter
3105 2680 3513 2748 pollicebantur
3575 2695 3636 2736 se

2068 2766 2400 2836 probaturos
2455 2768 2621 2823 etiam
2663 2769 2862 2838 dogma
2915 2769 3176 2841 Symbolo
3230 2773 3499 2840 additum,
3539 2787 3638 2827 ve-

2068 2879 2190 2918 rum
2248 2879 2394 2928 esse,
2449 2863 2744 2928 videlicet,
2794 2867 2940 2934 quod
2991 2865 3238 2935 Spiritus
3290 2877 3514 2922 sanctus
3573 2883 3642 2924 ex

2069 2956 2236 3010 Patre
2301 2955 2550 3025 Filioque
2594 2957 2861 3026 procedit.
2901 2956 2971 3010 At
2999 2961 3171 3014 nostri
3205 2959 3259 3012 in
3293 2960 3471 3029 primo
3504 2975 3643 3030 con-3

2071 3049 2236 3113 victi,
2296 3049 2671 3106 formidabant
2725 3052 3029 3106 secundum
3091 3061 3373 3107 certamen
3429 3053 3643 3118 subire,

395 3162 592 3204 sumus
648 3143 972 3198 imbecilles.
1023 3137 1288 3194 Przedicta
1339 3145 1578 3200 namque
1625 3137 1684 3222 ut
1733 3127 1968 3222 legimus
1995 3163 2038 3222 ο
2073 3139 2318 3208 illudque
2351 3139 2432 3195 eis
2467 3139 2672 3206 evenit,
2704 3142 2852 3210 quod
2884 3157 2985 3211 ego
3008 3144 3118 3211 jam
3151 3157 3180 3197 a
3213 3143 3484 3214 principio
3507 3159 3646 3212 prae-

393 3250 587 3295 saneta
650 3233 901 3290 decrevit
962 3231 1181 3286 Niczena
1241 3225 1521 3297 synodus,
1577 3221 1739 3275 aliam
1798 3217 1965 3274 ﬁdem

399 3331 532 3385 nulli
573 3329 743 3384 licere
785 3323 1032 3394 proferre
1065 3361 1079 3385 ,
1120 3328 1216 3374 aut
1252 3315 1643 3378 conscribere,
1684 3321 1779 3366 aut
1819 3326 1972 3366 com-

399 3432 604 3488 ponere
630 3456 644 3478 ,
675 3423 770 3467 aut
814 3427 1007 3480 sapere
1031 3451 1045 3476 ,
1095 3417 1190 3463 aut
1229 3409 1394 3461 aliter
1436 3405 1640 3458 docere
1664 3443 1680 3468 ,
1716 3415 1818 3456 nec
1859 3401 1963 3456 aii-

397 3511 524 3580 quid
549 3509 602 3564 in
638 3508 740 3560 fide
761 3505 844 3558 vel
873 3504 1199 3572 intelligere,
1229 3502 1310 3554 vel
1338 3498 1581 3568 proferre
1603 3495 1747 3566 quod
1773 3494 1970 3550 horum

397 3579 622 3658 Patrum
665 3597 901 3652 decretis
941 3594 1280 3648 contrarium
1328 3591 1420 3642 sit.
1459 3587 1558 3660 Qui
1606 3601 1738 3640 vero
1769 3579 1971 3642 audeat

401 3697 562 3748 aliaat
599 3693 760 3746 tidem
793 3689 1071 3760 proferre,
1102 3694 1196 3740 aut
1221 3685 1459 3748 docere,
1494 3689 1590 3738 aut
1637 3679 1782 3738 aliud
1815 3678 1974 3758 Sym-

409 3789 586 3838 bolum
624 3784 838 3840 tradere
871 3782 982 3840 illis
1018 3783 1112 3848 (ιιιί
1151 3779 1216 3832 ad
1257 3779 1398 3829 viam
1437 3773 1690 3828 veritatis
1725 3787 1791 3825 ex
1826 3786 1967 3840 qua-

401 3895 624 3948 cunque
685 3875 878 3932 iLrl‘CSi
919 3873 1238 3932 desiderant
1284 3868 1555 3934 converti,
1615 3879 1709 3922 aut
1750 3883 1816 3921 ex
1876 3865 1976 3920 Ju-

405 3971 642 4034 daismo,
675 3977 770 4024 aut
793 3983 870 4044 ex
903 3965 1229 4036 gentilitate,
1265 3963 1308 4016 si
1349 3963 1643 4031 epist-Opus
1681 3961 1762 4014 vel
1811 3961 1976 4024 cleri-

403 4077 504 4118 cus
549 4063 656 4126 sit,
703 4060 950 4130 privetur
982 4059 1282 4128 episcopus
1317 4056 1621 4125 episcopali
1670 4055 1974 4124 dignitate,

406 4164 462 4212 et
495 4154 733 4208 clericus
768 4152 916 4206 clero
969 4169 980 4204 :
1018 4149 1062 4204 si
1111 4163 1242 4203 vero
1284 4148 1624 4210 monachus,
1665 4157 1759 4200 aut
1803 4147 1978 4201 laicus

405 4243 924 4302 auathematizetur.
979 4240 1104 4294 llaec
1152 4254 1301 4294 nunc
1350 4239 1578 4308 quidem
1627 4237 1765 4291 artis
1813 4237 1974 4305 primi

406 4335 625 4390 COllCiiii
659 4332 962 4403 deperditis
1008 4331 1195 4402 ignota
1244 4329 1405 4382 nobis
1451 4335 1624 4382 sunt:
1670 4335 1802 4382 tunc
1847 4341 1977 4380 vero

409 4443 541 4482 cum
573 4427 756 4480 adhuc
791 4433 1108 4488 exstarent,
1139 4421 1388 4477 sciebant
1417 4428 1472 4473 et
1505 4435 1643 4490 papa
1683 4417 1975 4480 Liberius,

2073 3228 2326 3284 videbam
2368 3230 2638 3297 futurum,
2693 3245 2817 3286 cum
2868 3231 3259 3300 impediebam,
3296 3249 3362 3289 ne
3413 3235 3481 3289 ab
3533 3237 3670 3290 han.

2074 3309 2377 3386 quaestione
2415 3320 2814 3391 inciperemus.
2850 3322 3146 3378 Timebant
3179 3323 3369 3396 igitur,
3397 3335 3453 3380 et
3486 3327 3642 3381 nullo

2075 3407 2240 3462 modo
2287 3408 2546 3462 volebant
2579 3409 2816 3481 amplius
2863 3427 3236 3480 permanere:
3271 3413 3366 3470 sed
3404 3415 3644 3485 quisque

2075 3506 2426 3560 desiderabat
2456 3505 2770 3574 discedere,
2795 3515 2851 3562 et
2887 3510 3088 3564 reverti
3117 3509 3182 3563 ad
3207 3512 3450 3580 propria,
3481 3514 3647 3570 nihils

2075 3613 2182 3667 que
2209 3598 2381 3662 aliud,
2412 3597 2519 3654 nisi
2551 3597 2890 3654 redeundum
2919 3600 2984 3654 ad
3023 3601 3256 3671 patriam
3287 3587 3595 3662 clamabant
3627 3625 3642 3662 :
3709 3648 3720 3660 .

2075 3699 2282 3745 etcum
2313 3705 2536 3746 causam
2601 3705 2832 3745 cumam
2867 3691 2943 3745 ita
2988 3692 3193 3746 vellent
3234 3693 3649 3764 interrogaren-

2081 3793 2190 3848 tur,
2244 3782 2478 3836 reddere
2524 3797 2632 3836 non
2671 3782 2948 3838 volebant.
3004 3783 3144 3850 Quid
3193 3784 3360 3855 igitur
3397 3787 3650 3844 dicemus

2079 3874 2294 3930 Latinis
2333 3874 2677 3945 interroga-ti,
2711 3890 2817 3944 qua
2847 3875 3058 3929 ratione
3093 3875 3147 3929 in
3179 3877 3360 3932 medio
3393 3884 3654 3934 certamia

2079 3981 2169 4027 ne.
2203 3966 2314 4020 imo
2348 3981 2480 4020 vero
2515 3967 2697 4022 adhuc
2728 3967 2780 4020 in
2826 3965 3125 4034 principio,
3167 3983 3290 4037 quae
3322 3971 3471 4024 enim
3505 3971 3649 4026 huc-

2080 4072 2254 4120 usque
2301 4057 2368 4112 de
2396 4072 2505 4112 non
2542 4057 2710 4112 licere
2753 4057 2959 4112 addere
3009 4057 3156 4112 dicta
3214 4069 3368 4127 sunt,
3405 4061 3542 4116 nihil
3579 4063 3645 4116 ad

2081 4164 2194 4204 rem
2220 4158 2378 4204 sunt.
2406 4149 2522 4216 Qua
2555 4150 2723 4220 igitur
2753 4150 2970 4206 ratione
3015 4151 3262 4205 nondum
3309 4152 3456 4208 facto
3487 4155 3649 4210 initio

2082 4241 2426 4296 redeundum
2477 4251 2646 4306 esset,
2694 4241 2881 4298 dicere
2937 4257 3047 4296 non
3095 4241 3416 4311 habebant;
3457 4261 3650 4302 verum

2079 4333 2285 4402 absque
2338 4333 2446 4388 ulla
2505 4321 2717 4390 ratione
2774 4332 3252 4402 vociferabantur,
3318 4333 3651 4404 Redeamus,

2082 4423 2393 4479 redeamus.
2426 4421 2692 4478 Dicebant
2725 4433 2908 4478 autem
2939 4425 3108 4480 etiam
3137 4425 3281 4481 inter
3323 4442 3381 4483 se
3408 4428 3556 4496 quod
3586 4430 3654 4483 ad

407 4531 463 4574 et
509 4529 734 4572 sanctus
775 4514 1126 4570 Athanasius.
1178 4513 1303 4568 llaec
1353 4525 1538 4566 autem
1591 4511 1796 4566 similia
1849 4519 1980 4568 sunt
2014 4495 2056 4549 θ
2083 4529 2275 4567 eorum
2303 4529 2466 4569 aures
2495 4515 2860 4584 pervenisset,
2893 4515 3115 4572 Latinos
3140 4531 3300 4586 posse
3325 4519 3380 4574 in
3414 4495 3655 4579 medium

409 4611 638 4666 omnino
681 4609 828 4662 tertii
875 4607 1102 4662 concilii
1137 4607 1341 4660 verbis.
1375 4602 1517 4675 Quid
1565 4603 1738 4674 igitur
1773 4601 1842 4657 de
1893 4617 1982 4660 se-

413 4705 592 4760 cunda
645 4700 854 4772 synodo
907 4699 1058 4754 etB.
1097 4696 1364 4766 Gregorio
1415 4695 1766 4754 Nazianzeno
1824 4693 1981 4747 dice-

413 4810 534 4850 mus
555 4834 568 4854 ,
597 4795 692 4862 qui
713 4831 728 4858 ,
761 4805 886 4846 cum
921 4788 1050 4843 huic
1084 4787 1323 4848 concilio
1359 4786 1684 4855 praesideret
1717 4798 1980 4854 tanquam

413 4889 554 4956 alios
606 4885 878 4950 sapientia
930 4882 1242 4946 excellens,
1291 4880 1398 4934 hoc
1451 4878 1816 4948 Symbolum,
1873 4891 1984 4946 quo

417 4995 562 5036 nunc
611 4987 722 5031 tota
771 4962 1015 5031 Ecclesia
1069 4972 1268 5038 utitur,
1322 4961 1722 5040 conscripsisse
1754 4970 1982 5035 dicitur,

417 5073 470 5129 in
520 5069 770 5140 plurimis
815 5067 1096 5122 Nicaenum
1150 5073 1408 5130 mutans,
1457 5063 1504 5116 si
1555 5063 1672 5116 hac
1721 5061 1985 5116 inhibitio

416 5163 563 5220 illam
620 5167 896 5220 mentem,
954 5172 1120 5226 quam
1178 5155 1356 5210 nostri
1389 5153 1603 5216 dicunt,
1636 5151 1823 5207 habet.
1877 5151 1988 5207 Pro

416 5257 622 5311 sanctis
681 5253 938 5312 I’atribus
985 5262 1041 5307 et
1069 5250 1391 5306 doctoribus
1417 5287 1432 5314 ,
1463 5248 1568 5303 heu
1599 5249 1612 5302 i
1661 5247 1986 5304 seductores

418 5359 474 5403 et
524 5350 845 5416 deceptores
877 5345 1003 5400 facti
1037 5353 1202 5409 sunt,
1236 5351 1292 5396 et
1324 5341 1554 5396 secundi
1605 5341 1827 5396 concilii
1878 5341 1986 5396 Pa-

421 5451 570 5501 tres.
601 5451 658 5494 et
691 5440 750 5492 Β.
788 5438 1087 5512 Gregorius
1132 5433 1518 5490 Nazianzenus
1542 5471 1557 5498 ,
1607 5434 1695 5488 cui
1747 5449 1842 5502 per
1892 5448 1990 5486 cx-

420 5537 728 5590 celleutiam
782 5533 1094 5603 Theologns
1163 5543 1468 5600 cognomen
1523 5527 1651 5583 iuit.
1690 5527 1796 5582 Sed
1847 5521 1990 5583 absit

423 5628 563 5682 hanc
597 5627 992 5697 blasphemiam
1025 5625 1192 5680 etiam
1223 5622 1496 5692 cogitare.
1529 5619 1650 5676 Non
1683 5620 1854 5690 igitur
1887 5634 1990 5674 nec

422 5721 634 5796 prima,
667 5735 765 5775 nec
794 5719 992 5785 tertia,
1045 5733 1147 5774 nec
1203 5717 1386 5787 aliqua
1419 5713 1525 5768 alia
1584 5711 1828 5784 synodus
1885 5711 1991 5768 hoc

2091 4603 2287 4660 alierre
2321 4607 2588 4676 plurimas
2621 4607 2921 4662 multorum
2974 4617 3291 4664 sanctorum
3343 4611 3660 4668 occidenta-

2039 4745 2044 4752 .
2091 4696 2226 4750 iimn
2278 4699 2661 4760 auctoritates,
2695 4699 2898 4766 quibus
2951 4699 3130 4770 palam
3169 4702 3438 4771 probatur
3488 4704 3662 4774 Spiri-

2095 4793 2210 4840 tum
2239 4797 2488 4844 sanctum
2541 4804 2606 4843 ex
2653 4789 2818 4842 Patre
2851 4789 3102 4858 Filioque
3153 4792 3483 4860 procedere.
3516 4795 3658 4858 Quid

2094 4879 2266 4947 igitur
2300 4882 2368 4936 ad
2405 4883 2500 4935 has
2533 4883 3032 4953 respondebimus?
3063 4879 3664 4950 discedamus,"redca-

2097 4987 2242 5038 mus,
2317 4974 2601 5028 abeamus.
2667 4974 2914 5030 Audisne
2971 4974 3200 5030 Patrum
3251 4985 3308 5031 et
3367 4979 3662 5033 doctorum

2096 5063 2468 5118 sententiam?
2500 5063 2792 5132 Quoniam,
2842 5064 3123 5134 inquiunt,
3168 5067 3372 5122 multas
3421 5069 3665 5123 auctori—

2100 5161 2240 5208 tates
2287 5163 2604 5211 sanctorum
2647 5131 2834 5212 Latini
2880 5131 3081 5213 aii‘erre
3111 5131 3355 5226 habent,
3414 5159 3480 5214 ad
3529 5175 3665 5230 quas
3745 5131 3750 5148 ’

2099 5261 2200 5300 nos
2243 5247 2582 5317 respondere
2610 5265 2720 5304 non
2754 5251 3042 5316 habemus,
3072 5251 3422 5306 discedamus
3456 5251 3525 5305 ab
3558 5252 3662 5307 eis.

2100 5339 2198 5393 Vix
2230 5346 2411 5394 tamen
2446 5341 2750 5397 sentientes
2781 5343 3178 5398 absurditatem
3213 5345 3502 5398 sententia:
3529 5361 3663 5408 suae,

2100 5441 2156 5486 et
2194 5447 2224 5482 a
2271 5434 2626 5488 serenissimo
2669 5435 3010 5506 imperatore
3053 5435 3304 5505 persuasi
3356 5446 3666 5500 cesserunt,

2099 5533 2156 5580 et
2187 5541 2408 5581 manere
2439 5527 2827 5582 decreverunt.
2859 5529 3084 5584 internn
3127 5542 3217 5581 res
3265 5527 3396 5598 ipsa:
3431 5527 3498 5582 de
3534 5527 3668 5582 Fer.

2101 5619 2244 5674 raria
2293 5619 2350 5673 in
2402 5617 2734 5674 Florentiam
2791 5633 3076 5673 accessum
3129 5619 3332 5672 summi
3384 5619 3669 5690 pontiﬁcis

2102 5718 2424 5785 coegerunt,
2476 5717 2533 5765 et
2579 5709 2708 5768 inde
2758 5707 2890 5770 iiiuc
2945 5707 3364 5768 translationem
3417 5711 3666 5772 concilii.
