4086 6426
474 386 578 454 423

1444 387 1950 456 BESSARIONIS
1988 392 2054 454 ‘S.
2089 389 2263 456 R.E.
2307 388 2770 452 CARDiNALIS

3609 376 3745 462 424'

476 506 748 559 Abierant
796 506 961 577 igitur
1006 504 1209 571 Latini,
1253 507 1586 565 recessimus
1632 513 1799 565 etiam
1834 524 1959 571 nos,
1987 516 2039 563 et

2143 513 2394 575 apparet,
2420 504 2734 575 Attulz-runt
2759 516 2889 557 vero
2913 516 3021 556 non
3050 501 3710 577 τεοίυτιιεορείιῖρηῐίιηιιπι,

477 612 604 650 cum
634 612 823 651 omnes
849 599 957 666 jam
996 597 1395 667 appulissrnuts
1422 598 1778 664 Florentiam,
1826 600 2042 653 dem-ta

480 685 581 740 fuit
628 686 770 749 dies,
824 686 876 739 in
918 701 1025 756 qua
1077 686 1451 756 incipiendum
1515 696 1680 757 atque
1714 689 2044 742 continuan-

477 778 606 830 dum
655 786 774 831 crat
812 777 1125 840 cnnchum,
1160 786 1218 832 et
1265 778 1502 831 tcrmino
1555 776 1887 831 adveniente
1924 791 2044 829 rur-

477 885 569 922 sus
604 884 704 922 nos
736 868 1265 925 accusare-Latinos
1306 866 1637 939 incepimus.
1672 869 2045 935 Quemadmo-

475 960 603 1012 dum
661 960 810 1013 enim
863 960 918 1013 in
962 960 1073 1015 illa
1132 959 1458 1029 quaestione,
1492 976 1563 1016 an
1625 961 1791 1016 liccat
1838 960 2043 1015 addere

472 1052 793 1120 quidquam,
823 1065 927 1107 nos
975 1060 1384 1113 accusatorum,
1422 1051 1602 1105 Latini
1644 1066 1777 1107 vero
1813 1066 2044 1122 respon-

471 1143 719 1195 tlrnlitttlt
752 1151 1057 1196 tenuerunt
1080 1142 1287 1207 locum,
1320 1153 1375 1196 et
1414 1143 1488 1197 ita
1524 1143 1954 1213 responderunt,
1982 1151 2042 1198 ut

472 1236 545 1287 nil
580 1250 676 1288 nos
707 1235 775 1289 ad
823 1235 913 1289 illa
955 1235 1225 1306 replicare
1261 1234 1638 1306 potuerimus,
1668 1236 1745 1291 ita
1780 1237 1946 1291 etiam
1986 1236 2040 1290 in

470 1326 589 1392 ὶρςο
642 1325 899 1396 dogmate
947 1342 1049 1381 nos
1100 1327 1322 1397 quidem
1393 1336 1655 1397 tanquam
1717 1336 2041 1383 accusantes

472 1419 903 1484 proposuimus;
938 1417 1018 1473 illi
1048 1433 1180 1473 vero
1212 1417 1643 1488 respondebant.
1685 1417 1744 1472 In
1778 1418 2041 1472 omnibus

471 1507 618 1560 enim
650 1507 715 1561 ad
748 1508 967 1562 libitum
1003 1516 1279 1572 nostrum,
1310 1517 1364 1563 et
1392 1517 1554 1575 prOut
1587 1508 1933 1571 volebamus,
1964 1508 2041 1562 ita

472 1597 655 1652 facere
687 1596 1114 1663 ttobislicebat;
1166 1608 1223 1653 et
1272 1607 1451 1652 tamen
1484 1612 1594 1652 non
1625 1599 1792 1668 pudet
1824 1598 2041 1667 aliquos

471 1690 656 1745 dicere
696 1691 805 1744 vim
855 1691 1016 1746 nubis
1062 1690 1263 1746 illatam
1312 1688 1525 1745 fuisse:
1560 1688 1707 1759 quod
1754 1703 2037 1759 nunquam

470 1782 572 1835 fut
610 1790 747 1836 teste
790 1782 1021 1836 veritate
1061 1783 1154 1850 qui
1178 1781 1332 1835 'Deus
1367 1778 1911 1848 estxProposuimus
1941 1779 2040 1850 igi-

2151 612 2340 651 verum
2404 596 2571 649 eziam
2653 594 3009 649 orientalium
3069 595 3293 651 Patrum
3366 599 3711 667 testimonia,

2146 700 2382 754 quorum
2415 684 2616 755 aliqua,
2656 700 2783 755 quas
2827 685 2962 739 mihi
3000 686 3114 740 visa
3151 685 3378 742 fuerunt
3431 690 3600 758 magis
3647 692 3711 746 ad

2145 783 2396 831 nostrum
2428 777 2772 846 propositum
2812 777 3017 844 facere,
3056 778 3153 832 tibi
3178 793 3302 833 cum
3344 779 3430 834 his
3462 781 3527 834 ad
3576 797 3710 849 pra:-

2145 881 2273 921 sens
2305 867 2486 931 mitto,
2522 877 2581 921 ut
2610 867 2888 937 intelligas
2918 867 3151 938 quid'de
3174 869 3275 923 hac
3305 883 3372 924 re
3427 871 3529 939 ipsi
3549 873 3708 926 etiam

2147 957 2521 1013 oreidentaics
2567 958 2823 1014 doctores
2854 960 3097 1029 sapiunt.
3143 961 3225 1015 Ad
3274 976 3396 1029 quas
3430 978 3529 1017 nos
3575 964 3710 1019 nihil

2146 1049 2481 1119 respondere
2517 1049 2880 1117 habebamus,
2932 1050 3040 1105 nisi
3077 1052 3225 1121 quod
3274 1065 3535 1123 corrupta
3580 1056 3710 1118 sint,

2143 1148 2201 1194 et
2248 1154 2278 1193 a
2319 1139 2532 1195 Latinis
2561 1149 2824 1209 corrupta
2879 1140 3130 1197 fuerunt.
3188 1144 3578 1200 Produxcrunt
3621 1162 3717 1201 no-

2145 1237 2321 1283 strum
2376 1229 2744 1300 Epiphaniam
2792 1231 2989 1286 multis
3037 1230 3093 1287 in
3134 1232 3293 1289 locis
3340 1249 3408 1288 ex
3444 1235 3613 1289 Patre
3659 1244 3713 1289 et

2146 1320 2286 1374 Filio
2321 1320 2467 1376 clare
2514 1320 2786 1377 dicentem
2815 1337 2939 1378 esse
2973 1322 3241 1392 Spiritum
3285 1335 3558 1391 sanctmn,
3595 1341 3715 1382 cor-

2146 1419 2368 1480 ruptum
2402 1411 2574 1466 fuisse
2607 1412 2952 1468 dicebamus.
3001 1415 3323 1484 Allegaruut
3356 1416 3544 1486 Cyrilli
3580 1433 3717 1472 non-

2145 1502 2319 1566 nulla,
2360 1513 2417 1558 et
2471 1503 2730 1568 aliorum,
2788 1505 2935 1559 idem
2998 1506 3301 1562 aiebamus.
3358 1508 3717 1564 Adduxcruut

2148 1593 2574 1648 occidentalium
2628 1596 2920 1650 doctorum
2970 1599 3353 1665 auctoritates,
3389 1600 3571 1654 omnis
3623 1615 3719 1653 no-

2145 1692 2257 1738 stra
2301 1685 2588 1755 responsio
2641 1686 2836 1740 eadem
2896 1695 2952 1742 et
2996 1687 3143 1741 nulla
3195 1689 3300 1742 alia
3353 1698 3497 1743 erat.
3572 1688 3711 1745 Cum

2148 1774 2315 1845 igitur
2348 1776 2536 1830 multis
2578 1777 2772 1832 diebus
2822 1777 2968 1838 inter
3005 1795 3105 1834 nos
3135 1779 3285 1849 ipsos
3331 1780 3716 1835 considerare.

471 1885 562 1925 tur
585 1873 653 1927 ab
680 1872 814 1941 ipsis
837 1872 1103 1942 apostolis
1130 1881 1182 1926 et
1230 1873 1404 1927 sueris
1434 1872 1660 1943 synodis
1681 1871 2035 1942 incipientes,
2072 1871 2110 1925 Β
2144 1880 2265 1921 mus
2291 1866 2557 1936 quidnam
2587 1869 2651 1922 ad
2687 1869 2803 1925 hate
2827 1871 3276 1940 respondendum
3305 1878 3473 1937 esset,
3510 1872 3717 1926 nullam

470 1978 777 2032 careatque
831 1976 997 2033 atque
1048 1964 1291 2017 omnium
1339 1963 1693 2017 orientalium
1744 1964 2037 2018 doctorum

472 2056 906 2109 auctoritatibus
937 2055 1042 2120 usi,
1070 2056 1273 2124 quibus
1303 2056 1568 2125 probatur
1601 2054 1868 2124 Spiritum
1903 2069 2038 2108 san-

469 2158 619 2199 rtum
665 2162 772 2201 non
814 2148 1034 2217 quidem
1074 2162 1183 2201 non
1218 2147 1518 2217 procedere
1548 2161 1613 2201 ex
1650 2147 1812 2214 Filio,
1877 2148 2039 2202 talem

469 2223 705 2312 namque
737 2243 943 2296 nullam
979 2243 1364 2296 auctoritatem
1414 2241 1718 2306 habemus;
1771 2252 1936 2311 prout
1964 2248 2039 2296 ‘tu

468 2335 633 2389 etiam
677 2334 810 2397 scis,
848 2345 1044 2403 prmtcr
1087 2333 1235 2387 illam
1276 2332 1508 2388 Joannis
1548 2331 1894 2393 Damasceni,
1943 2333 2039 2403 qui

468 2428 619 2491 c'icit,
660 2424 924 2494 Spiritum
950 2425 1073 2480 Filii
1098 2423 1353 2488 dicimus,
1379 2439 1444 2479 ex
1476 2424 1614 2479 Filio
1645 2439 1774 2479 vero
1804 2439 1912 2478 non
1950 2424 2039 2479 di-

467 2518 667 2572 cimus.
699 2519 831 2572 Aliaa
863 2532 990 2571 vero
1024 2517 1381 2572 auctoritates
1404 2531 1597 2570 omnes
1630 2515 1736 2570 hoc
1779 2516 2041 2586 probant;

469 2614 733 2664 duntaxat
764 2609 909 2679 quod
949 2607 1191 2678 Spiritus
1221 2616 1445 2663 sanctus
1470 2622 1534 2661 ex
1566 2605 1725 2660 Patre
1769 2607 2038 2676 procedit.

470 2701 578 2757 l‘las
620 2701 785 2771 igitur
825 2715 929 2755 nos
967 2700 1262 2755 all'erentes
1314 2699 1366 2752 iu
1419 2697 1660 2751 medium
1712 2697 2039 2764 putabamus

469 2791 984 2862 Itl’Oi:-15’SO,'faiSlllll
1024 2806 1168 2855 esse,
1200 2789 1345 2859 quod
1377 2788 1612 2843 ex'Ftlio
1641 2786 1811 2843 etiam
1843 2800 2039 2856 proce-

467 2887 562 2937 dat
608 2882 849 2952 Spiritus
880 2892 1140 2936 sanctus:
1177 2877 1357 2933 Latini
1395 2893 1529 2934 vero
1563 2876 1629 2930 ad
1684 2876 1784 2930 ltas
1816 2876 2038 2946 quidem

466 2986 660 3026 omnes
684 2971 1044 3026 auctoritates
1075 2985 1238 3024 unam
1274 2969 1415 3022 hanc
1446 2966 1860 3036 responsionem
1889 2979 2043 3020 com-

466 3078 690 3119 munem
719 3063 1016 3128 dederunt,
1049 3059 1193 3131 quod
1219 3073 1414 3113 omnes
1437 3057 1692 3113 videlicet
1721 3071 1865 3111 verte
1885 3064 2038 3121 sunt,

466 3165 524 3210 ct
563 3156 636 3208 ita
670 3157 835 3209 etiam
862 3154 945 3209 eis
985 3150 1201 3207 videri:
1234 3149 1333 3206 sed
1367 3150 1536 3204 etiam
1584 3149 1688 3203 hoc
1732 3148 1878 3203 idem
1919 3161 2039 3203 cre-

2143 1957 2304 2012 aliam
2360 1959 2777 2029 reperiebamus
2831 1962 3279 2041 responsionem,
3335 1972 3537 2033 praeter
3584 1978 3715 2034 prae-

2143 2049 2368 2115 dictam,
2399 2051 2547 2106 illam
2591 2068 2723 2108 vero
2772 2063 3036 2124 tanquam
3068 2055 3268 2115 levem.
3323 2064 3380 2111 et
3425 2070 3457 2111 δ
3500 2057 3719 2111 cunctis

2142 2138 2499 2196 deridendam
2552 2141 2607 2196 in
2663 2142 2908 2198 medium
2958 2143 3160 2200 afferre
3220 2161 3337 2201 non
3397 2146 3715 2202 videbatur.

2141 2230 2349 2299 Primo,
2408 2233 2537 2302 quia
2612 2249 2678 2288 ex
2735 2236 3196 2292 antecedentibus
3246 2246 3303 2293 et
3355 2238 3723 2307 sequentibus

2143 2319 2258 2374 hare
2302 2321 2493 2391 opinio
2529 2324 2824 2379 videbatur
2869 2326 2939 2380 de
2977 2339 3161 2382 mente
3207 2343 3332 2383 esse
3369 2337 3718 2383 sanctorum.

2144 2414 2350 2471 Deinde
2396 2416 2650 2486 plurimis
2689 2418 2869 2483 libris,
2897 2427 2953 2472 et
2984 2418 3392 2489 antiquissimis
3436 2419 3585 2476 idem
3617 2420 3719 2474 ba-

2142 2505 2402 2562 bentibus
2439 2523 2548 2562 non
2581 2518 2701 2563 erat
2725 2508 2888 2565 facile
2914 2525 2980 2565 ea
3013 2510 3379 2577 calumniari;
3411 2512 3718 2581 praesertim

2141 2612 2268 2652 cum
2325 2599 2538 2654 nullum
2589 2616 2690 2656 nos
2742 2600 2950 2656 librum
2999 2602 3169 2658 alium
3227 2603 3564 2661 haberemus
3609 2618 3719 2659 non

2141 2688 2357 2752 Latine,
2394 2707 2504 2745 non
2531 2691 2721 2747 Graece
2756 2694 3057 2763 scriptum,
3090 2695 3192 2766 qui
3234 2695 3392 2751 aliter
3422 2697 3721 2753 auctorita-

2144 2786 2226 2833 tes
2266 2781 2556 2849 pratdictas
2601 2783 2836 2852 scriptas
2871 2784 3120 2851 haberet,
3151 2801 3318 2856 quam
3347 2786 3532 2842 Latini
3565 2789 3722 2844 dice-

2141 2870 2294 2927 bant.
2362 2873 2635 2930 Pratterca
2692 2891 2796 2931 nos
2870 2879 3012 2934 alics
3056 2881 3312 2953 doctores
3376 2884 3721 2939 contrarium

2141 2963 2392 3019 dicentes
2418 2967 2729 3034 producere
2758 2984 2868 3024 non
2916 2971 3277 3039 habebamus,
3318 2975 3541 3032 eosdem
3569 2977 3720 3033 occi—

2143 3054 2392 3110 dentales
2418 3056 2581 3113 aliter
2621 3059 2752 3114 alibi
2796 3060 3049 3118 dicentes
3083 3063 3320 3134 probare
3353 3068 3582 3123 minime
3621 3083 3725 3138 po»

2146 3156 2390 3205 teramus
2434 3167 2449 3204 :
2506 3151 2854 3208 naturalibus
2909 3155 3221 3212 rationibus
3269 3173 3365 3214 eos
3416 3160 3720 3215 ostendere

467 3248 600 3301 dere
633 3245 897 3316 Spiritqu
919 3252 1170 3299 sanctum
1195 3238 1679 3322 scilicet‘cx’Parre
1710 3239 2035 3310 procedere:
2068 3199 2112 3260 ο
2144 3238 2280 3295 falsa
2326 3241 2533 3307 dicere,
2578 3244 2807 3300 minime
2845 3244 3301 3317 erat‘possibile.
3352 3251 3488 3306 Cum
3547 3254 3723 3321 igitur

464 3340 575 3395 hoc
609 3348 787 3394 tamen
842 3353 954 3391 non
1006 3344 1069 3390 ut
1107 3333 1468 3398 contrarium,
1510 3348 1614 3388 nec
1663 3342 1723 3389 ut
1750 3331 2041 3388 contradi-

469 3430 705 3484 ctorium
732 3425 1066 3498 appositioni
1096 3423 1523 3481 auctoritatibus
1550 3422 1865 3479 dicentibus
1906 3436 2036 3477 eum

468 3523 637 3576 etiam
676 3536 742 3576 ex
757 3519 917 3575 ‘Filio
941 3517 1267 3589 procedere.
1306 3515 1367 3571 Si
1400 3514 1548 3571 enim
1580 3514 1767 3585 altero
1808 3515 2036 3570 illorum

470 3603 757 3668 modorum
785 3608 1315 3681 iilis-apponeretur,
1351 3617 1486 3663 tunc
1516 3621 1631 3662 uno
1667 3607 1868 3677 posito,
1894 3607 2030 3662 alte-

469 3722 592 3760 rum
617 3706 986 3776 perimeretur
1012 3703 1238 3759 omnino
1264 3718 1280 3756 :
1324 3716 1474 3757 nunc
1507 3714 1639 3757 vero
1670 3700 1749 3755 nil
1780 3699 2039 3764 prohibet

471 3810 767 3870 utrumque
816 3812 1005 3853 verum
1056 3811 1202 3864 esse,
1236 3795 1496 3852 videlicet
1545 3792 1696 3865 quod
1748 3808 1816 3847 ex
1876 3793 2037 3848 Patre

469 3892 749 3963 procedat,
790 3901 846 3948 et
877 3890 1023 3962 quod
1068 3903 1138 3945 ex
1167 3889 1326 3945 Filio.
1361 3886 1838 3955 Quemadmodum
1871 3887 1919 3943 si
1952 3887 2038 3942 di-

466 4001 657 4041 camus
709 3984 973 4056 Spiritum
1027 3991 1277 4038 sanctum
1331 3980 1475 4035 mitti
1524 3995 1592 4035 ex
1647 3980 1842 4047 Patre,
1893 3979 2036 4034 alios

465 4094 598 4135 vero
625 4078 774 4133 dicat
812 4092 939 4133 eum
969 4091 1035 4131 ex
1062 4074 1222 4130 Patre
1248 4083 1305 4129 et
1333 4070 1473 4127 Filio
1502 4072 1668 4127 mitti.
1702 4071 2037 4140 Utrumque

467 4186 663 4225 verum
702 4170 938 4233 dicetur,
989 4177 1046 4223 et
1097 4166 1331 4221 alterum
1386 4179 1496 4218 non
1534 4172 1809 4233 repugnat
1853 4161 2036 4216 alteri.

469 4264 526 4317 Si
569 4263 733 4332 igitur
764 4260 939 4316 sancti
971 4259 1165 4313 Patres
1188 4256 1459 4322 dicerent,
1504 4253 1587 4308 vel
1615 4252 1763 4324 quod
1784 4246 2040 4323 Spiritus

468 4365 695 4410 sanctus
737 4369 801 4406 ex
850 4352 969 4407 solo
1006 4351 1166 4405 Patre
1199 4346 1471 4418 procedit,
1501 4347 1588 4401 vel
1620 4345 1767 4415 quod
1798 4360 1881 4400 ex‘
1902 4345 2040 4400 Filio

468 4463 576 4502 non
633 4444 904 4516 procedit,
942 4453 1073 4497 tunc
1114 4439 1247 4494 falsa
1303 4448 1493 4493 nostra
1525 4447 1675 4493 esset
1690 4436 1863 4492 dides.
1894 4436 2036 4491 Cum

2141 3332 2345 3386 nullam
2377 3332 2538 3388 nobis
2572 3335 3019 3404 responsionem,
3057 3353 3181 3408 quae
3217 3340 3382 3409 digna
3417 3353 3587 3408 esset,
3624 3360 3718 3398 rc-

2141 3421 2325 3477 lictam
2354 3423 2695 3488 videremus,
2751 3426 3046 3493 tacuimus,
3077 3442 3177 3498 per
3232 3432 3541 3502 multosque
3597 3435 3727 3491 dies

2142 3529 2252 3569 non
2283 3518 2646 3574 convenimus
2676 3533 2802 3575 cum
2835 3519 3066 3576 Latinis.
3100 3522 3302 3577 Verum
3351 3523 3577 3579 {tierunt
3622 3529 3721 3595 qui

2144 3608 2449 3665 subtilitate
2479 3610 2683 3681 ingenii
2707 3613 2867 3667 aliam
2894 3613 3226 3670 invenerunt
3254 3617 3674 3685 responsionem
3704 3636 3723 3677 :

2140 3715 2252 3756 non
2292 3716 2414 3758 esse
2463 3703 2663 3758 mirum
2691 3705 2927 3772 scilicet,
2969 3708 3014 3762 si
3057 3708 3112 3762 in
3143 3708 3331 3779 aliquo
3364 3711 3538 3764 sancti
3599 3723 3728 3768 tan-

2142 3810 2308 3865 quam
2362 3794 2615 3852 homines
2665 3807 2947 3854 errasseut
2989 3814 3003 3852 :
3041 3807 3099 3855 et
3173 3801 3299 3856 ideo
3346 3801 3724 3860 occidentales

2141 3886 2308 3942 etiam
2356 3887 2617 3944 doctores
2671 3889 2728 3944 in
2781 3890 2890 3946 hoc
2940 3892 3182 3948 articulo
3232 3894 3300 3948 de
3359 3897 3722 3965 processione
3754 3955 3767 3961 _

2142 3977 2384 4045 Spiritus
2424 3980 2601 4036 sancti
2646 3996 2887 4048 errasse,
2935 3985 3307 4057 mentitasque
3350 3986 3543 4043 fuisse.
3599 3990 3721 4044 Hoc

2141 4079 2329 4134 autem
2368 4072 2517 4141 quod
2564 4081 2734 4127 totam
2788 4074 2949 4129 iidem
2981 4086 3230 4132 nostram
3283 4088 3517 4143 evertat,
3568 4082 3721 4137 clare

2141 4171 2311 4233 patet.
2347 4162 2406 4220 Si
2441 4164 2589 4219 enim
2618 4164 2755 4220 lidcs
2798 4174 2983 4220 nostra
3012 4182 3041 4221 a
3077 4167 3240 4224 dictis
3274 4169 3544 4224 doctrina:
3593 4187 3724 4227 san-

2143 4261 2359 4310 ctorum
2394 4254 2617 4324 pendet,
2642 4255 2836 4311 ii'vero
2864 4257 3009 4311 circa
3036 4260 3330 4314 veritatem
3362 4271 3577 4326 errant,
3606 4271 3719 4317 tota

2142 4352 2334 4399 nostra
2370 4343 2505 4400 ﬁdes
2537 4345 2831 4402 evertitur.
2859 4345 3101 4416 Propter
3127 4348 3244 4403 haec
3285 4350 3470 4404 omnia
3520 4355 3722 4408 merito

2141 4440 2327 4487 secuta
2370 4440 2457 4487 est
2498 4432 2656 4496 unio,
2683 4444 2740 4488 et
2773 4448 2969 4490 omnes
2996 4437 3205 4506 absque
3233 4453 3572 4508 quacunque
3602 4444 3722 4495 vio-

468 4550 651 4595 autem
696 4548 955 4591 neutrum
1009 4534 1206 4588 horum
1266 4531 1515 4585 nondum
1554 4527 1757 4599 aliquis
1811 4538 2037 4583 sanctus
2066 4542 2117 4604 ι)
2144 4520 2338 4588 lentia,
2365 4531 2561 4593 sponte
2607 4524 3008 4580 et‘voluntarie
3025 4526 3167 4581 huic
3192 4528 3272 4583 rei
3298 4541 3718 4607 concesserunt.

469 4631 671 4686 dixerit
695 4628 865 4693 istud,
893 4625 1040 4696 quod
1073 4624 1260 4679 dicunt
1281 4638 1350 4677 ex
1374 4622 1536 4678 Patre
1561 4635 1689 4675 eum
1712 4622 2037 4690 procedere,

469 4737 580 4775 non
614 4719 838 4789 perimit
868 4716 1015 4787 quod
1055 4729 1158 4769 nos
1187 4714 1425 4768 dicimus
1457 4727 1523 4767 ex
1556 4710 1697 4766 Filio
1719 4711 1885 4765 etiam
1910 4725 2039 4765 eum

471 4808 792 4881 procedete.
815 4807 891 4862 Et
913 4807 1028 4861 hmo
1049 4803 1270 4874 quidem
1299 4801 1366 4856 ad
1393 4811 1607 4857 nostras
1633 4799 2041 4868 responderunt

471 4900 849 4956 auctoritates.
910 4898 992 4951 Ad
1040 4896 1190 4950 illam
1244 4908 1376 4948 vero
1425 4893 1657 4949 Joannis
1713 4890 2038 4946 Damasceni

468 4993 855 5050 auctoritatem
892 4989 1031 5043 nihil
1062 4985 1486 5056 responderunt,
1514 4999 1639 5039 cum
1666 4997 1767 5038 nec
1790 4997 1892 5037 nos
1918 4997 2038 5037 eam

470 5059 946 5156 proposuerimus.
979 5078 1035 5133 ln
1071 5078 1179 5131 iine
1210 5087 1389 5131 tamen
1422 5075 1589 5144 hujus
1634 5074 1844 5145 Operis,
1888 5076 2041 5129 illius

467 5188 691 5248 quoque
721 5171 1051 5227 solutionem
1075 5178 1167 5224 tua
1182 5168 1361 5239 gratia
1387 5168 1472 5223 his
1501 5182 1774 5237 apponam
1798 5183 1812 5232 ;
1837 5165 2041 5223 deinde

472 5270 650 5325 Latini
701 5275 962 5335 tanquam
994 5277 1026 5317 a
1057 5261 1330 5332 principio
1362 5261 1711 5329 incipientes,
1749 5259 1909 5329 plura
1973 5272 2039 5314 ac

456 5364 622 5420 varia
656 5358 915 5431 pluribus
948 5358 1002 5411 in
1036 5354 1380 5410 scssionibus
1408 5361 1730 5423 argumenta
1779 5352 2041 5408 dixerunt

464 5475 490 5505 ιι
518 5463 704 5511 sancta
729 5450 1014 5519 Scriptura
1040 5455 1096 5501 et
1123 5443 1383 5500 Ecclesiae
1413 5443 1762 5509 doctoribus,
1796 5445 2039 5498 minores

469 5556 529 5595 ut
554 5546 850 5611 plurimum
892 5537 1306 5608 propositiones
1336 5535 1608 5590 habentes
1637 5551 1652 5589 :
1684 5536 1887 5605 quibus
1915 5551 2037 5605 pro-

468 5633 676 5685 barunt
722 5631 989 5699 Spiritum
1023 5635 1276 5683 sanctum
1304 5641 1372 5679 ex
1404 5623 1565 5680 Patre
1621 5625 1873 5695 Filioque
1912 5640 2039 5694 pro-

452 5724 686 5774 cedere.
709 5718 780 5773 Et
813 5718 1030 5772 tandem
1060 5715 1418 5771 auctoritates
1447 5715 1672 5773 Patrum
1706 5715 2035 5779 attulerunt,

464 5809 675 5878 quibus
723 5808 869 5863 clare
927 5816 982 5862 et
1034 5808 1212 5875 palatii
1263 5805 1426 5876 hujus
1491 5803 1765 5876 dogmatis
1826 5807 2035 5862 veritas

2143 4612 2249 4680 Qui
2276 4628 2407 4667 vero
2430 4614 2739 4670 concedere
2762 4616 3063 4671 noluerunt
3095 4618 3345 4687 (fuerunt
3370 4628 3554 4675 autem
3585 4623 3720 4688 duo,

2143 4714 2201 4761 et
2251 4720 2364 4762 non
2417 4706 2646 4776 plures),
2685 4721 2810 4762 cum
2853 4709 3004 4764 omni
3045 4709 3322 4778 libertate,
3359 4713 3479 4768 sine
3533 4716 3720 4785 aliqua

2142 4798 2506 4867 oppressione
2550 4799 2604 4853 in
2656 4814 2760 4855 suo
2789 4800 3024 4856 arbitrio
3067 4803 3269 4869 relicti,
3305 4819 3432 4859 cum
3479 4805 3719 4872 honore,

2141 4901 2215 4947 et.
2236 4891 2526 4959 charitate,
2559 4894 2876 4963 sumptibus
2899 4894 3157 4951 Ecclesia:
3189 4896 3452 4952 Romana:
3477 4897 3546 4952 ad
3570 4882 3718 4968 pro—

2141 4986 2260 5055 pria
2289 4994 2628 5040 remearunt.
2668 4985 2724 5040 Si
2757 5002 2886 5041 vero
2912 4989 3059 5058 juste
3091 4996 3149 5043 et
3173 4997 3322 5044 recte
3373 5000 3564 5046 secuta
3593 4992 3721 5046 fue-

2147 5080 2225 5129 rit
2254 5077 2410 5142 unio,
2459 5092 2584 5131 cum
2634 5077 2842 5143 videris
2882 5088 2939 5134 et
2996 5081 3302 5149 perlegeris
3355 5084 3721 5139 auctoritates

2144 5176 2489 5229 sanctorum,
2544 5182 2683 5237 quas
2725 5170 2824 5224 tibi
2857 5185 3005 5225 nunc
3041 5174 3221 5234 mitto,
3258 5173 3374 5243 ipse
3415 5174 3718 5245 iudicabis.

2140 5258 2279 5326 Quis
2326 5274 2566 5331 namque
2612 5262 2931 5317 Christiano
2981 5262 3280 5334 insignitus
3322 5265 3557 5347 nomine
3606 5281 3720 5321 non

2145 5364 2477 5419 sequeretur
2511 5367 2628 5410 eos.
2674 5362 2733 5407 et
2768 5353 2936 5409 dictis
2970 5370 3190 5421 eorum,
3229 5368 3489 5426 tanquam
3526 5374 3553 5409 a
3595 5356 3722 5426 Spi-

2145 5447 2257 5497 ritu
2287 5453 2482 5498 sancto
2518 5444 2710 5509 editis,
2745 5445 3039 5501 crederet?
3067 5447 3193 5501 dico
3242 5457 3350 5505 tam
3397 5449 3724 5504 occidentaa-

2144 5532 2306 5599 lium,
2356 5548 2521 5603 cpiam
2575 5535 2932 5590 orientalium
2991 5537 3236 5597 Patrum,
3285 5553 3425 5607 quos
3476 5553 3718 5594 consona

2144 5624 2369 5688 dicere,
2408 5625 2773 5697 eamdemque
2819 5630 3109 5684 veritatem
3157 5630 3473 5699 exprimere
3529 5629 3721 5686 verbis

2143 5712 2538 5769 dill‘erentibus
2566 5716 2800 5771 lirmiter
2830 5720 3127 5773 tenendum
3157 5730 3264 5783 est,
3301 5731 3466 5789 prout
3492 5723 3547 5776 in
3579 5722 3719 5792 dog-

2142 5806 2343 5861 matico
2376 5805 2510 5863 satis
2546 5807 2801 5877 probavi.
2831 5810 2966 5880 Ipsae
2994 5811 3162 5882 igitur
3197 5815 3554 5873 auctoritates
3587 5812 3737 5869 sola.
