4086 6402
399 367 505 440 te.

1326 381 1424 442 DE
1463 380 2396 444 PROCESSIONESPIRITUS
2439 378 2728 438 SANCTI.

3549 369 3658 436 436
3675 373 3692 378 ’“

363 561 370 576 Ι
401 509 499 564 per
527 507 586 546 se
630 491 776 560 ipsas
805 490 942 547 satis
981 491 1077 548 tibi
1137 501 1191 546 et
1227 493 1354 548 aliis
1385 504 1573 556 erunt.
1607 495 1978 552 clementissi—
2011 507 2051 562 Α
2086 496 2471 568 sequiturjam
2493 494 2854 548 constitutam
2888 490 3009 560 ejus
3043 501 3360 558 personam.
3385 485 3658 547 Secundo,

399 598 491 638 me
535 584 640 646 vir,
687 583 752 637 ad
807 599 1030 637 omnem
1076 584 1494 653 ambiguitatem
1545 588 1866 650 tollendam,
1923 598 1978 642 et

401 691 568 732 omne
620 675 851 730 dubium
905 676 1270 731 auferendum
1324 693 1353 732 a
1403 695 1736 749 quacunque
1793 680 1978 734 anima

403 784 515 823 non
547 769 916 823 contentiosa.
947 770 1164 823 Etenim
1192 785 1278 824 me
1306 772 1472 825 etiam
1499 787 1608 824 non
1650 773 1979 842 syllogismi,

403 875 508 914 nec
539 859 1080 916 demonstrationum
1124 864 1452 924 necessitas.
1488 879 1596 917 non
1630 877 1982 933 argumenta-

403 952 615 1005 tionum
652 950 759 1014 vis,
794 951 890 1005 sed
924 953 1054 1019 ipsa:
1089 953 1248 1006 nuda:
1299 956 1660 1010 auctoritates
1695 956 1984 1012 doctorum

393 1041 472 1095 ad
515 1041 852 1096 credendam
905 1043 1047 1098 hanc
1097 1045 1382 1098 veritatem
1435 1045 1796 1100 induxerunt.
1846 1045 1984 1101 Cum

403 1133 549 1186 enim
598 1133 862 1187 vidissem
913 1143 970 1188 et
1023 1135 1366 1202 audivissent
1420 1151 1550 1201 eas,
1599 1138 1783 1192 subito
1837 1139 1986 1192 omni

405 1225 756 1279 contentione
790 1235 846 1278 et
890 1226 1326 1282 contradictione
1385 1230 1709 1296 postposita,
1737 1231 1987 1299 acquievi

406 1315 725 1370 auctoritati
780 1315 1115 1370 dicentium.
1167 1317 1420 1373 Iudicavi
1477 1336 1715 1390 namque
1768 1333 1992 1377 sanetos

408 1406 600 1460 Patres
654 1405 874 1474 Spiritu
921 1419 1114 1462 sancto
1157 1408 1476 1477 loquentes.
1528 1426 1637 1464 non
1679 1411 1925 1479 potuisse
1962 1427 1994 1465 a

406 1496 644 1550 veritate
694 1497 1038 1552 discessisse.
1089 1498 1272 1564 Quare
1347 1515 1459 1554 non
1515 1500 1690 1553 soi‘um
1724 1501 1992 1569 acquievi,

406 1603 602 1641 verum
634 1588 802 1642 etiam
829 1591 1040 1658 gratias
1061 1591 1148 1659 egi
1177 1589 1448 1645 Salvatori
1479 1603 1690 1657 nostro,
1723 1595 1813 1661 qui
1853 1593 1986 1647 mihi

407 1680 658 1743 donavit,
685 1691 740 1734 et
769 1680 1067 1746 audivisse,
1091 1693 1146 1735 et
1172 1683 1528 1746 intellexisse,
1559 1698 1678 1752 quae
1702 1697 1982 1752 nunquam

416 1783 552 1828 ante
592 1773 801 1828 audivi.
841 1775 1038 1830 Nullus
1069 1775 1214 1829 enim
1249 1786 1563 1830 nostrorum
1601 1791 1840 1844 unquam
1872 1790 1988 1830 cre-

2081 605 2150 643 an
2213 587 2468 651 sithoc,
2506 585 2651 655 quod
2706 584 2912 638 dicitur
2945 597 3107 635 causa
3147 580 3260 634 sive
3309 579 3658 649 principiuz‘u.

2083 681 2196 735 Nec
2227 689 2408 734 tamen
2443 679 2547 732 hoc
2579 691 2766 732 verum
2806 682 2912 729 est.
2950 673 3084 728 Nam
3116 673 3160 726 si
3207 672 3322 725 lure
3357 681 3504 725 esset
3532 687 3664 723 con-

2085 773 2328 828 stitutiva
2369 771 2488 840 ejus
2523 771 2717 836 forma,
2747 783 2912 822 causa
2945 766 3062 822 sive
3101 764 3428 834 principium
3459 764 3662 830 potius.

2085 879 2250 933 quam
2285 864 2448 918 Pater
2478 859 2778 916 diceretur.
2831 861 2902 914 At
2945 858 3012 913 ab
3047 857 3308 912 omnibus
3339 853 3662 908 doctoribus

2087 955 2454 1008 communiter
2505 955 2668 1008 Pater
2741 951 3080 1006 nominatur.
3135 948 3268 1002 item
3318 960 3442 999 cum
3495 960 3659 1003 causa

2088 1047 2203 1102 sive
2252 1045 2588 1116 principium
2629 1043 2938 1098 universale
2979 1040 3241 1110 quiddam
3297 1038 3388 1096 sit.
3435 1037 3538 1090 hoc
3577 1035 3662 1087 di-

2091 1145 2241 1192 ctum
2282 1147 2368 1192 est
2417 1135 2721 1190 secundum
2774 1133 2899 1188 illos
2932 1130 3310 1202 philosophos,
3345 1127 3438 1197 qni
3478 1137 3666 1180 tenent

2096 1227 2568 1282 univcrsalitatem
2599 1225 2714 1279 ﬁeri
2745 1240 2856 1294 .per
2883 1222 3228 1278 intellectum
3252 1237 3266 1272 :
3293 1221 3335 1272 si
3371 1228 3552 1272 tamen
3583 1217 3668 1269 di—

2095 1331 2314 1376 ceretur
2363 1317 2715 1380 universalia,
2763 1316 2911 1370 nullo
2957 1313 3120 1368 modo
3156 1312 3224 1365 ab
3257 1311 3536 1365 intellectu
3569 1310 3670 1362 de»

2095 1409 2359 1480 pendere,
2405 1408 2588 1463 adhuc
2637 1423 2746 1460 non
2795 1421 2918 1460 esse
2972 1401 3294 1467 dieendmu,
3335 1399 3478 1468 quod
3533 1397 3669 1450 illud

2097 1513 2390 1554 commune
2440 1496 2773 1567 principium
2811 1503 2960 1550 esset
2996 1493 3230 1561 al'cujus
3273 1502 3522 1560 personae
3565 1487 3673 1538 for—

2098 1591 2314 1644 maliter
2369 1589 2815 1649 eoustitutivam,
2867 1599 2992 1639 cum
3040 1579 3501 1638 communicabile
3537 1579 3671 1630 nuli

2100 1683 2192 1736 det
2242 1679 2549 1734 formaliter
2595 1693 2720 1732 esse
2772 1673 3320 1736 incommnnicabile,
3353 1671 3495 1740 quot
3543 1669 3677 1722 facit.

2102 1788 2230 1843 erga
2283 1785 2574 1841 personam
2625 1768 2854 1824 formale
2904 1767 3080 1836 ipsius
3131 1762 3572 1820 eoustitutivam,
3623 1768 3677 1812 et

410 1866 550 1920 didit
579 1875 658 1920 tot
685 1867 1111 1922 auctoritatibus
1137 1867 1424 1921 doctorum
1453 1868 1790 1937 propositam
1832 1883 1982 1937 quaa-
2017 1847 2058 1903 B
2097 1874 2207 1918 tam
2229 1864 2298 1918 dc
2330 1864 2512 1928 Patre,
2547 1877 2711 1932 quam
2746 1859 2813 1914 de
2847 1858 3092 1928 spirante
3123 1855 3471 1925 przedicctur,
3496 1853 3678 1904 inten-

409 1957 648 2012 stionem
679 1973 840 2027 posse
873 1957 1118 2028 probari.
1155 1958 1225 2014 Et
1260 1959 1354 2013 tibi
1401 1959 1594 2029 igitur,
1625 1959 1714 2014 cui
1744 1975 1839 2014 cor
1872 1959 1980 2012 hu-

415 2048 570 2113 mile,
625 2059 681 2104 et
731 2050 914 2104 anima
961 2051 1077 2104 veri
1131 2061 1398 2120 appetens
1437 2062 1541 2114 est,
1589 2051 1716 2106 aliis
1763 2064 1986 2120 quoque

411 2141 750 2198 Christianis
785 2143 884 2197 tibi
911 2143 1210 2209 similibus,
1243 2145 1326 2199 hae
1357 2145 1487 2198 sola:
1513 2144 1898 2207 auctoritates,
1927 2151 1989 2196 ut

415 2237 582 2308 paulo
617 2246 746 2291 ante
777 2237 914 2303 dixi,
947 2236 1083 2292 satis
1133 2248 1322 2292 erunt.
1351 2237 1488 2292 Cum
1523 2253 1658 2292 vero
1687 2236 1856 2291 etiam
1893 2235 1996 2290 ali-

415 2347 558 2402 quas
621 2333 866 2386 rationes
915 2341 971 2387 ct
1021 2331 1382 2402 probationes
1420 2347 1448 2384 a
1489 2347 1576 2385 me
1606 2331 1858 2401 petieris,
1902 2338 1994 2383 tua

417 2425 591 2493 gratia
621 2424 740 2479 haec
763 2439 1010 2493 quoque,
1041 2425 1221 2492 quoad
1253 2431 1473 2493 potero,
1498 2423 1745 2478 breviter
1775 2421 1992 2485 faciam,

405 2511 451 2572 'a
481 2533 634 2574 sacra
663 2518 948 2588 Scriptura
1012 2526 1066 2574 et
1105 2519 1394 2572 doctorum
1435 2516 1858 2570 auctoritatibus
1892 2529 1989 2568 ar-

417 2629 616 2684 guens,
659 2613 803 2682 quod
849 2621 906 2668 et
953 2613 998 2669 si
1050 2613 1106 2667 in
1152 2627 1428 2673 sermone,
1461 2625 1625 2681 quem
1669 2611 1744 2664 de
1793 2609 1997 2665 unione

420 2706 702 2761 edidimus
748 2705 954 2760 factum
999 2707 1091 2770 sit,
1137 2705 1272 2760 satis
1308 2713 1492 2758 tamen
1523 2702 1616 2757 hic
1643 2702 1808 2756 etiam
1839 2700 1984 2756 idem

419 2796 644 2860 faciam,
691 2797 1020 2868 aliquasque
1073 2798 1320 2852 rationes
1367 2797 1422 2850 in
1462 2793 1704 2850 medium
1749 2792 1997 2848 afl‘eram.

421 2887 528 2942 Sed
561 2899 854 2958 antequam
880 2889 945 2943 ad
969 2904 1065 2944 eas
1086 2887 1440 2950 descendam,
1471 2901 1701 2941 necesse
1725 2899 1844 2940 esse
1869 2892 2000 2953 puto

422 2979 611 3048 aliqua
647 2994 1098 3050 przrsupponere,
1131 2987 1191 3035 ut
1215 2993 1281 3036 ea
1303 2993 1426 3049 quae
1449 2985 1775 3046 sequentur,
1800 2973 2000 3029 clarius

429 3071 836 3142 intelligantur.

419 3185 824 3256 l’ra'supposita
886 3183 958 3238 ad
1019 3192 1340 3256 argumenta
1403 3182 1682 3256 probanjia
1739 3179 2000 3256 Spiritum

497 3249 742 3338 sanctum
773 3256 930 3307 etiam
961 3271 1024 3307 ea:
1052 3249 1195 3307 Filio
1237 3249 1534 3336 procedere.
1572 3252 1639 3306 Et
1674 3249 1844 3324 primo
1875 3249 2002 3319 quid

495 3325 561 3378 ait
593 3333 832 3394 paternae
860 3340 1098 3395 personae
1127 3324 1544 3378 eoustitutivam.

500 3437 640 3495 Cuni
691 3437 994 3507 unicuique
1024 3437 1136 3491 enti
1165 3437 1239 3492 sit
1269 3435 1519 3506 quaedam
1549 3435 1724 3490 forma
1752 3449 2006 3490 commu-

429 3533 542 3594 nis,
580 3531 648 3585 sit
683 3533 816 3586 item
850 3531 954 3586 alia
989 3532 1236 3601 propria,
1262 3545 1370 3600 qua
1396 3528 1809 3594 constituimur,
1845 3534 2012 3582 etest

433 3627 539 3680 huc
592 3625 825 3696 aliquid,
881 3623 1349 3695 quemadmodum
1403 3623 1570 3694 hujus
1626 3621 1894 3684 hominis,
1951 3627 2013 3673 ut

432 3729 568 3792 puta
598 3717 770 3785 Petri,
806 3733 912 3773 una
949 3735 1073 3773 cum
1103 3717 1280 3772 forma
1309 3715 1614 3778 communi,
1642 3729 1766 3783 qua:
1795 3723 1878 3766 est
1913 3711 2016 3764 hu-

437 3814 698 3878 manitas,
730 3809 1035 3868 secundum
1074 3826 1238 3880 quam
1270 3809 1478 3864 dicitur
1521 3807 1706 3862 homo.
1735 3814 1819 3860 est
1847 3803 2012 3857 etiam

437 3910 543 3962 alia
572 3907 795 3977 propria
831 3904 1032 3967 forma,
1081 3919 1180 3973 per
1227 3917 1389 3971 quam
1427 3899 1651 3962 dicitur,
1688 3897 1777 3950 hic
1827 3897 2014 3958 homo,

439 4003 642 4058 Petrus
694 3997 974 4059 videlicet,
1007 3995 1095 4050 vel
1124 3994 1350 4056 Paulus,
1384 3990 1530 4061 quod
1560 3997 1616 4044 et
1649 3985 2018 4042 incommuui-

439 4093 621 4148 eabile
648 4091 806 4146 alteri
841 4099 927 4145 est
969 4095 1196 4157 propter
1225 4085 1408 4139 varias
1443 4083 1739 4152 opiniones
1771 4080 1837 4134 de
1869 4078 2022 4146 prin-

440 4183 605 4254 cipiis
633 4180 1120 4244 individuationis,
1169 4178 1336 4231 etiam
1374 4175 1466 4230 hic
1498 4175 1652 4228 varia
1693 4179 2019 4242 ponuntur;

439 4288 650 4332 etcum
699 4273 959 4337 dicimus,
1008 4281 1102 4325 aut
1147 4282 1350 4338 corpus
1381 4280 1504 4322 esse
1539 4263 1819 4334 propriam
1852 4261 2026 4315 alicu-

437 4369 533 4439 jus
569 4369 822 4429 formam,
869 4363 973 4416 hoc
997 4377 1108 4415 non
1147 4358 1513 4428 intelligimus
1547 4353 1899 4422 simpliciter,
1927 4349 2024 4404 sed

445 4458 624 4514 solum
682 4453 991 4510 secundum
1051 4449 1341 4520 quamdam
1396 4445 1838 4502 similitudinem.
1901 4441 2028 4495 Haec

2100 1959 2176 2012 ti‘o
2229 1957 2476 2026 quaedam
2525 1961 2631 2018 est,
2679 1969 2787 2007 non
2841 1967 2972 2005 res:
3007 1949 3151 2019 quod
3188 1957 3370 2002 autem
3409 1955 3513 2008 est,
3571 1945 3677 1997 tale

2097 2061 2182 2105 est
2211 2064 2320 2102 non
2349 2063 2483 2111 ens;
2512 2062 2619 2100 non
2651 2061 2752 2100 ens
2777 2051 2960 2098 autem
2998 2057 3108 2096 non
3138 2051 3221 2095 est
3255 2038 3674 2094 etmstitutivnm

2098 2140 2238 2211 ejus,
2267 2139 2360 2208 qui
2391 2153 2558 2206 super
2583 2152 2670 2190 om
2691 2151 2758 2190 ne
2793 2151 2914 2190 ens.
2961 2135 3150 2189 Restat
3183 2133 3348 2201 igitur
3380 2140 3474 2186 aut
3500 2140 3680 2198 pater-

2101 2231 2332 2284 nitatem
2369 2227 2560 2292 solam,
2593 2235 2686 2280 aut.
2733 2225 3088 2290 spirationem
3131 2224 3328 2288 διιιαηι,
3362 2231 3457 2275 aut
3490 2220 3680 2273 ambas

2103 2323 2490 2380 constitutivas
2522 2336 2643 2376 esse
2675 2334 2924 2390 persona:
2953 2327 3217 2386 paternae.
3251 2315 3312 2367 At
3362 2312 3550 2365 annbas
3577 2313 3681 2363 im-

2103 2416 2366 2486 possibile
2411 2423 2498 2469 est
2545 2427 2668 2469 esse
2721 2412 2788 2466 iis
2840 2409 3165 2464 rationibus.
3217 2406 3274 2460 Si
3324 2405 3469 2459 enim
3504 2403 3677 2457 ambae

2103 2508 2507 2562 constituerent
2540 2504 2716 2560 Patris
2739 2517 3052 2571 personam,
3075 2508 3172 2554 aut
3192 2499 3265 2552 ita
3294 2497 3466 2551 amba:
3490 2495 3680 2559 simul,

2105 2607 2162 2652 et.
2221 2596 2500 2666 siquidem
2554 2605 2787 2664 utraque
2840 2609 2936 2664 per
2979 2607 3038 2648 se
3092 2590 3492 2653 constitueret,
3546 2587 3683 2640 duas

2109 2689 2316 2745 formas
2349 2689 2512 2743 Pater
2565 2687 2817 2752 haberet,
2853 2695 2908 2739 et
2959 2692 3363 2752 consequenter
3393 2679 3514 2733 dna1
3554 2693 3685 2746 per-

2105 2795 2254 2836 sona:
2301 2787 2506 2835 essent.
2548 2777 2662 2832 lloc
2697 2776 2844 2848 quod
2875 2775 3116 2830 diximus
3147 2782 3335 2842 patet;
3366 2786 3491 2825 cum
3533 2770 3682 2823 enim

2109 2873 2216 2928 illa:
2277 2871 2387 2928 sint
2433 2870 2677 2926 rationes
2719 2869 3024 2934 distincta),
3084 2869 3130 2923 si
3186 2865 3446 2937 quzelibet
3489 2878 3680 2916 earum

2107 2973 2258 3019 esset
2290 2978 2538 3032 persona:
2581 2960 2978 3024 constitutivte,
3011 2974 3134 3014 cum
3167 2955 3539 3013 constitutivze
3571 2955 3684 3008 1⁵οη-

2111 3057 2332 3112 maliter
2361 3057 2593 3112 diversa:
2620 3055 2731 3110 sint
2760 3063 3014 3121 respectu
3050 3052 3393 3106 diversorum
3420 3047 3693 3118 constitu-

2113 3159 2320 3212 torum,
2357 3149 2610 3216 sequitur
2643 3147 2720 3211 id,
2750 3145 2897 3216 quod
2946 3144 3208 3206 diximus,
3241 3151 3502 3210 tanquam
3549 3139 3689 3192 duas

2065 3241 2080 3260 ‘
2113 3239 2434 3310 personales
2469 3237 2678 3292 formas
2706 3237 2952 3300 habens;
2987 3233 3454 3304 quemadmodum
3492 3231 3536 3284 si
3566 3228 3694 3298 quis

2110 3333 2276 3386 homo
2309 3330 2447 3385 duas
2510 3330 2742 3386 haberet
2773 3330 3007 3388 animas,
3050 3325 3196 3396 quod
3231 3323 3532 3380 absurdum
3587 3329 3692 3375 θςι.

2109 3422 2266 3489 Quod
2324 3423 2368 3477 si
2415 3439 2526 3476 non
2562 3433 2796 3490 utraque
2851 3437 2949 3488 per
3000 3435 3081 3486 se,
3133 3417 3228 3473 sed
3272 3417 3446 3470 ambm
3498 3413 3690 3475 simul,

2113 3529 2294 3584 neque
2321 3513 2416 3583 qui
2451 3514 2663 3568 diceret
2702 3513 2920 3566 Patrem
2957 3511 3160 3574 solum,
3197 3509 3532 3578 significaret
3565 3521 3693 3575 per-

2114 3621 2307 3660 sonam
2359 3614 2684 3674 paternam,
2723 3619 2901 3674 neque
2949 3603 3044 3671 qui
3101 3603 3316 3656 diceret
3365 3600 3694 3664 spirantem,

2115 3695 2284 3766 hujus
2313 3704 2494 3750 tamen
2528 3703 2702 3750 totum
2732 3696 3074 3750 contrarium
3111 3703 3196 3748 est
3228 3693 3278 3745 iu
3313 3707 3450 3754 usu;
3497 3704 3694 3742 omnes

2116 3784 2264 3838 enim
2314 3783 2592 3848 doctores,
2643 3795 2700 3839 et
2767 3785 2948 3838 omnis
2992 3782 3280 3851 Scriptura
3331 3795 3454 3834 eum
3505 3779 3702 3832 dicunt

2118 3877 2362 3944 Patrem,
2397 3877 2644 3933 divinam
2677 3878 2798 3948 ejus
2831 3891 3122 3946 personam
3152 3873 3496 3942 significant;
3525 3873 3700 3924 nostri

2121 3971 2312 4032 etiam.
2347 3986 2474 4025 cum
2511 3971 2709 4025 dicunt
2740 3971 3068 4040 spirantem,
3118 3969 3295 4036 ipsum
3345 3965 3561 4020 Patrem
3612 3978 3702 4017 so—

2122 4063 2236 4119 lum
2273 4070 2470 4133 putant
2503 4061 2836 4132 significare.
2871 4061 3045 4130 Igitur
3076 4073 3180 4113 nec
3223 4061 3296 4111 ita
3329 4057 3506 4111 ainbze
3536 4055 3702 4111 simul

2125 4161 2256 4208 sunt
2282 4151 2656 4207 constitutivre
2675 4165 2942 4221 personae,
2971 4157 3030 4203 ut
3053 4159 3293 4217 utroque
3319 4147 3471 4201 nullo
3517 4143 3703 4210 modo,

2124 4241 2220 4298 sed
2239 4242 2411 4298 ambae
2439 4241 2605 4296 simul
2627 4241 2988 4304 constituant,
3023 4254 3124 4293 nec
3153 4247 3211 4291 ut
3245 4248 3478 4307 utraque
3513 4251 3611 4307 per
3645 4251 3706 4290 se

2127 4338 2454 4394 constituat.
2503 4333 2612 4389 Sed
2642 4332 2959 4388 necessario
2988 4330 3224 4385 alterum
3272 4327 3494 4397 quidem
3528 4327 3706 4382 solum

2129 4428 2418 4484 constituit
2461 4441 2780 4498 personam,
2829 4425 3064 4479 alterum
3113 4437 3247 4477 vero
3302 4420 3553 4490 sequitur
3595 4419 3708 4490 jam

445 4560 630 4605 autem
683 4555 770 4602 est
825 4546 1008 4600 anima
1056 4514 1198 4614 ejus,
1255 4540 1337 4595 vel
1394 4553 1620 4608 corpus,
1669 4543 1765 4590 aut
1816 4530 2026 4602 aliquid
2059 4537 2102 4592 D
2133 4522 2490 4578 constitutam
2525 4533 2836 4590 personam.
2868 4515 3058 4570 Restat
3081 4515 3250 4586 igitur
3281 4521 3376 4568 aut
3409 4514 3712 4583 paternita-

447 4643 640 4704 aliud.
700 4639 849 4711 quod
903 4645 988 4694 est
1037 4636 1086 4690 ei
1150 4632 1482 4702 principium
1538 4619 2024 4688 individuationis.

448 4733 924 4804 Quemadmodum
955 4737 1038 4785 est
1066 4729 1233 4783 etiam
1263 4725 1329 4780 de
1365 4725 1477 4778 Deo
1539 4731 1598 4777 et
1629 4722 1818 4784 Patre,
1867 4733 2022 4789 quaa-

449 4842 575 4882 nam
604 4827 678 4880 sit
711 4824 938 4894 propria
966 4821 1088 4890 ejus
1127 4818 1306 4873 forma
1343 4830 1634 4886 personam
1667 4814 1787 4885 ejus
1818 4809 2030 4866 consti-

450 4931 652 4976 tuens:
687 4928 768 4972 est
802 4916 950 4970 enim
985 4914 1034 4968 ei
1061 4911 1372 4966 communis
1395 4909 1460 4963 ad
1491 4909 1688 4962 Filium
1759 4914 1815 4961 et
1850 4904 2031 4973 Spiri—

454 5025 569 5069 tum
624 5012 810 5065 divina
863 5025 928 5062 ac
999 5005 1310 5062 essentialis
1363 5003 1558 5068 forma,
1631 5015 1754 5070 qua:
1808 5013 1918 5052 una
1967 5009 2024 5051 et

453 5105 646 5162 eadem
683 5116 915 5156 numero
947 5100 1001 5153 in
1029 5097 1112 5151 eis
1146 5105 1250 5159 est,
1289 5094 1472 5149 Deitas
1521 5092 1802 5153 videlicet,
1836 5104 2037 5144 secun-

454 5201 586 5255 dum
625 5211 790 5264 quam
824 5207 968 5246 unus
1006 5199 1092 5244 est
1135 5203 1261 5242 cum
1305 5189 1388 5240 eis
1417 5187 1562 5240 Deus
1594 5201 1607 5238 :
1641 5184 1809 5238 habet
1838 5180 2038 5235 nihilo-

457 5293 642 5347 minus
668 5291 830 5343 aliam
864 5285 1032 5340 etiam
1065 5281 1348 5352 propriam
1377 5279 1610 5354 formam
1637 5276 1760 5330 aliis
1785 5274 2038 5343 personis

457 5377 1069 5440 incommunicabilcm,
1120 5371 1427 5426 secundum
1478 5383 1642 5439 quam
1680 5367 1786 5421 hoc
1825 5364 2038 5436 aliquid

457 5488 516 5535 et
547 5489 782 5546 persona
821 5473 874 5525 in
920 5475 1117 5525 sancta
1149 5465 1424 5520 Trinitatc
1455 5471 1576 5516 est:
1614 5459 1894 5530 quodnam
1935 5460 2039 5530 igi-

462 5579 554 5624 tur
596 5569 687 5630 sit,
735 5560 1094 5633 quzerendum
1148 5564 1256 5610 est.
1294 5555 1362 5606 Et
1407 5551 1610 5622 primo,
1644 5565 1712 5604 an
1753 5549 1824 5602 sit
1859 5549 2039 5619 ipsum

463 5661 768 5732 ingenitum
797 5669 942 5717 esse,
981 5661 1036 5706 at
1075 5665 1187 5704 non
1231 5647 1483 5711 videtur;
1516 5643 1620 5698 hoc
1651 5643 1798 5698 enim
1830 5652 1917 5697 est
1947 5659 2044 5697 nc-

464 5759 631 5828 gatio,
665 5753 802 5808 nihil
835 5761 1017 5805 autem
1047 5744 1434 5801 exsistentium
1469 5737 1772 5794 secundum
1803 5737 2046 5807 negatio-

471 5827 596 5904 nem
633 5847 736 5902 hoc
767 5840 974 5914 aliquid
1005 5848 1088 5895 est
1121 5856 1130 5896 :
1165 5835 1258 5892 sed
1294 5841 1378 5890 est
1409 5833 1528 5906 ejus
1560 5827 1894 5902 proprietas,
1921 5843 2044 5898 quae

2135 4625 2248 4671 tem
2291 4628 2416 4670 esse
2466 4611 2883 4668 eoustitutivam
2933 4618 2990 4663 et
3039 4608 3322 4678 propriam
3370 4608 3548 4661 Patris
3603 4605 3714 4660 for-

2131 4725 2304 4775 mam,
2335 4708 2698 4780 spirationem
2729 4721 2862 4761 vero
2911 4705 3068 4774 sequi
3116 4717 3244 4758 eum
3286 4701 3399 4772 jam
3445 4701 3713 4756 constitu-

2135 4812 2282 4872 tum;
2305 4812 2401 4858 aut
2422 4817 2451 4858 e
2477 4813 2746 4856 converso
2767 4797 3128 4867 spirationem
3154 4807 3276 4848 esse
3299 4791 3716 4847 eoustitutivam

2134 4910 2388 4967 personae
2444 4900 2712 4963 paternae,
2763 4887 3155 4960 paternitatem
3210 4885 3366 4954 sequi
3423 4897 3713 4953 personam

2131 4991 2244 5061 jam
2279 4989 2661 5042 constitutam.
2715 4986 2784 5040 At
2816 4984 2862 5038 si
2896 4982 3110 5051 spirare
3143 4979 3368 5050 quidem
3403 4976 3715 5036 constituit,

2135 5082 2446 5154 paternitas
2495 5093 2628 5134 vero
2681 5087 2738 5132 et
2770 5077 2950 5146 ipsum
2995 5087 3263 5145 generare
3308 5071 3583 5139 sequitur,
3622 5068 3720 5120 ab-

2137 5175 2366 5231 surdum
2398 5171 2554 5242 quid,
2604 5179 2662 5226 et
2693 5169 2842 5240 quod
2893 5175 3093 5237 prmter
3145 5163 3393 5218 omnium
3426 5161 3718 5214 doctorum

2139 5265 2496 5322 traditionem
2539 5269 2646 5328 est,
2716 5260 2974 5330 sequitur
3019 5273 3032 5311 :
3081 5255 3229 5325 quod
3279 5255 3384 5312 tale
3432 5249 3563 5322 quid
3611 5259 3716 5314 est,

2139 5357 2437 5430 principia,
2467 5364 2525 5410 et
2561 5354 2886 5408 immediata
2923 5349 3195 5420 cujusque
3220 5345 3474 5416 operatio
3506 5343 3572 5396 ab
3599 5341 3720 5409 ejus

2141 5449 2508 5507 constitutiva
2544 5447 2720 5502 forma
2751 5443 2970 5512 prodit;
3006 5455 3201 5496 onmes
3230 5447 3412 5492 autem
3444 5435 3563 5488 alia:
3588 5449 3723 5501 ope-

2145 5545 2391 5600 rationes
2423 5557 2522 5612 per
2559 5540 2700 5594 hanc
2737 5537 2972 5607 primam
3011 5533 3266 5588 videlicet
3313 5528 3720 5598 operationem,

2143 5647 2201 5690 ut
2225 5643 2356 5706 puta
2380 5649 2448 5688 ex
2470 5631 2673 5691 anima,
2707 5641 2830 5696 quae
2851 5635 2936 5680 est
2961 5623 3321 5679 constitutiva
3347 5618 3494 5674 Petri
3521 5617 3721 5682 forma,

2147 5730 2325 5799 prima
2356 5735 2412 5782 et
2439 5723 2756 5780 immediata
2789 5717 3041 5788 operatio
3070 5716 3189 5786 ejus
3219 5712 3427 5783 prodit,
3468 5709 3615 5781 quod
3641 5719 3726 5764 est

2145 5823 2330 5879 vivere
2360 5837 2374 5875 :
2408 5815 2606 5878 deinde
2634 5829 2731 5885 per
2758 5827 2904 5883 eam,
2925 5809 3136 5867 scilicet
3169 5817 3427 5878 tanquam
3458 5817 3558 5878 per
3589 5817 3728 5860 cau-
