4086 6418
520 400 625 471 ΔΞἸ

1488 406 1993 471 BESSARIONIS
2032 410 2095 470 S.
2138 411 2206 474 Η.
2248 406 2312 475 Ε.
2347 407 2827 476 CARDINAUS‘

3660 416 3757 483 428

510 532 626 574 satu
679 519 798 573 sine
843 532 1102 593 quagnon
1153 533 1346 575 omnes
1390 519 1512 577 alia:
1557 523 1916 593 operationes
1950 538 2080 592 pro-
2110 528 2153 585 Α
2186 520 2511 593 Argumema
2562 526 2842 592 probantia
2886 521 3141 587 Spiritum
3193 533 3437 580 sanctum
3481 542 3544 581 ea:
3600 525 3754 583 Patre

508 605 702 674 deum,
735 590 1008 678 speculari
1038 608 1320 673 videlicet,
1358 590 1806 673 doccrcptexere
1836 590 2081 669 etc._Per

507 700 693 753 vivere
726 715 983 769 namque,
1016 716 1139 770 qua:
1167 711 1253 756 est
1298 703 1474 772 prima
1528 712 1584 758 et
1618 704 1935 761 immediata
1961 706 2081 776 ejus

506 794 772 859 Operatio,
817 808 1012 848 onmes
1043 793 1166 849 alia:
1203 794 1540 851 eﬂiciuntur.
1579 796 1635 853 Si
1680 798 1848 869 igitur
1873 810 1928 854 et
1957 815 2082 871 per-

507 900 654 939 sonte
705 875 955 954 paterna:
1017 885 1198 957 ipsum
1255 889 1469 960 spirare
1518 896 1668 945 esset
1721 894 2080 950 constitutiva

506 978 703 1035 forma.
733 989 879 1032 esset
932 979 1162 1049 spiratio
1197 981 1421 1051 quidem
1461 983 1636 1051 prima
1700 983 1821 1052 ejus
1870 994 1926 1041 et
1975 985 2082 1041 im-

509 1071 745 1124 nmliata
798 1072 1087 1141 operatio;
1143 1088 1242 1143 per
1292 1074 1433 1129 hanc
1488 1085 1671 1130 autem
1720 1087 2084 1146 generaretur

505 1160 701 1228 Filius,
734 1180 844 1234 quo
876 1162 1031 1221 licret
1072 1174 1133 1221 ut
1181 1183 1290 1223 non
1326 1167 1568 1238 Spiritus
1596 1163 1924 1239 per'Fllium
1957 1185 2082 1240 pros

502 1256 748 1315 cederet,
793 1265 852 1310 ιιι
891 1257 1130 1329 theologi
1161 1268 1445 1325 asserunt,
1476 1261 1573 1317 sed
1605 1254 1779 1317 Filius
1812 1276 1911 1331 per
1952 1260 2078 1332 Spi-

405 1382 417 1392 .
506 1349 670 1400 ritu-.n
698 1358 1093 1417 generaretur.
1135 1350 1268 1415 Qum
1299 1360 1497 1406 cuneta
1531 1352 1747 1407 veritati
1782 1353 2078 1416 contraria,

501 1452 557 1492 et
591 1439 817 1513 Patrum
868 1440 1290 1511 traditionibus,
1321 1452 1377 1499 et
1406 1445 1688 1500 communi
1723 1461 1916 1501 eorum
1955 1445 2081 1501 usui

505 1540 655 1585 sont.
697 1528 763 1585 Et
786 1536 918 1587 icum
950 1531 1069 1588 hate
1111 1533 1354 1589 absurda
1384 1536 1518 1600 sint,
1561 1545 1736 1591 restat
1775 1537 2078 1607 paternita-

507 1634 614 1678 tem
641 1627 986 1683 constituere
1016 1644 1309 1698 personam
1360 1639 1670 1701 paternam,
1706 1641 1760 1686 et
1794 1634 1934 1686 hanc
1959 1633 2082 1704 ejus

504 1733 627 1772 esse
660 1719 1234 1776 incommunicabilem
1257 1722 1516 1791 formam,
1540 1722 1898 1793 spirationem
1923 1725 2080 1796 sequi

506 1808 613 1881 jam
642 1809 1000 1867 constitutam
1033 1812 1155 1885 ejus
1182 1829 1498 1885 personam.

578 1903 698 1958 Non
722 1905 949 1975 quidem
967 1880 1255 1976 accipitur
1281 1907 1373 1963 hic
1402 1910 1663 1969 accidens
1685 1913 1905 1983 proprie
1937 1911 2085 1984 quod
2116 1880 2160 1935 Β

509 1997 729 2052 realiter
761 1999 827 2052 ab
852 2013 942 2062 eo,
972 2000 1056 2053 cui
1090 1999 1312 2068 accidit,
1337 2003 1696 2074 distinguitur
1720 2014 1774 2059 ut
1795 2005 2077 2073 accidens,

507 2103 630 2143 eum
665 2088 803 2144 nihil
838 2090 892 2144 in
924 2090 1196 2149 Trinitate
1226 2093 1298 2149 sit
1324 2095 1604 2150 accidens.
1641 2092 1841 2150 Verum
1887 2112 2087 2152 secun—

506 2175 639 2231 dum
686 2187 963 2243 naturam,
1005 2190 1062 2237 et
1096 2183 1493 2251 essentialiter,
1528 2184 1581 2238 id
1618 2193 1703 2239 est
1752 2186 2085 2253 necessario,

507 2277 563 2324 et
590 2284 687 2338 per
714 2285 773 2325 se
805 2278 1060 2341 tanquam
1093 2273 1368 2344 quoddam
1402 2275 1487 2330 sui
1517 2286 1768 2331 naturam
1820 2286 1874 2331 et
1898 2290 2088 2332 essen-

507 2361 636 2414 tiam
691 2361 745 2415 in
789 2378 854 2418 eo
898 2365 1208 2420 necessario
1250 2382 1623 2437 consequens,
1655 2376 1711 2424 et
1740 2368 1919 2438 ipsum
1965 2371 2086 2439 qui-

506 2451 630 2507 dem
666 2469 931 2522 generare
959 2457 1192 2527 primam
1223 2468 1273 2513 ct
1305 2458 1674 2514 immediatam
1707 2461 2086 2530 Operationem

507 2557 757 2613 personzr.
781 2558 1025 2615 paterna:
1051 2563 1196 2615 esse,
1225 2548 1404 2620 ipsum
1429 2566 1562 2605 vero
1589 2551 1803 2622 spirare
1842 2551 1956 2606 limi
1990 2567 2088 2620 per

506 2652 791 2707 generare,
830 2654 936 2693 non
961 2647 1343 2718 tanquamper
1373 2643 1722 2712 principium,
1746 2643 1840 2698 sed
1869 2660 1967 2713 per
1988 2644 2086 2698 ali-

506 2728 636 2796 quid
660 2728 1055 2796 necessarinm,
1072 2731 1219 2799 quod
1242 2731 1620 2801 praerigitur.
1642 2733 1710 2787 Et
1732 2734 1845 2788 haec
1863 2734 2087 2803 quidem

506 2819 763 2890 praedicta
787 2821 897 2876 sint
916 2830 1173 2892 tanquam
1188 2822 1253 2876 ad
1291 2838 1411 2892 quae
1432 2832 1741 2892 sequuntur
1757 2826 2084 2881 necessaria.

580 2912 715 2966 Item
759 2914 879 2970 hinc
909 2916 1079 2970 etiam
1108 2923 1370 2987 tanquam
1422 2920 1736 2974 communia
1766 2936 2087 2993 prtesuppo-

507 3016 753 3073 nanlur;
789 3023 981 3062 eorum
1014 3025 1137 3078 quae
1162 3010 1217 3063 in
1246 3006 1355 3065 Dee
1385 3009 1648 3067 dicuntur
1680 3013 1928 3083 quaedam
1961 3025 2090 3070 sunt

506 3099 821 3166 communia
843 3100 1102 3155 omnibus
1136 3102 1410 3171 personis,
1437 3108 1511 3158 ut‘
1530 3104 1731 3170 bonus,
1759 3107 2000 3179 sapiens.
2032 3117 2089 3163 et

2316 611 2409 664 per
2435 594 2653 661 Filium,"
2684 605 2734 650 et
2760 607 2834 650 ‘ea:
2876 595 3044 649 Patre
3089 594 3327 666 Filioque
3357 597 3650 667 procedere.

2257 707 2364 764 Per
2390 709 2621 778 primam
2667 718 2722 764 et
2750 708 3126 765 immedialam
3150 709 3587 781 uniuscujusque
3631 726 3753 780 ope-

2182 800 2475 861 rationem.
2505 816 2696 856 omnes
2715 802 2832 857 aliae
2866 801 3216 872 operationes
3242 800 3363 872 ejus
3399 801 3559 867 ﬁunt,
3586 803 3753 873 prima

2187 903 2319 947 vero
2372 902 2429 946 et
2463 892 2779 947 immediala
2830 893 3010 949 Patris
3058 892 3306 964 operatio
3352 902 3435 949 est
3462 908 3752 965 generare:

2187 999 2284 1054 per
2309 993 2578 1053 generare
2617 985 2784 1055 igitur
2820 984 3067 1055 spirandi
3098 985 3244 1040 actio
3297 985 3388 1049 lit,
3417 994 3470 1040 et
3497 998 3564 1040 ex
3604 987 3755 1041 Patre

2184 1088 2285 1146 per
2312 1074 2519 1151 filium
2550 1075 2790 1144 Spiritus
2826 1080 3053 1131 sanctus
3077 1076 3354 1144 procedit.
3382 1076 3537 1144 Quod
3578 1088 3760 1132 autem

2184 1167 2318 1222 vclit
2348 1167 2470 1231 hoc,
2502 1168 2648 1238 quod
2680 1167 2918 1222 dicimus
2950 1182 3048 1235 per
3084 1166 3305 1232 Filium,
3333 1168 3557 1238 etquod
3584 1168 3753 1237 ipsum

2183 1272 2281 1331 per
2338 1274 2557 1315 causam
2618 1259 2733 1315 sive
2784 1258 3119 1331 principium
3172 1259 3422 1315 medians
3471 1259 3755 1329 signiﬁcet,

2183 1361 2251 1408 ex
2283 1351 2385 1408 hoc
2418 1366 2527 1407 non
2553 1351 2930 1423 intelligimus,
2955 1349 3099 1421 quod
3131 1344 3299 1406 Filius
3330 1350 3405 1405 sit
3429 1349 3754 1420 principium

2183 1444 2432 1500 medians
2469 1454 2740 1515 quantum
2766 1445 2835 1499 ad
2867 1446 3104 1515 spirare.
3144 1444 3215 1499 ita
3265 1444 3413 1516 quod
3453 1439 3617 1500 Pater
3653 1454 3754 1495 non

2184 1535 2500 1592 immediate
2519 1537 2694 1604 spire‘t
2721 1537 2992 1607 Spiritum
3015 1544 3296 1602 sanctum;
3323 1534 3425 1590 sed“
3444 1535 3613 1605 spiret
3636 1547 3754 1586 eum

2182 1624 2462 1681 mediante
2496 1619 2658 1691 Filio,
2712 1632 2972 1694 tanquam
3008 1639 3174 1678 causa
3216 1621 3571 1683 secundaria,
3617 1618 3758 1673 sicut

2183 1716 2331 1773 Deus
2375 1724 2556 1773 movet
2591 1716 2793 1772 coelum
2830 1715 3194 1787 intelligentia
3235 1714 3539 1770 mediante.
3574 1709 3757 1764 Tene-

2187 1826 2311 1867 mus
2343 1811 2491 1866 enim
2524 1824 2648 1866 cum
2668 1807 3000 1879 Augustino,
3025 1807 3170 1879 quod
3198 1801 3758 1877 Spiritusimmediate

2190 1902 2258 1957 ab
2287 1910 2524 1972 utroque
2555 1899 2809 1970 procedit
2846 1912 2865 1953 :'
2894 1897 2990 1953 sed
3015 1896 3386 1967 intelligimus
3414 1890 3560 1964 quod
3597 1886 3759 1942 Filius

2189 1996 2282 2067 qui
2305 2004 2390 2051 est
2418 1993 2664 2065 Spiritus
2695 1991 3030 2064 principium
3071 2005 3086 2043 :
3117 1997 3201 2044 est
3227 1987 3481 2043 medians
3502 1990 3764 2054 quantum

2188 2088 2255 2143 ad
2286 2100 2408 2142 esse
2437 2085 2583 2140 inter
2622 2083 2842 2139 Patrem
2902 2090 2960 2137 et
3004 2078 3267 2151 Spiritum
3314 2090 3589 2137 sanctum,
3639 2083 3756 2124 CIIII]

2188 2182 2346 2252 prius
2406 2177 2740 2234 naturaliter
2795 2174 3137 2244 intelligatur
3165 2188 3197 2227 a
3231 2171 3391 2227 Patre
3438 2167 3756 2239 productus.

2189 2289 2352 2345 quam
2403 2271 2645 2343 Spiritus
2675 2278 2901 2326 sanctus
2932 2268 3000 2323 ab
3035 2274 3294 2336 utroque,
3327 2262 3664 2319 suﬁieientcr
3707 2255 3759 2307 in

2189 2377 2444 2421 sermone
2476 2367 2541 2418 de
2573 2361 2780 2418 unione
2806 2359 3193 2432 probavimus.

2260 2474 2390 2529 Item
2418 2473 2655 2542 Spiritus
2682 2479 2907 2529 sanctus
2941 2477 3038 2526 aut
3059 2486 3123 2525 ex
3150 2468 3265 2525 solo
3295 2468 3458 2524 Patre
3490 2457 3755 2536 procedit.

2190 2579 2284 2626 aut
2315 2586 2424 2625 non
2469 2582 2533 2623 ex
2568 2569 2686 2623 solo
2718 2569 2877 2624 Patre
2910 2582 2924 2619 :
2958 2566 3104 2620 inter
3148 2559 3580 2619 contradictoria
3615 2568 3759 2639 nan:-

2189 2677 2298 2732 que
2323 2661 2463 2716 nihil
2499 2670 2584 2717 est
2620 2660 2886 2715 medium.
2919 2659 2987 2714 At
3017 2672 3126 2712 non
3161 2663 3343 2727 potest
3377 2652 3489 2709 dici
3524 2645 3668 2720 quod
3696 2656 3756 2695 cx

2189 2755 2308 2811 solo
2364 2753 2528 2809 Patre
2594 2751 2856 2823 procedat
2920 2749 3129 2821 :igitur
3161 2760 3269 2802 non
3324 2755 3393 2801 ex
3423 2744 3542 2802 snio
3580 2740 3756 2794 Patre.

2189 2847 2345 2914 Quod
2405 2846 2449 2902 si
2519 2861 2628 2902 non
2693 2861 2762 2900 ex
2825 2844 2943 2900 solo
3008 2844 3195 2906 Patre,
3257 2840 3426 2912 igitur
3473 2836 3638 2893 etiam
3695 2834 3757 2880 ex

2189 2920 2348 2997 Fdio.
2403 2934 2580 3008 Quod
2619 2947 2803 2995 autem
2861 2952 2972 2993 non
3043 2950 3113 2991 ex
3179 2933 3298 2991 solo
3356 2930 3520 2986 Patre
3569 2934 3758 2997 proce—

2189 3034 2304 3101 dat,
2366 3033 2635 3104 probatur
2698 3031 2875 3101 primo
2932 3027 3206 3101 quidem:
3261 3037 3535 3096 nusquam
3604 3024 3754 3114 τερεξ·

2192 3128 2337 3183 ritur
2376 3125 2482 3180 hoc
2509 3125 2739 3188 dictum,
2776 3135 2955 3191 neque
2988 3118 3135 3190 apud
3172 3117 3509 3188 scripturam
3537 3118 3760 3191 canent-

470 3249 478 3258 .
508 3190 694 3243 omnia
730 3188 1000 3256 absoluta,
1024 3190 1479 3248 similiteromnes
1500 3196 1978 3269 negationes,quae
1994 3215 2090 3269 per
2114 3212 2160 3272 ο
2192 3233 2337 3283 eam,
2373 3231 2554 3287 neque
2580 3214 2722 3285 apud
2758 3188 3039 3268 doctores.
3068 3207 3225 3276 Quod
3248 3192 3388 3262 Ivero
3420 3219 3533 3260 non
3559 3198 3661 3256 fuit
3694 3190 3759 3246 ab

506 3281 890 3334 excellentiam
907 3289 1157 3352 respectu
1186 3283 1252 3338 ad
1282 3292 1593 3339 creaturam
1622 3286 1690 3341 de
1715 3302 1783 3343 eo
1805 3289 2083 3353 dicuntur,

511 3385 571 3426 ut
603 3372 906 3437 invisibile,
963 3374 1552 3444 incomprehensibile,
1582 3386 1639 3432 et
1684 3374 2084 3450 hujuscemodi.

583 3465 716 3519 Item
744 3479 1086 3534 quaecunque
1115 3466 1451 3520 relationem
1488 3467 1553 3521 ad
1589 3478 1898 3524 creaturam
1920 3470 2087 3541 signi-

512 3560 700 3623 ﬁcant,
766 3568 825 3612 ut
869 3570 1109 3622 creator,
1136 3559 1331 3629 judex,
1363 3569 1411 3614 et
1450 3559 1653 3615 similia
1690 3580 1703 3615 :
1738 3561 1855 3616 haec
1904 3563 2088 3633 itaque

513 3650 828 3706 communia
885 3660 1015 3707 sunt
1058 3652 1321 3707 omnibus
1360 3652 1647 3721 personis;
1680 3653 1927 3723 quaedam
1956 3669 2088 3709 vero

513 3755 645 3799 sunt
676 3745 918 3815 propria,
960 3753 1017 3799 ct
1053 3744 1253 3799 borum
1281 3744 1527 3815 quasdam
1562 3754 1689 3800 sunt
1712 3748 1931 3817 propria
1955 3747 2089 3801 dua-

513 3841 618 3892 bus
651 3837 905 3909 personis
933 3838 1347 3908 comparatione
1375 3839 1441 3893 ad
1475 3837 1764 3907 reliquam,
1815 3838 2086 3908 quemad-

512 3929 736 3984 modum
769 3928 909 3984 Filio
966 3936 1023 3984 et
1081 3928 1315 4000 Spiritui
1351 3945 1380 3983 a
1434 3930 1713 3999 principio
1755 3945 1900 3994 esse,
1941 3929 2088 3985 Patri

509 4030 568 4076 et
601 4019 743 4075 Filio
773 4020 994 4075 mittere
1032 4018 1300 4090 Spiritum
1334 4037 1349 4075 :
1384 4020 1472 4074 hic
1494 4020 1715 4090 capitur
1748 4023 1989 4088 mittere,
2029 4032 2089 4078 ut
2144 4018 2147 4021 ’

511 4114 775 4181 importat
835 4111 1163 4165 relationem
1232 4110 1469 4181 originis
1508 4110 1657 4164 inter
1685 4110 1995 4166 mittentem
2031 4122 2089 4168 et

510 4203 767 4267 missum,
799 4213 854 4259 ct
889 4219 989 4274 per
1017 4219 1368 4273 consequens
1398 4204 1814 4260 distinctionem
1847 4206 2087 4272 realotn;

512 4306 609 4350 aut
635 4296 781 4366 quod
811 4294 1049 4364 Spiritus
1104 4295 1321 4350 dicatur
1349 4295 1530 4350 Patris
1554 4304 1609 4350 et
1643 4294 1792 4350 Filii.
1823 4295 2078 4373 Quaedam

516 4392 737 4459 propria
776 4389 939 4444 unius
985 4403 1258 4460 persome,
1288 4397 1342 4443 et
1381 4389 1578 4444 horum
1617 4403 1810 4443 rursus
1836 4389 2086 4459 quaedam

515 4485 588 4537 ita
620 4481 840 4551 propria
882 4481 1191 4551 personalia
1219 4489 1368 4545 sunt,
1423 4490 1483 4534 ut
1513 4480 1681 4535 etiam
1724 4481 2085 4535 constitutiva

486 4574 649 4637 .sint,
690 4582 749 4626 ut
774 4571 1102 4642 paternitas,
1137 4572 1350 4639 lilintio,
1381 4571 1611 4642 Spiratio
1642 4572 1879 4642 passiva.
1917 4561 2163 4638 Quae?D

516 4665 639 4717 dam
706 4665 808 4718 etsi
854 4665 946 4719 uni
983 4663 1085 4719 soli
1131 4663 1342 4725 insunt.
1371 4679 1480 4718 non
1514 4673 1695 4729 tamen
1725 4664 2084 4719 constitutiva

518 4772 883 4825 personarum
914 4768 1065 4821 sunt,
1103 4755 1196 4810 sed
1226 4756 1471 4825 quaedam
1506 4758 1782 4825 notiones,
1826 4759 2091 4828 quemad-

518 4847 743 4901 modum
790 4847 937 4902 Patri
965 4848 1244 4901 notionale
1274 4848 1578 4918 ingenitum
1615 4865 1758 4916 esse,
1786 4850 2089 4918 ingenitum

518 4940 738 5009 capitur
763 4938 854 4994 hie
895 4953 995 5009 pro
1020 4938 1389 5008 improducto.
1424 4941 1548 4994 Haec
1583 4941 1749 5010 igitur
1778 4942 1941 4995 trium
1967 4957 2091 5010 per-

514 5048 775 5089 sonarum
812 5032 1126 5087 comnmnia
1159 5033 1471 5102 personalia
1508 5042 1658 5099 sunt,
1689 5050 1789 5089 nec
1826 5036 1939 5100 illa,
1968 5050 2091 5105 qurc

522 5126 737 5180 duabus
766 5123 1179 5193 comparatione
1204 5123 1271 5177 ad
1307 5123 1525 5179 tertiam
1547 5123 1765 5193 propria
1796 5134 1958 5191 sunt;
1990 5138 2093 5178 nec

518 5219 638 5284 illa,
667 5234 788 5288 quae
815 5218 906 5273 uni
937 5216 1157 5286 quidem
1189 5219 1410 5288 propria
1434 5228 1586 5282 sunt,
1624 5217 1719 5272 sed
1753 5219 1823 5271 ita
1864 5217 2088 5287 propria

518 5323 582 5368 ut
625 5310 949 5376 notionalia,
995 5317 1051 5365 et
1105 5308 1434 5381 sequentia:
1479 5309 1569 5364 illa
1621 5325 1753 5365 vero
1806 5312 1920 5366 sola
1963 5319 2093 5365 sunt

518 5403 851 5476 personalia.
888 5413 945 5457 et
979 5418 1337 5471 personarum
1371 5402 1725 5458 constitutiva
1757 5406 1974 5473 propria
2002 5421 2095 5473 pa-

515 5498 767 5562 ternitas,
790 5496 998 5553 scil'cct
1017 5494 1226 5558 liliatio,
1241 5504 1296 5549 et
1321 5496 1533 5566 passiva
1552 5496 1810 5565 spiratio;
1828 5514 1947 5568 qua:
1962 5514 2092 5551 vero

514 5589 728 5644 duabus
758 5589 977 5658 prepria
1009 5588 1418 5659 comparatione
1449 5589 1515 5644 ad
1545 5590 1761 5643 tertiam
1801 5601 1949 5654 sunt,
1976 5591 2092 5645 lucc

516 5680 820 5736 notionalia
842 5692 971 5735 sunt
989 5680 1221 5735 duarum
1246 5696 1630 5750 personarum.
1652 5681 1748 5736 ilis
1768 5698 2093 5754 prmsuppu-

514 5772 642 5831 oitis
668 5771 1022 5841 probabimus
1053 5770 1317 5842 Spiritum
1342 5781 1591 5828 sanctum
1628 5788 1695 5827 ex
1721 5774 1880 5828 Patre
1900 5790 1995 5845 per
2010 5772 2095 5825 Fi-

520 5858 680 5929 lium,
712 5864 830 5933 ipso
854 5863 1106 5934 juvantc,
1130 5874 1184 5920 et
1206 5880 1268 5921 ex
1295 5864 1455 5922 Patre
1502 5866 1752 5936 Filioque
1778 5867 2111 5939 procedere-

2189 3309 2373 3379 aliquo
2402 3308 2632 3363 istorum
2672 3306 2902 3366 dictum,
2933 3318 3042 3358 non
3085 3309 3171 3358 est
3205 3298 3519 3354 audendum
3555 3293 3757 3349 dicere.

2186 3398 2398 3457 Deinde
2429 3414 2554 3456 cum
2583 3398 2795 3467 Spirare
2833 3411 2942 3451 non
2975 3395 3175 3463 prima,
3212 3407 3316 3447 nec
3344 3388 3659 3446 immediata
3693 3379 3763 3434 sit

2186 3492 2501 3550 essentialis
2531 3491 2676 3546 actio
2718 3488 2918 3552 Patris,
2952 3488 3023 3542 sit
3052 3495 3149 3556 pc'r
3176 3485 3435 3555 primam,
3466 3487 3527 3533 ut
3555 3476 3762 3530 dictum
3840 3473 3847 3481 '

2188 3595 2292 3643 est.
2332 3585 2618 3655 Accipitur
2683 3580 2774 3637 hic
2804 3597 2898 3650 per
2968 3585 3136 3650 prout
3178 3578 3443 3646 importat
3482 3563 3762 3665 habitudi-

2188 3691 2315 3732 nem
2347 3689 2548 3738 causae,
2575 3672 2696 3726 sine
2735 3686 2841 3742 qua
2871 3684 2981 3725 non
3012 3667 3181 3738 :quia
3215 3667 3426 3736 spirare
3450 3667 3761 3718 necessario

2186 3764 2568 3837 prmsrtpponit
2596 3779 2882 3834 generare,
2922 3777 3031 3816 non
3057 3768 3222 3830 prout
3252 3759 3511 3827 importat
3543 3749 3761 3809 habitu-

2188 3861 2377 3916 dinem
2421 3856 2715 3929 principii;
2754 3854 2885 3927 quia
2939 3852 3221 3925 generatio
3254 3867 3363 3907 non
3416 3858 3503 3906 est
3554 3839 3759 3929 princif

2188 3952 2339 4023 pium
2369 3927 2726 4020 spirationis;
2753 3961 2878 4003 cum
2906 3943 3134 4016 spiratio
3163 3942 3301 3997 FlliO
3333 3937 3647 3996 conveniat.
3674 3927 3757 3984 cui

2188 4057 2300 4098 non
2330 4041 2592 4098 convenit
2624 4052 2815 4095 actura
2859 4036 3169 4108 generatio,
3203 4050 3326 4104 quas
3353 4044 3438 4089 est
3461 4033 3643 4104 ipsum
3671 4036 3756 4092 ge-

2188 4149 2413 4202 nerare,
2452 4143 2510 4190 et
2554 4132 2841 4204 generatio
2872 4148 2886 4184 :
2917 4143 3089 4200 quare
3119 4142 3348 4183 necesse
3379 4134 3465 4182 est
3500 4133 3561 4179 ut
3590 4117 3758 4177 Filius

2188 4241 2254 4283 ex
2297 4227 2402 4282 hac
2430 4225 2753 4296 operatione
2803 4220 3115 4292 participet,
3152 4227 3208 4274 et
3234 4232 3333 4288 per
3363 4232 3488 4272 eum
3525 4208 3758 4279 Spiritus

2189 4326 2417 4372 sanctus
2461 4313 2760 4386 procedat;
2797 4325 2921 4366 cum
2959 4310 3110 4365 enim
3142 4308 3329 4363 omnia
3358 4306 3471 4362 sint
3518 4310 3761 4362 commu‘

2189 4407 2279 4463 nia
2305 4405 2447 4463 Patri
2499 4413 2555 4460 ct
2577 4401 2716 4458 Filio
2744 4410 2944 4472 praeter
2974 4399 3365 4455 constitutiras
3397 4400 3757 4470 personarum

2192 4498 2582 4570 proprietates,
2612 4493 2926 4550 communis
2953 4493 3003 4548 ei
3034 4492 3142 4547 erit
3177 4493 3262 4548 vis
3291 4493 3459 4547 etiam
3494 4481 3757 4562 spirandi.

2190 4606 2314 4661 qua:
2339 4586 2608 4643 naturalis
2638 4585 2859 4655 quidem
2903 4582 3074 4646 Patri,
3129 4597 3239 4637 non
3285 4591 3464 4637 tau'cn
3492 4575 3758 4636 constitu-

2194 4682 2302 4737 tiva
2331 4692 2579 4751 personae
2605 4677 2727 4748 ejus
2755 4684 2867 4740 est,
2908 4684 2968 4731 ut
2992 4673 3209 4730 dictum
3234 4681 3339 4728 est.
3369 4674 3553 4739 Quare
3591 4662 3759 4737 Spiri-

2191 4780 2279 4827 tus
2326 4787 2391 4825 ex
2419 4770 2607 4824 'Patre
2664 4778 2719 4823 et
2757 4767 2921 4832 Filio,
2986 4767 3074 4822 Vel
3118 4782 3183 4822 ex
3218 4765 3377 4820 Patre
3413 4780 3510 4834 per
3558 4759 3756 4817 Filium

2189 4861 2466 4935 procedit.
2512 4860 2572 4915 in
2620 4859 2894 4929 theologia
2929 4873 3165 4928 namque
3193 4873 3285 4928 per
3311 4866 3367 4910 et
3402 4872 3465 4909 ex
3496 4853 3632 4909 nihil
3663 4844 3758 4903 ι]ιῖ-

2188 4956 2393 5012 ferunt.
2413 4952 2568 5020 Quod
2593 4952 2637 5007 si
2668 4950 2791 5020 quis
2816 4949 2964 5004 dicat
2991 4960 3368 5013 communem,
3398 4965 3531 5020 ergo
3564 4947 3692 5001 licet
3708 4940 3759 4986 cl

2191 5045 2421 5117 Spiritui
2457 5050 2650 5098 sancto
2686 5042 2830 5096 hanc
2865 5041 2974 5094 vim
3006 5040 3249 5110 spirandi
3295 5056 3439 5104 esse,
3492 5040 3600 5092 vim
3648 5027 3757 5096 spi'

2196 5138 2378 5203 randi,
2444 5136 2499 5191 id
2535 5145 2639 5197 est,
2674 5136 2910 5189 activam
2948 5135 3331 5205 spirationcm,
3380 5133 3495 5187 sive
3524 5128 3758 5187 divinat"

2194 5237 2450 5285 naturam
2511 5227 2864 5291 coniunctam
2923 5226 3114 5280 activae
3165 5226 3453 5294 spirationi
3506 5226 3757 5287 tanquam

2195 5320 2546 5378 essentialem
2570 5328 2627 5372 et
2658 5318 2984 5373 naturalem.
3049 5316 3245 5372 Omnia
3271 5317 3420 5371 enim
3451 5306 3759 5372 essentidu1

2197 5412 2300 5486 ipsi
2330 5426 2552 5483 quoque
2576 5409 2891 5465 communia
2927 5417 3076 5463 sunt.
3115 5408 3298 5465 Discat
3339 5408 3387 5464 is
3427 5408 3531 5463 hoc
3566 5408 3756 5470 impos-

2197 5504 2359 5560 sihile
2400 5517 2542 5566 esse,
2576 5516 2644 5555 eo
2669 5500 2824 5571 quod
2882 5501 3183 5571 opponitur
3240 5501 3360 5567 ejus
3409 5488 3757 5571 proprietati;

2199 5612 2306 5651 non
2341 5596 2491 5649 enim
2533 5602 2715 5664 potest
2762 5592 2907 5648 idem
2940 5594 3026 5648 sui
3066 5593 3240 5663 ipsius
3270 5608 3390 5648 esse
3415 5585 3760 5663 principium.

2197 5686 2551 5755 Unaquthue
2596 5685 2744 5738 enim
2782 5684 3092 5739 divinarum
3141 5698 3508 5755 personarum
3540 5682 3761 5737 manens

2201 5776 2256 5833 in
2284 5792 2372 5842 eo,
2404 5776 2559 5846 quod
2577 5785 2681 5840 est,
2718 5784 2773 5829 et
2804 5790 2958 5829 suam
2997 5777 3390 5846 proprietatem
3427 5766 3758 5845 personalem

2202 5884 2479 5928 servans:
2517 5868 2830 5925 communia
2881 5871 3045 5925 etiam
3081 5868 3315 5925 invicem
3370 5867 3536 5923 habet
3585 5851 3758 5919 omnia
