4086 6432
375 388 486 460 £29

1316 403 1414 466 DE
1459 404 1990 470 PROCESSIONE
2034 407 2400 472 SPIRITUS
2439 411 2730 474 SANCTI.

3543 415 3653 478 £30

375 509 715 566 essentialia.
755 511 978 567 blanens
1009 510 1156 566 enim
1187 511 1356 569 Filius
1392 515 1446 570 in
1477 531 1544 571 eo
1577 519 1725 588 quod
1776 517 1949 573 Filius
1983 524 2022 579 Α
2055 521 2356 590 telligimus
2395 523 2664 594 principia
2718 523 2914 576 barum
2967 520 3204 577 duarum
3258 527 3651 592 operationem

375 611 487 669 est,
513 613 572 657 ut
608 603 804 658 beatus
825 604 1062 659 Basilius
1080 604 1180 667 ait,
1215 605 1384 660 babet
1412 609 1596 662 omnia
1618 624 1962 679 quaecunque

375 699 435 747 et
498 692 706 758 Pater;
762 693 927 762 igitur
972 693 1211 764 Spiritus
1259 697 1424 750 etiam
1495 713 1721 753 manens
1773 700 1824 754 in
1895 714 1964 754 eo

378 785 526 854 quod
595 783 832 854 Spiritus
883 795 993 850 est,
1053 786 1219 843 habet
1282 790 1465 845 omnia
1509 806 1851 861 qmeeunque
1909 804 1964 847 et

379 877 540 934 Pater
589 888 644 933 et
685 879 877 934 Filius.
933 882 1262 951 Proprietati
1299 883 1485 954 itaque
1510 900 1626 955 ejus
1682 894 1965 955 Oppugnat

377 971 461 1024 sui
522 970 700 1040 ipsius
760 974 1094 1043 principium
1123 990 1246 1030 esse
1283 984 1381 1029 :et
1413 975 1538 1030 ideo
1591 977 1956 1045 spirationem

382 1064 621 1117 activam
656 1063 862 1119 habere
912 1081 1019 1120 non
1054 1074 1255 1137 potest.
1293 1065 1402 1122 Sed
1433 1067 1580 1122 dicet
1614 1067 1816 1137 aliquis
1853 1068 1963 1122 for-

381 1166 549 1221 tasse,
598 1158 744 1227 quod
777 1158 822 1213 si
865 1174 974 1212 non
1012 1161 1085 1213 sit
1121 1163 1172 1214 ei
1215 1160 1528 1216 communis
1572 1161 1824 1230 spirandi
1856 1161 1958 1220 vis.

377 1249 551 1304 eritei
580 1249 772 1304 saltem
805 1252 1118 1306 communis
1142 1255 1460 1322 generativa
1491 1253 1965 1324 potentia,quem-

381 1338 682 1393 admodum
718 1339 858 1395 Filio
899 1343 1202 1412 spirativa:
1258 1354 1314 1398 at
1341 1359 1449 1397 non
1487 1344 1656 1398 lateat
1685 1345 1964 1406 eum,boc

379 1433 547 1488 etiam
584 1433 925 1504 impossibile
959 1451 1078 1490 esse
1113 1455 1126 1491 :
1163 1437 1438 1506 principio
1465 1437 1612 1507 quod
1643 1453 1767 1492 cum
1800 1453 1964 1508 gene-

380 1525 538 1579 randi
578 1526 851 1594 potentia,
885 1527 938 1581 id
973 1537 1059 1583 est
1109 1529 1343 1584 actuaIis
1372 1529 1658 1600 generatio
1689 1530 1963 1584 c0nstitu-

382 1619 492 1671 tiva
526 1618 596 1671 sit
627 1633 875 1687 personae
905 1629 1170 1688 paternm,
1201 1629 1258 1676 et
1291 1620 1845 1676 incommunicabilis
1877 1622 1960 1676 al-

381 1711 511 1772 teri,
548 1718 608 1763 ut
661 1711 952 1778 probatum
988 1721 1098 1775 est,
1127 1712 1475 1782 impossibile
1509 1724 1595 1768 est
1634 1714 1794 1768 alteri
1841 1730 1963 1784 per-

381 1814 532 1853 some
588 1815 708 1854 eam
742 1793 862 1856 esse
925 1816 1299 1868 communem,
1356 1805 1820 1874 quemadmodum
1877 1815 1962 1861 est

2067 622 2253 667 essent
2306 613 2595 682 principia.
2653 613 2760 666 Sed
2817 627 3160 682 unaquaeque
3207 611 3408 676 forma,
3467 612 3519 666 id
3572 617 3655 668 es!

2069 704 2502 774 unumquodque
2535 705 2866 775 principium
2904 705 3246 775 operationis
3278 706 3652 759 constituiim

2069 813 2190 852 cum
2219 799 2311 852 illa
2339 799 2661 868 operatione
2715 799 2954 868 aliquam
2998 813 3289 868 personam
3327 800 3651 863 constituit;

2067 890 2211 944 sicut
2241 890 2506 953 essentia,
2530 906 2650 959 qum
2670 899 2754 945 est
2783 889 3110 958 principium
3140 888 3520 960 generationis
3565 905 3653 942 ar-

2074 983 2198 1036 tiva‘.
2222 998 2345 1037 cum
2386 984 2502 1052 ipsa
2532 984 2888 1052 generatione
2920 983 3132 1036 Patrem
3163 981 3472 1042 constituit.
3492 989 3546 1035 et
3571 981 3652 1034 sic

2071 1074 2236 1129 Pater
2258 1083 2444 1130 essent
2465 1075 2584 1129 duae
2601 1091 2870 1146 personae.
2895 1075 3009 1130 IIoc
3044 1085 3226 1129 autem
3256 1073 3652 1128 inconveniens

2065 1172 2172 1220 est.
2202 1162 2292 1217 V'is
2321 1163 2488 1232 igitur
2519 1164 2789 1234 spirandi,
2825 1165 2875 1218 id
2901 1171 3005 1227 est,
3037 1164 3216 1218 activa
3252 1163 3505 1233 spiratio,
3538 1178 3648 1216 non

2065 1256 2349 1311 constituit
2377 1271 2663 1326 personam
2706 1257 2900 1311 Patris.
2948 1256 3106 1322 Quod
3145 1256 3189 1310 si
3215 1271 3322 1309 non
3344 1254 3649 1315 constituit.

2064 1347 2372 1402 communis
2395 1347 2562 1418 igitur
2590 1357 2674 1402 est
2694 1349 2860 1404 etiam
2880 1349 2963 1403 vel
2986 1347 3107 1403 aliis
3131 1349 3379 1417 personis
3401 1387 3416 1410 ,
3443 1347 3526 1400 vel
3554 1347 3652 1399 ali-

2065 1437 2153 1493 cui
2219 1453 2408 1494 earnm
2454 1457 2467 1493 :
2515 1455 2624 1494 non
2683 1441 2930 1509 utrisque
2967 1440 3154 1504 simul,
3190 1453 3369 1508 neque
3421 1437 3654 1507 Spiritui

2065 1530 2267 1596 solum,
2311 1547 2436 1586 eum
2482 1533 2596 1604 ipse
2639 1533 2880 1603 seipsum
2925 1532 3139 1602 spirare
3179 1546 3290 1585 non
3334 1529 3527 1600 possit.
3559 1528 3657 1583 Est

2064 1621 2229 1689 igitur
2275 1623 2586 1678 communis
2630 1622 2787 1678 Filio.
2846 1622 3109 1694 Spiritus.
3151 1623 3321 1693 igitur
3371 1637 3439 1677 ex
3491 1620 3652 1676 Patre

2062 1710 2314 1783 Filioque
2342 1714 2606 1783 procedit.

2137 1805 2272 1861 Item
2321 1809 2692 1864 communiter
2737 1824 2933 1865 omnes
2967 1807 3499 1864 doctores-fatentur
3532 1805 3656 1875 Spi-

380 1892 522 1948 Filio
545 1893 828 1962 Spirativa.
872 1893 1080 1950 Deinde
1109 1896 1237 1966 quia
1280 1897 1527 1964 implicat
1573 1900 1970 1954 contradictio—
1995 1883 2042 1944 Β
2072 1898 2238 1954 ritum
2269 1909 2538 1956 sanctum
2567 1901 2790 1971 prodire
2818 1918 2884 1958 ex
2910 1901 3054 1956 Filio
3084 1917 3098 1955 :
3131 1901 3236 1956 hoc
3273 1910 3456 1956 autem
3491 1907 3652 1954 natu-

385 2001 548 2048 rem;
586 1987 631 2041 si
661 1987 809 2041 enim
838 1987 984 2042 idem
1009 1998 1303 2058 generaret
1345 1989 1566 2054 Filium,
1607 2003 1663 2047 et
1703 1994 1969 2062 precede-

387 2088 473 2134 ret
520 2094 585 2133 ex
624 2093 712 2140 eo.
747 2087 894 2133 esset
935 2080 1003 2133 ad
1050 2081 1194 2136 idem
1232 2092 1288 2137 et
1338 2071 1694 2152 principium,
1725 2095 1781 2138 et
1823 2083 1967 2154 quod

381 2164 469 2224 est
495 2185 523 2223 a
549 2171 841 2239 principio,
870 2173 1014 2243 quod
1045 2182 1128 2230 est
1151 2177 1542 2232 contradictio.
1566 2177 1633 2231 At
1653 2177 1796 2244 ideo,
1824 2177 1972 2234 dicet
2024 2175 2031 2183 ’

389 2260 687 2330 quispiam,
749 2261 852 2316 boc
905 2263 1308 2318 inconveniens
1342 2273 1628 2335 sequetur,
1661 2267 1788 2336 quia
1834 2283 1972 2337 prat-

392 2354 721 2421 supponitur
772 2352 970 2406 Filium
1019 2354 1233 2424 spirare
1265 2355 1554 2425 Spiritum.
1581 2357 1735 2422 Quod
1785 2359 1828 2412 si
1861 2374 1970 2412 non

395 2455 942 2512 prazsupponeretur,
998 2445 1130 2500 licet
1178 2447 1527 2517 solumqqu
1561 2448 1796 2516 Spiritus
1845 2466 1970 2505 cum

395 2533 555 2586 Patre
577 2546 794 2603 generet
818 2534 1044 2601 Filium,
1067 2553 1180 2590 non
1211 2537 1557 2608 relinquetur
1591 2539 1723 2594 huic
1777 2540 1974 2595 incon-

392 2625 636 2679 venienti
670 2627 852 2682 locus.
887 2627 1000 2681 Cur
1035 2630 1183 2682 cnim
1220 2645 1328 2683 non
1364 2631 1545 2700 potius
1576 2630 1820 2700 Spiritus
1848 2649 1971 2687 cum

391 2714 554 2771 Patre
580 2726 806 2786 generet
830 2716 1056 2784 Filium,
1085 2735 1252 2788 quam
1278 2719 1451 2775 Filius
1471 2737 1593 2775 cum
1626 2722 1785 2776 Patre
1799 2724 1975 2792 spiret

391 2807 700 2877 Spiritum?
735 2807 792 2863 Si
821 2810 945 2879 quis
975 2811 1090 2866 baec
1121 2813 1277 2875 dicit,
1308 2814 1484 2882 primo
1514 2814 1736 2884 quidem
1759 2831 1816 2870 se
1840 2817 1976 2871 sciat

391 2917 644 2970 quaerere
678 2917 800 2972 qua:
834 2917 997 2956 nemo
1034 2920 1274 2974 unquam
1325 2921 1428 2960 nec
1473 2907 1720 2978 cogitare
1751 2909 1973 2979 quidem

394 3009 564 3048 ausus
597 3003 717 3058 est;
754 2993 954 3049 deinde
989 2997 1257 3064 potentia,
1293 2999 1347 3052 id
1390 3009 1502 3065 est,
1537 3001 1769 3056 actualis
1813 3017 1977 3072 gene-

396 3085 561 3152 ratio,
587 3086 816 3156 quidem
851 3087 1172 3156 generativa
1213 3092 1477 3160 praecedit
1507 3094 1749 3162 spirandi
1777 3104 1973 3165 poten-

392 3180 526 3236 tiam
558 3190 814 3256 taoquam
860 3183 1036 3253 prima
1069 3192 1123 3239 et
1151 3183 1467 3248 imniediata
1497 3185 1672 3242 Patris
1703 3191 1974 3258 operatio,
2000 3221 2046 3283 ο

392 3289 458 3336 ut
490 3281 779 3350 probatum
812 3288 897 3335 est
925 3296 941 3346 ;
983 3292 1042 3334 et
1071 3279 1197 3334 ideo
1225 3296 1332 3333 non
1367 3291 1548 3349 potest
1574 3296 1694 3336 esse
1729 3296 1976 3336 commu-

395 3374 484 3430 nis
516 3373 785 3445 Spiritui;
827 3372 1074 3443 spirandi
1101 3387 1232 3426 vero
1265 3372 1509 3441 potentia
1544 3387 1670 3426 cum
1709 3358 1975 3442 sequetur

395 3467 521 3522 Filii
556 3465 996 3538 generationem,
1033 3474 1090 3518 et
1131 3479 1226 3534 per
1273 3463 1400 3534 ejus
1441 3465 1878 3533 generationem,
1918 3475 1979 3521 ut

397 3559 692 3630 probatum
720 3567 829 3622 est,
873 3557 989 3620 Iiat,
1023 3571 1133 3610 non
1184 3555 1547 3624 impossibile.
1583 3557 1692 3610 imo
1724 3571 1979 3612 necessa-

398 3652 542 3708 rium
573 3661 680 3714 est,
730 3658 793 3704 ut
821 3650 893 3704 sit
924 3649 976 3703 ei
1013 3647 1325 3702 communis
1363 3661 1487 3701 cum
1523 3647 1704 3702 Patre.
1741 3649 1899 3713 Quod
1932 3648 1978 3703 si

397 3759 524 3815 quis
576 3757 768 3798 rursus
827 3750 1053 3811 propter
1085 3739 1202 3795 hzec
1235 3739 1406 3805 dient,
1463 3739 1629 3809 igitur
1675 3739 1980 3810 minorgest

401 3836 648 3907 Spiritus
681 3844 906 3890 sanctus
932 3843 984 3889 et
1018 3834 1180 3888 Patre
1243 3842 1300 3886 et
1336 3830 1500 3898 Filio,
1532 3833 1575 3886 si
1610 3833 1832 3902 quidem
1876 3833 1980 3888 Pa-

399 3940 484 3984 ter
529 3935 757 3998 generat
802 3925 1026 3988 Filium,
1061 3934 1117 3980 et
1160 3924 1333 3994 spirat
1363 3922 1628 3993 Spiritum
1665 3943 1678 3978 :
1716 3923 1889 3980 Filius
1925 3934 1981 3980 et

398 4022 514 4090 ipse
549 4035 674 4074 cum
698 4018 860 4072 Patre
890 4020 1063 4087 Spirat
1095 4016 1388 4086 Spiritum,
1434 4015 1676 4085 Spiritus
1711 4031 1844 4071 vero
1879 4032 1981 4074 nec

398 4113 600 4168 Filium
636 4122 886 4180 generat,
923 4124 1026 4164 nec
1056 4123 1114 4163 se
1143 4110 1348 4177 ipsum,
1373 4121 1477 4161 nec
1508 4106 1679 4160 alium
1709 4107 1977 4176 Spiritum

397 4205 593 4275 Spirat.
633 4203 782 4258 Vana
813 4201 953 4256 ratio
987 4200 1109 4270 ejus
1132 4207 1240 4259 est,
1273 4207 1329 4253 et
1360 4196 1551 4252 contra
1574 4212 1632 4252 se
1663 4197 1863 4268 ipsum.
1885 4198 1978 4268 qui

400 4298 519 4352 haec
554 4295 712 4360 dicit,
741 4293 1050 4350 concludit.
1085 4292 1143 4346 Si
1169 4291 1316 4346 enim
1346 4291 1554 4346 nullius
1569 4305 1814 4360 persona:
1830 4291 1983 4360 prin-

402 4391 610 4459 cipium
643 4402 786 4450 esse,
810 4385 1249 4456 imperfectionis
1307 4393 1363 4438 et
1401 4381 1726 4437 minutionis
1762 4383 1981 4452 signum

406 4482 461 4536 in
509 4480 784 4534 Trinitate
825 4466 1131 4548 putandum
1179 4483 1348 4538 esset,
1390 4474 1711 4543 pauciorum
1761 4489 1992 4544 quoque-

2074 1991 2265 2047 raliter
2305 1992 2726 2064 intelligendum
2757 2003 2882 2060 est;
2935 1994 3080 2048 nihil
3110 1993 3258 2048 enim
3314 1994 3370 2046 in
3423 1991 3535 2047 Deo
3571 1997 3656 2046 est

2073 2092 2275 2154 pra'ter
2295 2093 2574 2147 naturam,
2607 2099 2788 2154 neque
2820 2084 3229 2156 per-accidens.
3264 2083 3320 2138 Si
3359 2083 3524 2153 igitur
3555 2097 3654 2136 na-

2078 2175 2357 2238 turaliter,
2393 2182 2450 2228 et
2498 2175 2808 2230 secundum
2851 2184 3105 2230 naturam
3144 2174 3387 2244 Spiritus
3409 2188 3475 2228 ex
3516 2171 3655 2227 Filio

2076 2265 2281 2336 prodit,
2338 2264 2393 2320 in
2444 2265 2650 2321 divinis
2703 2281 2837 2321 vero
2892 2266 3188 2337 dupliciter
3224 2275 3406 2336 potest
3445 2263 3652 2333 aliquid

2075 2358 2384 2413 secundum
2417 2366 2668 2413 naturam
2703 2359 2947 2430 prodire,
2972 2368 3066 2413 aut
3098 2374 3196 2428 per
3221 2357 3652 2429 generationem,

2075 2461 2172 2504 aut
2204 2466 2301 2520 per
2345 2451 2735 2521 spirationem:
2789 2467 2888 2520 per
2916 2450 3329 2521 generationem
3380 2464 3511 2504 vero
3543 2437 3651 2502 non

2076 2544 2264 2614 prodit
2295 2559 2361 2599 ex
2391 2559 2480 2610 eo,
2506 2553 2654 2600 esset
2675 2544 2821 2619 enim
2857 2543 3104 2613 Spiritus
3132 2541 3304 2597 Filius
3335 2541 3498 2607 Filii;
3525 2555 3649 2611 pro-

2076 2636 2159 2691 dit
2186 2637 2354 2708 igitur
2387 2653 2485 2708 per
2517 2638 2894 2707 spirationem,
2921 2646 2977 2692 et
3006 2652 3072 2691 ex
3109 2651 3176 2690 eo
3207 2635 3474 2704 procedit.

2147 2729 2304 2795 Quod
2333 2730 2378 2784 si
2410 2729 2539 2799 quis
2583 2728 2758 2794 dicat,
2806 2727 2994 2783 dicere
3013 2720 3140 2783 'eum
3175 2726 3394 2798 prodire
3425 2741 3452 2780 a
3487 2723 3654 2787 Filio,

2077 2822 2308 2893 gratiam
2363 2830 2416 2878 et
2469 2821 2854 2891 operationem
2904 2821 3023 2892 ejus
3071 2819 3125 2874 in
3180 2834 3281 2873 nos
3344 2818 3652 2889 signiﬁcat,

2081 2931 2252 2969 unum
2280 2916 2384 2970 hoc
2414 2915 2686 2985 reI'Ugium
2724 2923 2828 2969 est.
2871 2912 3007 2967 Nam
3036 2924 3092 2967 et
3123 2911 3166 2966 si
3199 2910 3429 2980 gratiam
3461 2925 3657 2980 qnam-

2079 3007 2204 3062 dam
2247 3023 2347 3064 nos
2390 3007 2808 3078 participamus,
2842 3017 2896 3062 et
2928 3021 3036 3060 non
3071 3005 3440 3059 substantiam
3475 3002 3656 3072 Spiri-

2081 3109 2171 3156 tus
2202 3099 2532 3170 (substantia
2588 3113 2824 3168 namque
2862 3096 2955 3150 Dei
3001 3087 3480 3164 iiupartieipabilis
3525 3092 3655 3159 esu),

2079 3208 2190 3248 non
2228 3203 2411 3247 tamen
2443 3191 2634 3262 prodit
2668 3207 2736 3244 ex
2787 3190 2924 3245 Filio
2951 3204 3058 3243 non
3107 3188 3435 3243 subsistens.
3455 3185 3658 3256 gratia,

2079 3282 2174 3336 sed
2219 3282 2338 3352 ipsa
2377 3282 2563 3337 divina
2597 3281 2838 3352 Spiritus
2898 3295 3172 3349 persona.
3209 3279 3359 3347 Quod
3415 3286 3561 3346 patet
3593 3290 3661 3328 rx

2080 3373 2208 3428 aliis
2239 3372 2576 3429 clarioribus
2623 3381 2679 3427 et
2720 3371 3092 3441 apertioribus
3130 3369 3416 3423 domorum
3451 3364 3660 3426 verbis,

2080 3483 2206 3522 cum
2229 3482 2355 3522 eum
2388 3467 2585 3529 dicunt
2611 3480 2893 3526 emanare,
2949 3462 3113 3526 oriri,
3141 3461 3435 3526 scaturire,
3477 3459 3662 3512 elnre~

2079 3575 2237 3616 scere
2269 3575 2298 3614 a
2333 3558 2494 3614 Filio.
2528 3557 2660 3625 Qua:
2695 3558 3002 3626 cuicunque
3028 3571 3136 3610 non
3166 3564 3440 3610 excmcato
3487 3553 3658 3624 ipsam

2080 3651 2460 3710 substantiam.
2507 3648 2751 3720 Spiritus
2803 3665 2909 3703 non
2966 3645 3485 3717 participationem,
3559 3657 3663 3697 nec

2081 3743 2438 3812 temporalem
2470 3741 2734 3797 duntaxat
2762 3740 3110 3794 emissionem
3146 3736 3478 3806 significant.
3512 3731 3608 3787 Tal
3634 3749 3660 3788 s

2080 3836 2248 3908 igitur
2284 3835 2591 3906 personalis
2626 3833 2871 3902 Spiritus
2894 3848 2962 3886 ex
3013 3831 3151 3885 Filio
3182 3843 3525 3900 progressus,
3565 3835 3662 3880 aut

2078 3928 2346 3984 naturalis
2390 3934 2487 3981 aut
2517 3925 2732 3980 servilis
2762 3931 2958 3986 cSt;et
2989 3937 3112 3976 cum
3139 3936 3248 3974 non
3291 3921 3364 3974 sit
3418 3917 3659 3980 servilis,

2079 4019 2394 4077 necessario
2415 4017 2684 4072 naturalis
2708 4014 3121 4073 est._Naturalis
3150 4026 3358 4066 veroex
3376 4009 3496 4064 Filii
3527 4008 3660 4063 sub-

2081 4113 2285 4170 stantia
2311 4105 2554 4182 Spiritus
2577 4109 2750 4164 sancti
2777 4120 3095 4179 progressus
3116 4103 3376 4174 quidnam
3408 4087 3662 4156 aliud'sit

2079 4214 2278 4278 praeter
2305 4205 2425 4275 ejus
2457 4203 2891 4274 processionem,
2921 4214 3098 4269 neque
3130 4198 3335 4267 ﬁngere
3366 4195 3521 4250 facile
3548 4203 3658 4249 est.

2154 4298 2288 4354 Item
2320 4297 2594 4367 Spiritum
2640 4301 2893 4350 sanctum
2927 4307 2991 4346 ex
3023 4288 3330 4345 substantia
3367 4287 3548 4342 Patris
3597 4295 3655 4342 et

2083 4389 2209 4446 Filii
2238 4403 2382 4453 esse,
2416 4396 2472 4444 et
2492 4403 2557 4442 ex
2589 4385 2896 4442 substantia
2927 4398 3122 4437 eorum
3151 4396 3273 4436 esse
3297 4379 3661 4436 communiter

2084 4497 2289 4538 omnes.
2329 4480 2629 4536 orientales
2673 4476 3158 4545 occidentalesqtie
3183 4472 3374 4527 Patres
3400 4472 3658 4526 clamant.

404 4586 772 4642 personarum
813 4585 1038 4624 causam
1071 4583 1194 4622 esse
1227 4565 1666 4636 imperfecliouis
1689 4576 1871 4622 esset:
1893 4567 1981 4621 Fi-
2019 4563 2058 4619 D
2084 4572 2156 4628 At
2185 4573 2240 4627 in
2276 4579 2466 4628 sancta
2496 4569 2769 4624 Trinitate
2800 4567 2946 4637 quod
2987 4581 3053 4621 ex
3089 4565 3396 4620 substantia
3429 4563 3662 4632 alicujus

403 4663 514 4718 lius
547 4662 739 4733 igitur,
774 4675 899 4716 cum
934 4659 1099 4714 unius
1122 4672 1373 4726 personat
1407 4655 1697 4722 duntaxat,
1726 4655 1984 4710 videlicet

406 4755 651 4825 Spiritus
705 4752 1040 4824 principium
1086 4751 1179 4812 sit.
1214 4749 1397 4804 minor
1437 4757 1588 4804 esset
1635 4748 1739 4803 bac
1767 4749 1984 4804 ratione

403 4847 592 4913 Patre,
627 4846 723 4918 qui
767 4845 1056 4904 ambarum
1092 4857 1455 4912 personarum
1503 4849 1595 4897 est
1627 4841 1980 4910 principium.

401 4941 472 4996 At
498 4942 604 4996 hoc
629 4939 1028 4995 inconveniens
1049 4946 1133 4991 est
1167 4937 1329 4991 etiam
1365 4934 1544 4990 solum
1568 4934 1832 5004 cogitare.
1874 4933 1982 5003 Igi-

406 5043 496 5088 tur
525 5032 660 5088 illud
691 5045 915 5102 quoque
941 5028 1270 5098 simpliciter
1293 5025 1596 5082 absurdum
1627 5034 1732 5079 est.
1773 5023 1985 5087 Princi-

405 5127 558 5196 pium
595 5124 742 5180 enim
775 5132 938 5194 prout
963 5131 1047 5175 est
1076 5121 1224 5175 actui
1251 5119 1632 5196 conjuncturn.
1666 5119 1810 5172 vela
1837 5117 1986 5186 prin-

406 5218 554 5286 cipio
580 5231 705 5272 esse
735 5231 864 5271 cum
897 5215 965 5270 de
999 5212 1390 5284 personalibus
1423 5211 1858 5282 proprietatibus
1888 5209 1981 5275 sit,

407 5327 588 5381 neque
629 5311 810 5381 majus
859 5324 1042 5381 neque
1075 5309 1260 5363 minus
1285 5307 1521 5363 alterum
1553 5307 1726 5361 altero
1758 5305 1839 5358 vel
1863 5317 1985 5359 esse

408 5403 494 5458 vel
525 5402 632 5458 dici
661 5402 813 5457 facit.

481 5493 615 5548 Item
659 5493 704 5547 si
749 5492 831 5548 vis
875 5491 1106 5547 actualis
1151 5490 1436 5562 generatio
1459 5487 1762 5560 generandi
1818 5495 1986 5555 atque

411 5581 681 5651 spirandi,
729 5582 781 5638 id
836 5591 923 5638 est
949 5582 1182 5636 actualis
1210 5579 1443 5651 spiratio
1473 5581 1548 5635 ita
1589 5586 1736 5634 esset
1767 5577 1986 5647 propria

411 5690 665 5744 persona:
704 5684 966 5745 paternae,
1010 5683 1069 5728 ut
1101 5682 1335 5742 utraque
1368 5687 1466 5743 per
1515 5686 1574 5726 se
1623 5669 1989 5726 constitueret

411 5768 535 5838 ejus
594 5784 910 5838 personam,
975 5769 1417 5837 uniuscujusque
1461 5779 1594 5820 vero
1647 5761 1989 5833 operationis

423 5864 754 5934 principium
790 5877 874 5922 est
910 5864 1128 5933 forma;
1165 5863 1286 5919 duae
1311 5863 1502 5919 forma:
1528 5865 1647 5931 (per
1673 5859 1878 5916 formas
1907 5859 1992 5915 in-

2086 4673 2192 4727 est,
2225 4679 2296 4718 ex
2347 4676 2585 4732 persona
2613 4675 2836 4731 quoque
2867 4659 2989 4730 ejus
3045 4657 3116 4712 sit
3147 4671 3375 4710 necesse
3409 4661 3495 4709 est
3525 4670 3538 4706 :
3566 4655 3662 4723 igi—

2087 4766 2180 4810 tur
2213 4753 2480 4825 Spiritus,
2512 4767 2636 4806 cum
2683 4767 2748 4806 ex
2793 4749 3108 4804 substantia
3144 4746 3267 4801 Filii
3297 4761 3419 4800 esse
3450 4744 3665 4798 dicatur

2083 4845 2156 4900 ab
2185 4843 2446 4899 omnibus
2501 4841 2844 4906 doctoribus,
2895 4855 2961 4894 ex
3001 4840 3123 4910 ejus
3166 4852 3388 4907 quoque
3426 4849 3664 4905 persona

2085 4942 2196 4991 est.
2227 4933 2386 5000 Quod
2437 4940 2621 4988 autem
2659 4931 2735 4997 id,
2778 4929 2924 5000 quod
2954 4938 3039 4984 est
3070 4928 3123 4981 in
3157 4927 3430 4981 'l‘rinitate
3467 4939 3530 4977 cx
3565 4924 3666 4978 ali-

2086 5023 2250 5093 cujus
2279 5023 2613 5087 substantia,
2657 5034 2743 5077 est
2771 5023 2936 5076 etiam
2965 5035 3033 5076 ex
3074 5020 3192 5089 ejus
3231 5017 3510 5089 Iiypostasi
3547 5015 3665 5069 sive

2085 5133 2346 5189 persona,
2399 5118 2530 5172 hinc
2589 5125 2743 5188 patet
2771 5134 2785 5172 :
2814 5116 3152 5180 substantia,
3183 5115 3268 5170 vel
3299 5113 3560 5177 essentia,
3607 5121 3667 5164 et

2087 5209 2421 5284 bypostasis,
2453 5211 2570 5266 sive
2610 5225 2845 5282 persona
2874 5210 2929 5263 in
2955 5222 3282 5278 unaquaque
3338 5206 3658 5260 divinarum

2086 5315 2450 5371 personarum
2493 5316 2664 5354 unum
2711 5308 2838 5354 sunt
2887 5299 3125 5360 realiter,
3151 5309 3207 5353 et
3255 5298 3326 5352 ita
3376 5310 3568 5355 unum,
3605 5299 3669 5350 ut

2089 5391 2305 5446 ratione
2333 5400 2550 5447 tantum
2571 5392 3006 5462 distinguantur.
3035 5391 3090 5444 Si
3112 5391 3258 5446 enim
3284 5389 3506 5443 realitor
3528 5386 3666 5440 sub—

2089 5485 2292 5538 stantia
2347 5492 2404 5538 et
2460 5499 2714 5552 personae
2756 5484 3258 5554 distinguerentur,
3303 5489 3489 5533 essent
3533 5493 3666 5545 pro-

2091 5575 2237 5631 fecto
2271 5576 2435 5630 sicuti
2470 5586 2581 5631 tres
2609 5590 2860 5646 personae
2892 5576 3133 5638 realiter,
3169 5573 3242 5626 ita
3275 5581 3387 5625 tres
3412 5571 3668 5626 essentia:

2090 5672 2175 5725 vel
2217 5671 2565 5735 substantiae,
2597 5671 2683 5725 vel
2715 5679 3018 5740 poneretur
3050 5669 3104 5732 in
3142 5666 3410 5721 Trinitate
3441 5675 3666 5732 quater-

2091 5764 2235 5818 nitas
2276 5778 2483 5818 rerum.
2537 5761 2672 5817 Tres
2713 5759 2971 5816 videlicet
3002 5775 3255 5830 persona:
3295 5758 3514 5811 rcaliter
3541 5755 3662 5809 dis-

2095 5860 2296 5925 tinctae,
2340 5865 2396 5913 et
2432 5865 2543 5912 tres
2583 5855 2710 5911 ideo
2765 5870 2873 5921 res,
2914 5865 2969 5912 et
3001 5853 3262 5918 essentia,
3317 5865 3437 5924 quae
3467 5856 3668 5923 quarta
