4086 6460
490 408 591 478 iiii

1452 422 1953 491 BESSARIONIS
1994 433 2054 491 S.
2096 433 2165 495 Ii.
2220 434 2281 495 E.
2320 434 2784 495 CARDINAHS

3636 441 3743 506 432

495 537 583 580 res
607 538 751 584 es<ct
785 544 811 583 a
848 530 1095 599 personis
1112 537 1628 597 realitcrdistincta.
1659 543 1860 598 llorum
1883 556 2065 601 autem
2099 554 2142 609 Α
2176 552 2450 619 quomodo
2490 550 2558 606 ad
2604 548 2727 617 hoc,
2773 548 2923 622 quod
2966 550 3207 608 haeretici
3260 550 3511 609 dicebant
3539 571 3603 610 ex
3650 565 3746 611 to—

498 628 793 687 utrumpte
835 633 1025 675 contra
1070 624 1230 678 fidem
1263 638 1366 683 est.
1399 630 1580 695 Quare
1618 634 1903 688 distinctio
1943 638 2066 705 qui-

494 712 617 763 dem
660 710 967 780 hypastasis
1009 725 1063 768 et
1107 718 1365 772 essentia:
1415 722 1645 777 rationis
1697 735 1803 778 est.
1872 724 2067 781 Unitas

496 816 623 855 vero
656 804 844 867 realis,
882 815 1073 859 contra
1112 822 1276 876 quam
1309 810 1361 864 in
1408 814 1569 869 nobis
1606 815 1927 873 hominibus
1958 826 2063 883 est,

494 892 696 945 ctenim
729 892 780 945 in
820 895 981 949 nobis
1022 896 1202 951 unitas
1234 900 1458 967 quidem
1507 905 1849 959 naturaesive
1875 906 2068 959 huma-

495 985 684 1039 nitatis
746 1002 871 1040 cum
928 990 1362 1063 uniuscujusque
1394 1010 1631 1063 persona
1680 998 1909 1052 rationis
1940 1008 2063 1065 est;

492 1081 775 1135 distinctio
847 1098 977 1137 vero
1014 1086 1176 1140 reaiis
1209 1096 1315 1141 est.
1377 1087 1493 1140 Alia
1551 1103 1784 1157 namque
1840 1104 1930 1144 res
1980 1099 2067 1143 est

495 1172 816 1227 humanitas
878 1175 1017 1244 ipsa,
1059 1176 1162 1230 alia
1201 1178 1364 1247 hujus
1388 1193 1641 1248 persona:
1675 1179 2061 1237 individuatio.

491 1264 670 1329 Quare
701 1267 1166 1335 quemadmodum
1219 1284 1409 1324 sumus
1462 1271 1643 1325 multa:
1693 1287 1959 1340 personm,
1993 1272 2064 1327 ita

490 1358 657 1409 etiam
687 1355 844 1411 multi
868 1358 1138 1415 hotuines.
1167 1360 1287 1427 Quo
1318 1364 1397 1422 fit.
1434 1372 1493 1417 ut
1524 1362 1670 1432 quod
1697 1363 1754 1417 tit
1776 1380 1840 1419 ex
1874 1374 2066 1420 natura

493 1450 727 1520 alicujus
782 1452 1092 1516 hominum,
1135 1466 1248 1508 non
1301 1456 1619 1509 necessario
1664 1456 1830 1511 etiam
1881 1458 1953 1512 sit
1997 1470 2067 1513 ex

492 1544 613 1610 ejus
645 1558 912 1611 persona;
946 1544 999 1597 in
1032 1554 1219 1599 saneta
1253 1560 1385 1602 vero
1429 1547 1706 1602 Trinitate
1732 1565 1763 1604 e
1798 1565 2065 1606 converso

494 1643 599 1695 est,
633 1642 692 1686 ut
722 1635 930 1688 dictum
969 1646 1069 1690 est.
1109 1636 1305 1692 Unitas
1338 1640 1596 1693 essentia:
1617 1652 1671 1695 et
1700 1651 1949 1711 persenti:
1982 1653 2067 1701 est

497 1726 684 1790 realis,
708 1727 997 1782 distinctio
1033 1745 1163 1783 vero
1194 1731 1425 1785 rationis
1459 1746 1668 1802 :quare
1691 1734 1837 1803 quod
1879 1751 1944 1789 ex
1980 1751 2067 1790 es-

493 1819 669 1872 sentia
695 1820 930 1891 alicujus
969 1837 1328 1888 personarum
1354 1834 1458 1885 est,
1491 1840 1556 1879 ex
1582 1840 1811 1895 persona
1842 1843 2064 1897 quoque

2170 641 2400 707 luntate,
2430 659 2537 696 non
2574 646 2812 698 essentia
2856 643 2977 698 Filii
3014 644 3276 712 Spiritum
3309 661 3452 709 esse,
3486 662 3544 701 se
3572 663 3743 716 oppo-

2170 731 2374 786 nebant
2399 733 2678 793 doctores.
2706 751 2769 788 ex
2817 736 3055 789 essentia
3107 734 3225 789 l-‘ilii
3267 737 3418 789 illum
3450 752 3571 791 esse
3596 753 3742 791 asse-

2170 832 2475 880 verantes:
2533 824 2601 879 ad
2658 825 2762 879 hoc
2814 836 3020 890 autem,
3071 827 3213 895 quod
3254 828 3328 882 illi
3369 828 3627 882 dicebant
3673 840 3740 883 ex

2169 914 2308 973 Filio
2339 936 2484 981 esse,
2518 916 2703 975 nullus
2735 922 3104 983 contradixit,
3153 938 3253 976 nec
3293 918 3431 975 dixit
3463 932 3570 976 non
3618 934 3742 977 ese

2171 1011 2322 1068 illum
2347 1028 2408 1066 ex
2435 1004 2593 1076 Filio,
2615 1021 2872 1081 tanquam
2894 1022 2947 1068 et
2971 1014 3070 1083 ipsi
3103 1013 3207 1067 hoc
3240 1014 3383 1067 idem
3411 1015 3741 1079 sentientes,

2169 1116 2223 1159 et
2254 1105 2499 1159 dicentes
2529 1120 2649 1159 esse
2681 1112 2745 1157 ex
2786 1105 3023 1158 essentia
3053 1096 3209 1159 Filii:
3261 1100 3402 1157 idem
3435 1114 3489 1158 et
3521 1100 3622 1171 ipsi
3655 1104 3745 1157 in.

2172 1198 2515 1267 telligentes,
2546 1212 2610 1250 ac
2658 1196 2700 1250 si
2735 1196 2980 1250 dicerent
3018 1208 3083 1248 ex
3133 1193 3369 1249 essentia
3402 1202 3457 1249 et
3505 1209 3745 1263 persona

2168 1291 2286 1360 ejus
2314 1306 2329 1354 ;
2356 1296 2412 1343 et
2441 1304 2541 1343 nos
2577 1289 2682 1342 hoc
2723 1288 2865 1342 idem
2900 1288 3168 1343 dicentes.

2242 1382 2371 1437 Item
2423 1383 2617 1437 beatus
2666 1382 2887 1451 quidem
2958 1382 3190 1436 Basilius
3232 1383 3285 1436 in
3328 1382 3509 1453 primo
3551 1390 3743 1437 contra

2170 1472 2522 1540 Eunomium,
2578 1474 2772 1527 Filium
2805 1473 2881 1527 ait
2914 1473 3163 1529 ordinem
3195 1473 3398 1528 habere
3435 1473 3743 1527 naturalem

2168 1567 2232 1619 ad
2263 1565 2501 1630 Patrem,
2536 1574 2583 1617 el
2617 1565 2833 1633 qualem
2883 1566 3013 1619 illud
3046 1566 3110 1619 ad
3147 1567 3347 1635 ignem,
3386 1564 3529 1632 quod
3578 1580 3645 1617 ex
3674 1577 3745 1616 eo

2168 1664 2272 1724 est,
2301 1666 2357 1711 et
2384 1666 2666 1711 causatum
2711 1659 2775 1711 ad
2808 1672 3050 1712 causam.
3084 1657 3227 1712 idem
3273 1652 3437 1711 etiam
3473 1656 3741 1726 Spirittftn

2170 1750 2403 1804 similem
2437 1748 2686 1802 ordinem
2722 1749 2788 1802 ad
2810 1749 3005 1803 Filium
3039 1748 3242 1803 habere
3276 1756 3594 1813 asseverat;
3630 1764 3747 1800 ma-

2170 1856 2307 1911 gnus
2330 1855 2456 1893 vero
2482 1837 2812 1894 Athanasius
2835 1849 2890 1894 et
2930 1840 3174 1909 apertius
3208 1840 3304 1903 ait,
3336 1840 3562 1906 Qualem
3596 1834 3749 1893 ordi-

492 1907 614 1978 ejus
649 1928 874 1968 necesse
905 1923 989 1968 est
1015 1929 1158 1969 esse.
1191 1914 1248 1970 Si
1280 1917 1447 1987 igitur
1482 1916 1721 1988 Spiritus
1749 1935 1814 1974 ex
1843 1930 2061 1987 natura,
2096 1924 2134 1978 Β
2167 1907 2291 1987 ἔπεια]
2333 1943 2389 1988 ει
2458 1941 2710 1987 naturam
2762 1933 2926 1988 habet
2966 1907 3136 1988 Filius
3177 1930 3242 1989 ad
3286 1934 3524 1995 Patrem,
3578 1935 3743 1987 [319m

494 2007 548 2055 et
579 2004 819 2057 essentia
856 2003 977 2058 Filii
1006 2015 1113 2069 est,
1155 2018 1217 2062 ut
1250 2008 1304 2061 in
1341 2009 1623 2079 plerisque
1659 2010 1798 2066 locis
1833 2022 1944 2066 tum
1975 2013 2068 2066 alii

494 2094 775 2159 doctores,
800 2104 913 2149 tum
947 2098 1031 2151 vel
1070 2097 1306 2154 maxime
1344 2099 1585 2168 Cyrillus
1608 2101 1823 2170 probat,
1858 2118 1924 2156 ex
1949 2118 2069 2172 pcr-

494 2202 629 2243 sona
672 2203 890 2259 quoque
944 2190 1067 2260 ejus
1094 2201 1200 2247 est.
1236 2192 1306 2245 At
1346 2193 1519 2247 nostri
1552 2195 1730 2259 aiunt,
1774 2196 1901 2251 Ideo
1955 2197 2071 2251 lucc

495 2280 754 2335 dicuntur
777 2298 805 2336 a
828 2283 1170 2351 doctoribus,
1192 2284 1803 2344 utconsubstantialitas
1823 2304 2072 2359 compro-

497 2372 683 2436 hetur,
709 2382 762 2428 et
804 2382 864 2427 ut
889 2376 1213 2431 ostendatur
1238 2377 1479 2447 Spiritus
1516 2378 1760 2449 ejusdem
1786 2396 1910 2435 esse
1943 2380 2069 2436 sub«

500 2466 717 2520 stantia:
750 2478 874 2520 eam
908 2462 1069 2522 Filio.
1115 2466 1228 2523 Hoc
1282 2480 1465 2547 mrtem
1494 2481 1703 2539 quanto
1734 2472 1918 2525 verius
1964 2482 2071 2537 est,

498 2566 651 2614 tanto
706 2560 877 2630 magis
927 2576 1027 2630 pro
1070 2560 1280 2618 Latinis
1316 2563 1467 2618 facit.
1504 2561 1661 2620 Tune
1703 2564 1850 2620 enim
1898 2566 2072 2635 magis

495 2652 743 2722 ejusdem
802 2653 1125 2709 substantiae
1182 2655 1421 2726 Spiritus
1452 2671 1577 2712 cum
1634 2658 1794 2712 Patre
1836 2664 1893 2711 et
1927 2656 2070 2711 Filio

496 2759 602 2812 est,
633 2761 761 2801 cum
794 2758 860 2801 ex
891 2760 1082 2800 eorum
1119 2748 1453 2820 substantia,
1491 2751 1846 2820 personisque
1876 2764 2069 2804 eorum

497 2840 749 2909 prodeat,
810 2840 913 2894 huc
942 2848 1025 2895 est
1064 2841 1344 2910 procedat.
1403 2841 1629 2896 Dicatur
1682 2842 1830 2896 enim
1863 2842 2070 2896 clarius

496 2942 720 3001 propter
764 2946 860 2987 eos
886 2932 979 3002 qui
1022 2934 1131 2986 vim
1168 2933 1463 2987 verborum
1523 2933 1794 3004 ignorant.
1838 2933 1973 2987 Nam
2024 2933 2070 2988 si

500 3023 607 3079 hoc
670 3022 847 3077 solum
898 3024 1529 3079 consubstantialitatem
1598 3024 1951 3094 signiﬁcaret,
2010 3034 2070 3079 ut

501 3117 676 3171 nostri
717 3116 968 3175 homines
1022 3127 1237 3187 putant,
1280 3118 1561 3172 diceretur
1615 3119 1781 3173 etiam
1813 3120 1969 3173 Pater
1998 3134 2067 3175 ex

496 3208 810 3263 substantia
865 3206 990 3263 Filii
1025 3218 1082 3263 et
1134 3208 1374 3278 Spiritus
1432 3208 1625 3274 sancti,
1657 3210 1740 3265 vel
1798 3209 1971 3267 Filius
1996 3223 2063 3267 ex

498 3299 809 3353 substantia
859 3298 1115 3367 Spiritus.
1155 3298 1261 3353 Sed
1303 3298 1406 3353 hoc
1461 3313 1563 3354 nec
1612 3314 1781 3355 ausus
1834 3308 1917 3356 est
1962 3315 2066 3357 nec
2097 3269 2143 3327 θ

498 3391 728 3446 audebit
751 3390 955 3461 aliquis
981 3391 1189 3446 dicere.

570 3483 836 3538 Praeterea
884 3498 1008 3538 cum
1043 3482 1279 3540 essentia
1322 3499 1427 3541 nec
1459 3493 1707 3556 generet,
1748 3500 1850 3542 nec
1894 3484 2073 3556 spiret

496 3577 800 3633 secundum
836 3577 1138 3647 theologos,
1174 3580 1301 3633 item
1335 3581 1496 3635 etiam
1549 3581 1855 3636 secundum
1886 3581 2070 3651 philo-

502 3670 726 3739 sophos,
775 3678 829 3724 et
882 3669 985 3738 ipsi
1034 3670 1181 3724 enim
1231 3670 1433 3740 ubique
1478 3671 1667 3727 dicunt
1717 3672 2070 3738 operationes

500 3759 908 3815 individuorum
946 3775 1088 3824 esse,
1117 3775 1221 3815 non
1256 3762 1646 3817 utiiverSalium
1675 3770 1732 3816 et
1782 3777 2066 3831 generum.

500 3853 582 3909 Me
608 3855 753 3908 enim
781 3869 887 3908 non
917 3852 1083 3908 homo
1119 3853 1466 3923 simpliciter,
1502 3854 1598 3908 sed
1630 3853 1853 3923 quidam
1905 3854 2071 3909 homo

496 3947 704 4017 genuit.
770 3946 826 4001 Si
891 3946 1054 4016 igitur
1112 3947 1466 4015 operationes
1515 3946 1922 4002 individuorum
1960 3962 2069 4000 non

501 4039 895 4094 nuiversalium
918 4047 1066 4105 sunt,
1092 4054 1193 4094 nec
1219 4039 1537 4093 substantia:
1568 4038 1912 4109 simpliciter,
1938 4039 2069 4108 quid

496 4132 643 4185 :.liud
679 4131 1093 4201 intelligendum
1121 4142 1225 4195 est,
1257 4146 1381 4185 cum
1431 4129 1672 4185 essentia
1724 4130 1846 4184 Filii
1878 4130 2068 4183 audia-

503 4241 641 4289 mus,
663 4234 716 4280 et
752 4241 816 4279 ex
847 4240 910 4280 ea
944 4224 1207 4295 Spiritum
1252 4224 1475 4296 prodire
1498 4264 1513 4289 ,
1548 4224 1652 4278 nisi
1684 4223 1924 4279 divinam
1951 4223 2069 4293 ejus

500 4317 825 4391 personam?

568 4411 816 4482 Amplius
853 4426 955 4467 nec
994 4411 1097 4465 hoc
1154 4425 1253 4464 nos
1284 4410 1469 4474 lateat,
1512 4418 1654 4478 quod
1684 4406 1777 4478 qui
1828 4409 1942 4462 lucc
1990 4407 2072 4461 di-

497 4506 694 4560 cebant
736 4505 909 4561 sancti
954 4503 1230 4570 doctores,
1274 4513 1464 4557 contra
1498 4504 1747 4567 Arianos,
1804 4510 1857 4554 el
1894 4500 2071 4554 Euho-

2173 2026 2444 2089 ordinem,
2473 2037 2527 2081 et
2558 2035 2810 2080 naturam
2848 2027 3013 2081 habet
3052 2028 3290 2096 Spiritus
3325 2027 3390 2080 ad
3425 2019 3642 2080 Filium.
3667 2020 3749 2081 Ex

2172 2118 2257 2173 his
2286 2120 2407 2173 talis
2458 2118 2515 2173 fit
2547 2120 2908 2190 syllogismus,
2935 2120 3091 2174 talem
3121 2118 3369 2173 ordinem
3404 2128 3458 2172 et
3495 2124 3748 2173 naturam

2172 2210 2339 2265 habet
2376 2209 2615 2280 Spiritus
2668 2210 2736 2264 ad
2801 2209 2996 2264 Filium
3028 2251 3043 2274 ,
3079 2210 3295 2278 qualem
3332 2207 3503 2264 Filius
3545 2209 3609 2263 ad
3646 2210 3751 2263 Pa-

2174 2313 2351 2360 trem:
2401 2302 2495 2357 sed
2543 2303 2715 2358 Filius
2780 2303 2845 2357 ad
2908 2303 3121 2358 Patrem
3156 2303 3456 2356 naturalem
3495 2303 3745 2357 ordinem

2174 2394 2382 2457 hahet,
2438 2393 2657 2460 qualem
2702 2400 2983 2447 causatum
3038 2391 3105 2445 ad
3151 2406 3409 2457 causam;
3473 2392 3638 2462 igitur
3690 2401 3751 2445 et

2174 2484 2413 2553 Spiritus
2434 2494 2657 2539 sanctus
2707 2485 3007 2539 naturalem
3045 2484 3295 2537 ordinem
3328 2485 3493 2539 hahet
3536 2485 3601 2538 ad
3655 2485 3749 2537 Fi—

2170 2576 2328 2639 Iium,
2355 2576 2571 2645 qualem
2622 2585 2907 2631 causatum
2955 2575 3020 2628 ad
3058 2590 3314 2641 causam;
3354 2576 3522 2645 igitur
3572 2577 3749 2631 Filius

2171 2667 2333 2722 etiam
2362 2681 2524 2723 causa
2552 2668 2668 2723 sive
2738 2667 3070 2738 principium
3111 2678 3193 2722 est
3222 2682 3471 2739 persona:
3511 2668 3750 2739 Spiritus

2173 2757 2371 2814 sancﬁ.

2245 2845 2375 2903 Item
2410 2860 2532 2903 cum
2563 2848 2905 2919 naturalibus
2934 2849 3098 2904 rebus
3134 2848 3315 2903 omnis
3345 2864 3509 2904 causa
3542 2863 3749 2918 prarce-

2174 2938 2265 2993 dat
2286 2950 2565 2995 causatum
2598 2950 2866 3011 tempore,
2893 2952 3176 2996 causatum
3219 2954 3346 2996 vero
3380 2941 3651 3011 posterius
3674 2940 3749 2995 sit

2172 3046 2269 3086 sua
2345 3048 2542 3098 causa;
2611 3033 2734 3088 ideo
2793 3035 3015 3104 quidam
3074 3036 3364 3090 audientes
3417 3051 3639 3091 causam
3690 3044 3747 3089 et

2172 3134 2452 3180 causatum
2472 3126 2525 3179 in
2542 3124 2829 3189 Trinitate,
2856 3136 2912 3182 et
2941 3130 3241 3197 pra-sertim
3283 3128 3467 3182 Ariani
3492 3124 3748 3184 etEuno-

2173 3218 2338 3273 miani
2368 3235 2433 3272 ex
2462 3219 2718 3273 humanis
2767 3228 2820 3274 et
2860 3220 3203 3275 naturalibus
3244 3221 3510 3290 exemplis
3550 3230 3748 3291 argue-

2174 3313 2306 3366 hant
2344 3321 2532 3365 contra
2568 3312 2995 3365 comtcrnitatem
3048 3307 3369 3377 Trinitatis,
3408 3313 3601 3367 Filium
3648 3326 3747 3383 po-

2174 3401 2459 3456 steriorem
2520 3397 2681 3455 Patre
2745 3408 2997 3469 tanquam
3058 3412 3341 3456 causatum
3408 3403 3477 3456 ab
3542 3418 3629 3467 eo,
3690 3412 3747 3458 et

2176 3492 2441 3563 Spiritum
2475 3488 2612 3553 Filio
2654 3494 3011 3562 posteriorem
3067 3504 3629 3563 tanquamcausatum
3676 3496 3747 3549 ab

2173 3601 2240 3641 eo
2293 3586 2524 3655 probare
2553 3585 2819 3640 volentes.
2857 3585 3123 3654 Egregius
3172 3587 3455 3658 Nysscnus
3496 3588 3575 3643 eis
3615 3603 3750 3642 cun-

2139 3676 2489 3741 'tradicens,
2546 3686 2602 3730 et
2661 3677 3091 3732 coaeteruitatem
3169 3679 3333 3732 trimn
3386 3691 3745 3749 personarum

2174 3767 2406 3837 probare
2432 3777 2744 3836 proponens
2784 3768 2837 3821 in
2863 3768 3041 3836 primo
3069 3782 3294 3822 suorum
3339 3776 3531 3823 contra
3559 3768 3744 3822 Euno-

2175 3858 2342 3911 mium
2373 3856 2663 3919 librorum,
2714 3856 3121 3925 proportionem
3157 3857 3449 3926 quamdam
3498 3855 3620 3911 Filii
3677 3856 3744 3911 ad

2176 3953 2387 4008 Patrem
2414 3961 2469 4006 et
2502 3952 2743 4022 Spiritus
2765 3952 2830 4006 ad
2870 3951 3067 4007 Filium
3106 3952 3251 4018 facit,
3284 3952 3497 4006 Patrem
3521 3952 3744 4022 quidem

2173 4043 2365 4098 dit-ens
2406 4042 2742 4096 causaiitatis
2771 4043 2989 4097 ratione
3037 4043 3215 4097 solum
3240 4042 3583 4113 prwintelligi
3615 4051 3746 4097 ante

2177 4136 2397 4201 Filium,
2453 4150 2560 4188 non
2608 4145 2789 4187 autem
2839 4142 3105 4202 tempore,
3146 4142 3201 4188 et
3251 4133 3374 4188 ideo
3420 4148 3529 4188 non
3586 4150 3747 4203 posse

2174 4227 2351 4297 sequi,
2387 4226 2532 4296 quod
2568 4242 2676 4279 non
2734 4225 2840 4279 sint
2885 4226 3165 4290 eoa-terni,
3212 4225 3419 4278 Filium
3466 4237 3647 4279 autem
3690 4235 3749 4280 et

2177 4335 2355 4388 Ipsum
2410 4318 2755 4389 prteintelligi
2800 4328 2925 4372 ante
2967 4318 3232 4387 Spiritum
3267 4318 3485 4374 ratione
3513 4319 3747 4374 causali-

2178 4412 2322 4474 tatis,
2359 4420 2415 4465 et
2446 4425 2552 4463 non
2583 4411 2765 4463 aliter.
2805 4408 2881 4462 ita
2926 4418 2985 4462 ut
3034 4409 3183 4464 clare
3232 4419 3415 4478 pateat
3465 4426 3564 4480 per
3597 4410 3749 4465 hunc

2176 4514 2427 4557 sanctqu
2478 4499 2759 4555 doctorem
2803 4498 2999 4554 Filium
3048 4516 3264 4554 causam
3302 4515 3425 4555 esse
3484 4500 3747 4571 Spiritus.

500 4597 716 4651 mianos
745 4612 804 4651 se
822 4605 1166 4667 opponentes
1193 4596 1308 4649 haec
1341 4594 1618 4649 dicebant.
1653 4593 1753 4659 Qui
1779 4592 1979 4647 Filium
2003 4607 2067 4645 ex
2106 4614 2148 4668 ι)
2175 4593 2647 4659 Quemadmodum
2701 4592 2869 4655 enim,
2925 4592 3134 4662 inquit,
3188 4592 3540 4663 cenjungitur
3599 4594 3750 4649 Patri

500 4689 681 4751 Patre,
721 4696 776 4741 et
807 4687 1074 4756 Spiritum
1104 4702 1167 4741 ex
1202 4686 1342 4741 Filio
1380 4703 1501 4742 esse
1541 4686 1812 4746 dicentes,
1840 4700 1904 4737 ex
1939 4684 2070 4739 sub-

496 4779 695 4833 stantia
734 4777 915 4833 tamen
944 4794 1134 4833 eorum
1175 4793 1296 4833 esse
1328 4778 1634 4849 negabant;
1671 4792 1793 4831 cum
1824 4776 2075 4829 dicerent

500 4872 698 4931 Filium
738 4869 842 4924 etsi
892 4886 957 4925 cx
991 4871 1169 4935 Patre,
1206 4884 1313 4923 non
1347 4880 1528 4923 tamen
1562 4885 1626 4923 ex
1662 4868 1783 4937 ejus
1811 4868 2069 4932 essentia,

502 4965 619 5022 sive
650 4972 871 5029 natura,
907 4964 1002 5018 sed
1043 4965 1327 5017 voluntate
1355 4970 1542 5017 natum
1587 4961 1774 5016 fuisse.
1808 4960 2073 5029 Spiritum

500 5075 633 5114 vero
662 5058 841 5129 ipsum
874 5058 1040 5113 etiam
1064 5072 1129 5111 ex
1149 5054 1307 5121 Filio,
1336 5070 1445 5109 non
1476 5063 1655 5108 tamen
1687 5052 2073 5116 essentialiter,

500 5155 617 5207 sive
651 5150 995 5214 naturaliter,
1025 5148 1121 5204 sed
1148 5146 1479 5204 voluntarie.
1518 5146 1699 5212 Quare
1740 5144 1938 5200 Filium
1973 5143 2075 5196 mi-

500 5259 692 5298 norem
722 5240 900 5305 Patre,
939 5250 995 5295 et
1024 5239 1250 5294 alterius
1290 5237 1608 5293 substantia:
1632 5276 1646 5299 ,
1678 5236 1941 5307 Spiritum
1974 5236 2076 5288 mi-

494 5350 694 5391 norem
757 5332 938 5396 Filio,
1002 5341 1059 5386 et
1114 5330 1338 5385 alterius
1403 5328 1660 5384 essentia:
1710 5327 2069 5382 asserebant:

500 5440 725 5498 tresque
769 5426 823 5482 in
881 5425 1169 5480 divinitate
1226 5422 1505 5493 ponebant
1558 5422 1849 5476 cssentias.
1886 5421 2076 5474 Patres

501 5523 671 5591 igitur
716 5531 772 5575 et
820 5521 992 5575 sancti
1050 5518 1308 5571 doctores
1349 5514 1662 5585 Opinionem
1705 5529 1895 5568 eorum
1960 5524 2078 5567 tan-

502 5631 665 5681 quam
713 5613 901 5668 falsam
943 5610 1258 5666 refelleutcs
1305 5624 1413 5662 non
1448 5623 1514 5661 ex
1561 5607 1698 5661 Filio
1738 5605 1945 5669 solum,
1980 5604 2075 5658 sed

501 5725 567 5761 ex
601 5708 723 5774 ejus
769 5705 1075 5761 substantia
1113 5703 1455 5757 conabantur
1504 5699 1770 5769 Spiritum
1826 5710 2073 5751 sanctum

501 5813 629 5852 esse
656 5796 912 5868 probare.
940 5794 1207 5850 Similiter
1229 5792 1426 5849 Filium
1449 5806 1557 5846 non
1586 5806 1652 5843 ex
1684 5788 1845 5844 Patre
1876 5789 2074 5850 solum,

502 5900 694 5945 verum
741 5889 907 5945 etiam
967 5903 1032 5945 ex
1102 5886 1219 5958 ejus
1268 5885 1530 5944 essentia.
1575 5881 1871 5941 Considera
1918 5894 2069 5950 ergo,

2179 4686 2370 4749 Filius,
2407 4685 2481 4739 ita
2507 4694 2563 4739 et
2598 4684 2834 4753 Spiritus
2870 4686 3222 4754 conjungitur
3249 4684 3425 4741 Filio:
3455 4695 3511 4741 et
3533 4702 3748 4753 rursus,

2177 4775 2639 4845 quemadmodum
2674 4773 2836 4829 Pater
2872 4775 3305 4844 prminteiligitur
3350 4785 3477 4830 ante
3525 4775 3746 4837 Filium,

2179 4884 2287 4922 non
2338 4868 2516 4937 aliqua
2567 4867 2857 4939 temporali
2902 4867 3181 4928 distantia,
3232 4882 3333 4920 nec
3365 4868 3606 4933 realiter,
3652 4867 3751 4921 sed

2180 4959 2736 5023 intentione,ratione
2773 4960 3106 5014 causalilalis
3131 4972 3145 5010 :
3171 4960 3243 5013 ita
3277 4966 3331 5014 et
3355 4958 3528 5014 Filius
3556 4958 3755 5029 pra-in-

2182 5051 2443 5121 telligitur
2465 5058 2590 5106 ante
2622 5050 2891 5121 Spiritum
2931 5051 3184 5106 similiter
3206 5052 3511 5107 intentione
3540 5056 3756 5110 ratione

2181 5142 2537 5197 causalitatis.

2250 5233 2383 5287 item
2437 5232 2541 5287 etsi
2589 5232 2643 5286 in
2704 5231 2871 5287 rebus
2924 5231 3181 5287 humanis
3234 5233 3593 5289 sensibilibus
3641 5249 3756 5289 non

2182 5338 2345 5377 omne
2368 5323 2652 5392 exemplar
2685 5323 2920 5394 alicujus
2947 5339 3113 5377 causa
3164 5325 3330 5379 etiam
3362 5326 3483 5395 ejus
3514 5337 3594 5381 est
3621 5344 3635 5391 ;
3694 5326 3754 5379 in

2183 5414 2492 5469 artiﬁcialis
2519 5415 2665 5468 enim
2701 5416 2951 5482 exempla
2985 5432 3175 5469 eorum
3230 5433 3341 5470 non
3401 5426 3532 5471 sunt
3583 5420 3754 5471 etiam

2182 5507 2437 5562 eil'ective
2471 5520 2635 5560 causa
2688 5522 2918 5571 eorum;
2966 5517 3204 5561 attamen
3235 5509 3379 5576 quod
3432 5510 3760 5565 naturaliter

2182 5609 2267 5655 est
2301 5601 2536 5671 alicujus
2576 5601 2878 5670 exemplar,
2908 5601 3069 5653 etiam
3111 5601 3165 5653 in
3203 5601 3336 5669 ipsis
3366 5602 3530 5657 rebus
3565 5603 3760 5655 huma-

2186 5694 2271 5747 nis
2298 5708 2460 5747 cansa
2501 5703 2581 5746 est
2612 5695 2887 5763 imaginis,
2920 5694 3074 5763 cujus
3107 5695 3388 5763 exetnplar
3413 5705 3531 5761 est;
3582 5698 3758 5749 multo

2186 5783 2356 5853 igitur
2414 5784 2587 5852 magis
2649 5784 2701 5836 in
2760 5784 2986 5849 divinis,
3045 5785 3135 5838 ubi
3170 5795 3221 5839 et
3278 5785 3459 5839 omnia
3518 5786 3644 5849 alia,
3700 5796 3758 5841 et

2184 5878 2364 5950 ipsum
2398 5879 2679 5949 exemplar
2736 5878 3057 5935 naturaliter
3112 5879 3378 5951 accipitur
3406 5879 3569 5951 (nihil
3607 5882 3755 5937 cnim
