4086 6408
324 407 437 474 433

1255 400 1371 465 DE"
1398 402 1922 467 PROCESSIONE
1971 406 2329 471 SPIRITUS
2370 407 2663 469 SANﬁTl.

3487 397 3592 463 iii.

324 523 402 575 ibi
439 528 637 590 praater
664 524 911 571 naturam
943 512 1050 583 est)
1081 514 1200 569 hate
1227 516 1531 585 propositio
1563 516 1902 581 veriﬁeatur,

2028 519 2244 575 irianos
2280 530 2593 590 qumrenles
2619 515 2898 588 quomodo
2939 514 3183 586 ejusdem
3231 522 3373 567 esset
3406 528 3592 566 essen-

326 613 592 666 vidclicet
621 610 767 680 quod
818 608 872 662 in
932 608 1138 662 divinis
1171 611 1423 677 personis
1456 610 1689 679 alicujus
1721 626 1905 663 exem-

326 707 449 776 plar
474 714 578 764 est,
611 712 665 757 et
696 717 861 756 causa
902 702 1021 772 ejus
1058 710 1144 755 est
1187 702 1345 769 cujus
1381 711 1466 756 est
1508 702 1809 771 exemplar.
1841 704 1908 754 At

329 800 424 853 ille
454 812 677 865 magnus
696 794 993 864 Gregorius
1028 794 1424 847 miraculorum
1450 803 1665 857 auctor,
1693 802 1750 846 et
1780 793 1907 847 inde

327 890 667 951 nominatus,
709 887 905 940 Filium
951 885 1232 955 exemplar
1279 885 1520 952 Spiritus
1569 886 1723 939 dicit.
1756 884 1913 940 Patet

328 982 501 1051 igitur
540 977 684 1049 quod
716 977 881 1032 etiam
909 991 1130 1031 causam
1174 977 1293 1045 ejus
1343 977 1590 1045 putabat.
1619 976 1731 1030 lluc
1764 976 1907 1029 idem

329 1090 365 1127 a
410 1072 579 1127 simili
641 1069 861 1138 probari
927 1078 1129 1139 potest.
1196 1068 1422 1139 Magnus
1480 1069 1626 1122 enim
1679 1066 1910 1122 Basilius

326 1164 614 1233 exemplar
646 1161 768 1215 Filii
800 1161 1015 1215 Patrem
1068 1160 1223 1230 ponit
1270 1161 1325 1215 in
1354 1168 1552 1229 quarto
1577 1169 1766 1214 contra
1803 1160 1909 1213 Eu-

331 1258 610 1321 nomium;
636 1254 939 1324 Gregorius
978 1268 1109 1308 vero
1145 1253 1442 1323 prtedictus
1483 1253 1913 1322 oratione,.qnae

335 1350 549 1417 incipit,
589 1346 780 1401 Hostes
828 1356 877 1399 et
933 1347 1096 1400 alieni
1139 1363 1171 1399 ιι
1205 1344 1465 1399 catholica
1496 1344 1599 1413 ﬁde
1627 1352 1771 1407 sunt,
1822 1343 1912 1413 qui

336 1438 541 1492 Filium
571 1453 635 1491 ea:
658 1455 759 1492 non
791 1445 907 1492 ente
932 1438 1132 1500 dicunt,
1152 1438 1349 1491 Filium
1377 1437 1655 1505 exeruplar
1672 1436 1914 1505 Spiritus

335 1533 519 1586 docet.
558 1533 627 1611 At
686 1531 919 1584 Basilius
955 1532 1174 1586 Patrem
1225 1540 1483 1597 tanquam
1526 1545 1747 1583 causam
1792 1526 1913 1582 Εἐιίί

332 1627 457 1693 ejus
487 1625 766 1694 exemplar
792 1624 976 1693 ponit;
1012 1623 1176 1693 igitur
1204 1622 1502 1692 Gregorius
1521 1622 1685 1676 etiam
1716 1621 1914 1675 Filium

337 1730 601 1786 tanquam
629 1730 845 1769 causam
878 1715 1114 1783 Spiritus
1144 1714 1261 1783 ejus
1298 1713 1578 1781 exemplar
1610 1721 1909 1766 asseverat.

413 1808 548 1862 Item
582 1816 808 1862 sanctus
849 1806 1112 1871 Basilius,
1146 1815 1201 1859 et
1234 1804 1461 1874 plurimi
1516 1804 1607 1857 alii
1660 1804 1917 1858 doctores

336 1899 537 1953 Filium
565 1899 855 1967 imaginem
888 1896 1088 1961 Patris,
1130 1895 1398 1964 Spiritum
1446 1896 1736 1961 imaginem
1790 1893 1912 1948 Filii

275 1992 280 1996 ⁷
334 1994 548 2047 dicunt.
577 1990 772 2045 Filium
810 1990 937 2042 item
986 1990 1362 2057 operationem
1413 1987 1608 2051 Patris,
1646 1985 1912 2056 Spiritum

335 2085 714 2154 Operationem
770 2081 926 2145 Filii;
959 2079 1158 2134 Filium
1210 2081 1438 2135 verbum
1494 2078 1706 2143 Patris,
1738 2078 1913 2146 Spiri~

340 2186 456 2229 tum
507 2174 737 2228 verbum
798 2169 959 2235 Filii;
1019 2169 1218 2223 Filium
1293 2167 1644 2237 lragrantiam
1713 2166 1913 2230 Patris,

342 2267 611 2336 Spiritum
668 2263 1021 2332 fragrantiam
1096 2260 1240 2314 Filii.
1299 2260 1405 2315 Sed
1468 2258 1772 2314 secundum
1827 2258 1915 2311 illa

344 2358 529 2411 omnia
554 2356 758 2410 dicitur
778 2353 949 2408 Filius
973 2368 1096 2407 esse
1121 2351 1299 2406 Patris
1331 2360 1587 2419 tanquam
1619 2366 1684 2403 ex
1717 2349 1870 2402 Patre
1899 2366 1914 2414 ;

349 2452 515 2520 igitur
545 2462 600 2504 et
628 2449 875 2518 Spiritus
901 2457 1124 2502 sanctus
1152 2444 1454 2500 secundum
1491 2442 1685 2497 eadem
1713 2441 1916 2495 dicitur

348 2559 471 2598 esse
498 2541 615 2595 Filii
649 2552 906 2609 tanquam
938 2555 1000 2593 ex
1026 2538 1183 2592 Filio.

422 2636 550 2689 llem
586 2636 629 2689 si
666 2634 902 2704 Spiritus
931 2650 1038 2687 non
1075 2641 1221 2687 esset
1250 2646 1317 2685 ex
1351 2630 1526 2693 Filio,
1570 2645 1678 2683 non
1726 2628 1921 2682 distiu-

347 2738 609 2797 gueretur
636 2726 704 2780 ab
759 2742 824 2780 eo
868 2725 1234 2795 personaliter
1265 2723 1451 2793 :iquod
1484 2737 1607 2777 cum
1638 2721 1834 2775 falsum
1867 2727 1923 2775 et

346 2820 647 2876 absurdum
680 2819 774 2884 sit,
806 2827 995 2882 restat,
1025 2828 1087 2872 ut
1125 2833 1191 2872 ex
1226 2815 1365 2870 Filio
1401 2816 1492 2870 sit.
1526 2813 1682 2880 Quod
1739 2822 1922 2867 autem

350 2932 461 2970 non
491 2914 924 2982 distingueretur
953 2910 1021 2964 ab
1057 2925 1123 2965 eo
1159 2909 1540 2979 personaliter,
1574 2907 1618 2961 si
1646 2923 1752 2960 non
1779 2916 1926 2961 esset

347 3023 417 3062 ιιι
445 3022 533 3073 eo,
591 3006 719 3060 hinc
750 3012 919 3074 patet.
981 3004 1335 3073 Unaquaeque
1387 3016 1553 3055 causa
1590 3002 1672 3055 vel
1722 3001 1927 3069 princi-

352 3102 501 3169 pium
554 3100 789 3170 alicujus
834 3097 913 3152 rei
970 3096 1266 3165 dupliciter
1331 3095 1534 3149 dicitur
1595 3094 1924 3163 principium

1948 1862 1987 1916 Β

2014 616 2119 678 the,
2153 616 2245 682 qui
2290 615 2479 681 mittit,
2512 622 2566 665 et
2595 612 2686 681 qui
2734 610 3005 674 mittitur,
3036 610 3088 660 in
3123 606 3396 660 tricesima
3449 619 3594 658 noni

2012 709 2236 763 humilia
2288 722 2455 774 super
2499 702 2766 757 Joannem
2831 701 2935 755 hoc
3001 699 3163 751 modo
3212 696 3589 764 respondens:

2014 801 2222 854 Rursns
2253 798 2319 851 ad
2349 814 2434 850 res
2464 797 2732 850 humanas
2761 804 3046 846 sermones
3072 798 3194 842 tuos
3219 788 3464 853 adeptas,
3490 798 3591 838 nec

2012 890 2334 945 consideras
2382 887 2527 957 quod
2589 888 2701 963 haec
2759 884 2883 938 ideo
2932 882 3077 936 dicta
3122 889 3271 942 sunt,
3311 890 3368 932 ut
3422 878 3588 931 etiam

2012 998 2229 1037 causam
2258 981 2518 1040 sciamus,
2548 988 2601 1032 et
2629 993 2738 1030 non
2771 974 3080 1029 incidamus
3122 974 3175 1026 in
3213 970 3434 1025 Sabellii
3480 971 3591 1024 hze-

2016 1075 2221 1138 rcsim;
2279 1070 2377 1126 sed
2439 1068 2676 1139 Spiritus
2739 1065 2975 1119 mittitur
3020 1079 3086 1117 ex
3122 1059 3297 1128 Filio;
3328 1062 3492 1131 igitur
3523 1075 3588 1113 ex

2014 1182 2081 1220 CO
2111 1174 2215 1219 ρει.

2086 1256 2220 1311 Item
2267 1257 2367 1310 ista
2396 1251 2652 1307 mittendi
2686 1248 2933 1321 potentia
2965 1260 3090 1302 cum
3118 1244 3188 1299 sit
3222 1254 3276 1297 et
3321 1242 3375 1297 in
3410 1243 3590 1303 Patre,

2015 1351 2144 1404 etin
2187 1347 2329 1401 Filio
2349 1344 2651 1400 secundum
2685 1357 2850 1411 quam
2877 1340 3036 1393 ambo
3068 1337 3294 1391 mittunt
3326 1334 3591 1401 Spiritum

2015 1450 2289 1503 sanctum,
2330 1452 2491 1508 quam
2527 1436 2690 1490 etiam
2729 1432 2897 1487 nostri
2923 1429 3257 1485 concedunt.
3288 1412 3591 1479 aut'eadem

2016 1516 2183 1586 estin
2234 1525 2398 1583 Patre
2428 1537 2479 1581 et
2516 1524 2680 1589 Filio,
2715 1534 2808 1576 aut
2837 1522 2963 1583 alia,
3007 1528 3063 1573 et
3098 1520 3236 1585 alia;
3266 1516 3358 1571 sed
3399 1516 3443 1571 si
3488 1515 3594 1568 alia

2017 1631 2075 1678 et-
2133 1624 2258 1685 alia,
2294 1620 2404 1673 erit
2456 1628 2510 1673 et
2542 1617 2711 1688 major
2752 1624 2807 1669 ct
2851 1614 3049 1676 minor,
3088 1622 3143 1666 et
3196 1618 3596 1678 consequenter

2019 1713 2310 1767 missiones
2358 1711 2623 1764 diverse:
2661 1722 2832 1777 quare
2883 1721 2982 1760 nec
3024 1720 3128 1758 una
3170 1703 3436 1773 potentia,
3492 1714 3597 1753 nec

2021 1823 2126 1861 una
2158 1818 2351 1859 eorum
2383 1801 2627 1872 operatio
2666 1801 2792 1856 erit.
2828 1800 2891 1884 liot
2920 1814 3044 1852 cum
3074 1811 3307 1867 quorum
3339 1793 3597 1862 potentia:

2020 1898 2290 1963 diversae,
2347 1895 2606 1949 essentiae
2653 1907 2872 1962 quoque
2927 1904 3118 1945 eurmn
3177 1888 3408 1943 diverse
3464 1886 3595 1948 sint,

2018 1992 2247 2046 alterius
2297 1998 2353 2044 et
2382 1988 2610 2043 alterius
2632 1986 2879 2040 essentize
2902 1992 3064 2037 erunt
3095 1981 3254 2036 Palcr
3308 1990 3362 2034 et
3388 1978 3591 2031 Filius:

2019 2084 2114 2139 sed
2144 2085 2257 2153 hare
2292 2082 2472 2137 omnia
2509 2078 2767 2142 absurda,
2788 2087 2842 2132 et
2866 2087 3056 2132 contra
3084 2075 3407 2130 catholicam
3435 2072 3595 2125 ﬁdem

2020 2187 2183 2241 Sunt;
2233 2192 2341 2230 non
2407 2174 2573 2244 igitur
2611 2182 2695 2226 est
2739 2172 2846 2225 alia
2895 2178 2949 2223 et
2982 2171 3120 2231 alia;
3167 2167 3333 2236 igitur
3383 2164 3594 2219 eadem.

2022 2268 2127 2323 Sed
2170 2269 2225 2322 in
2257 2266 2417 2320 Patre
2448 2263 2689 2334 potentia
2726 2260 2980 2315 mittendi
3027 2259 3292 2327 Spiritum
3344 2265 3593 2311 sanctum

2019 2370 2107 2416 est
2140 2358 2329 2414 eadem
2386 2373 2509 2443 cupi
2564 2355 2807 2425 putentia
2868 2352 3108 2422 spirandi
3161 2351 3349 2407 illum,
3382 2361 3597 2416 semper

2021 2457 2167 2510 enim
2221 2454 2394 2523 spirat
2440 2441 2602 2504 Pater
2646 2448 2909 2517 Spiritum
2959 2457 3231 2507 sanctum,
3275 2451 3328 2496 et
3380 2441 3599 2510 spirans

2022 2549 2174 2603 illum
2198 2520 2384 2601 mittit.
2405 2544 2572 2614 lgitnr
2607 2543 2769 2595 etiam
2804 2539 2974 2593 Filius
2998 2536 3158 2592 simul
3198 2552 3322 2589 cum
3356 2520 3599 2603 potentia

2022 2638 2292 2709 spirandi,
2325 2648 2380 2691 et
2433 2637 2653 2705 spirans
2702 2633 2851 2685 illum
2896 2628 3100 2693 mittit;
3143 2641 3272 2696 ergo
3321 2632 3376 2678 et
3428 2623 3601 2677 Filius

2024 2729 2200 2785 sancti
2271 2727 2511 2795 Spiritus
2549 2734 2640 2780 est
2687 2721 3069 2793 productivus.
3111 2720 3203 2771 llla
3253 2732 3384 2770 vero
3436 2729 3600 2783 quam

2026 2822 2251 2893 quidam
2317 2821 2474 2873 aiunt
2523 2815 2823 2871 secundum
2878 2822 2934 2868 et
2984 2808 3602 2880 temporalem-missio-

2026 2927 2175 2976 nem,
2205 2926 2328 2965 cum
2369 2909 2509 2962 nihil
2538 2915 2643 2969 est.
2668 2915 2782 2958 tmn
2810 2904 2974 2958 etiam
3020 2917 3117 2970 per
3159 2898 3471 2968 przedictam
3497 2896 3606 2949 soi-

2028 3005 2176 3058 vitur
2205 3002 2518 3056 rationem:
2569 3011 2882 3067 quanquam
2931 2992 3134 3047 etenim
3161 3003 3430 3058 nusquam
3490 2988 3605 3063 hazc

2028 3097 2329 3167 duplicilas
2383 3092 2800 3162 processionum
2854 3086 3193 3157 reperiatur,
3245 3093 3428 3137 tamen
3477 3080 3605 3135 dato

347 3196 472 3263 ejus
515 3201 571 3247 et
602 3206 806 3256 causa;
861 3203 971 3243 uno
1017 3186 1180 3241 modo
1234 3196 1294 3241 ut
1321 3184 1500 3254 quod,
1533 3184 1641 3238 alio
1676 3192 1735 3237 ut
1791 3198 1923 3253 quo,

2030 3191 2193 3246 etiam
2227 3187 2375 3259 quod
2409 3188 2475 3241 sit
2506 3186 2685 3253 aliqua
2715 3181 2954 3238 secunda
2979 3179 3188 3239 missio,
3217 3192 3335 3245 qua:
3361 3188 3609 3228 cornum--

352 3294 481 3356 puta
521 3284 715 3346 forma,
740 3297 862 3351 qua:
889 3289 972 3335 est
1021 3281 1075 3333 in
1105 3278 1290 3333 anima
1332 3276 1606 3341 facientis,
1640 3291 1747 3344 qua
1778 3276 1928 3329 simi-

352 3380 458 3432 lem
489 3377 617 3431 facit
646 3375 900 3429 ell‘ectum
929 3371 981 3425 id
1006 3369 1151 3441 quod
1191 3369 1343 3423 facit.
1373 3370 1552 3436 Quare
1573 3383 1735 3422 omne
1761 3382 1927 3436 agens

352 3471 531 3524 simile
555 3467 657 3522 sibi
678 3467 789 3536 agit
814 3464 1114 3519 secundum
1149 3461 1399 3526 formam,
1427 3476 1551 3529 quae
1581 3458 1727 3527 agit;
1768 3458 1924 3511 verbi

354 3567 527 3628 tralia
556 3577 571 3614 :
599 3560 761 3628 hujus
793 3556 1049 3626 imaginis
1071 3570 1234 3609 causa
1260 3564 1344 3608 est
1372 3563 1426 3608 et
1456 3552 1572 3621 ipse
1598 3551 1776 3621 pictor
1810 3560 1931 3605 lan-

354 3670 520 3725 quam
566 3653 733 3721 quod,
770 3660 827 3704 et
872 3649 1043 3703 forma
1092 3647 1320 3710 pictoris
1371 3654 1626 3712 tanquam
1659 3658 1790 3712 quo,
1838 3642 1926 3697 cui

354 3746 589 3801 similem
623 3743 800 3812 pictor
845 3741 972 3795 facit
1003 3740 1321 3808 imaginem.
1352 3736 1528 3791 Simili
1560 3734 1724 3790 modo
1761 3733 1926 3788 etiam

357 3840 411 3892 in
457 3835 659 3892 divinis
710 3832 962 3904 personis
1000 3832 1161 3885 Pater
1207 3828 1466 3899 quidem,
1527 3827 1631 3880 hoc
1675 3833 1762 3879 est
1808 3824 1929 3889 ejus

355 3932 543 3986 divina
572 3942 824 3999 persona,
849 3939 1013 3979 causa
1046 3932 1302 3991 tanquam
1349 3920 1493 3989 quod
1524 3935 1537 3983 ;
1567 3918 1753 3972 divina
1798 3931 1929 3970 vero

353 4026 474 4095 ejus
500 4022 736 4078 essentia
773 4029 1033 4087 tanquam
1072 4029 1217 4083 quo:
1273 4013 1391 4065 inec
1429 4011 1575 4065 enim
1612 4018 1696 4063 est
1728 4008 1926 4070 forma,

352 4118 444 4173 cui
477 4113 676 4170 similia
709 4112 848 4165 ﬁunt
875 4125 996 4179 quia:
1020 4124 1086 4163 ex
1131 4122 1198 4161 eo
1230 4105 1526 4176 prodeunt.
1553 4101 1734 4167 Quare
1759 4097 1929 4153 Filius

356 4222 577 4280 quoque
626 4216 682 4259 et
737 4203 980 4272 Spiritus
1040 4209 1263 4254 sanctus
1317 4192 1819 4251 consubstantialcs
1877 4191 1928 4245 ei

356 4312 506 4367 sunt,
535 4316 602 4355 eo
632 4298 775 4369 quod
800 4311 962 4350 omne
985 4294 1207 4364 quidem
1256 4290 1570 4363 produceus
1600 4287 1777 4342 simile
1808 4301 1932 4354 pro-

356 4396 510 4451 ducit
555 4394 740 4447 forma:
781 4407 887 4460 qua
933 4386 1211 4458 producit.
1270 4384 1414 4439 Deus
1474 4397 1607 4436 vero
1667 4389 1724 4435 et
1770 4378 1933 4433 Pater

359 4485 620 4558 producit
675 4484 870 4538 Filium
920 4490 989 4534 et.
1019 4478 1287 4548 Spiritum
1336 4475 1521 4529 divina
1557 4471 1831 4532 essentia,
1878 4477 1934 4523 et

2031 3284 2120 3338 nis
2167 3282 2240 3337 sit
2292 3281 2437 3336 Patri
2470 3290 2524 3333 et
2565 3278 2704 3333 Filio
2758 3274 3062 3330 secundum
3115 3272 3327 3325 Patrem
3362 3283 3482 3322 eam
3550 3273 3607 3319 et

2031 3375 2263 3431 similem
2321 3374 2370 3427 ei
2405 3370 2647 3425 habebit.
2692 3368 2838 3422 Nihil
2870 3365 3015 3420 enim
3058 3377 3248 3418 eorum
3293 3374 3414 3429 qua:
3456 3374 3608 3411 cuni-

2030 3468 2218 3522 munia
2282 3473 2411 3521 sunt
2466 3465 2612 3519 Patri
2660 3468 2716 3516 et
2770 3458 2945 3522 Filio,
2996 3456 3264 3511 dissimile
3317 3454 3371 3506 in
3434 3452 3610 3504 altero

2029 3572 2219 3613 eorum
2250 3567 2354 3611 est.
2384 3554 2489 3611 Sed
2530 3554 2691 3609 Pater
2716 3548 2968 3604 mittendi
2990 3547 3288 3617 potentiam
3320 3543 3607 3596 habetuna

2030 3666 2153 3705 cum
2184 3648 2428 3718 potentia
2483 3644 2729 3715 Spirandi
2768 3660 2782 3697 :
2816 3643 2982 3711 igitur
3038 3648 3093 3692 et
3132 3636 3303 3691 Filius
3333 3648 3458 3687 cum
3498 3632 3609 3701 Spi-

2033 3741 2188 3798 randi
2220 3740 2461 3811 potentia
2486 3736 2712 3792 habebit
2751 3732 3052 3804 potentiam
3084 3727 3361 3783 mittendi.

2103 3836 2235 3890 Item
2265 3831 2410 3903 quod
2438 3838 2633 3883 natura
2663 3826 2900 3896 alicujus
2944 3832 3053 3885 est,
3088 3820 3256 3876 etiam
3289 3834 3355 3873 ex
3402 3833 3469 3872 eo
3496 3826 3605 3878 est,

2031 3924 2334 3982 secundum
2368 3920 2514 3991 quod
2548 3917 2751 3973 dicitur
2800 3929 2923 3969 esse
2967 3912 3114 3967 illius
3148 3927 3160 3962 :
3198 3907 3438 3977 Spiritus
3477 3920 3607 3959 vero

2031 4024 2253 4072 sanctus
2295 4021 2379 4067 est
2420 4010 2566 4071 Filii,
2596 4016 2652 4061 et
2707 4012 2853 4074 patet
2880 4000 3025 4071 quod
3060 4010 3281 4060 natura,
3320 4012 3426 4050 non
3457 3996 3605 4049 enim

2031 4118 2232 4179 praeter
2264 4113 2537 4168 naturam,
2573 4114 2674 4153 nec
2708 4108 2766 4151 ut
2800 4109 3012 4150 servus.
3044 4092 3139 4147 Est
3173 4091 3339 4161 igitur
3364 4090 3607 4158 Spiritus

2032 4178 2259 4261 sanctus
2314 4208 2374 4253 ut
2432 4193 2671 4264 Spiritus
2726 4198 2970 4253 sanctus,
3021 4178 3273 4240 videlicet
3303 4190 3364 4237 ut
3420 4182 3607 4235 divina

2034 4309 2264 4368 persona
2300 4292 2351 4345 in
2383 4287 2650 4342 Trinitatc
2679 4299 2744 4338 ex
2776 4281 2933 4335 Filio.

2107 4386 2239 4440 ltem
2271 4382 2510 4452 Spiritus
2535 4385 2760 4430 sanctus
2807 4383 2892 4426 cst
2921 4386 3121 4425 nomen
3166 4367 3481 4423 relativum.
3514 4364 3609 4419 Di—

2034 4477 2180 4531 citur
2206 4474 2351 4527 enim
2381 4469 2619 4538 Spiritus
2654 4464 2864 4526 Patris,
2901 4462 3141 4531 Spiritus
3174 4457 3335 4519 Filii;
3372 4459 3415 4510 si
3451 4457 3598 4510 enim

356 4582 483 4637 ideo
510 4572 997 4632 consubstantialia
1029 4571 1132 4626 sibi
1170 4568 1441 4640 producit.
1486 4567 1541 4621 Si
1574 4565 1739 4634 igitur
1772 4563 1933 4617 Pater
1966 4580 2006 4634 ι)
2036 4554 2952 4620 essetabsolutum,nondiceretur
2968 4548 3445 4618 aiicujus.Nullnm
3461 4549 3607 4602 enim

357 4674 510 4729 solus
544 4669 872 4738 produceret
915 4663 1179 4732 Spiritum
1226 4659 1527 4715 secundum
1578 4670 1695 4718 eos,
1736 4655 1827 4723 qui
1859 4653 1931 4706 ita

356 4771 630 4827 asserunt,
666 4770 794 4814 tunc
828 4757 977 4811 nulla
1018 4753 1301 4809 distinctio
1339 4759 1485 4806 esset
1510 4749 1632 4804 Filii
1662 4764 1691 4803 a
1724 4746 1931 4815 Spiritu

356 4867 572 4919 sancto,
602 4868 725 4908 eum
761 4849 904 4904 nulla
935 4848 1007 4902 sit
1031 4846 1483 4909 diﬂ‘erentia,nec
1504 4843 1557 4895 in
1592 4840 1933 4910 producente

358 4950 527 5018 (idem
556 4947 704 5000 enim
729 4952 813 4998 est
843 4941 1052 5008 Pater),
1080 4953 1183 4993 nec
1206 4937 1263 4992 in
1293 4936 1489 4999 forma,
1523 4948 1630 5002 qua
1680 4932 1937 5002 producit

359 5049 467 5115 (est
493 5044 640 5100 enim
666 5041 857 5097 eadem
899 5037 1082 5093 divina
1108 5033 1390 5102 essentia),
1422 5045 1525 5085 nec
1560 5030 1613 5083 in
1645 5028 1778 5098 ipsis
1811 5042 1933 5095 pro«

358 5139 561 5198 ductis,
595 5143 722 5191 sunt
750 5133 895 5188 enim
927 5128 1174 5201 ejusdem
1225 5125 1415 5181 formae
1455 5123 1617 5177 unius
1680 5120 1937 5174 videlicet

361 5238 418 5283 et
440 5224 751 5282 communis
787 5220 1124 5277 divinitatis:
1162 5214 1463 5286 prtesertim
1496 5228 1619 5266 cum
1655 5211 1797 5263 nulla
1828 5209 1939 5262 ille

362 5318 590 5374 materia
619 5317 713 5382 sit,
743 5330 809 5368 ex
836 5327 942 5383 qua
974 5307 1255 5365 distinctio
1302 5306 1478 5360 ﬁeret.
1520 5303 1598 5357 Ex
1626 5302 1827 5370 quibus
1855 5314 1940 5351 se-

363 5421 632 5481 queretur
677 5408 882 5462 nullam
920 5419 1044 5459 esse
1092 5415 1284 5457 eorum
1317 5395 1730 5452 distinctionem
1767 5391 1831 5445 ad
1867 5392 1940 5442 in-

262 5529 275 5533 -
362 5500 949 5570 viccm:restatigitur
982 5505 1077 5551 aut
1100 5493 1364 5562 Spiritum
1397 5505 1516 5543 esse
1551 5486 1670 5541 Filii
1692 5499 1937 5543 causam,

364 5603 459 5647 aut
510 5592 705 5645 Filium
756 5592 996 5660 Spiritus
1024 5627 1038 5648 ,
1097 5585 1162 5638 ad
1201 5584 1302 5637 hoc
1338 5588 1397 5632 ut
1437 5579 1509 5632 sit
1540 5574 1840 5630 distinctio.
1873 5573 1942 5625 At

365 5685 604 5755 primum
640 5700 744 5737 non
782 5690 888 5741 est,
920 5680 1081 5749 igitur
1105 5674 1408 5730 secundum
1436 5681 1518 5725 est
1549 5683 1761 5721 verum.

440 5777 573 5831 Item
633 5774 770 5828 mitti
830 5773 882 5826 in
942 5770 1145 5823 divinis
1194 5786 1222 5823 a
1256 5782 1419 5822 causa
1474 5778 1591 5817 esse
1642 5758 1941 5829 signiﬁcat,

373 5869 534 5927 cuius
567 5868 721 5924 testis
770 5875 856 5921 cst
898 5864 1088 5919 beatus
1118 5862 1357 5918 Joannes
1406 5857 1834 5922 ChrysOstomus
1876 5850 1941 5903 ad

2036 4655 2347 4710 absolutum
2390 4648 2693 4705 secundmu
2726 4644 2875 4715 quod
2924 4644 3265 4713 signiﬁcatur
3311 4660 3340 4694 a
3389 4639 3611 4693 nomine

2037 4748 2240 4802 dicitur
2269 4744 2521 4805 alterius,
2572 4740 2666 4795 sed
2718 4736 3022 4793 secundum
3056 4735 3297 4805 aliquem
3330 4733 3495 4786 alium
3528 4747 3614 4784 re-

2039 4850 2288 4910 spectum
2326 4831 2829 4905 :quemadmodum
2860 4830 3060 4891 homo,
3099 4842 3223 4881 cum
3271 4824 3341 4878 sit
3391 4822 3616 4878 absolu-

2041 4942 2177 4993 tum,
2213 4946 2321 4983 non
2353 4927 2557 4982 dicitur
2595 4924 2831 4990 alicujus
2857 4921 3040 4981 homo,
3071 4918 3167 4989 scd
3196 4915 3339 4986 quod
3395 4928 3610 4973 servus,

2042 5023 2125 5077 vel
2181 5020 2388 5075 Filius:
2452 5018 2545 5072 sed
2583 5016 2825 5083 Spiritus
2888 5009 3191 5065 secundum
3244 5004 3608 5071 signiﬁcatum

2039 5113 2203 5182 hujus
2233 5110 2470 5164 nominis
2498 5108 2733 5176 Spiritus
2764 5104 2966 5157 dicitur
2997 5099 3236 5169 Spiritus
3255 5095 3399 5158 Filii,
3423 5108 3615 5162 quem-

2040 5204 2336 5258 admodum
2373 5212 2428 5254 et
2458 5200 2652 5253 Patris.
2692 5198 2786 5250 Est
2829 5194 2993 5263 igitur
3046 5190 3366 5248 relativum,
3396 5195 3452 5238 et
3479 5200 3610 5238 con-

2040 5304 2335 5366 Sequenler
2367 5292 2600 5345 refertur
2632 5288 2699 5340 ad
2735 5287 3058 5355 spirantem.
3092 5280 3190 5335 Est
3230 5280 3398 5346 igitur
3432 5276 3611 5345 Spiri-

2046 5397 2131 5441 lus
2186 5384 2362 5439 Patris
2417 5392 2473 5434 et
2558 5378 2685 5432 Filii
2738 5387 2994 5445 tanquam
3053 5388 3081 5427 a
3158 5369 3497 5439 spirantibus
3553 5375 3613 5422 et

2044 5475 2479 5550 producentibus
2533 5473 2709 5525 illum.
2748 5468 2907 5533 Quod
2970 5465 3016 5519 si
3081 5464 3204 5532 quis
3260 5461 3429 5524 dicat,
3487 5460 3611 5512 ideo

2043 5548 2247 5624 dicitur
2305 5566 2541 5635 Spiritus
2600 5560 2744 5623 Filii,
2782 5557 2907 5627 quia
2948 5570 3013 5609 cx
3060 5569 3127 5607 eo
3183 5550 3443 5613 mittitur,
3480 5548 3614 5602 falsa

2048 5661 2189 5715 ratio
2220 5668 2325 5720 est,
2358 5671 2387 5709 e
2419 5666 2688 5709 converso
2745 5661 2979 5715 namque
3010 5643 3136 5713 quia
3190 5643 3309 5713 ejus
3342 5648 3446 5703 est,
3488 5640 3612 5691 mit—

2048 5755 2181 5806 titur
2208 5767 2272 5805 cx
2305 5764 2393 5809 eo,
2430 5745 2612 5814 priora
2666 5741 2812 5795 enim
2857 5747 2986 5791 sunt
3024 5752 3186 5791 causa
3219 5733 3609 5804 posteriorum.

2050 5845 2209 5900 Prius
2247 5849 2428 5895 autent
2467 5848 2550 5892 est
2602 5831 2743 5905 quod
2794 5830 3034 5901 Spiritus
3077 5828 3147 5883 sit
3181 5826 3419 5895 Spiritus
3468 5822 3614 5892 Filii,
