4086 6408
531 401 637 464 435

1500 401 2006 465 BESSAlilONlS
2043 408 2082 462 Β
2142 406 2212 470 Β.
2247 407 2308 471 E.
2353 405 2812 470 CAliDINHJS

2242 273 2278 286 u-.
2294 269 2371 286 ι..

3685 407 3784 473 426

531 515 804 585 pum-rius
857 528 983 569 vero
1039 514 1182 582 quoal
1235 515 1484 570 mittatur
1518 518 1587 572 ab
1642 533 1728 572 eo.
1767 517 1894 573 Sive
1959 517 2106 570 enim
2143 517 2184 574 Α
2211 513 2298 580 ei;
2364 516 2458 571 sed
2501 517 2679 587 ipsum
2732 517 2862 573 dare
2898 519 2949 573 in
2987 517 3188 575 divinis
3234 521 3493 592 personis
3522 521 3792 594 significztt

533 608 692 662 istam
736 616 1142 674 temporancam
1185 609 1502 662 missionem
1537 610 1688 664 dicas
1719 609 2015 679 posterior,
2053 619 2109 662 ct

532 702 739 769 absque
769 698 937 752 dubio
969 715 1280 769 quanquam
1335 700 1405 754 sit
1435 701 1554 771 ejus
1605 701 1880 770 Spiritus:
1937 702 2110 770 siqui~

531 794 654 849 dem
689 793 791 848 hoc
815 803 1080 848 artcrnum
1125 803 1206 848 est
1242 810 1400 860 ;3tve
1455 805 1724 851 aeternam
1782 795 2107 850 missionem

531 886 826 955 intelligas,
859 885 963 939 hoc
1005 885 1171 940 etiam
1216 885 1378 939 modo
1427 897 1610 942 mente
1644 886 2105 958 pratintelligitur,

529 975 675 1045 quod
711 976 955 1045 Spiritus
986 977 1056 1030 sit
1090 977 1332 1046 Spiritus
1362 975 1485 1032 Filii
1515 994 1528 1031 :
1558 979 1689 1047 quia
1718 994 1840 1046 esse
1880 980 2106 1048 quidem

531 1067 796 1136 Spiritum
831 1066 954 1122 Filii
1001 1068 1268 1135 Spiritum
1328 1069 1637 1139 intelligere
1683 1079 1744 1125 ut
1789 1071 2015 1138 habere,
2052 1080 2109 1126 et

530 1160 748 1214 mittere
778 1175 910 1214 vero
934 1169 994 1214 ut
1025 1160 1188 1228 dare;
1225 1161 1426 1216 habere
1451 1175 1632 1216 autem
1670 1164 2108 1234 pratintelligitur

529 1251 686 1320 prius
715 1266 878 1316 quam
911 1251 1064 1306 dare.
1091 1251 1273 1317 Quare
1305 1268 1402 1322 pro
1425 1253 1587 1309 nobis
1622 1254 1737 1309 hate
1779 1256 1918 1310 ratio
1958 1256 2108 1314 facit.

529 1340 666 1406 Quia
697 1341 843 1395 enim
878 1352 1071 1395 natura
1126 1352 1210 1397 est
1248 1343 1368 1412 ejus
1419 1344 1680 1412 Spiritus,
1726 1355 1920 1402 natura
1955 1347 2108 1401 illum

531 1433 701 1486 mittit
731 1448 745 1486 :
781 1433 1061 1502 processio
1091 1423 1219 1489 vero
1247 1436 1514 1491 naturalis
1540 1437 1595 1490 in
1629 1438 1832 1493 divinis
1860 1455 1981 1493 ettm
2015 1448 2112 1494 aut

531 1541 630 1594 per
673 1527 1119 1594 generationem,
1167 1536 1258 1582 aut
1303 1542 1402 1596 per
1453 1529 1807 1595 spirationem
1867 1531 1955 1596 sit,
1995 1531 2111 1585 luce

531 1621 716 1665 autem
752 1628 860 1665 non
891 1613 961 1666 sit
997 1629 1094 1683 per
1123 1616 1560 1683 generationem,
1604 1618 1935 1687 relinquitur
1961 1620 2106 1688 quod

536 1713 620 1758 est
647 1721 744 1775 per
775 1705 1165 1775 spirationem.
1189 1707 1373 1764 Missio
1404 1709 1572 1781 igitur
1599 1727 1665 1765 ex
1698 1711 1836 1766 Filio
1874 1713 2110 1782 Spiritus

438 1807 443 1810 '
530 1807 614 1852 est
634 1799 753 1866 ejus
777 1798 846 1853 ab
885 1815 950 1853 eo
975 1800 1231 1870 spiratio.

2214 605 2359 660 idem
2406 608 2549 675 quod
2585 609 2910 676 producere.
2945 609 3370 679 Cbrysostomus
3420 613 3621 667 etenim
3657 615 3788 668 illud

2211 699 2582 766 evangelicmn
2613 715 2936 770 esponens:
2975 700 3140 756 Omne
3171 701 3429 770 judicium
3459 703 3600 756 dedit
3636 703 3790 769 Filio,

2211 789 2320 843 ait:
2353 790 2421 843 Et
2453 799 2512 843 ut
2539 790 2738 854 discas,
2765 791 2910 859 quod
2961 792 3115 846 dedit
3149 793 3292 847 idem
3336 808 3460 848 esse
3495 804 3664 864 atque
3708 811 3796 864 ge-

2213 881 2446 946 neravit,
2476 881 2603 935 audi
2636 882 2770 936 alias
2803 883 3192 949 auctoritates,
3222 899 3290 938 ex
3324 885 3527 953 quibus
3571 887 3673 940 hoc
3716 887 3794 940 si-

2213 972 2435 1042 gnificat
2465 990 2478 1027 :
2508 974 2960 1039 Quemadmodum
2992 977 3137 1031 enim
3178 976 3344 1032 Pater
3369 979 3522 1032 habet
3543 981 3703 1032 vitam
3737 981 3797 1033 in

2210 1067 2504 1130 semetipso,
2536 1068 2615 1120 ita
2660 1068 2801 1120 dedit
2835 1067 2970 1122 Filio
2990 1069 3151 1123 vitam
3183 1070 3373 1124 habere
3401 1073 3457 1123 in
3495 1073 3794 1140 semetipso.

2211 1158 2350 1224 Quid
2387 1158 2551 1226 igitur
2581 1160 2758 1228 primo
2777 1159 2967 1228 genuit
3021 1176 3180 1226 eum,
3217 1171 3274 1217 et
3325 1161 3523 1216 deinde
3557 1163 3708 1218 dedit
3737 1164 3796 1218 ei

2211 1252 2414 1306 vitam?
2442 1268 2572 1321 ergo
2618 1255 2824 1323 absque
2857 1255 2969 1308 vita
3001 1256 3221 1324 genitus
3263 1262 3367 1309 est.
3415 1253 3524 1310 Sed
3550 1255 3656 1308 hoc
3687 1270 3796 1310 nec

2222 1343 2500 1398 daemones
2526 1345 2749 1413 quidem
2798 1345 3002 1411 dicent,
3036 1362 3146 1399 una
3174 1346 3320 1400 enim
3357 1361 3481 1400 cum
3513 1347 3800 1416 impietate

2213 1454 2406 1507 magna
2429 1439 2593 1492 etiam
2626 1438 2932 1507 ignorantia
2958 1447 3104 1493 esset
3136 1439 3241 1494 hoc
3280 1439 3487 1494 dicere.
3516 1440 3798 1504 Quemad-

2215 1532 2438 1586 modum
2459 1531 2645 1601 igitur,
2667 1531 2824 1585 Dedit
2846 1531 2895 1585 ei
2923 1532 3110 1597 vitam,
3140 1546 3240 1601 pro
3271 1545 3336 1585 eo
3369 1533 3513 1600 quod
3539 1535 3800 1602 genuerit

2211 1637 2339 1676 eum
2364 1623 2530 1676 vitam
2575 1623 2990 1693 intelligendum
3015 1631 3133 1686 est;
3184 1623 3256 1676 ita
3287 1631 3343 1677 et
3375 1622 3530 1688 illud,
3561 1623 3718 1678 Dedit
3743 1624 3800 1678 ei

2207 1709 2512 1779 judicium,
2541 1724 2640 1780 pro
2684 1725 2752 1764 eo
2806 1710 2951 1779 quod
2998 1709 3236 1778 judiccm
3276 1727 3402 1765 eum
3435 1714 3648 1783 genuit,
3701 1728 3804 1768 can

2214 1802 2473 1870 piendum
2507 1811 2611 1856 est.
2653 1799 2928 1857 Similiter
2969 1805 3136 1872 igitur
3169 1819 3294 1859 cum
3328 1801 3500 1859 Filius
3548 1804 3641 1859 det
3669 1803 3802 1874 Spi-

604 1890 736 1945 ltem
775 1889 1015 1960 Spiritus
1036 1904 1262 1948 sanctus
1299 1895 1497 1964 accipit
1541 1914 1572 1952 a
1606 1893 1768 1954 Filio.
1807 1899 1907 1954 Ille
1933 1901 2101 1964 enim,

2213 1891 2342 1945 ritui
2371 1891 2694 1960 sapientiam
2719 1931 2734 1956 ,
2779 1892 3031 1960 producit
3073 1891 3228 1946 illum
3276 1891 3632 1961 sapientiam,
3667 1907 3800 1950 esse

529 1979 628 2044 ait,
681 1997 744 2034 ex
771 1999 884 2036 meo
937 1985 1195 2055 accipiet;
1227 1987 1371 2056 quod
1405 1999 1584 2042 autern
1619 1991 1818 2059 accipit
1871 2005 1954 2047 est
1988 1995 2108 2064 ejus

528 2075 800 2140 essentia;
837 2091 939 2130 nec
991 2077 1138 2131 enim
1171 2086 1252 2134 est
1282 2079 1430 2133 aliud
1488 2080 1626 2146 ipse,
1675 2082 1825 2137 aliud
1870 2085 1988 2155 ejus
2018 2100 2108 2138 cs-

529 2165 726 2227 scut'ta,
752 2175 895 2220 esset
917 2166 1065 2220 enim
1098 2170 1487 2236 compositum.
1517 2171 1652 2227 Cum
1697 2173 1862 2243 igitur
1891 2190 2106 2231 summe

529 2257 760 2326 simplex
794 2259 886 2320 sit,
907 2261 1200 2314 essentiam
1235 2276 1386 2316 suam
1408 2273 1602 2318 etesse
1631 2267 1829 2334 accipit
1854 2284 1917 2322 ex
1946 2267 2102 2323 Filio.

530 2342 645 2400 Hoc
679 2349 826 2402 enim
867 2349 1013 2418 quod
1055 2351 1209 2416 dicit,
1248 2353 1330 2406 Ea:
1359 2370 1470 2407 meo
1501 2357 1740 2426 accipiet,
1781 2374 1888 2412 non
1918 2375 2108 2428 quem-

527 2441 821 2493 admodum
849 2443 1014 2510 aliqui
1051 2452 1325 2512 putantex
1353 2461 1473 2499 meo
1500 2447 1656 2501 Patre
1683 2449 2104 2518 intelligendum

468 2529 474 2535 ’
523 2544 646 2600 est;
689 2537 866 2604 primo
893 2536 1022 2605 quia
1053 2537 1168 2591 bare
1200 2538 1410 2593 locutio
1454 2557 1632 2608 neque
1663 2541 1847 2596 Graeca
1879 2583 1892 2606 ,
1930 2560 2106 2612 neque

527 2624 717 2679 Latina
748 2635 852 2680 est.
889 2625 1023 2680 Nam
1055 2628 1096 2680 si
1124 2643 1256 2681 cum-
1282 2628 1508 2697 dicitur,
1557 2631 1638 2684 Ex
1672 2649 1809 2696 meo,
1833 2634 2104 2690 subintel-

526 2716 807 2786 ligendum
872 2727 1014 2772 essrt
1050 2718 1232 2780 Patre,
1292 2720 1396 2774 hoc
1445 2737 1560 2774 meo
1590 2733 1736 2778 esset
1802 2740 2103 2792 pronomen

528 2804 748 2872 generis
783 2807 1066 2860 masculini
1096 2825 1110 2871 ;
1145 2808 1327 2863 nullus
1355 2818 1537 2863 autem
1566 2813 1648 2865 vel
1712 2813 1766 2867 in
1799 2814 2005 2876 Graeca,
2025 2819 2103 2883 νει

526 2895 582 2950 in
604 2894 794 2950 Latina
823 2897 1247 2967 linguaedoctus
1280 2910 1373 2955 aut
1394 2904 1704 2970 masculini,
1737 2915 1832 2959 aut
1855 2905 2101 2961 feminini

522 2989 744 3059 generis
801 3006 1106 3059 pronomen
1162 2995 1394 3063 profert,
1457 2997 1563 3052 nisi
1597 3013 1724 3054 cum
1779 3000 2100 3056 additione:

526 3079 681 3135 Meus
715 3083 910 3152 frater,
937 3085 1026 3139 vel
1049 3085 1198 3140 Meus
1231 3090 1454 3152 amicus,
1489 3099 1584 3145 a'tt
1619 3091 1738 3145 Mea
1783 3093 1990 3156 civitas,
2021 3095 2100 3148 vel

515 3174 724 3228 domus
754 3175 967 3232 dicens.
999 3177 1146 3233 Meus
1182 3181 1388 3234 etenim
1415 3173 1742 3251 sim-pliciter
1774 3185 1983 3256 absque
2003 3188 2099 3241 atl-

523 3266 754 3331 ditionc,
789 3283 898 3321 non
934 3271 1106 3340 magis
1141 3271 1402 3336 Patrem,
1439 3289 1602 3342 quam
1656 3275 1866 3330 hostem
1931 3277 2100 3348 signi-

524 3359 671 3415 fleat.
727 3360 932 3416 Deinde
983 3366 1049 3417 ab
1104 3365 1216 3433 ipsa
1273 3366 1574 3422 intentione
1627 3368 1926 3425 Salvatoris
1984 3373 2100 3428 lucc

524 3455 668 3506 ratio
697 3469 831 3507 vana
867 3454 1149 3521 probatur.
1181 3456 1370 3511 Omnia
1401 3459 1573 3523 enim,
1606 3461 1807 3529 inquit,
1842 3479 2098 3528 qua'cuu-

522 3561 622 3615 que
655 3546 804 3601 liabet
845 3546 1027 3610 Pater,
1063 3565 1180 3602 mea
1225 3560 1369 3604 sunt.
1400 3551 1528 3606 Ideo
1562 3553 1691 3619 diri,
1727 3571 1790 3607 ex:
1828 3572 1941 3610 meo
1964 3557 2102 3609 acci-

523 3638 648 3703 piet,
686 3647 736 3691 et
785 3641 1119 3694 annuntiabit
1150 3641 1314 3694 vobis.
1372 3642 1447 3696 Ita
1504 3654 1561 3696 ιιι
1607 3645 1713 3698 tale
1757 3661 1824 3699 ex
1882 3647 1952 3700 iis
2011 3649 2101 3700 fiat

521 3740 903 3800 argui-mentum
942 3749 955 3787 :
994 3731 1236 3800 Spiritus
1271 3735 1472 3802 accipit
1517 3750 1581 3789 ex
1637 3736 1704 3791 iis
1751 3753 1874 3807 quae
1924 3737 2101 3792 Patris

521 3831 688 3888 sunt;
721 3823 886 3892 ig'tur
915 3823 1154 3894 Spiritus
1182 3827 1380 3895 accipit
1419 3843 1485 3881 ex
1536 3829 1696 3894 meis,
1743 3831 1822 3884 vel
1857 3846 1922 3884 ex
1954 3847 2096 3886 meo.

522 3915 584 3970 Et
615 3932 739 3970 cum
785 3918 923 3986 ipse,
976 3927 1032 3974 et
1085 3935 1182 3974 sua
1217 3936 1388 3974 unum
1427 3930 1482 3974 et
1518 3921 1662 3975 idem
1712 3933 1840 3977 sunt
1874 3934 2100 3992 propter

517 4026 786 4066 Summam
827 4011 1260 4079 simplicitatem,
1295 4011 1627 4081 accipiendo
1663 4014 1730 4068 de
1760 4017 1899 4080 suis,
1955 4017 2099 4070 acci-

518 4103 713 4172 pietex
748 4119 833 4156 eo.
863 4103 1036 4174 llujus
1079 4112 1263 4157 autem
1308 4105 1597 4159 sententize
1631 4116 1856 4160 sanctus
1879 4123 2097 4178 quoque

516 4195 848 4250 Athanasius
873 4205 976 4256 est,
1026 4195 1099 4248 ait
1132 4195 1334 4249 ctenim
1371 4211 1385 4247 :
1430 4195 1546 4248 Non
1583 4198 1730 4249 enim
1787 4197 2025 4253 Verbum
2067 4216 2098 4254 a

516 4289 724 4356 Spiritu
753 4287 974 4356 accipit,
1027 4288 1120 4342 sed
1175 4287 1416 4356 Spiritus
1461 4305 1490 4341 a
1525 4287 1725 4342 Verbo.
1752 4286 1893 4352 Quid
1933 4289 2100 4358 igitur

514 4379 752 4448 accipiat
799 4393 829 4431 a
891 4376 1028 4432 Filio
1077 4379 1541 4433 considerandum
1587 4387 1693 4442 est,
1759 4390 1905 4447 patet
1951 4380 2096 4448 quod

514 4472 837 4539 sapientiam
894 4481 946 4526 et
1002 4456 1287 4526 scientiam
1324 4490 1339 4528 :
1377 4473 1457 4527 Ex.
1505 4491 1618 4526 meo
1664 4475 1833 4538 enim,
1893 4473 2093 4543 inquit,

2213 1983 2425 2038 scilicet
2473 1991 2528 2035 et
2553 1981 2968 2038 subsistentiam
2999 1981 3049 2036 ei
3075 1982 3231 2046 dans,
3247 1997 3410 2050 quam
3441 1982 3638 2053 accipit
3662 1999 3797 2039 cum

2211 2072 2456 2141 spiratur
2491 2071 2560 2127 ab
2583 2086 2668 2127 eo.
2692 2072 2863 2141 Igitur
2886 2072 3202 2142 spi‘rationis
3221 2072 3385 2126 etiam
3420 2070 3591 2128 Filius
3614 2088 3784 2140 causa

2213 2164 2328 2218 sive
2367 2165 2696 2234 principium
2730 2175 2835 2221 est.

2285 2255 2416 2309 ltem
2459 2256 2628 2310 Filius
2661 2256 2729 2312 de
2753 2273 2810 2312 se
2839 2258 3060 2327 quidem
3087 2256 3205 2328 ipso
3233 2256 3368 2311 dicit
3402 2278 3416 2310 :
3455 2258 3586 2322 an
3611 2259 3802 2314 audivi

2209 2365 2240 2400 a
2306 2347 2471 2401 Patre
2515 2365 2648 2409 meo,
2697 2346 3016 2404 amntuliari
3042 2349 3217 2414 vobis;
3267 2349 3336 2404 de
3367 2348 3570 2420 Spiritu
3605 2367 3736 2407 vero
3775 2371 3793 2408 :

2213 2439 2336 2494 Non
2370 2441 2504 2493 enim
2537 2439 2780 2511 loquetur
2815 2458 2846 2494 α
2875 2441 3187 2510 semetipso,
3221 2442 3311 2494 sed
3351 2458 3668 2512 quiscunque
3693 2459 3799 2496 au-

2209 2536 2315 2587 diet
2367 2533 2632 2600 loquetur.
2679 2532 2834 2597 Quod
2867 2533 3035 2603 igitur
3076 2533 3348 2604 significat
3398 2533 3466 2588 de
3512 2534 3646 2590 Filio
3682 2535 3796 2592 hoc

2210 2625 2352 2694 quod
2404 2626 2556 2679 audit
2601 2640 2630 2678 a
2675 2624 2852 2689 Patre,
2901 2625 3045 2680 idem
3091 2625 3250 2680 etde
3278 2625 3484 2696 Spiritu
3510 2627 3790 2698 significat

2212 2717 2390 2786 ipsum
2415 2717 2644 2783 audire;
2675 2717 2770 2772 sed
2803 2717 2870 2770 de
2895 2717 3032 2771 Filio
3065 2717 3241 2786 ipsum
3274 2718 3468 2774 audire
3509 2719 3788 2787 significat

2208 2822 2328 2862 esse
2354 2825 2380 2860 τι
2412 2819 2597 2869 causa,
2637 2818 2691 2862 et.
2719 2808 2896 2878 ipsum
2921 2807 3190 2877 generari;
3224 2807 3427 2863 Audire
3471 2809 3616 2864 enim
3643 2810 3782 2864 nihil

2207 2902 2353 2954 aliud
2405 2910 2512 2963 est,
2573 2901 2677 2954 nisi
2709 2901 3034 2970 sapientiam
3069 2908 3124 2955 et
3157 2884 3439 2954 scientiam
3494 2902 3776 2970 accipere.

2207 2991 2588 3046 Elin-tantem
2624 3009 2728 3046 non
2780 2992 2959 3060 primo
3007 2999 3188 3056 natus,
3220 2991 3419 3047 deinde
3471 3001 3657 3061 postea
3693 3009 3794 3046 ac-

2206 3084 2350 3154 ci-pit
2399 3085 2684 3138 scientiam
2730 3085 2809 3138 vel
2856 3083 3204 3154 sapientiam,
3233 3085 3336 3138 scd'
3373 3096 3534 3140 natus
3568 3095 3650 3140 est
3693 3101 3791 3140 sa-

2209 3174 2444 3243 pientia;
2497 3176 2548 3227 in
2602 3174 2719 3243 ipso
2763 3175 3010 3243 generari
3057 3174 3336 3245 accipiens
3381 3175 3666 3229 scientiam
3716 3184 3780 3229 et

2153 3265 2170 3287 ⁴
2204 3265 2550 3335 sapientiam,
2582 3276 2636 3320 et
2659 3275 2851 3322 caetera
2881 3267 3082 3322 omnia.
3137 3283 3256 3336 qua:
3301 3267 3441 3321 idem
3495 3275 3623 3320 sunt
3657 3282 3796 3321 cum

2204 3358 2325 3428 ejus
2355 3360 2632 3413 essentia:
2663 3358 2802 3412 hanc
2829 3359 2992 3429 igitur
3009 3359 3210 3428 accipit
3236 3375 3266 3412 a
3292 3359 3449 3414 Patre
3474 3375 3596 3414 cum
3629 3359 3789 3411 audit

2203 3451 2270 3504 ab
2299 3467 2388 3513 eo,
2419 3461 2476 3504 et
2505 3450 2694 3505 audire
2717 3451 2835 3520 ejus
2869 3454 3122 3521 generari
3162 3462 3268 3506 est.
3302 3452 3472 3520 Igitur
3501 3461 3559 3505 et
3583 3451 3786 3506 audire

2204 3542 2452 3610 Spiritus
2475 3543 2649 3597 sancti
2711 3559 2818 3597 non
2874 3544 3146 3613 significat
3196 3544 3305 3598 nisi
3337 3545 3485 3614 quod
3535 3560 3565 3598 a
3614 3559 3786 3600 causa

2201 3640 2286 3685 cst
2329 3641 2384 3684 et
2429 3632 2732 3700 spiratione
2789 3633 2927 3703 ejus.
2957 3633 3138 3700 Quare
3182 3649 3211 3688 a
3248 3649 3358 3704 quo
3381 3635 3554 3698 audit,
3595 3635 3664 3690 ab
3713 3651 3784 3690 eo
3877 3689 3892 3702 ί

2201 3723 2364 3775 etiam
2389 3722 2677 3790 procedit:
2715 3725 2808 3778 sed
2846 3740 2954 3779 non
2985 3726 3162 3780 solum
3203 3741 3232 3780 a
3267 3727 3428 3780 Patre
3453 3726 3630 3789 audit,
3677 3727 3775 3781 sed

2200 3812 2365 3865 etiam
2396 3828 2461 3867 ex
2487 3813 2647 3879 Filio,
2675 3816 2820 3884 quod
2852 3831 2918 3870 ex
2975 3818 3108 3885 ipsis
3147 3817 3328 3872 verbis
3356 3818 3654 3873 Salvatoris
3681 3834 3782 3887 ap-

2129 3907 2131 3910 ‘
2200 3913 2376 3973 paret,
2419 3905 2510 3960 ubi
2557 3905 2742 3962 dicit:
2783 3908 2863 3962 Ea:
2909 3925 3020 3963 meo
3060 3911 3298 3981 accipiet,
3351 3917 3400 3963 et
3441 3911 3784 3965 anuuutiabit

2200 4000 2366 4054 vobis.
2424 4003 2799 4058 Annuntiandi
2863 4020 3099 4074 namque
3145 4021 3310 4061 causa
3360 4015 3447 4062 est
3514 4007 3780 4076 Spiritum

2201 4091 2422 4157 audire;
2453 4094 2508 4148 et
2539 4094 2784 4163 ejusdem
2817 4096 3176 4151 annuntiandi
3220 4097 3324 4151 hoc
3359 4113 3580 4166 quoque
3613 4115 3780 4153 causa

2200 4192 2306 4246 est,
2339 4185 2484 4253 quod
2515 4201 2579 4238 ex
2615 4186 2753 4240 Filio
2775 4189 2991 4257 accipit.
3032 4190 3212 4256 Quare
3237 4206 3303 4245 cx
3363 4191 3500 4245 Filio
3533 4193 3783 4258 accipere

2201 4280 2287 4331 vel
2315 4278 2530 4342 audire,
2564 4280 2726 4334 unius
2747 4281 3107 4351 ejusdemque
3147 4283 3249 4347 rei,
3279 4283 3533 4337 videlicet
3559 4299 3779 4336 annun-

2203 4367 2375 4422 tiandi
2400 4385 2563 4423 causa
2589 4380 2694 4424 est.
2721 4371 2890 4440 Igitur
2921 4373 2975 4426 in
3011 4373 3212 4427 divinis
3265 4374 3410 4428 idem
3454 4386 3538 4428 cst
3589 4376 3784 4430 audire

2201 4469 2255 4514 ct
2281 4462 2571 4529 accipere;
2611 4472 2668 4517 et
2693 4479 2814 4516 ι-ιιιιι
2843 4465 3078 4532 accipiat
3117 4482 3179 4520 ex
3229 4467 3387 4533 Filio,
3439 4469 3603 4534 igitur
3629 4469 3783 4520 ntulit

514 4564 754 4630 accipiet,
778 4572 823 4614 et
851 4565 1187 4617 annuntiabtt
1219 4566 1380 4618 vobis.
1411 4565 1758 4619 Anuuntiare
1778 4565 1926 4618 enim
1959 4565 2096 4619 nihil

2203 4553 2366 4606 etiam
2417 4569 2483 4606 ex
2547 4568 2636 4608 eo.
2689 4553 2948 4622 Ejusdem
2976 4557 3266 4612 sentcntize
3323 4569 3551 4612 sanctus
3612 4560 3778 4612 etiam

513 4655 660 4706 aliud
695 4664 800 4717 est,
825 4657 928 4726 nisi
957 4655 1155 4710 docere
1193 4667 1247 4710 et
1301 4657 1614 4712 illuminare
1662 4660 1957 4726 apostolos.
1983 4657 2098 4710 lloc

513 4754 698 4797 autem
725 4755 809 4798 est
838 4747 1122 4814 sapientia:
1147 4762 1284 4816 opus
1309 4765 1324 4813 ;
1345 4751 1512 4815 igitur
1536 4750 1859 4818 sapientiam
1895 4766 1924 4804 a
1957 4750 2098 4804 Filio

511 4836 716 4904 accipit
745 4834 1002 4904 Spiritus.
1048 4839 1190 4904 Quid
1238 4839 1406 4909 igitur
1435 4843 1639 4910 absque
1675 4843 1942 4912 sapientia
1984 4842 2100 4911 spi-

512 4936 664 4981 ratus
717 4927 824 4983 fuit
867 4943 895 4982 a
954 4930 1132 4996 f’atre,
1183 4941 1239 4984 et
1277 4932 1400 4986 ideo
1445 4934 1692 5002 oportuit
1731 4950 1857 4989 eum
1895 4950 1924 4989 a
1956 4935 2096 4989 Filio

509 5020 764 5089 excipere
803 5019 1170 5089 sapientiam?
1192 5031 1287 5076 ant
1321 5023 1470 5079 aliud
1509 5035 1594 5079 est
1617 5025 1740 5095 ejus
1767 5041 1911 5092 esse,
1943 5026 2093 5080 aliud

509 5112 819 5183 sapientia?
847 5112 916 5167 At
945 5114 1058 5168 hate
1080 5114 1316 5168 absurda
1349 5124 1498 5170 sunt.
1537 5116 1685 5170 Idem
1715 5117 1861 5171 enim
1897 5127 1980 5172 est
2011 5134 2098 5172 sa-

509 5205 737 5275 pientia,
792 5213 846 5259 et
898 5218 1020 5260 esse
1053 5207 1191 5275 ejus,
1220 5215 1279 5260 et
1319 5221 1349 5259 a
1391 5221 1503 5276 quo
1550 5207 1750 5277 accipit
1815 5222 1961 5273 esse,
2025 5209 2095 5264 ab

509 5297 706 5353 eodem
748 5297 949 5367 accipit
1004 5297 1377 5366 sapientiam:
1422 5307 1479 5352 et
1522 5313 1647 5353 cum
1709 5299 1974 5369 spiratur,
2034 5309 2092 5354 et

511 5391 712 5461 actipit
766 5407 890 5446 esse
947 5400 1001 5444 et
1051 5391 1377 5454 subsistere,
1424 5391 1590 5445 etiam
1633 5393 1834 5462 accipit
1873 5394 2092 5463 sapien-

512 5484 663 5537 tiam.
695 5483 832 5538 Cum
861 5483 1026 5549 igitur
1049 5484 1372 5552 sapientiam
1393 5499 1420 5534 a
1451 5482 1589 5537 Filio
1622 5499 1844 5553 quoque
1871 5485 2089 5553 accipit,

511 5576 691 5644 ipsum
718 5592 839 5632 esse
865 5586 920 5631 et
945 5577 1250 5632 subsistere
1286 5577 1449 5630 simul
1482 5577 1549 5631 ab
1573 5592 1638 5630 eo
1661 5577 1859 5646 accipit
1889 5592 1902 5628 :
1928 5577 2094 5647 igitur

511 5666 681 5722 Filius
709 5671 871 5722 etiam
895 5679 981 5723 est
1006 5668 1054 5722 ei
1095 5683 1260 5722 causa
1294 5667 1511 5722 essendi
1538 5668 2002 5737 quemadmodum
2039 5677 2093 5723 et

509 5759 583 5815 Pa
593 5769 640 5812 te
649 5775 694 5814 r.
884 5755 892 5766 ’

582 5849 716 5906 Item
745 5853 786 5906 si
828 5852 1064 5923 Spiritus
1091 5855 1291 5926 accipit
1343 5872 1369 5910 a
1400 5853 1577 5921 Filio;
1610 5869 1740 5923 ergo
1781 5852 1953 5910 Filius
2003 5856 2089 5910 dat

2203 4645 2436 4701 Basilius
2465 4657 2548 4703 est
2576 4649 2628 4702 in
2659 4649 2865 4717 Regula
2889 4652 3210 4711 monastica.
3245 4652 3313 4708 de
3359 4652 3568 4719 Spiritu
3588 4667 3781 4706 sancto

2200 4739 2416 4801 dicens,
2455 4741 2600 4810 quod
2635 4742 2798 4795 docet
2830 4753 2887 4796 ct
2927 4745 3169 4814 suggerit
3215 4745 3400 4797 outnia
3437 4761 3782 4814 quascunque

2203 4831 2358 4884 audit
2414 4846 2443 4885 a
2510 4832 2670 4895 Filio,
2703 4834 2869 4887 etiam
2909 4835 3236 4903 producitur
3261 4851 3324 4890 ex
3359 4853 3467 4903 eo;
3512 4853 3580 4890 eo
3629 4838 3780 4906 quod

2198 4924 2320 4993 ejus
2335 4925 2526 4981 audire
2561 4925 2704 4980 idem
2725 4926 2976 4996 estquod
3004 4928 3327 4996 procedere,
3352 4943 3410 4983 ιιι
3439 4931 3646 4984 dictum
3670 4939 3782 4987 est.

2274 5019 2406 5074 Item
2439 5033 2559 5074 esse
2583 5020 2802 5074 Patrem
2831 5031 2927 5076 aut
2953 5035 3220 5089 generare
3265 5035 3375 5075 non
3432 5024 3679 5076 continet
3720 5024 3780 5078 in

2199 5127 2259 5168 se
2287 5111 2558 5165 rationem
2590 5111 2859 5180 spirandi,
2896 5121 3044 5166 esset
3077 5111 3283 5166 ctenim
3310 5112 3553 5181 Spiritus
3579 5113 3780 5180 Filius,

2199 5205 2294 5260 sed
2339 5201 2512 5259 Filius
2539 5204 2726 5259 omnia
2752 5205 3081 5273 simpliciter
3123 5205 3309 5269 habet,
3343 5221 3463 5274 qua:
3495 5214 3548 5261 et
3587 5206 3779 5270 Pater,

2197 5311 2561 5368 praeterquam
2629 5297 2773 5367 quod
2825 5307 3070 5368 generet,
3120 5297 3202 5353 vel
3257 5297 3328 5352 sit
3391 5299 3572 5352 Pater.
3637 5299 3783 5354 Dicit

2196 5392 2344 5447 etim
2383 5399 2612 5444 sanctus
2669 5389 2909 5461 Cyrillus
2957 5391 3012 5444 in
3059 5391 3304 5446 secundo
3352 5390 3419 5444 ad
3453 5391 3778 5449 llcrmiam:

2197 5481 2543 5538 Comternum
2571 5483 2849 5536 credimus
2884 5481 3080 5536 Filium
3125 5481 3291 5539 Patri.
3321 5493 3378 5535 et
3410 5483 3595 5536 omnia
3629 5497 3783 5550 quie-

2198 5592 2418 5646 cunque
2446 5575 2642 5645 aequali
2701 5591 2958 5630 tnensura
3001 5575 3324 5638 habentem,
3363 5583 3562 5644 prteter
3595 5576 3776 5644 ipsum

2197 5683 2461 5738 generare
2492 5685 2504 5721 :
2530 5667 2634 5721 hoc
2661 5682 2896 5735 namque
2937 5667 3034 5720 soli
3070 5667 3180 5720 Deo
3231 5676 3287 5720 et
3321 5666 3464 5720 Patri
3495 5666 3782 5720 tribuitur.

2199 5760 2346 5814 ldem
2391 5759 2443 5813 in
2479 5774 2738 5814 sermone
2772 5759 2839 5812 de
2871 5757 3176 5824 Trinitate:
3233 5758 3291 5812 In
3322 5755 3460 5811 Filio
3494 5755 3783 5826 unigenito

2200 5868 2297 5922 per
2324 5852 2505 5907 omnia
2541 5851 2705 5906 simili
2740 5861 2793 5905 ct
2822 5850 3016 5921 :cquali
3081 5851 3250 5914 Patri,
3303 5859 3505 5920 praeter
3538 5847 3784 5919 paterni-
