4086 6408
330 402 436 466 437

1256 404 1354 465 DE
1397 404 1926 468 PROCESSIONE
1969 406 2327 499 SPIRITUS
2370 410 2659 472 SANCTI.

3481 401 3590 462 698

331 527 523 573 latent.
564 517 734 572 liabet
764 517 928 587 igitur
951 519 1194 586 Spiraudi
1235 523 1530 587 potentiam
1563 519 1899 582 Filius,cum

2012 542 2147 596 ritus
2165 543 2506 606 Filii,omnes
2524 539 3020 595 demonstrationes
3036 534 3351 590 Latinarum
3372 533 3590 600 putissi-

332 613 435 664 hoc
476 619 672 678 praeter
705 611 968 663 rationem
1010 611 1355 679 paternitatis
1409 612 1479 666 sit
1502 653 1517 676 ,
1552 613 1736 667 omnia
1771 628 1902 666 vero

330 699 511 753 Patris
545 709 740 768 praeter
774 699 1185 768 paternita'tem,
1235 702 1320 755 vel
1364 713 1562 770 prieter
1596 704 1703 755 vim
1741 717 1908 770 gene-

330 792 509 850 randi.
541 792 656 859 ipse
687 805 906 860 quoque
937 791 1121 856 habet,
1168 802 1228 846 ut
1254 795 1457 862 Cyrillo
1493 795 1692 864 placet.

403 880 534 938 Item
577 881 814 951 Spiritus
843 893 1069 938 sanctus
1115 883 1320 939 dicitur
1361 887 1569 940 donum
1615 896 1673 940 ut
1705 885 1903 949 Patris,

329 977 405 1032 ita
441 987 496 1032 et
527 972 691 1030 Filii:
724 991 852 1046 ergo
879 984 935 1030 et
977 992 1043 1029 ex
1077 985 1335 1045 utroque.
1385 978 1734 1034 Antecedens
1791 995 1906 1031 om-

239 1141 242 1144 .
327 1068 492 1122 nibus
555 1067 881 1121 doctoribus
937 1068 1136 1136 placet,
1193 1084 1543 1138 consequens
1601 1071 1904 1138 probatur:

338 1159 546 1216 donum
577 1159 784 1213 etenim
815 1169 899 1214 est
931 1161 1131 1224 dantis,
1162 1161 1367 1231 aliquid
1399 1177 1529 1217 vero
1550 1164 1781 1235 alicujus
1799 1173 1905 1232 est,

330 1260 428 1306 aut
473 1246 780 1304 secundum
823 1250 1189 1316 identitatctn,
1239 1261 1419 1307 autut
1458 1256 1732 1322 possessio
1781 1257 1903 1325 ejus

332 1341 419 1395 vel
451 1354 668 1403 servus,
700 1349 796 1394 aut
829 1341 1134 1395 secundum
1165 1343 1456 1412 originem,
1485 1355 1540 1398 et
1572 1361 1695 1398 cum
1727 1347 1911 1402 nullus

331 1433 620 1487 modorum
647 1431 890 1496 priorum
911 1433 1218 1497 conveniat,
1243 1449 1367 1488 cum
1389 1434 1624 1489 dicimus
1646 1434 1909 1504 Spiritum

329 1533 576 1578 sanctum
591 1525 794 1579 donum
811 1539 931 1578 esse
953 1522 1096 1590 Filii,
1117 1534 1280 1581 restat
1296 1536 1353 1580 ut
1369 1525 1670 1582 secundum
1691 1533 1910 1584 tertium

331 1617 554 1671 modum
578 1618 828 1687 originis,
883 1618 1139 1673 videlicet
1159 1618 1374 1676 dicatur
1425 1619 1664 1689 Spiritus
1693 1633 1914 1678 sanctus

330 1706 451 1763 Filii
471 1708 873 1779 donum:ergo
910 1707 1081 1765 Filius
1129 1719 1213 1765 est
1255 1711 1374 1780 ejus
1422 1712 1574 1783 origo
1623 1723 1678 1768 et
1727 1729 1910 1771 causa.

399 1801 531 1855 Item
555 1800 855 1868 Gregorius
881 1799 1162 1871 Nyssenus
1191 1803 1244 1858 in
1279 1803 1504 1859 homilia
1545 1821 1711 1875 super
1747 1806 1909 1862 Pater

330 1901 527 1957 noster,
563 1909 682 1962 qua:
705 1893 918 1962 incipit,
972 1893 1198 1959 Quando
1229 1895 1431 1967 Moyses
1452 1899 1702 1968 pepulum
1730 1899 1906 1954 Isi-acb

301 1986 538 2039 'liticum
613 1985 684 2039 ad
746 1996 975 2039 montem
1036 1989 1268 2041 discendi
1340 2006 1502 2046 causa
1575 1991 1908 2059 adducebat;

326 2077 741 2130 distinctionem
777 2075 976 2131 divinae
1031 2077 1324 2134 Trinitatis
1372 2081 1634 2146 tradens,
1689 2083 1906 2137 Patrem

326 2167 552 2236 quidem
602 2165 800 2220 aFilio
861 2176 916 2221 et
974 2167 1183 2238 Spiritu
1228 2180 1417 2225 sancto
1470 2172 1781 2242 distinguit,
1839 2191 1907 2229 eo

327 2257 476 2324 quod
535 2255 652 2325 ipse
699 2255 924 2326 quidem
983 2258 1192 2328 absque
1243 2274 1407 2315 causa
1439 2271 1544 2325 est,
1582 2263 1672 2317 illa
1703 2279 1836 2318 vero
1875 2281 1904 2319 a

330 2362 537 2401 causa:
573 2347 769 2402 Filium
815 2365 943 2403 vero
1002 2359 1060 2404 et
1095 2350 1362 2420 Spiritum
1394 2363 1667 2430 sanctum,
1705 2357 1906 2425 quibus

333 2451 620 2492 commune
643 2447 728 2493 est
767 2441 911 2508 quod
957 2455 988 2495 a
1030 2455 1195 2496 causa
1231 2441 1364 2508 sint,
1402 2443 1696 2515 distinguit
1731 2446 1800 2500 ab
1825 2447 1906 2500 in-

333 2531 534 2596 vicem,
559 2547 623 2586 eo
656 2533 800 2599 quad
827 2533 918 2586 ille
948 2533 1171 2602 quidem
1205 2550 1270 2589 ex
1306 2536 1463 2590 Patre
1501 2546 1612 2600 est,
1653 2538 1743 2593 bic
1775 2555 1905 2593 vero

327 2637 394 2674 ex
418 2622 575 2676 Patre
611 2631 666 2676 et
697 2622 836 2678 Filio
867 2642 881 2678 :
931 2627 1006 2678 ita
1035 2625 1183 2680 enim
1226 2627 1280 2680 in
1310 2627 1722 2698 antiquioribus
1754 2631 1908 2684 codi-

329 2714 492 2768 cibus
521 2715 808 2770 scribitur.
857 2715 1037 2781 Quare
1072 2719 1358 2774 manifeste
1406 2721 1569 2774 etiam
1601 2724 1902 2776 secundum

328 2804 496 2858 istum
524 2804 805 2860 doctorem
842 2805 1080 2874 Spiritus
1107 2816 1190 2862 est
1239 2823 1304 2862 ex
1337 2808 1490 2862 Filio.
1528 2811 1680 2876 Quod
1726 2811 1768 2864 ai
1811 2813 1903 2882 qui

327 2895 636 2950 secundum
691 2897 1072 2953 moderniorcs
1121 2898 1292 2953 libros
1339 2901 1602 2970 Spiritum
1661 2903 1786 2958 Filii
1828 2904 1907 2958 ifi-

325 2999 459 3039 eant
502 3002 626 3042 esse
689 2989 956 3056 scriptun:
1004 3005 1112 3043 non
1148 3005 1215 3044 ex
1251 2989 1412 3057 Filio,
1476 3009 1574 3048 nec
1607 2993 1710 3048 lioc
1743 2997 1906 3049 modo

327 3087 510 3132 tamen
542 3080 748 3149 aliquid
786 3082 906 3150 plus
967 3083 1270 3139 habebunt.
1317 3085 1466 3139 Idem
1502 3086 1650 3141 enim
1681 3090 1903 3143 conclu-

2009 651 2054 685 ιιι
2067 650 2176 700 um,
2197 645 2252 689 et
2267 635 2473 706 absque
2487 637 2667 704 aliqua
2683 631 3120 688 contradictione
3136 634 3446 681 remanent:
3465 623 3587 692 q-ti—

2008 727 2111 780 bus
2128 743 2189 780 ex
2204 742 2268 782 eo
2283 729 2426 798 quod
2450 727 2690 798 Spiritus
2704 727 2918 780 dicetur
2936 721 3174 790 Spiritus
3193 717 3504 778 Filii,ctiam
3520 728 3582 764 ex

2007 815 2142 870 Filio
2157 832 2280 870 eum
2311 817 2606 886 procedere
2635 816 2886 886 probant.
2918 812 3024 865 Per
3050 811 3186 864 lianc
3213 805 3359 860 enim
3393 803 3586 856 faisam

2013 907 2413 975 eXpositionem
2454 908 2622 978 aliqui
2645 922 2739 960 eas
2768 914 3017 959 evertere
3057 911 3331 954 conantur
3363 901 3584 964 propter

2009 996 2664 1056 consubstantialitatem.
2705 1003 2960 1064 putanles
3000 991 3104 1045 dici
3136 988 3398 1055 Spiritum
3433 981 3578 1036 Filii.

2011 1085 2164 1140 Hanc
2219 1087 2546 1140 sententiam
2609 1084 2907 1154 Gregorius
2957 1081 3234 1150 Nyssenus
3271 1085 3331 1128 ut
3387 1073 3578 1126 falsam

2009 1177 2301 1232 manifeste
2333 1178 2616 1246 reprobat,
2653 1175 2928 1244 accipiens
2950 1171 3081 1226 illud
3102 1182 3358 1236 tanquam
3388 1165 3585 1217 distiu-

2009 1270 2242 1324 ctivum.
2285 1269 2395 1323 Sed
2427 1283 2558 1322 cum
2605 1267 2672 1321 ad
2721 1263 3116 1320 ostendendam
3145 1258 3367 1328 quidem
3421 1254 3581 1323 hujus

2010 1359 2387 1414 conclusionis
2418 1359 2710 1414 veritatem
2737 1398 2750 1422 ,
2799 1355 3178 1425 Spiritumque
3228 1357 3474 1404 sanctum
3516 1359 3582 1399 ex

2012 1450 2173 1507 Patre
2205 1458 2259 1505 et
2288 1448 2428 1505 Filio
2469 1449 2768 1520 procedere
2811 1445 3184 1518 probandum,
3221 1441 3391 1496 multa
3421 1453 3586 1504 argu-

2013 1552 2220 1605 menta,
2273 1542 2452 1596 multa:
2495 1542 2872 1603 auctoritates,
2922 1539 3107 1592 multa:
3162 1535 3402 1590 rationes
3453 1530 3586 1592 sint,

2013 1636 2146 1688 satis
2182 1642 2365 1686 tamen
2395 1647 2462 1686 ex
2489 1632 2767 1703 praedictis
2795 1631 2898 1685 tibi
2931 1638 3062 1698 puto
3086 1626 3303 1682 fecisse.

2015 1742 2314 1798 Solutiones
2349 1745 2848 1806 inconvenientimn,
2873 1759 2992 1812 qua:
3027 1759 3057 1794 a
3089 1740 3283 1812 ercis
3313 1753 3586 1808 opponun-

2191 1822 2277 1868 tur
2304 1813 2510 1868 Latinis
2543 1824 2590 1867 et
2621 1816 2820 1876 caeteris
2857 1810 2990 1866 recte
3018 1810 3379 1865 sentientibus.

2079 1903 2215 1960 Cum
2267 1921 2397 1959 vero
2446 1904 2694 1974 qumdam
2755 1902 3203 1959 inconvenientia
3258 1899 3438 1961 nobis,
3492 1896 3587 1964 qui

2009 2000 2298 2053 veritatem
2327 1997 2678 2064 conﬁtemur,
2699 1996 2768 2050 ab
2797 1997 2908 2050 illis
2939 1995 3275 2053 inferuntur,
3336 1991 3452 2058 qui,
3488 2004 3592 2043 nec

2009 2090 2141 2158 quid
2193 2089 2399 2151 dicant,
2436 2089 2641 2152 sciunt,
2696 2103 2801 2142 nec
2832 2087 2898 2142 de
2945 2085 3147 2155 quibus
3179 2091 3453 2144 asserunt,
3498 2080 3591 2133 illa

2009 2180 2255 2250 quidem,
2306 2195 2427 2249 qua:
2477 2188 2670 2235 contra
2706 2186 3030 2246 argumenta
3069 2175 3358 2246 probantia
3391 2173 3591 2225 verita-

2011 2280 2118 2326 tem
2152 2280 2535 2340 opponuntur,
2586 2271 2640 2324 in
2680 2269 2931 2339 ipsismet
2975 2267 3317 2337 argumentis
3351 2265 3590 2319 breviter

2008 2362 2293 2425 solvimus,
2327 2371 2387 2417 ut
2409 2362 2616 2416 vidisti.
2655 2359 2860 2414 Eorum
2887 2375 3038 2421 vero,
3072 2373 3195 2427 qua!
3222 2365 3413 2411 contra
3438 2355 3586 2423 ipsa-

2010 2463 2124 2510 met
2163 2454 2576 2510 conclusionem
2611 2452 2978 2514 inferuntur,
3010 2451 3216 2518 eligens
3260 2448 3496 2518 potiora.
3533 2453 3589 2498 et

2008 2563 2130 2616 quae
2186 2546 2361 2616 magis
2409 2545 2730 2600 verisimilia
2780 2542 3076 2605 videntur,
3128 2541 3430 2595 solutiones
3486 2553 3592 2606 pro

2008 2653 2192 2708 posse,
2240 2637 2430 2707 paucis
2467 2645 2523 2691 et
2562 2635 2904 2690 sufﬁcienter
2949 2633 3038 2687 llic
3079 2634 3313 2686 inseram
3349 2648 3362 2696 ;
3397 2641 3457 2684 ut
3488 2629 3584 2682 tibi

2008 2729 2183 2785 oratio
2236 2729 2364 2792 ista,
2405 2743 2571 2797 quam
2618 2727 2735 2780 licri
2777 2733 2978 2794 potest,
3012 2724 3278 2793 completa
3309 2721 3400 2785 sit,
3433 2729 3494 2798 ct~
3519 2721 3585 2772 ad

2008 2824 2191 2875 omnia
2253 2819 2554 2874 suﬂicieus.
2602 2818 2927 2885 Quanquam
2980 2815 3093 2869 haec
3145 2813 3633 2867 iuconvenientia’

2007 2929 2116 2967 non
2149 2920 2338 2968 contra
2386 2926 2491 2964 nos
2523 2910 2860 2973 inferuntur,
2907 2922 3008 2961 nec
3051 2921 3147 2959 nos
3181 2919 3436 2979 tenemur
3469 2902 3590 2955 red-

1995 3006 2138 3060 dere
2191 3004 2460 3056 rationem
2492 3021 2507 3056 :
2538 3003 2633 3056 sed
2684 3009 2876 3053 contra
2920 3007 3143 3053 sanctos
3185 2997 3462 3054 ductores,
3493 2994 3588 3064 qui

2009 3100 2166 3155 nobis
2193 3099 2362 3168 hujus
2393 3098 2672 3168 dogmatis
2734 3096 3010 3167 bujusque
3045 3093 3416 3150 conclusionis
3443 3095 3591 3161 priu-

326 3173 492 3227 detur
524 3174 690 3228 etiam
722 3189 786 3228 et
820 3174 946 3228 hoc.
978 3176 1131 3230 Patet
1154 3193 1390 3246 namque
1437 3181 1582 3249 quod
1615 3196 1738 3235 cum
1765 3181 1902 3239 Filio

2012 3193 2157 3260 ripes
2201 3201 2258 3248 et
2306 3200 2563 3244 auctores
2623 3188 2890 3253 fuerunt;
2933 3195 2989 3242 et
3034 3201 3141 3240 non
3192 3185 3370 3240 solum
3401 3191 3593 3238 contra

327 3275 385 3320 et
444 3265 675 3334 Spiritui
713 3277 902 3322 sancto
955 3282 1248 3324 commune
1294 3271 1368 3326 sit
1423 3272 1906 3342 principiata'esse

331 3359 598 3423 (diximus
629 3360 838 3430 pluries
869 3361 1146 3428 quomodo
1183 3364 1410 3432 capiunt
1433 3369 1606 3418 sancti
1641 3369 1906 3424 doctores

331 3454 506 3507 δι’ωυί
533 3465 837 3515 causatum,
869 3461 923 3506 et
967 3453 1351 3523 principiatum
1407 3456 1462 3510 in
1523 3458 1726 3512 divinis
1758 3461 1910 3515 vid:-

331 3545 466 3600 licet
496 3560 594 3613 pro
623 3559 711 3609 eo,
741 3545 890 3614 quod
930 3555 1013 3599 est
1039 3562 1066 3598 a
1100 3546 1374 3614 principio
1406 3547 1522 3601 sive
1549 3557 1732 3604 creata
1759 3534 1905 3610 esse)

334 3637 533 3706 qua'rit
585 3636 860 3704 quomodo
898 3637 1371 3706 distinguereutur
1429 3638 1497 3690 ab
1548 3638 1808 3704 invicem,
1853 3651 1910 3695 et

335 3730 556 3795 asserit,
607 3729 751 3799 quod
785 3745 1098 3798 quanquam
1146 3745 1438 3783 commune
1493 3732 1730 3787 habeant
1783 3733 1908 3798 hoc,

331 3824 479 3892 quod
513 3824 673 3876 ambo
725 3823 834 3877 siut
888 3833 1110 3876 causata
1161 3824 1274 3876 sive
1332 3824 1683 3892 principiata,
1727 3837 1908 3881 tamen

336 3913 509 3969 Filius
540 3929 606 3965 ex
640 3913 800 3966 Patre
824 3912 1056 3978 'dicitur,
1090 3900 1148 3965 et
1186 3911 1330 3965 ultra
1365 3929 1471 3966 non
1507 3915 1760 3982 procedit
1791 3917 1912 3985 ejus

336 4010 664 4078 preprletas,
699 4007 938 4075 Spiritus
956 4021 1086 4061 vero
1118 4015 1176 4061 et
1203 4022 1272 4061 ex
1299 4006 1459 4061 Patre
1485 4007 1687 4064 dicitur
1717 4019 1774 4063 et
1803 4026 1911 4065 una

333 4119 460 4158 cum
487 4105 591 4156 hoc
620 4102 783 4156 etiam
804 4101 925 4156 Filii
953 4116 1076 4156 esse
1111 4110 1386 4156 testantur
1401 4101 1913 4171 Scriptura-Quare

337 4196 580 4267 Spiritus
611 4196 816 4252 Christi
848 4212 1068 4267 quoque
1116 4195 1363 4266 Spiritus
1414 4207 1521 4259 est,
1562 4197 1734 4252 Filius
1781 4214 1912 4254 vero

336 4307 439 4346 nec
497 4299 584 4344 est
635 4290 895 4358 Spiritus,
951 4304 1052 4343 nec
1092 4287 1316 4344 dicitur.
1354 4287 1421 4342 Et
1471 4289 1575 4344 hoc
1612 4297 1768 4359 putat
1822 4290 1913 4345 bie

335 4393 562 4440 sanctus
599 4389 794 4437 doctor
817 4383 951 4437 satis
981 4395 1102 4436 esse
1150 4381 1215 4435 ad
1244 4381 1720 4450 distinguendum,
1760 4385 1909 4453 quod

334 4476 579 4546 Spiritus
633 4477 850 4530 dicatur
898 4474 1137 4544 Spiritus
1188 4475 1332 4540 Filii,
1391 4474 1565 4528 Filius
1627 4491 1760 4531 vero
1799 4491 1912 4531 non

2012 3282 2405 3346 occidentales,
2430 3281 2526 3351 qui
2556 3281 2902 3350 apertissime
2927 3279 3130 3334 docent
3149 3277 3587 3335 conclusionem,

2009 3373 2107 3428 sed
2155 3387 2264 3426 non
2299 3371 2482 3426 minus
2512 3380 2704 3426 contra
2753 3368 3076 3425 orientales.
3116 3367 3197 3422 Ab
3236 3367 3374 3437 ipsis
3419 3364 3586 3435 igitur

2009 3465 2174 3519 etiam
2206 3464 2513 3520 solutiones
2535 3463 2845 3534 quaarcudte
2871 3469 3022 3523 sunt,
3051 3475 3159 3514 non
3183 3475 3212 3514 a
3242 3459 3422 3520 nobis,
3447 3455 3592 3527 quod

2009 3565 2067 3612 et
2112 3557 2385 3620 fecerunt,
2437 3554 2646 3624 Spiritu
2675 3563 2866 3608 sancto
2900 3551 3238 3622 prmvidente
3281 3563 3472 3604 omnes
3509 3547 3591 3600 in-

2011 3659 2358 3704 surrecturus
2407 3648 2662 3702 haereses.
2721 3647 2974 3699 Attamen
3025 3659 3128 3698 nos
3161 3643 3328 3698 etiam
3364 3641 3432 3694 ab
3483 3639 3593 3693 illis

2013 3740 2330 3805 illuminati,
2371 3748 2428 3792 et
2456 3739 2526 3792 ab
2555 3739 2681 3793 aliis
2710 3738 2845 3792 viris
2883 3736 3084 3802 beatis,
3118 3736 3214 3804 qui
3250 3733 3589 3802 amplissima

2013 3834 2081 3888 de
2117 3837 2219 3888 hac
2255 3848 2312 3887 re
2345 3847 2512 3901 opera
2553 3846 2650 3886 sua
2685 3831 2845 3886 nobis
2878 3830 3242 3900 reliquerunt.
3272 3827 3338 3880 ad
3370 3840 3433 3879 ea
3466 3841 3594 3878 nos-

2016 3925 2277 3994 metipsos
2304 3938 2667 3993 opponemus.
2711 3923 2911 3977 Putant
2952 3922 3119 3990 igitur
3160 3919 3374 3973 Patrem
3412 3926 3464 3969 et
3503 3915 3592 3968 Fi-

1985 4018 2147 4072 lium
2194 4025 2287 4070 aut
2335 4015 2388 4068 in
2431 4029 2594 4069 unatn
2631 4013 2897 4068 contundi
2945 4023 3262 4081 personam,
3296 4010 3338 4061 si
3366 4009 3489 4076 quis
3521 4021 3587 4058 ex

2015 4117 2252 4176 utroque
2312 4105 2614 4175 procedere
2657 4105 2924 4174 Spiritum
2977 4111 3225 4155 sanctum
3273 4098 3440 4164 dicat,
3494 4108 3593 4150 aut

2015 4203 2154 4257 duas
2196 4215 2394 4256 causas
2459 4199 2680 4270 duoque
2734 4197 3003 4267 principia
3052 4209 3278 4248 necesse
3323 4207 3445 4246 esse
3492 4206 3586 4260 po-

2015 4310 2188 4359 nere;
2235 4301 2533 4361 utrumque
2577 4306 2709 4346 vero
2755 4290 2953 4343 horum
2997 4285 3452 4342 absurdissimum
3484 4292 3588 4337 est.

2013 4385 2126 4440 Nos
2158 4399 2293 4438 vero
2324 4382 2391 4437 ad
2417 4382 2801 4438 confusionem
2827 4380 3049 4450 quidem
3085 4392 3443 4449 personarum
3476 4375 3593 4428 bace

2015 4476 2278 4538 dicimus,
2337 4474 2484 4544 quod
2519 4474 2566 4529 si
2595 4472 2973 4543 operationem
3003 4468 3250 4539 spirandi
3280 4467 3591 4524 constituti-

335 4571 557 4626 dicatur
582 4569 754 4623 Filius
788 4567 1056 4636 Spiritus.
1095 4567 1151 4620 Si
1191 4566 1359 4636 igitur
1385 4568 1529 4636 quod
1560 4567 1802 4637 Spiritus
1832 4570 1914 4625 di-
1947 4569 1990 4625 D
2021 4582 2142 4648 vam
2173 4583 2421 4637 persona:
2453 4575 2692 4636 paternae
2714 4579 3072 4634 poneremus.
3105 4572 3238 4617 tunc
3266 4574 3592 4632 sequeretur

334 4672 494 4718 catur
529 4661 769 4730 Spiritus
794 4659 941 4724 Filii,
971 4659 1264 4729 distinguit
1289 4660 1440 4714 illum
1465 4675 1494 4712 a
1527 4659 1916 4727 Filio;secun-

335 4755 469 4809 dum
505 4762 687 4806 autem
723 4761 944 4806 nostros
991 4750 1066 4804 nil
1094 4750 1242 4805 aliud
1279 4751 1432 4805 illum
1461 4765 1491 4805 a
1532 4751 1672 4805 Filio
1719 4752 1916 4807 distin-

336 4847 476 4914 guit,
511 4844 612 4898 nisi
642 4844 896 4898 diversus
933 4842 1306 4912 processionis
1330 4841 1527 4898 modus
1551 4843 1730 4913 ipsum
1763 4843 1918 4898 vide-

336 4940 470 4994 licet
520 4936 741 5005 spirari.
797 4935 950 4989 Idem
1000 4950 1133 5004 ergo
1181 4942 1267 4989 est
1317 4933 1583 5003 Spiritum
1626 4949 1748 4990 esse
1792 4935 1914 4990 Filii

339 5031 629 5100 Spiritum,
689 5038 855 5098 atque
906 5043 974 5082 ex
1032 5028 1170 5082 Filio
1221 5026 1543 5098 procedere.
1575 5028 1745 5098 Cujus
1786 5043 1917 5099 ergo

339 5124 548 5178 dicitur
578 5121 840 5191 Spiritus,
869 5136 938 5175 ex
963 5135 1031 5175 eo
1053 5121 1220 5175 etiam
1252 5121 1503 5190 procedit
1538 5137 1551 5174 :
1584 5121 1790 5175 dicitur
1817 5135 1918 5174 au—

342 5225 452 5271 tem
499 5215 622 5270 Filii
653 5214 895 5283 Spiritus
931 5222 1186 5284 tanquam
1219 5224 1275 5268 et
1312 5212 1520 5280 Patris;
1556 5213 1722 5283 igitur
1750 5212 1916 5268 etiam

341 5324 409 5362 ex
461 5307 598 5361 Filio
624 5305 1088 5375 quemadmodum
1131 5320 1195 5360 ex
1242 5305 1403 5359 Patre
1433 5307 1698 5374 procedit.
1731 5304 1798 5361 Et
1823 5321 1922 5358 no-

345 5401 572 5454 tandum
615 5397 760 5468 quod
800 5413 936 5452 vana
981 5405 1069 5452 est
1101 5396 1470 5466 quorumdam
1513 5397 1787 5467 expositio
1838 5398 1922 5452 di-

345 5495 585 5544 centium
617 5499 842 5560 propter
862 5489 1495 5544 eonsubstantialitatem
1517 5490 1624 5545 dici
1652 5488 1919 5559 Spiritum

347 5581 469 5636 Filii
489 5581 786 5651 Spiritum:
806 5596 930 5635 cum
957 5581 1047 5635 hic
1065 5590 1287 5635 sanctus
1308 5579 1498 5634 doctor
1523 5589 1782 5650 tanquam
1807 5581 1924 5635 dis-

350 5673 641 5728 tinetivum
695 5673 800 5728 hoc
843 5673 1094 5742 accipiat.
1120 5671 1249 5738 Quae
1274 5687 1405 5726 vero
1437 5683 1659 5742 prepter
1683 5675 1922 5727 consub-

350 5765 764 5820 stantialitatem
791 5763 1074 5828 dicuntur,
1099 5765 1322 5826 uniunt,
1347 5780 1457 5820 non
1477 5765 1841 5835 distinguunt.
1865 5766 1922 5821 Si

352 5856 518 5928 igitur
549 5873 656 5914 non
684 5866 906 5930 pmpter
921 5856 1545 5916 censubstantialitatcm
1579 5858 1776 5916 dicitur
1797 5859 1918 5932 Spi-

2017 4660 2122 4716 ltoc
2165 4659 2581 4723 inconveniens,
2629 4667 2688 4712 ut
2734 4655 2908 4712 Filius
2949 4663 3100 4712 esset
3132 4671 3237 4710 una
3284 4655 3590 4725 eademque

2017 4766 2248 4821 persona
2281 4765 2407 4806 cum
2430 4751 2613 4824 Patre.
2663 4749 2803 4805 Cum
2830 4764 2962 4804 vero
2985 4748 3338 4805 constitutiva
3366 4749 3587 4818 quidem

2016 4842 2318 4912 paternalis
2365 4857 2616 4912 persona:
2666 4842 2992 4912 paternitas,
3023 4851 3080 4896 et
3114 4842 3293 4910 ipsum
3326 4856 3606 4909 generare

2016 4934 2308 5004 probatum
2355 4933 2544 5000 fuerit,
2575 4935 2788 5004 spirare
2830 4949 2962 4988 vero
2995 4934 3299 5003 proprietas
3339 4933 3588 5002 qumdam

2017 5045 2255 5098 sequens
2284 5029 2405 5100 ejus
2437 5044 2727 5099 persimam
2763 5027 2874 5097 jam
2905 5027 3256 5082 constitutam
3285 5044 3299 5090 ;
3344 5041 3443 5080 cur
3476 5025 3591 5087 ille,

2017 5122 2106 5175 cui
2139 5121 2448 5176 communis
2477 5130 2561 5176 est
2589 5135 2714 5175 cum
2745 5119 2904 5174 Patre
2935 5134 3045 5173 non
3081 5118 3434 5174 constitutiva
3468 5133 3590 5186 pro-

2019 5213 2246 5286 prietas,
2281 5228 2390 5266 una
2438 5215 2742 5282 eademque
2798 5227 3032 5282 persona
3081 5228 3206 5266 cum
3256 5211 3374 5279 ipso
3415 5211 3589 5264 essu?

2019 5306 2493 5372 Quemadmodum
2527 5306 2673 5361 enim
2713 5319 3006 5360 commune
3036 5302 3248 5357 habens
3275 5301 3445 5357 Filius
3471 5318 3588 5356 eum

2021 5399 2202 5461 Patre,
2249 5397 2398 5464 quod
2451 5397 2690 5466 Spiritus
2719 5396 2938 5450 dicatur
2979 5394 3219 5464 Spiritus
3261 5395 3401 5464 ejus,
3438 5405 3592 5462 prout

2021 5489 2221 5555 Patris,
2283 5493 2412 5545 item
2448 5489 2594 5560 quod
2648 5489 2719 5543 ab
2752 5502 2819 5542 eo
2858 5491 3107 5546 mittatur
3155 5494 3317 5556 prout
3353 5502 3383 5540 a
3419 5488 3589 5545 Patre.

2027 5592 2205 5636 tamen
2245 5597 2354 5634 non
2384 5592 2469 5636 est
2495 5582 2684 5635 eadem
2714 5597 2947 5651 persona
2975 5596 3098 5636 cum
3133 5579 3312 5642 Patre,
3349 5593 3415 5633 eo
3449 5593 3586 5648 quoe

2027 5692 2131 5728 non
2165 5683 2251 5729 est
2288 5675 2729 5738 coustitutivum,
2765 5690 2866 5729 nec
2918 5673 3062 5743 quod
3113 5673 3351 5742 Spiritus
3380 5673 3589 5727 dicatur

2029 5767 2265 5837 Spiritus
2293 5768 2489 5830 Patris,
2509 5782 2612 5821 nec
2639 5766 2784 5836 quod
2812 5783 2840 5820 a
2872 5767 3029 5822 Patre
3065 5768 3331 5822 mittatur.
3357 5768 3488 5823 Item
3517 5775 3580 5823 et-

2030 5863 2074 5917 si
2098 5877 2389 5918 commune
2423 5860 2617 5916 babcat
2643 5876 2764 5916 cum
2798 5860 2956 5917 Patre
2987 5860 3230 5932 spirandi
3279 5861 3576 5933 potentiam
