4086 6428
530 362 637 434 439

1514 390 2022 454 BESSARIONIS
2054 396 2111 457 S.
2148 396 2219 459 Π.
2266 400 2329 459 Ε.
2358 401 2822 465 CAHDINALIS

3702 414 3815 480 MO

534 526 644 563 non
695 510 816 564 ideo
858 511 910 564 in
956 516 1202 570 eamdem
1238 535 1359 572 eum
1407 538 1472 575 eo
1518 525 1878 580 confunditur
1910 544 2097 589 perso-

2224 513 2432 565 entiam
2463 530 2477 577 ;
2515 513 2557 566 si
2587 518 2732 569 enim
2762 518 2922 571 Pater
2948 533 3057 571 non
3094 531 3259 587 esset,
3290 521 3459 579 Filius
3491 534 3545 581 et
3570 525 3811 596 Spiritus

534 616 659 653 nam
740 619 863 657 cum
923 608 1132 669 Sttit‘at‘e
1194 628 1299 665 non
1380 617 1453 667 sit
1508 622 1804 684 paterualis
1858 639 2118 699 personre

534 696 970 751 ccastitutivum.
1026 702 1204 764 Quare
1274 706 1447 761 donec
1508 726 1613 763 non
1687 696 1949 779 probetur
2007 721 2120 786 spi-

538 789 689 839 randi
765 791 1062 857 potentiam
1128 801 1427 863 paternaiis
1497 819 1746 869 persona?
1805 815 2119 868 constituti-

538 892 658 929 vam
715 894 874 945 ese,
934 899 1047 936 nec
1082 887 1332 941 confusio
1392 907 1748 958 personarum
1807 901 1932 953 inde
1992 919 2118 969 pro-

536 968 652 1023 hari
714 973 933 1038 poterit.
978 973 1084 1028 Sed
1141 979 1386 1045 Spiraudi
1450 987 1693 1051 polentia
1760 968 2115 1049 constitutiva

533 1077 677 1126 esse,
720 1064 936 1130 probari
989 1083 1094 1121 non
1146 1080 1325 1137 potest
1374 1092 1388 1124 :
1440 1090 1561 1128 eum
1610 1080 1736 1146 quia
1793 1095 2117 1151 sequeretur

534 1154 677 1218 quoi
723 1154 881 1208 Pater
922 1156 1148 1213 haberet
1176 1162 1312 1215 duas
1375 1182 1638 1233 personas
1684 1182 1737 1225 et
1774 1173 1912 1229 duas
1946 1176 2117 1247 hypo-

535 1256 724 1299 stases.
777 1263 835 1303 iit
876 1251 938 1304 in'
970 1254 1240 1324 principio
1286 1261 1570 1325 probatum
1620 1276 1721 1328 est,
1779 1268 1883 1324 hoc
1932 1282 2115 1328 autem

534 1334 930 1396 inconveniens
956 1361 969 1397 ε
995 1352 1107 1397 tum
1139 1347 1266 1414 quia
1297 1348 1413 1403 haec
1446 1354 1636 1420 petitio
1660 1358 1913 1427 principii
1944 1373 2112 1419 esset.

534 1428 745 1484 I‘onere
796 1449 1029 1502 namque
1085 1441 1383 1506 potentiam
1422 1444 1670 1509 Spirandi
1706 1451 2114 1509 constitutivam

533 1534 655 1575 esse
694 1538 943 1591 personae
986 1528 1181 1589 Pluris.
1237 1541 1290 1583 et
1336 1548 1401 1587 ex
1435 1534 1597 1590 Patre
1636 1540 1809 1594 solum
1848 1542 2113 1613 Spiritum

536 1617 858 1680 procedere,
892 1634 1059 1670 unum
1089 1630 1144 1674 et
1175 1621 1315 1675 idem
1352 1635 1456 1679 est.
1489 1627 1670 1691 Quare
1694 1630 1784 1698 qui
1820 1632 1923 1687 hoc
1948 1625 2113 1702 dicit,

537 1705 674 1770 petit
726 1707 1079 1789 principium.
1118 1712 1254 1766 Cum
1306 1727 1486 1770 autem
1538 1718 1642 1773 hoc
1680 1737 1786 1774 non
1827 1725 2112 1793 probetur,

535 1810 637 1849 nec
669 1786 922 1853 confusio
964 1817 1322 1870 personarum
1356 1810 1626 1877 sequitur,
1667 1829 1975 1883 quanquam
2001 1820 2114 1873 sint

536 1888 632 1957 qui
681 1890 928 1946 credant.
989 1892 1200 1947 Dictum
1256 1910 1341 1951 est
1380 1910 1560 1953 autem
1621 1903 1673 1956 in
1734 1907 2115 1972 superioribus

538 1994 787 2050 quantum
836 1999 1025 2037 eorum
1062 2002 1183 2054 qua:
1230 1988 1297 2042 de
1354 1991 1462 2045 Deo
1497 1993 1776 2057 dicuntur,
1809 2001 2120 2054 communia

541 2086 664 2125 Sunt
696 2094 708 2139 ;
738 2073 856 2139 qua:
886 2078 1130 2145 propria,
1157 2089 1211 2133 et
1246 2086 1598 2150 propriorum
1627 2103 1876 2156 quamam
1908 2090 2123 2149 duabus

540 2168 789 2233 per-sonis
834 2172 1051 2236 propria
1084 2189 1097 2233 ;
1136 2190 1257 2241 qua:
1296 2192 1424 2229 vero
1462 2180 1553 2232 uni
1605 2180 1729 2241 s'oii,
1777 2198 1967 2235 eorum
2002 2201 2123 2253 quzc

541 2254 634 2305 nni
664 2255 762 2307 Soli
790 2273 802 2320 ;
828 2273 1079 2325 quamam
1107 2260 1177 2315 ita
1206 2265 1425 2333 propria
1452 2276 1598 2332 sunt,
1628 2275 1685 2321 ut
1738 2279 1790 2323 et
1814 2273 2123 2338 personalia

540 2344 658 2399 sive
688 2347 1026 2417 ltyposlulica
1062 2352 1209 2418 sint;
1239 2371 1359 2424 quae
1390 2372 1520 2411 vero
1554 2359 1623 2413 ita
1659 2363 1899 2430 propria,
1936 2372 1995 2416 ut
2026 2379 2124 2416 no-

542 2437 723 2493 tiones
774 2456 879 2494 non
926 2451 984 2495 ut
1032 2442 1410 2515 hypostatica;
1461 2451 1620 2518 quale
1674 2453 1851 2521 ipsmn
1904 2470 2122 2523 quoque

540 2531 753 2595 spirare
801 2533 1009 2588 dictum
1065 2545 1149 2590 est
1198 2554 1340 2593 esse.
1380 2540 1551 2610 igitur
1581 2557 1645 2595 ex
1695 2543 1761 2597 iis
1810 2561 1930 2613 quae
1977 2561 2124 2600 nunc

545 2622 691 2677 dicta
723 2636 872 2687 sunt,
915 2636 971 2680 et
1008 2642 1075 2681 ex
1109 2628 1176 2683 iis
1214 2645 1336 2699 qua:
1368 2631 1420 2684 in
1468 2633 1846 2700 superioribus
1882 2652 2122 2706 prmsup-

541 2717 725 2782 posita
751 2714 993 2777 fuerunt,
1031 2717 1197 2788 hujus
1231 2719 1669 2777 inconvenientis
1701 2725 1903 2778 soi‘utio
1944 2735 2116 2794 patet.

540 2800 653 2859 Nec
686 2805 846 2860 habet
867 2808 1135 2876 quispiam
1163 2811 1397 2879 amplius
1426 2827 1686 2868 accusare
1708 2814 1953 2879 Latinos,
1977 2821 2122 2884 quod

536 2894 918 2951 Confusionem
972 2898 1325 2954 introducunt
1369 2917 1747 2970 personarum.
1801 2905 1872 2959 De
1901 2906 2118 2961 duabus

540 3002 673 3040 vero
704 2990 902 3051 causis,
939 2989 1053 3044 sive
1084 2991 1297 3045 duobus
1330 2993 1632 3063 principiis,
1663 3011 1783 3064 quze
1813 2998 1864 3051 in
1906 3000 2116 3053 theolo-

540 3078 574 3131 Β
600 3093 683 3130 am
715 3077 892 3132 Latini
928 3082 1281 3136 introducere
1311 3085 1529 3152 quidam
1563 3098 1871 3154 autumant,
1904 3091 2115 3161 hocque

541 3171 938 3225 inconveniens
977 3174 1147 3243 magis
1175 3190 1270 3228 eos
1302 3178 1476 3243 sequi,
1520 3195 1680 3247 quam
1718 3182 1965 3235 umhram
1997 3200 2121 3239 cor-

544 3275 674 3329 pora
709 3271 904 3329 putant
938 3280 949 3314 :
987 3264 1115 3329 quid
1148 3264 1435 3319 dicemus?
1466 3268 1671 3337 Nempe
1700 3270 1803 3323 hoc
1843 3272 1895 3325 in
1933 3275 2120 3341 primis

539 3353 833 3407 dicendum
863 3363 964 3416 est,
995 3357 1138 3424 quod
1173 3357 1286 3426 ipsa
1316 3360 1428 3413 sola
1460 3363 1760 3418 auctoritas
1799 3374 2113 3418 sanctorum

543 3444 776 3499 siiiliciat
806 3448 1059 3503 ﬁdelibus
1108 3465 1335 3505 necesse
1363 3462 1447 3506 est
1476 3471 1487 3505 :
1517 3453 1608 3522 qui
1643 3463 1934 3523 utrumque
1962 3457 2117 3510 dixe-

544 3546 691 3598 runt.
717 3548 775 3593 et
802 3539 946 3608 quod
974 3541 1209 3610 Spiritus
1242 3561 1268 3596 a
1307 3543 1462 3599 Patre
1497 3547 1745 3620 procedit
1797 3559 1849 3599 et
1880 3547 2033 3611 Filio,
2066 3560 2121 3604 et

541 3634 692 3701 quod
732 3644 990 3705 tanquam
1028 3637 1096 3690 ab
1145 3652 1263 3692 uno-
1303 3641 1597 3709 principio.
1648 3642 1763 3696 Non
1813 3643 1960 3695 enim
2007 3644 2117 3696 duo

541 3725 809 3795 principia
864 3725 1097 3794 Spiritus
1146 3737 1275 3782 sunt
1351 3731 1509 3784 Pater
1562 3742 1617 3785 et
1690 3732 1878 3796 Filius,
1939 3735 2119 3803 inquit

541 3814 903 3883 Augustinus,
937 3816 1030 3869 scd
1061 3832 1229 3869 unum
1251 3817 1372 3884 ejus
1399 3818 1559 3872 ambo
1587 3819 1919 3888 principium
1948 3828 2114 3883 sunt;

541 3907 1004 3974 quemadmodum
1058 3922 1326 3963 creaturae
1378 3924 1485 3962 non
1536 3910 1637 3963 tria
1679 3911 1968 3979 principia,
2021 3911 2117 3965 sed

542 4013 710 4053 unum
746 4010 877 4053 sunt
908 4001 1094 4065 Pater,
1135 4010 1191 4055 et
1223 4002 1415 4068 Filius,
1449 4001 1687 4072 Spiritus
1727 4013 1969 4066 sanctus,
2001 4002 2116 4071 ipsa

543 4090 787 4146 Trinitas
817 4092 981 4147 Deus.
1015 4093 1187 4159 Quam
1234 4093 1399 4163 igitur
1430 4095 1628 4163 aliquis
1658 4095 1755 4148 hac
1787 4095 2113 4163 apertiorem

542 4193 753 4253 qumrat
799 4186 1158 4251 solutionem,
1220 4200 1383 4255 quam
1449 4184 1690 4253 Spiritus
1746 4194 1967 4240 sanctus
2018 4202 2117 4256 per

543 4280 708 4351 hujus
739 4281 1067 4336 sanctissimi
1101 4280 1275 4335 Patris
1298 4297 1361 4336 os
1412 4290 1466 4334 et
1491 4280 1734 4335 doctoris
1761 4280 1978 4336 locutus
2004 4290 2110 4336 est.

542 4370 659 4428 Non
698 4374 843 4428 enim
876 4374 1044 4428 lateat
1068 4389 1167 4428 nos
1196 4374 1339 4444 quod
1373 4373 1518 4428 idem
1558 4374 1946 4429 inconveniens
1970 4373 2113 4428 mul-

546 4471 725 4515 torum
753 4462 1010 4517 videlicet
1032 4463 1451 4533 priueipidrum,
1476 4472 1531 4518 et
1558 4463 1855 4519 multorqu
1884 4463 2112 4520 deorum

2223 615 2448 657 sanctus
2482 622 2579 658 nec
2608 608 2829 661 creandi
2865 610 3168 676 potentiam
3210 613 3500 678 haberent,
3550 634 3653 673 nec
3690 636 3812 673 om-

2222 692 2354 747 nino
2376 709 2582 759 essmit,
2631 698 2758 752 item
2787 702 3047 767 quoniam
3077 719 3183 757 una
3219 713 3275 759 et
3325 707 3520 762 eadem
3553 726 3837 771 numero,-

2225 794 2276 836 et
2325 789 2605 842 comm-ini
2655 790 2963 859 divinitate,
3016 795 3130 849 sive
3165 796 3346 852 divina
3400 802 3636 855 essentia
3677 818 3814 871 pro-

2221 874 2463 931 deuote:
2498 878 2621 931 ideo
2645 881 2838 933 merito
2864 898 3003 938 unus
3024 885 3164 939 Deus
3181 895 3236 941 et
3255 903 3394 942 unus
3414 888 3639 944 Creator
3657 900 3812 947 sunt.

2293 966 2425 1020 Item
2471 984 2730 1036 quoniam
2771 987 2875 1025 una
2935 984 2991 1027 et
3032 975 3223 1030 eadem
3274 994 3505 1033 numero
3553 984 3804 1049 potentia

2219 1064 2339 1109 erat
2369 1072 2494 1110 cum
2523 1059 2680 1112 Patre
2713 1078 2725 1122 ;
2761 1060 2929 1115 Filius
2989 1075 3040 1118 et
3076 1064 3317 1134 Spiritus
3347 1078 3569 1125 sanctus
3597 1086 3663 1126 ex
3697 1088 3811 1127 una

2220 1156 2275 1200 et
2304 1146 2495 1201 eadem
2542 1164 2771 1202 numero
2802 1159 2862 1203 et
2902 1156 3183 1209 communi
3230 1157 3542 1226 divinitate,
3575 1161 3691 1215 sive
3725 1163 3817 1218 di-

2220 1237 2345 1291 vina
2386 1240 2626 1294 essentia
2660 1241 2968 1310 prodeunte
3003 1261 3018 1299 :
3052 1246 3176 1300 ideo
3225 1249 3420 1303 merito
3452 1267 3595 1306 unus
3638 1253 3815 1322 Deus,

2218 1337 2273 1382 et
2304 1344 2446 1382 unus
2482 1328 2710 1384 Creator
2739 1345 2890 1388 sunt.
2932 1336 3046 1391 lloc
3080 1337 3222 1392 idem
3268 1341 3436 1410 igitur
3474 1343 3543 1398 de
3587 1360 3819 1414 proces-

2218 1419 2373 1474 sione
2404 1419 2641 1491 Spiritus
2667 1438 2733 1478 ex
2781 1426 2943 1481 Patre
3008 1439 3061 1483 et
3109 1430 3247 1484 Filio
3284 1434 3564 1491 suiliciens
3598 1437 3670 1491 sit
3700 1438 3822 1495 illis

2218 1512 2312 1580 qui
2356 1515 2421 1567 de
2454 1514 2556 1569 hoc
2586 1527 2855 1585 quaerunt.
2890 1518 3166 1585 Quoniam.
3190 1523 3394 1577 etenim
3438 1542 3569 1593 una,
3621 1537 3679 1583 et
3718 1545 3823 1585 ea-

2220 1601 2342 1656 dem
2380 1605 2623 1673 spirandi
2662 1610 2904 1675 potentia
2954 1625 3021 1664 ex
3076 1627 3183 1666 una
3229 1622 3284 1666 et
3331 1615 3525 1669 eadem
3570 1619 3824 1673 essentia

2220 1697 2528 1766 prodeunte
2586 1698 2748 1754 Pater
2792 1711 2847 1755 et
2891 1700 3062 1758 Filius
3094 1703 3361 1771 Spiritum
3410 1719 3659 1763 sanctum
3699 1711 3826 1780 spi-

2221 1796 2347 1840 rant
2376 1804 2390 1840 :
2417 1791 2753 1857 etquoniam
2785 1807 2812 1845 a
2844 1792 3003 1847 Patre
3034 1794 3176 1849 hanc
3209 1796 3453 1865 spirandi
3494 1802 3811 1869 potentiam

2147 1864 2190 1923 Β
2226 1876 2400 1931 Filius
2452 1879 2640 1944 habet,
2695 1882 2818 1937 ideo
2868 1900 3012 1939 unus
3069 1888 3330 1955 spirator,
3383 1905 3489 1944 una
3532 1907 3699 1947 causa
3751 1902 3823 1949 et

2230 1985 2397 2021 lillllm
2436 1972 2769 2041 principiqu
2804 1981 3171 2041 proccsslonis
3204 1979 3445 2048 Spiritus
3468 1982 3627 2036 ambo
3661 1995 3825 2039 sunt.

2231 2059 2353 2115 llaec
2389 2062 2553 2125 igitur
2593 2075 2651 2117 ut
2703 2063 2911 2119 dictum
2948 2078 3039 2122 est"
3080 2068 3401 2125 sufﬁcerent
3436 2088 3544 2127 non
3581 2084 3826 2128 conten-

2222 2152 2491 2206 dentibus
2549 2166 2773 2223 propter
2833 2158 3124 2214 doctorum
3192 2163 3609 2229 auctoritatem,
3661 2164 3824 2221 idem

2230 2253 2410 2299 tamen
2465 2247 2678 2301 ratione
2728 2264 2947 2318 quoque
2983 2251 3284 2319 probatur;
3335 2269 3460 2308 cum
3504 2258 3652 2310 enim
3703 2257 3829 2313 duo

2227 2335 2358 2400 sint,
2381 2336 2447 2389 ad
2476 2353 2597 2407 quze
2618 2353 2778 2393 oume
2802 2340 3133 2409 productum
3169 2343 3430 2407 refertur,
3457 2346 3628 2400 forma
3658 2349 3826 2404 vide—

2226 2428 2374 2492 licet,
2424 2432 2725 2484 secundum
2762 2448 2925 2501 quam
2961 2437 3308 2502 producitur,
3369 2446 3425 2491 et
3468 2441 3825 2509 suppositum

2225 2529 2322 2572 aut
2356 2514 2607 2587 persona,
2642 2537 2709 2575 ex
2743 2538 2870 2592 qua,
2943 2527 2987 2579 si
3030 2526 3191 2581 Pater
3230 2538 3283 2582 ct
3325 2528 3517 2591 Filius,
3552 2535 3827 2600 quemad-

2228 2611 2449 2665 modum
2512 2616 2618 2667 duo
2669 2628 2797 2669 sunt
2845 2618 3148 2671 secundum
3213 2635 3500 2687 personas,
3546 2622 3588 2676 si
3642 2624 3713 2677 ita
3760 2617 3826 2678 εί

2227 2703 2424 2770 forma,
2475 2708 2776 2759 Secundum
2832 2724 2993 2777 quam
3048 2711 3395 2780 producunt,
3447 2713 3558 2767 duo
3606 2727 3822 2780 essent,

2230 2802 2362 2848 tunc
2393 2798 2709 2851 incocssario
2741 2798 2851 2852 duo
2880 2810 3064 2855 essent
3094 2802 3362 2872 principia
3390 2804 3652 2873 Spiritus,
3688 2823 3821 2860 cum

2227 2902 2359 2941 vero
2405 2890 2507 2942 etsi
2552 2891 2803 2959 personis
2834 2892 2975 2947 duos
3029 2908 3154 2949 esse
3192 2894 3485 2959 fateamur,
3522 2896 3709 2952 forma-
3741 2908 3825 2951 ta-

2230 2997 2379 3047 men,
2415 2998 2519 3051 qua
2548 2985 2860 3053 producunt
2885 3002 3052 3041 unum
3077 3004 3310 3042 numero
3339 2990 3473 3055 sint,
3504 2999 3560 3044 et
3587 2993 3823 3046 omnino

2228 3072 2530 3127 iudistincti
2577 3074 2682 3145 (est
2724 3077 2879 3129 enim
2918 3078 3031 3147 ipsa
3070 3078 3255 3134 divina
3286 3081 3525 3135 essentia
3575 3097 3683 3136 una
3760 3093 3826 3138 et.

2228 3165 2418 3221 eadem
2476 3183 2707 3223 numero
2766 3171 3078 3224 communis
3138 3172 3452 3238 ambobus,
3504 3175 3822 3229 secundum

2230 3275 2391 3328 quam
2420 3260 2579 3313 ambo
2613 3260 2873 3330 Spiritum
2907 3263 3267 3331 producunt},
3306 3281 3414 3319 non
3448 3277 3528 3320 est
3570 3282 3821 3323 necesse:

2233 3351 2342 3404 imo
2408 3352 2750 3420 impossibile
2795 3365 2898 3421 est,
2950 3355 3060 3410 duo
3116 3356 3389 3427 principia
3448 3358 3660 3413 dicere.
3719 3361 3827 3415 Est.

2229 3443 2435 3497 ctenim
2471 3459 2575 3497 una
2608 3460 2840 3498 numero
2867 3447 3175 3503 essentiaiis
3205 3449 3381 3502 activa
3414 3451 3665 3519 spiratio,
3693 3467 3823 3521 qua:

2228 3550 2352 3588 cuni
2390 3537 2472 3592 eis
2508 3538 2729 3605 pr0pria
2770 3538 2862 3603 sit,
2898 3554 3004 3592 non
3051 3549 3235 3609 potest
3278 3551 3456 3596 tamen
3499 3558 3621 3597 esse
3664 3559 3821 3597 com-

2228 3628 2419 3682 munis
2460 3628 2687 3697 Spiritui
2739 3644 2952 3695 saneto,
2986 3648 3053 3686 eo
3085 3633 3229 3702 quod
3266 3643 3327 3686 ut
3362 3636 3565 3704 stepius
3606 3637 3819 3691 dictum

2225 3730 2309 3774 est
2345 3722 2642 3791 opponitur
2686 3725 2806 3792 ejus
2838 3725 3183 3793 proprietati.
3215 3725 3409 3781 Omnia
3449 3729 3594 3781 enim
3628 3745 3821 3784 essen-

2232 3815 2378 3867 tialia
2406 3815 2721 3869 communia
2750 3816 2889 3870 Filio
2921 3826 2976 3871 ct
3034 3819 3262 3888 Spiritui
3292 3829 3481 3874 sancto
3505 3837 3628 3875 cum
3656 3823 3821 3879 Patre

2224 3918 2377 3973 sunt,
2423 3908 2589 3962 salvis
2638 3917 2817 3963 tamen
2868 3924 3060 3963 eorum
3114 3912 3569 3980 proprietatibus.
3617 3914 3817 3968 Omnia

2224 4000 2370 4054 enim
2417 4009 2504 4055 est
2553 3998 2725 4053 Filius
2761 4016 3100 4070 qumcunque
3142 4011 3197 4054 et
3247 4002 3444 4068 Pater,
3496 4001 3731 4057 Basilius
3760 4014 3822 4058 et

2223 4092 2405 4147 caeteri
2424 4092 2677 4148 doctores
2698 4094 2872 4157 aiunt,
2897 4108 3128 4148 manens
3155 4093 3209 4147 in
3232 4108 3300 4146 eo
3326 4094 3472 4163 quod
3505 4106 3590 4149 est
3618 4094 3815 4162 Filius,

2225 4185 2488 4239 videlicet
2547 4185 2599 4239 in
2657 4185 2777 4254 ejus
2830 4186 3187 4254 proprietate.
3240 4185 3563 4256 Quanquam
3608 4189 3817 4242 etenim

2223 4276 2451 4346 a-qualis
2507 4285 2562 4330 et
2605 4275 2800 4330 similis
2843 4276 2916 4329 sit
2966 4276 3137 4338 Patri,
3200 4292 3469 4345 generare
3520 4289 3704 4331 tamen
3756 4294 3819 4332 se

2224 4367 2404 4437 ipsum
2457 4383 2565 4421 non
2606 4376 2809 4436 potest,
2846 4383 2969 4421 cum
3011 4367 3081 4421 sit
3113 4367 3231 4438 ejus
3266 4370 3583 4438 proprietati
3638 4386 3819 4439 oppu-

2227 4476 2421 4530 gnatis.
2468 4460 2671 4515 Eodem
2723 4461 2884 4514 modo
2922 4459 3162 4528 Spiritus
3191 4476 3429 4529 quoque,
3474 4463 3575 4516 etsi
3627 4462 3819 4515 omnia

544 4551 599 4605 in
632 4553 993 4621 productione
1025 4554 1189 4607 etiam
1224 4567 1488 4609 creaturae
1520 4566 1865 4623 sequeretur.
1904 4556 1959 4609 Si
1992 4557 2117 4626 quis
2147 4548 2192 4607 Ι)
2220 4552 2529 4607 communia
2557 4551 2722 4604 habet
2745 4566 2868 4604 eum
2902 4550 3061 4604 Patre
3097 4559 3153 4605 et
3200 4549 3359 4616 Filio,
3390 4562 3572 4606 servet
3626 4562 3813 4607 tamen

547 4659 653 4695 non
703 4645 792 4713 pie
831 4646 1226 4711 consideraret,
1266 4648 1412 4718 quod
1458 4663 1486 4700 a
1534 4648 1638 4703 lide
1681 4648 1992 4719 Christiana
2039 4660 2127 4705 est

543 4733 803 4798 alienum,
852 4744 910 4791 et
960 4738 1292 4793 conveniens
1342 4738 1661 4807 gentilibus.
1702 4741 1816 4795 Hoc
1860 4742 2005 4794 enim
2041 4750 2127 4795 est

545 4822 613 4876 de
640 4839 748 4892 quo
780 4825 1011 4879 maxime
1043 4840 1143 4880 nos
1170 4829 1402 4897 gentiles
1428 4844 1773 4895 accusamus,
1800 4830 1947 4900 quod
1980 4831 2122 4885 mul-

546 4922 630 4966 tos
662 4915 916 4970 videlicet
948 4915 1371 4971 introducebant
1419 4918 1574 4982 deos,
1625 4920 1937 4989 multosque
1965 4936 2122 4976 crea-

544 5018 711 5060 tures.
744 5006 878 5060 Cum
912 5007 1078 5077 igitur
1128 5024 1228 5062 nos
1252 5011 1418 5063 etiam
1454 5019 1565 5065 tres
1610 5011 1823 5067 divinas
1868 5028 2127 5081 personas

543 5112 812 5156 creatum
871 5118 1091 5155 causam
1150 5112 1207 5157 et
1251 5104 1583 5173 principium
1642 5106 1965 5169 credamus,
2026 5122 2128 5161 nos

541 5195 705 5247 etiam
739 5193 843 5247 hoc
873 5194 1267 5249 inconveniens
1300 5205 1647 5265 sequeretur,
1684 5205 1741 5250 et
1773 5197 1942 5250 multa
1977 5196 2128 5250 vidc-

545 5302 731 5339 remur
766 5300 969 5354 ponere
1010 5287 1301 5355 principia,
1338 5287 1646 5354 multasque
1682 5285 2030 5351 divinilalcs,
2079 5293 2123 5345 εἰ

542 5378 667 5445 quis
699 5390 806 5430 non
836 5386 981 5430 recte
1012 5377 1296 5444 intelligat.
1333 5376 1438 5430 Sed
1468 5377 1596 5430 audi
1632 5378 1912 5446 quomodo
1950 5378 2125 5432 sancti

543 5470 800 5520 ductores
834 5466 1241 5534 sapientissime
1282 5466 1386 5520 hoc
1416 5469 1658 5522 solvunt.
1692 5467 1825 5522 Nam
1868 5479 1923 5522 et
1952 5469 1997 5521 si
2030 5468 2128 5521 Pa-

547 5568 706 5619 trem,
756 5564 809 5609 et
865 5555 1083 5619 Filium,
1137 5565 1193 5608 et
1248 5555 1511 5621 Spiritum
1558 5567 1809 5611 sanctum
1859 5567 2125 5611 ereatura:

540 5662 761 5699 causam
788 5660 907 5700 esse
934 5648 1223 5701 credamus
1250 5664 1263 5701 :
1295 5648 1557 5717 quoniam
1594 5657 1772 5701 tamen
1811 5648 1877 5701 ad
1912 5646 2146 5700 Patreur

542 5738 730 5790 omnia
774 5745 1114 5799 returuntiir,
1145 5750 1199 5793 et
1231 5741 1357 5808 quia
1399 5739 1468 5793 ab
1500 5756 1567 5795 eo
1608 5740 1817 5793 habent
1857 5749 1913 5793 et
1954 5737 2126 5791 Filius

546 5840 610 5885 et
656 5831 891 5900 Spiritus
928 5845 1149 5891 sanctus
1212 5842 1265 5889 ct
1302 5835 1481 5904 ipsum
1512 5850 1651 5901 esse,
1686 5843 1737 5891 et
1770 5834 1992 5890 creandi
2028 5850 2121 5905 νου

2227 4660 2382 4699 suam
2434 4644 2823 4713 proprietatem
2873 4658 3101 4697 necesse
3147 4653 3233 4697 est
3279 4645 3451 4714 :quia
3499 4646 3708 4714 Spirare
3755 4661 3817 4700 se

2228 4736 2405 4806 ipsum
2438 4752 2544 4789 non
2572 4744 2773 4803 potest,
2806 4750 2930 4789 cum
2965 4737 3067 4790 hoc
3100 4747 3379 4805 oppugnet
3403 4737 3522 4804 ejus
3556 4739 3816 4806 proprie-

2228 4829 2347 4884 tati.
2397 4828 2475 4881 Ex
2527 4827 2614 4881 bis
2663 4827 2828 4894 igitur
2873 4826 3176 4881 clarissime
3219 4836 3369 4895 patet
3414 4827 3550 4881 falso
3582 4827 3817 4882 Latinos

2227 4920 2495 4980 accusari,
2528 4919 2673 4988 quod
2706 4918 2819 4971 duo
2853 4927 3059 4987 ponant
3096 4918 3148 4971 in
3181 4918 3471 4973 divinitate
3513 4919 3813 4987 principia.

2228 5012 2358 5066 Item
2394 5018 2487 5064 aut
2514 5010 2751 5079 perlecta
2783 5018 2886 5069 est,
2914 5011 3089 5071 aiunt,
3119 5026 3183 5064 ex
3222 5009 3378 5064 Patre
3418 5009 3728 5079 processio,
3757 5018 3813 5063 et

2227 5103 2515 5171 superﬂuit
2547 5102 2634 5154 illa
2676 5116 2795 5168 qua:
2827 5116 2892 5154 ex
2926 5098 3065 5153 Filio
3096 5107 3201 5162 est,
3238 5109 3333 5153 aut
3380 5101 3423 5153 si
3462 5100 3578 5152 hazc
3619 5114 3813 5151 ncces-

2227 5194 2366 5247 saria
2405 5202 2508 5257 est,
2551 5191 2871 5260 imperfecte
2918 5205 2983 5243 ex
3031 5190 3188 5242 Patre
3231 5188 3493 5257 procedit.
3533 5188 3644 5240 lloe.
3675 5204 3814 5241 vero

2232 5284 2626 5339 inconveniens
2653 5292 2757 5343 cst,
2791 5282 3161 5350 imperfectam
3197 5284 3574 5347 Operatiunem
3619 5281 3810 5331 dicere

2228 5374 2424 5440 Patris,
2450 5384 2506 5428 et
2530 5372 2595 5427 ad
2629 5388 2781 5427 suam
2814 5370 3208 5440 perfectionem
3250 5370 3386 5422 Filio
3421 5370 3682 5439 indigere.
3725 5372 3808 5424 Ad

2229 5460 2350 5539 quin
2387 5466 2810 5536 respondemus,
2859 5465 2982 5518 illos
3016 5464 3109 5532 qui
3151 5465 3265 5518 hinc
3311 5465 3521 5525 dicunt,
3567 5461 3686 5513 ideo
3720 5480 3817 5515 er-

2229 5574 2370 5623 rare,
2431 5558 2561 5627 quia
2603 5557 2832 5610 omnino
2870 5555 3010 5608 duos
3058 5569 3179 5607 esse
3232 5564 3425 5621 putant
3474 5554 3725 5611 Putrem,
3757 5562 3819 5606 et,

2231 5651 2453 5714 Filium,
2504 5659 2558 5703 et
2601 5664 2795 5702 eorum
2840 5648 3214 5714 Operatioucs,
3254 5645 3508 5699 lion-anis
3537 5647 3816 5709 exemptis

2230 5743 2581 5804 in'ca'rentcs,
2603 5741 2727 5808 quia
2754 5739 2938 5792 vident
2964 5738 3194 5791 duorum
3224 5738 3502 5791 hominum
3529 5736 3663 5788 duas
3683 5752 3813 5789 csse

2234 5832 2576 5901 opcratiuncs
2626 5848 2872 5897 numero,
2920 5832 3022 5901 etsi
3085 5836 3148 5886 ad
3180 5848 3345 5886 unum
3378 5834 3633 5886 cti'rcttzm
3684 5838 3813 5883 tcu-
