4086 6438
309 385 414 468 4n

1275 393 1374 458 ItE
1419 389 1943 456 PROCESSIONE
1982 389 2340 453 SPl'RlTUS
2385 391 2682 452 SANCTL

3513 393 3626 458 4.2

307 515 466 578 dant.
501 522 552 568 el
578 511 866 567 distinctas
907 511 974 566 ab
993 510 1261 578 invicem,
1294 523 1494 583 putant
1521 513 1664 568 idem
1696 513 1916 566 contin-

2025 509 2164 563 turis
2191 508 2964 577 connumctent?praesertim
3003 526 3133 566 eum
3189 512 3378 566 nullus
3425 526 3616 566 eorum

305 623 442 679 gere
476 607 642 661 etiam
679 605 732 658 in
767 605 898 658 Deo.
928 603 1083 670 Quod
1116 605 1574 658 absurdissimum
1617 615 1720 659 est.
1754 604 1918 658 Nam-

305 714 420 768 que
461 699 624 752 Pater
664 707 720 752 et
755 697 924 750 Filius
959 698 1206 764 personis
1265 697 1614 752 solummodo
1645 694 1915 758 distincti,

307 793 372 844 in
406 793 620 844 cmtcris
686 803 856 842 unum
903 797 957 842 et
998 789 1141 843 idctn
1185 799 1314 843 sunt
1359 806 1512 859 :quo
1561 789 1618 842 lit
1650 797 1708 842 ut
1747 791 1912 842 etiam

308 881 562 950 Spirandi
595 885 898 948 potentiam
935 895 1096 933 unam
1169 889 1223 934 et
1259 881 1506 935 eamdem
1541 895 1784 942 numero
1815 880 1914 934 lia-

309 975 500 1035 beant,
529 983 584 1026 ct
611 970 776 1026 simul
817 986 924 1023 non
967 985 1243 1030 seorsum,
1285 987 1385 1026 nec
1422 971 1511 1024 ltic
1551 971 1728 1040 prius,
1767 971 1910 1024 alter

312 1064 626 1136 posterius,
692 1077 796 1117 nec
829 1063 916 1116 hic
953 1063 1080 1127 alia,
1113 1064 1252 1117 alter
1277 1064 1380 1116 alia
1417 1064 1722 1133 spiratione
1744 1065 1918 1132 spirct

313 1157 608 1226 Spiritum,
645 1165 707 1210 ut
761 1155 796 1209 ii
848 1155 944 1223 qui
979 1156 1303 1224 corporales
1351 1155 1405 1208 in
1447 1155 1709 1209 omnibus
1756 1162 1912 1215 sunt.

313 1257 556 1320 putant;
598 1246 692 1302 sed
727 1247 894 1301 simul
935 1255 990 1301 et
1022 1247 1235 1317 absque.
1269 1257 1515 1317 tempore
1553 1263 1662 1302 una
1690 1245 1915 1301 eadem-

314 1356 428 1411 que
473 1355 709 1394 numero
750 1340 1050 1408 spiratione
1101 1339 1344 1409 perfecte
1397 1340 1586 1402 ant-bu,
1641 1349 1699 1394 ει
1744 1355 1914 1409 supra

317 1449 542 1491 omnem
580 1433 977 1504 perfectionem
1023 1449 1150 1488 cum
1185 1434 1421 1502 Spirent.
1474 1434 1712 1488 Necesse
1761 1435 1912 1488 enim

318 1533 408 1580 est
435 1524 628 1579 eadem
669 1523 836 1576 toties
879 1523 946 1576 ad
997 1537 1096 1577 eos
1129 1523 1262 1589 dici,
1293 1525 1386 1594 qui
1422 1526 1588 1580 toties
1620 1525 1914 1580 audientes

317 1629 434 1668 non
469 1611 838 1683 intelligunt;
877 1623 973 1668 aut
1017 1613 1150 1683 quid
1204 1616 1292 1668 isti
1335 1616 1543 1679 dicent,
1587 1617 1632 1669 si
1659 1616 1783 1684 quis
1819 1630 1916 1670 eos

319 1713 578 1759 econtra
628 1703 955 1775 interroget,
1004 1707 1050 1760 si
1099 1705 1400 1776 perfectam
1453 1709 1686 1763 credunt
1721 1707 1914 1762 mundi

317 1813 388 1854 ex
427 1798 590 1853 Patre
622 1799 986 1867 creationem,
1019 1815 1088 1854 an
1126 1802 1280 1856 non?
1311 1802 1376 1857 'Si
1407 1804 1553 1857 enim
1587 1803 1911 1872 perfectam,

319 1905 496 1959 quare
529 1889 730 1944 Filium
765 1905 990 1960 quoque
1022 1901 1080 1946 et
1115 1892 1380 1962 Spiritum
1417 1903 1700 1948 creatures
1728 1893 1911 1954 nomi-

323 1980 490 2034 nant?
516 1979 572 2034 Si
607 1996 739 2036 vero
765 1981 1170 2051 imperfectam,
1201 1994 1259 2039 et
1289 1985 1412 2039 ideo
1450 1986 1646 2040 Filium
1705 1997 1756 2042 et
1783 1987 1916 2058 Spi—

321 2072 492 2127 ritum
527 2069 688 2127 Patri
721 2075 1022 2140 associant,
1058 2077 1417 2132 considerent
1443 2077 1576 2147 quid
1605 2079 1814 2134 dicant.
1847 2080 1916 2134 At

321 2165 568 2234 perfecta
603 2163 830 2234 quidem
864 2181 932 2220 ex
965 2165 1126 2222 l’atre
1168 2169 1356 2223 mumli
1387 2169 1616 2235 creatiu,
1651 2187 1756 2226 una
1785 2187 1916 2226 vero

321 2260 628 2332 eademque
651 2276 885 2316 numero
913 2260 1038 2316 Filii
1089 2273 1145 2318 et
1168 2263 1408 2333 Spiritus
1427 2266 1674 2334 Operatio
1699 2265 1766 2319 ad
1798 2266 1916 2335 ejus

325 2351 670 2407 creationem
712 2361 818 2421 est,
871 2361 928 2408 et
960 2369 1072 2408 non
1109 2355 1218 2408 alia
1267 2355 1470 2419 Patris,
1519 2357 1624 2410 alia
1671 2357 1912 2424 liorum;

325 2451 469 2496 tunc
500 2444 642 2497 enim
676 2445 948 2500 haberent
984 2446 1168 2500 locum
1205 2446 1322 2500 lia-c
1354 2447 1586 2517 puerilia
1619 2448 1809 2503 dubia.
1837 2449 1917 2504 lla

330 2535 498 2604 igitur
538 2546 594 2589 et
637 2537 693 2590 in
743 2540 1030 2607 proposito
1075 2539 1316 2607 perfecta
1365 2539 1614 2609 quidem,
1660 2549 1716 2594 et
1748 2555 1918 2610 super

301 2613 546 2682 omnem
575 2630 974 2698 perfectionem
1006 2639 1094 2686 est
1125 2631 1362 2701 Spiritus
1396 2647 1460 2687 ex
1497 2633 1659 2687 l’atrc
1690 2647 1916 2702 proces-

324 2719 410 2774 sio
439 2737 451 2774 :
479 2721 674 2774 eadem
720 2737 851 2776 vero
897 2731 953 2776 et
1001 2737 1107 2778 una
1139 2738 1373 2778 numero
1407 2738 1474 2778 ex
1525 2723 1666 2778 Filio
1697 2739 1917 2794 quoque

333 2810 586 2882 ejusdem
605 2811 853 2882 Spiritus
884 2813 1113 2883 spiratio
1138 2823 1244 2881 est,
1279 2829 1390 2868 nun
1427 2815 1530 2869 alia
1563 2825 1620 2870 et
1653 2817 1779 2880 alia,
1815 2827 1918 2869 nec

321 2902 488 2956 aliter
523 2913 580 2958 et
622 2904 804 2965 aliter.
849 2920 952 2959 nec
989 2905 1231 2974 priur‘et
1277 2907 1574 2974 posterior,
1615 2907 1712 2961 sed
1752 2905 1919 2963 simul

321 2993 545 3060 eadem,
574 3005 629 3050 et
651 2997 911 3050 similiter
937 2987 1062 3052 cum
1099 3011 1204 3053 una
1233 3008 1289 3052 et
1324 2997 1514 3052 eadem
1552 3012 1782 3052 numero
1809 2997 1921 3068 spi-

323 3089 486 3142 randi
524 3089 772 3158 putcntia
815 3089 1082 3159 Spiritum
1127 3091 1291 3145 ambo
1337 3091 1568 3160 spirant.
1619 3092 1684 3147 Et
1732 3093 1920 3146 nullus

2021 605 2112 675 qui
2149 621 2294 658 nunc
2335 605 2547 664 vivunt,
2581 605 2779 666 Latini.
2827 620 2930 660 nec
2977 607 3070 675 qtti
3131 615 3252 676 post
3286 605 3617 660 divisionem

2025 705 2080 749 ct
2114 696 2408 750 infans-tum
2446 697 2744 766 infelixque
2780 698 2913 753 illud
2945 699 3186 754 schisma
3229 698 3480 763 fuerunt,
3517 697 3626 751 hoc

2021 787 2199 856 primo
2247 788 2492 852 dixerit;
2544 791 2638 844 sed
2695 789 2772 842 illi
2821 792 2986 858 prisci
3035 791 3236 855 sancti,
3276 791 3352 844 illi
3405 789 3622 857 antiqui

2019 877 2294 936 doctores.
2331 879 2420 931 illa
2467 879 2760 933 luminaria
2809 897 3022 948 magna,
3051 868 3292 949 quorum
3343 896 3514 935 sonus
3559 881 3616 933 itt

2020 985 2238 1023 omnem
2275 980 2474 1022 terram
2511 973 2697 1028 exivit.
2725 983 2779 1026 et
2805 973 2970 1027 verba
2999 974 3052 1026 in
3077 973 3218 1027 ﬁnes
3245 974 3396 1028 erbis
3430 983 3613 1035 terrae,

2019 1065 2224 1132 quique
2259 1079 2286 1116 a
2330 1063 2490 1116 nobis
2515 1075 2570 1117 et
2609 1065 2814 1118 nostris
2863 1073 2923 1117 ut
2959 1065 3218 1133 praecipui
3274 1066 3532 1120 doctores
3561 1073 3620 1118 ct

2019 1154 2194 1207 sancti
2227 1155 2422 1207 merito
2454 1155 2820 1221 celebrantur,
2860 1155 2978 1208 hinc
3020 1156 3268 1225 exempla
3302 1165 3357 1210 et
3391 1157 3619 1210 invene-

2020 1245 2150 1305 rint,
2184 1255 2237 1298 et
2267 1245 2531 1298 dixerint.
2568 1247 2908 1315 Augustinus
2935 1246 3164 1308 ctenim,
3187 1247 3293 1315 qui
3330 1246 3614 1312 profundi-

2023 1342 2128 1388 tate
2154 1337 2402 1390 scientiae
2433 1352 2630 1392 omnes
2658 1337 2960 1400 antecellit,
2999 1341 3286 1392 sanctitate
3315 1351 3374 1392 et
3400 1337 3618 1391 fervore

2018 1423 2306 1478 charitatis
2341 1427 2390 1478 in
2425 1426 2596 1480 Deum
2623 1427 2756 1480 nulli
2787 1429 2926 1481 cedit
2959 1445 2983 1482 τι
3019 1429 3362 1498 Augustinus
3393 1436 3496 1486 est.
3536 1431 3620 1478 itt-

2020 1533 2207 1588 qnam,
2240 1517 2330 1586 qui
2369 1518 2486 1575 haec
2519 1519 2728 1574 eisdem
2771 1521 2960 1574 verbis
2993 1521 3130 1575 dicit
3173 1522 3387 1575 Patrem
3421 1529 3478 1574 et
3530 1520 3620 1574 Fa-

2023 1611 2166 1665 lium
2247 1613 2458 1668 scilicet
2513 1615 2848 1683 principium
2907 1631 3028 1669 esse
3107 1603 3358 1684 Spiritus
3419 1615 3618 1669 sateti.

2019 1705 2496 1770 Quemadmodum
2553 1706 2796 1773 Patrem,
2847 1718 2904 1762 et
2953 1709 3186 1774 Filium,
3235 1717 3292 1762 ει
3347 1707 3618 1776 Spiritum

2019 1807 2268 1853 sanctum
2339 1815 2506 1854 unum
2567 1799 2898 1868 principium
2949 1809 3216 1854 creaturae
3275 1799 3614 1854 credendum

2023 1902 2126 1948 est.
2157 1877 2442 1947 ‘Accusent
2483 1895 2518 1947 ii
2575 1894 2666 1964 qui
2697 1894 2860 1948 facile
2893 1902 3091 1948 cuncta
3125 1893 3369 1958 audent,
3401 1901 3458 1946 et
3486 1892 3618 1946 bea-

2025 1990 2139 2036 tum
2196 1984 2578 2060 Athanasium,
2615 1985 2710 2054 qui
2768 1985 2820 2038 in
2877 1985 3102 2055 Dialogo
3148 1983 3455 2040 Ortltodoxi
3490 1999 3618 2040 cum

2025 2074 2234 2128 Ariano
2297 2075 2623 2130 dissimilem
2658 2077 2859 2131 Filium
2893 2078 3060 2142 Patri,
3087 2076 3444 2146 ct'Spiritutn
3475 2077 3620 2130 Filio

2023 2177 2080 2222 et
2106 2166 2252 2220 l‘atri
2283 2177 2542 2237 ponente,
2575 2168 2653 2222 ita
2679 2169 2816 2223 dicit
2850 2187 2864 2222 :
2896 2169 2989 2224 Dei
3023 2179 3220 2224 natura
3249 2185 3372 2226 cum
3407 2169 3530 2223 Filii
3560 2179 3620 2224 et

2027 2258 2266 2328 Spiritus
2297 2261 2471 2315 sancti
2516 2275 2680 2314 causa
2705 2269 2816 2323 est,
2847 2269 2970 2314 tum
3000 2262 3180 2316 omnis
3215 2269 3519 2325 creatura;
3560 2269 3618 2314 ot

2025 2353 2186 2407 simili
2217 2351 2444 2406 audacia
2474 2359 2569 2406 aut
2601 2352 2800 2407 Filium
2828 2365 2882 2406 et
2911 2351 3176 2421 Spiritttm
3207 2369 3329 2406 cum
3361 2363 3614 2408 creatura

2025 2454 2253 2514 ponant,
2283 2453 2376 2496 aut
2407 2453 2718 2498 creaturam
2775 2459 2902 2497 cum
2933 2443 3070 2498 Filio
3101 2454 3154 2497 ει
3188 2443 3392 2513 Spiritu
3421 2456 3616 2499 sancto

2027 2546 2084 2590 ut
2118 2537 2288 2590 Deum
2327 2533 2535 2600 colant,
2581 2547 2641 2592 ut
2681 2537 2928 2588 eamdem
2967 2550 3201 2590 numero
3239 2551 3459 2589 causam
3490 2551 3616 2590 esse

2027 2629 2122 2683 Dei
2159 2628 2418 2683 videlicet
2442 2638 2496 2683 et
2522 2637 2812 2694 creaturas,
2839 2638 3072 2684 sanctus
3102 2629 3298 2684 ductor
3329 2628 3606 2683 docuerit.

2030 2721 2136 2776 Sed
2183 2721 2296 2775 bace
2346 2721 2748 2790 impotentium
2796 2731 2852 2776 et
2915 2721 3285 2790 ignorantium
3327 2719 3614 2773 hominum

2027 2821 2178 2867 sunt.
2229 2812 2444 2867 Etenim
2503 2829 2626 2867 cum
2685 2813 3165 2881 inconvenientiaj,
3215 2827 3337 2882 qua:
3386 2811 3614 2880 quidam

2029 2913 2220 2959 contra
2243 2922 2426 2960 veram
2459 2917 2700 2962 nostram
2730 2906 3137 2960 conclusionem
3157 2907 3278 2960 suis
3306 2904 3616 2960 rationibus

2031 2998 2236 3053 inferre
2269 2999 2471 3066 solent,
2505 3000 2618 3054 lucc
2655 2999 2997 3068 potissimum
3033 2999 3181 3063 sint;
3219 3009 3273 3052 et
3307 2999 3370 3051 ad
3413 2997 3530 3052 haec
3567 2997 3614 3050 si

2029 3107 2136 3160 qna
2171 3093 2277 3146 alia
2332 3100 2482 3158 sunt,
2531 3092 2892 3146 referantur:
2936 3099 3102 3160 patet,
3155 3090 3301 3160 quod
3351 3090 3462 3144 illis
3491 3090 3614 3144 Deo

325 3195 524 3236 rursus
557 3182 910 3252 blasphemiae
947 3183 1077 3237 hinc
1109 3183 1376 3238 rationem
1408 3195 1652 3249 accuset,
1687 3185 1912 3239 amliens
1941 3206 1983 3262 ο
2028 3184 2248 3239 favente
2296 3183 2632 3239 sufﬁcienter
2683 3185 2876 3238 solutis
2899 3226 2912 3250 ,
2977 3195 3172 3238 caetera
3222 3185 3389 3238 etiam
3445 3182 3612 3237 simul

325 3289 431 3330 nos
465 3290 532 3330 ex
575 3285 830 3331 creatura
875 3285 1192 3346 arguentes.
1221 3277 1298 3331 Et
1342 3277 1466 3331 ideo
1503 3287 1660 3346 putet
1691 3277 1920 3335 Latinos

325 3370 592 3439 Spiritum
629 3379 882 3425 sanctum
913 3372 1056 3425 inter
1088 3380 1371 3426 creaturas
1406 3385 1653 3441 ponere;
1693 3371 1920 3426 fuerunt

323 3462 555 3528 etenim,
584 3471 639 3516 et
674 3473 824 3528 sunt,
867 3463 961 3532 qui
1003 3464 1058 3516 in
1091 3463 1234 3518 hanc
1265 3464 1430 3518 etiam
1463 3463 1804 3534 proterviam
1863 3473 1919 3518 ει

324 3554 597 3610 insaniam
623 3554 988 3619 devenerunt,
1021 3565 1078 3608 ut
1105 3555 1210 3610 huc
1236 3570 1456 3625 quoque
1491 3554 1706 3608 Latinis
1736 3556 1918 3623 impu-

329 3653 446 3698 tare
478 3645 768 3699 auderent.
797 3644 922 3701 llaec
949 3647 1096 3700 enim
1133 3655 1230 3700 aut
1259 3648 1580 3711 stultorum,
1615 3655 1708 3700 aut
1741 3646 1915 3718 jocari

325 3731 628 3786 volentium
667 3741 837 3799 sunt;
878 3745 974 3787 aut
1003 3735 1222 3788 illorum
1267 3736 1361 3805 qui
1399 3737 1659 3805 ignorant
1691 3747 1915 3790 sanctos

329 3820 518 3876 l’alrcs
547 3831 602 3877 et
629 3823 886 3878 doctores
930 3827 1129 3891 srepius
1165 3841 1195 3878 a
1221 3834 1472 3879 creatura
1510 3834 1568 3879 et
1629 3826 1910 3879 sensibili-

327 3914 435 3969 bus
455 3917 724 3986 exemplis
753 3917 1191 3972 manuducentes
1221 3933 1320 3972 nos
1353 3918 1419 3972 ad
1449 3919 1788 3973 credendum
1825 3935 1914 3973 res

327 4008 734 4063 intellectualcs
781 4019 836 4063 et
880 4009 1186 4064 invisibiles
1233 4019 1401 4079 atque
1435 4009 1674 4074 divinas,
1715 4011 1784 4064 ab
1827 4011 1912 4064 eis

327 4114 450 4168 quae
475 4109 530 4152 et
553 4101 693 4153 exile
727 4099 1016 4169 vestigium
1049 4101 1246 4154 divina:
1276 4099 1655 4154 similitudinis
1683 4101 1905 4164 habent,

327 4193 422 4247 illa
457 4193 755 4260 probantes
779 4207 878 4260 pro
901 4207 1082 4260 posse.
1112 4192 1441 4246 Trinitatem
1479 4195 1682 4246 ctenim
1716 4209 1910 4261 perso-

326 4299 526 4338 narum
573 4282 884 4336 Orientales
938 4283 1188 4352 quidem,
1244 4285 1552 4351 intellectu,
1625 4287 1796 4341 verbo
1854 4299 1910 4341 et

327 4379 527 4446 spiritu
557 4395 570 4442 ;
599 4379 728 4431 item
769 4379 952 4438 oculo.
986 4380 1134 4433 fonte
1187 4389 1242 4433 ct
1273 4379 1439 4432 llu.io
1467 4396 1480 4444 ;
1525 4396 1718 4434 rursus
1763 4381 1900 4447 sole,

329 4469 489 4524 radio
531 4479 587 4522 ει
631 4469 754 4523 lucc
797 4487 810 4524 :
855 4469 1234 4524 Occidentales
1282 4485 1412 4523 vero
1462 4469 1584 4524 aliis
1633 4471 1909 4524 similibus

328 4563 626 4621 ostendere
653 4571 947 4620 conantur.
975 4561 1232 4626 Quamvis
1257 4562 1688 4631 unumquodque
1714 4577 1904 4614 eurum
1946 4547 1985 4598 ί)

328 4654 708 4721 exemplorum
743 4655 846 4708 etsi
909 4654 1118 4706 ratione
1149 4653 1250 4704 tria
1282 4653 1414 4718 sint,
1453 4669 1561 4706 una
1600 4665 1778 4706 tamen
1819 4652 1908 4717 lty-

331 4749 569 4818 pustasis
617 4747 731 4799 sive
765 4745 1072 4800 substantia
1108 4745 1329 4799 realitcr
1363 4757 1464 4800 cst.
1511 4747 1696 4799 Patres
1725 4759 1906 4799 tamen

329 4857 444 4897 non
487 4847 752 4910 putarunt
791 4849 1082 4909 propterea
1120 4840 1457 4908 propositam
1503 4839 1787 4892 veritatem
1829 4840 1914 4892 of-

329 4933 586 4998 fendere,
617 4935 714 4990 sed
744 4943 1011 5004 quantum
1043 4932 1335 4986 intentioni
1380 4947 1572 4986 eorum
1615 4932 1914 4986 convenie-

331 5029 429 5082 bat
460 5043 524 5080 ex
557 5026 623 5080 iis
643 5027 911 5095 exemplis
931 5025 1288 5095 accipientes,
1321 5025 1621 5094 reliquum,
1651 5039 1910 5094 tanquam
1939 5077 1942 5080 .

337 5121 580 5177 alienum
623 5135 652 5173 a
685 5119 942 5181 veritate,
988 5117 1349 5188 repellebant.
1389 5117 1453 5170 lit
1483 5133 1644 5171 nemo
1674 5133 1770 5174 eos
1813 5133 1915 5171 nec

335 5213 619 5268 accusavit
645 5229 746 5266 nec
777 5211 1082 5274 accusabit,
1109 5211 1286 5264 donec
1327 5211 1526 5264 mentis
1553 5225 1778 5279 compos
1808 5221 1910 5276 est,

335 5305 541 5360 talibus
579 5303 724 5374 quod
757 5303 842 5358 usi
874 5303 1082 5358 fuerint
1107 5303 1392 5372 exemplis.
1419 5305 1715 5370 Quomodo
1747 5306 1916 5374 igitur

337 5399 564 5453 Latinus
603 5409 748 5451 recte
807 5397 930 5466 quis
980 5399 1283 5461 accusabit,
1321 5397 1364 5452 si
1401 5399 1464 5451 ad
1508 5397 1912 5452 ostendendam

337 5504 502 5543 unam
530 5488 886 5555 eamdemque
915 5501 1146 5542 numero
1175 5503 1296 5542 esse
1320 5489 1634 5556 spiralivam
1660 5489 1714 5541 iit
1754 5487 1917 5542 Patre

331 5589 392 5638 et
413 5580 550 5635 Filio
571 5584 895 5652 potentiam,
920 5591 1143 5635 utantur
1159 5581 1410 5648 exemplo
1431 5580 1498 5634 ab
1516 5580 1772 5634 omnibus
1789 5595 1922 5634 cou-

335 5692 513 5744 cessu,
560 5693 667 5730 una
718 5656 1020 5746 eademque
1068 5691 1300 5729 nmncru
1342 5691 1371 5728 a
1399 5671 1666 5728 Trinitate
1707 5675 1916 5729 entium

337 5767 662 5826 creatione?
701 5776 794 5820 aut
825 5765 1103 5838 quomodo
1137 5778 1432 5836 propterea
1464 5767 1791 5821 calumniari
1820 5783 1919 5823 cus

337 5864 536 5935 aliquis
569 5859 814 5928 audebit,
836 5859 981 5932 quod
1018 5858 1286 5931 Spiritum
1315 5867 1566 5918 sanctum
1604 5873 1729 5916 cum
1764 5875 1917 5918 crea~

2027 3284 2312 3342 corruunt,
2344 3286 2550 3344 etquae
2588 3277 2653 3330 ad
2698 3275 2813 3330 ltzec
2846 3277 2993 3330 dicta
3038 3285 3190 3341 sunt,
3235 3285 3293 3330 et
3327 3276 3391 3329 ad
3426 3275 3612 3330 omnia

2023 3369 2194 3420 etiam
2233 3369 2321 3421 illa
2359 3367 2658 3422 suliiciunt.

2025 3501 2298 3572 Expositio
2333 3504 2711 3574 auctoritatum
2755 3503 3029 3557 doctarum
3071 3505 3448 3571 quorumdam,
3491 3519 3611 3574 qua:

2327 3569 2536 3625 Latinis
2570 3576 2854 3626 contraria:
2884 3591 2993 3626 csse
3029 3569 3294 3627 videnlur.

2088 3663 2362 3720 C:eteru:n
2411 3673 2582 3718 restat
2629 3665 2980 3719 considerare
3027 3681 3149 3734 qua:
3199 3683 3228 3718 a
3280 3669 3610 3735 quihusdam

2019 3757 2446 3811 auctoritatibus
2476 3755 2764 3810 ducto-rum
2799 3757 3091 3826 oppositis,
3139 3766 3196 3807 ιιι
3242 3758 3608 3822 arbitrantur,

2017 3849 2230 3901 Latinis
2252 3858 2305 3901 et
2332 3849 2497 3917 hujus
2521 3849 2794 3917 dogmatis
2821 3847 3036 3902 veritati
3067 3859 3326 3916 arguunt,
3355 3858 3610 3916 putantes

2017 3938 2513 3992 contradictionem
2561 3955 2625 3992 ex
2668 3940 2748 3992 eis
2795 3936 3128 3991 concludere
3161 3956 3174 3991 :
3207 3953 3440 4005 quarum
3498 3953 3606 3991 una

2015 4033 2239 4100 quidem
2282 4039 2366 4082 est
2411 4029 2522 4091 illa,
2567 4045 2731 4098 quam
2771 4029 2824 4082 in
2875 4029 3228 4098 'l‘ltcolugicis
3266 4031 3382 4082 suis
3413 4031 3606 4084 beatus

2013 4124 2255 4178 Joannes
2299 4123 2669 4176 Damascenus
2713 4122 2789 4174 ait
2821 4138 2835 4180 :
2881 4119 3148 4189 Spiritum
3183 4119 3308 4176 Filsi
3343 4121 3604 4198 dicimus,

2012 4227 2078 4265 ex
2109 4212 2250 4265 Filio
2276 4225 2408 4266 vero
2444 4225 2554 4262 non
2587 4210 2842 4264 dicimus.
2888 4209 3066 4263 Altera
3096 4225 3229 4262 vero
3267 4206 3604 4264 sanctissimi

2015 4302 2259 4370 Dionysii
2289 4300 2652 4370 Arcupagitm,
2703 4301 2755 4353 itt
2798 4299 2938 4352 libro
2977 4300 3050 4351 De
3071 4299 3264 4352 divinis
3301 4301 3600 4355 nominibus

2012 4393 2244 4448 dicentis
2277 4393 2480 4447 :Solus
2529 4393 2650 4446 fons
2685 4391 3009 4452 divinitatis,
3057 4390 3146 4460 qui
3184 4407 3344 4459 supra
3385 4407 3602 4445 omnem

2013 4485 2382 4539 substantiam
2413 4493 2519 4548 est,
2553 4483 2716 4538 Pater
2772 4491 2877 4536 est.
2923 4483 3056 4536 Nam
3092 4484 3191 4537 etsi
3241 4485 3437 4552 aliqua:
3478 4485 3601 4539 alia:

2013 4577 2388 4646 reperiantur,
2425 4577 2672 4648 cju-detn
2709 4585 2890 4630 tamen
2943 4577 3227 4630 sententiae
3258 4587 3406 4638 sunt,
3441 4585 3495 4628 et
3536 4577 3603 4630 ad

2015 4669 2131 4723 haec
2161 4678 2419 4739 tanquam
2471 4668 2756 4738 potissima
2799 4677 2854 4721 et
2895 4683 3017 4736 qua:
3055 4668 3314 4722 videntur
3343 4651 3604 4740 expresse

2013 4760 2224 4814 Latinis
2254 4775 2374 4814 esse
2399 4760 2696 4822 contraria,
2725 4759 3065 4812 referuntur.
3097 4758 3172 4811 De
3215 4758 3281 4814 iis
3309 4773 3441 4825 ergo
3468 4759 3596 4814 dua-

2013 4852 2118 4906 bus
2155 4852 2421 4906 duntaxat
2467 4851 2928 4906 considerandum
2985 4860 3088 4905 est.
3135 4850 3216 4905 Ad
3268 4851 3399 4905 illud
3447 4869 3602 4922 σει-ε».

2014 4943 2160 5016 quod
2191 4943 2434 4998 Joannes
2473 4941 2840 4996 Damascenus
2887 4943 2982 5006 ait,
3031 4941 3158 4996 audi
3197 4959 3358 5011 quam
3396 4945 3607 5013 simpli-

2015 5040 2178 5095 citer.
2209 5050 2372 5104 quam
2402 5035 2570 5105 jtlsle,
2607 5051 2883 5104 quamque
2916 5033 3252 5086 sumi-icnler
3284 5033 3350 5086 ad
3384 5051 3607 5102 pursuit-

2018 5129 2259 5184 dendum
2310 5143 2410 5196 pro
2477 5125 2685 5180 Latinis
2741 5135 2797 5180 et
2841 5141 3032 5178 eorum
3091 5125 3349 5192 opinione
3407 5129 3605 5178 contir-

2018 5221 2214 5275 manda
2251 5217 2732 5288 reSpondebimus.
2771 5216 2992 5270 Nullum
3031 5217 3270 5271 dicimus
3301 5230 3495 5268 nomen
3529 5217 3602 5270 ita

2020 5312 2299 5366 sullieicns
2329 5323 2472 5372 esse,
2504 5319 2560 5361 ut
2587 5323 2752 5362 unum
2779 5308 2957 5360 solum
2989 5308 3154 5376 possit
3182 5309 3408 5376 prtec'se
3433 5307 3602 5376 signi-

2021 5403 2204 5463 ficare.
2249 5407 2396 5470 quod
2431 5399 2484 5452 in
2515 5399 2718 5452 divinis
2750 5400 3058 5467 exprimere
3094 5399 3368 5460 volumus,
3403 5411 3515 5466 quo
3545 5397 3605 5452 fit

2023 5505 2081 5549 ut
2112 5493 2300 5548 multis
2329 5501 2385 5546 et
2407 5490 2641 5544 diversis
2668 5491 2842 5543 altero
2873 5504 3058 5553 unam,
3090 5490 3263 5541 altero
3285 5487 3446 5542 aliam
3483 5502 3600 5540 rem

2022 5599 2125 5640 nec
2173 5593 2304 5636 tunc
2349 5579 2618 5648 complete
2667 5580 3056 5648 significemus.
3107 5577 3242 5632 Cum
3296 5577 3442 5630 enim
3485 5577 3603 5634 [nec

2024 5677 2250 5731 nomina
2282 5685 2338 5728 et
2367 5673 2532 5725 verba
2566 5687 2594 5724 a
2633 5675 2797 5725 nobis
2829 5672 3051 5724 inventa
3094 5670 3226 5730 sint.
3269 5677 3326 5723 et
3370 5671 3464 5734 qui
3506 5687 3603 5724 na-

2027 5781 2145 5824 tura
2192 5781 2452 5837 rcgtmur,
2493 5773 2548 5818 ει
2585 5762 2678 5834 qui
2718 5762 3064 5816 naturalibus
3097 5763 3260 5816 rebus
3295 5777 3358 5817 ea
3392 5761 3603 5832 signiﬁ-

2026 5863 2215 5922 candis
2243 5861 2602 5934 imponimus,
2634 5870 2738 5915 nec
2771 5857 3098 5925 inventuris,
3131 5869 3234 5913 nec
3257 5869 3449 5913 eorum
3479 5855 3602 5928 qui-
