4086 6426
495 355 598 417 ΗΒ

1471 334 1971 399 ΒΕΞὸΑΙῖΙΟΧΙΞ
2013 335 2075 394 S.
2119 338 2190 395 R.
2222 336 2285 396 E.
2324 333 2794 393 CARIHNALIS

3652 333 3761 397 444

496 480 600 529 tius
660 470 1057 539 imponuntur,
1123 469 1375 516 naturam
1453 460 1722 513 excedere
1786 463 2017 525 possunt
2052 473 2065 509 :
2100 462 2324 518 Acent.
2379 455 2522 511 Sunt
2570 466 2752 508 tamen
2810 454 3061 507 nonnulli
3112 463 3461 520 sanctorum,
3514 472 3757 524 quorum

494 566 725 631 ideoque
770 558 987 612 divinas
1041 569 1126 608 res
1170 550 1439 620 complete
1490 548 1803 618 signiﬁcare
1844 547 2068 601 minime

496 644 741 726 possunt.
776 651 956 713 Quare
984 643 1460 715 imperfectionem
1507 640 1791 694 nominum
1834 654 1942 692 non
1980 647 2068 690 at-

499 742 843 802 tribuendam
875 753 996 794 esse
1028 738 1194 791 rebus
1223 734 1448 797 divinis,
1481 733 1663 787 omnis
1692 732 1785 800 qui
1815 740 1962 785 recte
1988 746 2070 784 sa-

496 837 598 906 pit,
641 834 893 887 afﬁrmat.
940 828 1046 884 Sed
1077 844 1201 882 cum
1231 827 1354 881 aliis
1387 824 1699 879 nominibus
1727 824 1943 877 divinas
1986 838 2074 877 res

496 925 809 995 exprimere
858 936 968 975 non
1019 919 1323 989 possimus,
1389 915 1651 970 utendum
1706 915 1928 983 quidem
1988 914 2074 968 his

500 1014 779 1069 consuetis
810 1011 1129 1066 nominibus
1158 1017 1263 1064 est.
1288 1007 1567 1064 Utendum
1602 1015 1780 1059 tamen
1815 1006 1868 1058 in
1902 1020 2075 1073 quan-

498 1120 613 1162 tum
659 1108 827 1162 rebus
856 1103 1177 1175 signiﬁcatis
1206 1104 1571 1167 conveniunt,
1606 1099 2073 1169 imperfectionem

497 1214 710 1259 eorum,
750 1206 805 1251 et.
850 1196 893 1250 si
938 1194 1072 1264 quid
1104 1192 1563 1246 inconvenientia-
1598 1205 1790 1245 secum
1831 1198 2073 1258 portant,

500 1289 823 1349 relellcndo,
874 1296 929 1341 et
964 1302 1062 1352 per
1105 1284 1253 1338 aliud
1301 1299 1500 1337 nomen
1534 1281 1806 1335 defectum
1852 1282 2078 1334 alterius

498 1380 830 1449 supplendo.
863 1379 924 1432 in
952 1377 1253 1446 quastione
1283 1376 1465 1443 itaque
1497 1375 1795 1443 proposita,
1823 1373 2078 1427 videlicet

506 1472 558 1525 in
595 1469 948 1538 proccssione
978 1466 1220 1536 Spiritus
1253 1481 1316 1519 ex
1348 1464 1510 1517 Patre
1544 1473 1598 1517 ct
1623 1463 1787 1527 Filio,
1826 1462 1933 1515 duo
1964 1462 2079 1516 haec

500 1562 816 1615 necessario
842 1561 1134 1629 exiguntur
1164 1575 1177 1611 :
1218 1572 1407 1615 unitm.
1440 1554 1584 1624 quod
1616 1554 1774 1607 Pater
1824 1561 1879 1607 et
1907 1551 2077 1605 Filius

498 1654 783 1722 mqnaliter
838 1663 1000 1719 atque
1030 1650 1354 1718 simpliciter
1384 1648 1649 1717 Spiritum
1680 1654 1924 1698 sanctum
1958 1642 2073 1711 Spi-

501 1752 645 1804 rent,
672 1758 777 1795 non
806 1757 946 1795 unus
973 1742 1233 1808 perfecte,
1262 1740 1400 1792 alter
1427 1736 1773 1804 imperfecte;
1804 1734 1904 1786 hoc
1930 1734 2077 1786 enim

2172 547 2339 616 aliqui
2392 547 2617 615 majoris
2664 546 2913 601 fecerunt
2964 548 3239 609 ordinem,
3292 558 3352 600 ut
3400 548 3574 614 maior
3630 563 3765 614 pars

2171 635 2538 689 Orientalium
2583 654 2594 689 :
2631 636 2798 704 aliqui
2832 638 3222 707 aequalitatem,
3244 638 3357 691 sive
3390 638 3762 702 identi'atem,

2175 738 2234 781 ut
2280 727 2500 797 plurimi
2552 727 3007 782 Occidentalium.
3048 729 3115 781 Et
3145 727 3610 795 quemadmoinm
3666 748 3764 784 oc-

2172 819 2473 873 cidentales
2496 819 2671 887 pluris
2694 820 2959 873 facientes
2978 819 3346 886 mqualitatcm
3373 820 3571 887 szepius
3595 829 3765 874 utun-

2175 915 2263 961 tur
2291 924 2375 971 ex,
2405 908 2475 961 ita
2504 909 2821 969 orientales,
2851 908 2943 976 qui
2992 900 3242 963 ordinem
3281 909 3502 975 majoris
3565 909 3762 962 existi-

2176 1008 2346 1062 mant,
2386 1013 2509 1052 cum
2551 1000 2752 1068 quibus
2801 1008 2856 1053 et
2897 999 3092 1053 beatus
3118 1000 3356 1053 Joannes
3393 1000 3763 1055 Damascenus

2176 1102 2647 1155 connumeratur,
2704 1108 2797 1161 per
2851 1101 2911 1145 ut
2967 1091 3263 1160 plurimum
3316 1100 3586 1157 utuntur,
3629 1108 3763 1146 raro

2176 1182 2529 1237 admittentes
2570 1182 3012 1251 prtepositionem
3053 1196 3117 1233 ea:
3151 1196 3169 1236 :
3206 1196 3314 1236 non
3362 1182 3463 1236 sibi
3519 1182 3760 1235 invicem

2178 1273 2648 1335 contradicentes,
2680 1274 2774 1328 sed
2813 1276 3025 1327 diversa
3059 1273 3362 1343 signiﬁcata
3398 1271 3628 1325 diversis
3662 1288 3767 1325 no-

2179 1364 2418 1417 minibus
2447 1365 2839 1433 exprimentes.
2878 1365 3060 1429 Quare
3102 1365 3168 1418 de
3215 1364 3407 1417 mundi
3451 1364 3761 1432 creatione,

2172 1457 2285 1511 etsi
2320 1456 2528 1525 absque
2587 1457 2697 1510 ulla
2727 1456 3085 1524 ambiguitate
3114 1471 3177 1510 ex
3210 1456 3348 1510 Filio
3379 1456 3542 1509 etiam
3569 1455 3762 1509 omnia

2181 1550 2447 1618 producta
2484 1550 2595 1603 sint
2639 1558 2803 1619 prout
2831 1566 2897 1603 ex
2931 1550 3111 1613 Patre,
3142 1548 3423 1602 rarissime
3453 1557 3634 1600 tamen
3672 1562 3763 1600 re-

2181 1642 2365 1709 peries
2412 1642 2556 1710 apttd
2605 1642 2861 1697 doctores
2908 1643 3215 1712 praesertim
3257 1641 3568 1702 orientales,
3605 1640 3757 1709 quod

2182 1732 2421 1787 mundus
2468 1734 2537 1785 sit
2588 1735 2889 1802 productus
2922 1750 2987 1788 ex
3038 1735 3199 1795 Filio,
3251 1732 3343 1787 sed
3395 1748 3611 1801 semper
3651 1747 3759 1800 per

506 1833 844 1886 contrarium
871 1841 958 1885 est
986 1830 1113 1883 ﬁdei
1148 1829 1385 1883 veritati.
1420 1828 1691 1885 Alterum,
1726 1826 1871 1893 quod
1908 1824 2075 1877 Filius
2110 1827 2145 1879 Β
2177 1819 2401 1883 Filium,
2433 1823 2503 1876 ob
2555 1822 2683 1876 illud
2728 1822 2955 1877 Joannis
2986 1841 3000 1877 :
3032 1822 3221 1879 Omnia
3264 1838 3357 1889 per
3398 1822 3569 1891 ipsum
3606 1822 3759 1889 facta

501 1935 560 1977 ut
591 1925 644 1977 in
672 1924 815 1985 aliis,
847 1924 922 1976 ita
949 1925 1112 1975 etiam
1135 1922 1191 1974 in
1224 1920 1485 1989 spirando
1518 1919 1836 1971 relationem
1895 1926 1950 1969 et
1980 1932 2073 1969 or-

500 2018 684 2069 dinem
722 2015 920 2068 haheat.
966 2012 1030 2066 ad
1080 2013 1319 2065 Patrem.
1360 2008 1659 2077 Utrumque
1689 2007 1835 2061 enim
1877 2007 2072 2059 horum

500 2109 690 2161 insunt
724 2105 871 2159 Patri
907 2115 961 2158 et
997 2103 1154 2157 Filio.
1194 2102 1417 2156 Summa
1475 2102 1674 2154 etenim
1705 2109 1787 2152 est
1816 2098 1873 2152 in
1906 2098 1990 2152 eis
2017 2105 2075 2152 et

502 2197 757 2265 potentim
779 2194 1085 2263 aequalitas,
1115 2193 1226 2245 imo
1256 2192 1533 2255 identitas,
1561 2203 1615 2244 et
1642 2204 1885 2243 summus
1916 2190 2069 2241 ordo.

501 2288 851 2354 Quacumque
889 2285 1034 2339 enim
1083 2285 1255 2338 Filius
1318 2284 1499 2346 habet,
1539 2284 1711 2351 ipsum
1755 2283 1919 2336 etiam
1964 2282 2076 2349 spi-

503 2391 624 2429 rare
664 2374 950 2443 Spiritum,
985 2374 1155 2427 habet
1186 2390 1214 2426 a
1246 2373 1433 2427 P-atre.
1470 2372 1526 2426 Si
1572 2375 1735 2442 igitur
1780 2387 1945 2425 unum
1977 2386 2075 2424 no-

504 2484 627 2520 men
665 2477 809 2521 esset
854 2467 1148 2527 sullicicns,
1191 2476 1245 2519 et
1284 2465 1845 2533 summampotentim
1880 2478 2072 2517 eorum

502 2559 864 2622 idctttitatent,
891 2569 945 2610 et
975 2572 1249 2610 summum
1279 2556 1344 2609 ad
1375 2555 1607 2609 invicem
1638 2556 1883 2608 ordinem
1910 2553 2073 2607 simul

499 2648 830 2717 signiﬁcare,
887 2649 980 2702 illo
1022 2648 1265 2716 profecto
1297 2632 1556 2701 omnibus
1587 2647 1710 2699 aliis
1756 2645 2074 2715 postpositis

502 2740 763 2793 utendum
810 2749 975 2794 esset.
1014 2738 1171 2794 Nunc
1207 2754 1334 2794 vero
1371 2753 1477 2792 non
1513 2739 1688 2793 solum
1735 2739 2074 2807 impossibile

501 2840 586 2885 est
623 2847 788 2884 unttm
828 2831 932 2884 tale
967 2832 1205 2901 reperire
1235 2846 1434 2885 nomen
1470 2847 1484 2885 :
1517 2840 1571 2885 et
1612 2830 1733 2885 ideo
1765 2832 2075 2884 necessario

503 2942 613 2980 uno
653 2926 873 2979 nomine
917 2926 1150 2977 alterum
1186 2925 1407 2987 horum,
1450 2924 1624 2978 altero
1679 2941 1808 2979 vero
1841 2925 2070 2978 alterum

499 3020 912 3087 exprimendum
952 3026 1056 3078 est,
1109 3031 1299 3069 verum
1348 3018 1511 3069 etiam
1562 3016 1678 3070 ιιωο
1725 3015 1937 3069 diversa
1972 3031 2074 3069 no-

500 3110 647 3164 mina
680 3109 874 3163 adhoc
914 3108 1058 3178 quod
1093 3117 1388 3176 utrumque
1420 3123 1515 3175 per
1563 3123 1618 3162 se
1663 3124 1826 3161 unum
1863 3116 2071 3161 tantum

498 3200 863 3269 signiﬁcatum
897 3200 1280 3268 praedictorum
1307 3200 1638 3268 signiﬁcant,
1674 3202 1835 3254 etiam
1874 3200 2070 3269 imper-

502 3293 642 3344 [cete
679 3290 810 3344 illud
845 3306 1011 3343 unum
1048 3290 1379 3360 signiﬁcant.
1417 3290 1594 3356 Quare
1627 3307 1726 3344 nos
1769 3301 1915 3345 recte
1946 3292 2071 3361 qui-

500 3383 622 3435 dem
677 3392 731 3435 et
779 3384 866 3451 pie
906 3383 1035 3450 quid
1086 3384 1162 3435 rei
1215 3375 1583 3453 signiﬁcanda:
1616 3388 1903 3438 conveniat
1936 3386 2076 3438 reci-

505 3473 754 3538 pientes.
816 3472 1126 3541 reliquum,
1179 3474 1407 3542 etquod
1473 3474 1908 3544 imperfectionis
1966 3484 2071 3539 est,

504 3563 837 3631 repellimus.
873 3562 1030 3617 Tales
1056 3575 1181 3617 sunt
1207 3581 1283 3617 eae
1313 3568 1727 3635 praepositiones
1753 3583 1844 3633 eas,
1878 3567 2073 3622 videli-

506 3663 594 3706 cet
625 3662 676 3707 et
709 3670 822 3722 per.
854 3655 1174 3723 Pra'positio
1209 3672 1441 3725 namque
1479 3673 1539 3710 ex
1565 3659 1739 3726 acqual
1769 3669 1929 3712 tatem
1958 3659 2072 3728 qui-

506 3748 629 3799 dem
662 3763 783 3800 cttm
817 3746 885 3802 de
945 3748 1220 3817 aliquibus
1249 3750 1465 3804 duobus
1507 3751 1590 3805 vel
1639 3751 1887 3818 pluribus
1929 3751 2074 3805 acci-

454 3888 457 3891 γ
504 3838 670 3908 pitur,
707 3840 1012 3909 signiﬁcat;
1052 3842 1301 3895 ordinem
1349 3859 1477 3896 vero
1518 3842 1680 3900 unius
1728 3845 1793 3896 ad
1838 3843 2072 3897 alterum

504 3930 745 3983 minime.
776 3932 829 3985 Si
862 3932 989 4000 quid
1016 3932 1159 3986 enim
1189 3949 1255 3985 ex
1282 3933 1495 3988 doubus
1524 3935 1639 3989 ﬁeri
1669 3935 1922 3997 dicimus,
1946 3946 2073 4005 puta

504 4021 549 4074 si
589 4021 735 4090 quod
783 4024 995 4090 pondus
1027 4037 1092 4076 ex
1130 4023 1343 4079 duobus
1378 4025 1633 4089 trahitur,
1676 4025 1930 4079 similiter
1953 4022 2075 4095 qui-

505 4113 629 4166 dem
688 4124 740 4167 et
780 4116 1061 4183 aequaliter
1091 4132 1282 4170 eorum
1325 4132 1389 4171 ex
1432 4127 1663 4186 utroque
1696 4117 1857 4185 trahi,
1891 4120 2068 4188 quoad

503 4204 612 4258 vim
666 4207 1070 4276 praepositionis
1115 4206 1511 4277 signiﬁcamus.
1562 4208 1710 4263 Ordo
1742 4225 1871 4264 vero
1909 4212 2071 4266 unius

501 4300 566 4353 ad
594 4300 827 4353 alterum
866 4316 973 4353 non
1023 4300 1150 4354 inde
1176 4311 1423 4368 apparet.
1472 4302 1542 4354 At
1571 4301 1889 4370 prmpositio
1927 4318 2018 4370 per
2040 4316 2070 4355 e

502 4401 770 4441 converso
802 4388 1052 4441 ordinem
1090 4386 1314 4457 quidem
1356 4389 1649 4458 signiﬁcat.
1696 4390 2067 4458 aequalitatem

2172 1920 2317 1963 sunt.
2368 1910 2442 1965 lta
2498 1913 2671 1982 magis
2704 1913 2888 1968 ordini
2937 1914 3290 1970 adita-serunt
3338 1913 3529 1968 Patres
3564 1916 3762 1968 orien-

2176 2004 2311 2059 tales
2336 2023 2351 2070 ;
2376 2015 2431 2059 et
2458 2005 2584 2059 ideo
2612 2016 2842 2059 utuntur
2873 2022 2987 2075 per,
3012 2021 3132 2074 qua:
3160 2007 3275 2059 sola
3308 2005 3554 2059 ordinem
3588 2004 3764 2074 signi-

2175 2094 2320 2146 licat.
2373 2095 2637 2148 Praeterea
2689 2095 2871 2166 lingua
2918 2096 3104 2151 Grzeea
3158 2111 3256 2163 per
3312 2094 3455 2148 hanc
3496 2094 3803 2163 pra‘posi»

2176 2186 2376 2239 tionem
2429 2203 2498 2240 ea:
2553 2188 2908 2256 principalem
2949 2188 3219 2255 signiﬁcat
3254 2203 3497 2251 causam,
3528 2188 3750 2257 qualem

2175 2277 2374 2331 Filium
2404 2292 2545 2340 esse,
2574 2280 2656 2332 vel
2685 2278 2945 2347 Spiritus,
2978 2281 3061 2333 vel
3090 2280 3301 2345 mundi,
3329 2279 3508 2333 nullus
3525 2280 3756 2333 omnino

2173 2370 2462 2423 concedet.
2513 2369 2690 2436 Quare
2742 2372 2957 2441 fugiunt
3018 2385 3270 2427 noctores
3322 2374 3387 2427 de
3453 2372 3589 2426 Filio
3634 2372 3755 2441 ipsa

2154 2452 2239 2513 \ex
2281 2461 2383 2525 uti,
2430 2477 2497 2514 ne
2530 2461 2654 2531 quis
2687 2478 2812 2515 eum
2848 2464 3208 2532 principalem
3248 2479 3464 2518 causam
3500 2473 3752 2532 putaret;

2176 2558 2231 2604 et
2261 2567 2369 2605 non
2404 2553 2577 2606 solum
2613 2553 2727 2621 ipsa
2764 2570 2849 2618 ex,
2896 2570 3084 2609 verum
3130 2557 3293 2609 etiam
3343 2571 3539 2611 nomen
3573 2572 3755 2611 causa:

2176 2645 2390 2714 fugiunt
2436 2646 2503 2699 de
2552 2646 2691 2700 Filio
2742 2647 2929 2701 dicere
2987 2658 3240 2717 respectu
3299 2650 3362 2703 ad
3414 2659 3749 2716 creaturam,

2175 2754 2486 2808 quanquam
2521 2748 2574 2792 et
2603 2739 2774 2794 Filius
2804 2751 2856 2794 et
2888 2740 3125 2810 Spiritus
3157 2741 3357 2809 passim
3391 2741 3458 2794 ab
3491 2742 3751 2798 omnibus

2177 2829 2430 2883 ﬁdelibus
2459 2845 2623 2887 causa
2666 2830 2858 2884 mundi
2892 2846 3011 2885 esse
3050 2831 3371 2893 credantur,
3410 2841 3462 2885 ct
3490 2847 3594 2885 una
3625 2846 3751 2885 cum

2176 2920 2337 2976 Patre
2361 2936 2525 2976 causa
2569 2938 2581 2975 :
2621 2921 2876 2976 timentes
2904 2940 2969 2977 ne
3001 2924 3123 2993 quis
3159 2934 3441 2993 propterea
3474 2923 3753 2992 principa-

2174 3010 2285 3065 lem
2319 3027 2536 3065 causam
2574 3027 2698 3066 cum
2740 3028 2859 3067 esse
2900 3022 3093 3082 putet;
3142 3030 3172 3067 a
3218 3029 3328 3082 quo
3373 3028 3431 3065 ut
3476 3013 3608 3067 falso
3643 3013 3751 3068 sibi

2175 3113 2397 3159 cavent.
2434 3103 2606 3158 Unam
2633 3106 2779 3158 enim
2806 3107 3158 3175 principalem
3187 3115 3239 3160 et
3274 3108 3499 3161 Deitatis
3524 3116 3575 3161 ct
3601 3121 3756 3160 crea-

2182 3206 2319 3251 turae
2369 3211 2585 3250 causam
2639 3197 2821 3251 sciunt
2874 3197 3088 3252 Patrem
3135 3197 3391 3251 videlicet
3441 3196 3639 3250 solum.
3693 3197 3753 3251 Si

2182 3289 2350 3360 igitur
2386 3288 2563 3342 Latini
2605 3304 2729 3343 cum
2766 3289 2970 3343 sanctis
2998 3290 3429 3345 occidentalibus
3459 3306 3523 3343 ex
3592 3290 3755 3347 Patre

2179 3390 2235 3435 et
2266 3381 2404 3435 Filio
2434 3380 2701 3450 Spiritum
2734 3390 2980 3436 sanctum
3017 3381 3279 3445 dicen'es,
3324 3397 3431 3434 non
3477 3382 3756 3451 principa-

2178 3470 2283 3525 lcm
2333 3487 2551 3525 causam
2607 3472 2804 3528 Filium
2851 3481 3084 3543 ponunt,
3121 3473 3213 3527 sed
3262 3486 3453 3526 eorum
3496 3476 3758 3541 potentias

2178 3562 2520 3615 identitatem
2588 3572 2643 3618 et
2688 3564 3053 3632 a‘qualitatcm
3096 3580 3193 3633 per
3233 3564 3335 3617 hoc
3383 3565 3754 3632 proﬁtentur:

2177 3654 2544 3708 Damascenus
2576 3670 2705 3709 vero
2737 3656 3095 3723 principalem
3127 3670 3346 3709 causam
3382 3670 3609 3723 negans,
3634 3673 3757 3723 qua;

2176 3760 2273 3814 per
2296 3761 2359 3800 ea:
2392 3746 2682 3816 signiﬁcari
2724 3748 2883 3813 solet,
2931 3748 3123 3803 habuit
3164 3760 3474 3820 respectum
3502 3752 3568 3805 ad
3608 3751 3759 3805 ordi~

2177 3857 2324 3907 nem,
2355 3852 2409 3897 et
2456 3842 2577 3896 ideo
2613 3843 2786 3897 utitur
2814 3861 2931 3910 per,
2962 3860 3025 3897 ex
3065 3842 3225 3899 Patre
3259 3860 3356 3913 per
3403 3845 3597 3899 Filium
3628 3860 3757 3913 pro-

2175 3931 2370 3985 cedere
2394 3930 2656 4001 Spiritum
2683 3949 2955 4000 asserens,
2979 3950 3076 4004 per
3097 3951 3259 4006 quem
3288 3936 3411 3991 Filii
3439 3938 3502 3990 ad
3535 3936 3753 3991 Patrem

2174 4024 2308 4077 ordo
2345 4025 2760 4092 manifestatur,
2812 4025 3180 4095 aequalitatem
3230 4029 3346 4083 sive
3404 4030 3754 4085 identitatea)

2173 4133 2363 4172 corum
2400 4120 2660 4187 potentiae
2696 4133 2796 4172 nec
2834 4119 2946 4188 ipse
2981 4135 3208 4191 negans,
3255 4122 3533 4191 quomodo
3577 4122 3754 4191 magis

2176 4209 2412 4272 invicem
2455 4225 2693 4265 consona
2739 4211 3040 4266 dicantur?
3073 4213 3189 4281 Ipse
3220 4214 3365 4269 enim
3407 4226 3512 4281 est,
3550 4216 3644 4285 qui
3681 4216 3753 4272 de

2173 4302 2350 4367 Patre,
2387 4305 2501 4373 ipse
2543 4305 2764 4374 quidem
2810 4315 2895 4360 est
2929 4308 3243 4362 intellectus
3294 4309 3455 4365 Verbi
3498 4312 3751 4382 abyssus.

2172 4393 2335 4449 Verbi
2380 4396 2619 4463 genitor,
2662 4409 2718 4451 et
2763 4412 2859 4465 per
2890 4398 3116 4452 verbum
3150 4399 3388 4466 spirator
3430 4402 3751 4468 declarativi

500 4492 632 4530 vero
668 4478 913 4534 minime.
954 4479 1010 4536 Si
1045 4480 1177 4549 quid
1204 4480 1352 4535 enim
1383 4497 1448 4535 ex
1490 4481 1675 4550 aliquo
1710 4497 1806 4551 per
1830 4482 2067 4551 aliquem
2097 4492 2150 4553 D
2176 4484 2428 4554 Spiritus.
2464 4487 2527 4541 Et
2564 4503 2751 4541 rursus
2783 4506 2795 4542 :
2826 4488 3059 4558 Spiritus
3092 4505 3223 4545 vero
3247 4502 3471 4547 sanctus
3505 4494 3752 4549 declara-

501 4585 622 4623 csse
656 4579 749 4622 aut
804 4569 925 4624 ﬁeri
976 4572 1213 4636 dicatur,
1259 4574 1546 4627 manifeste
1579 4573 1868 4642 apparebit
1897 4574 2074 4639 illum,

503 4663 571 4711 de
595 4674 706 4728 quo
736 4660 941 4715 dicitur
968 4678 1083 4731 per,
1116 4663 1367 4719 ordinem
1394 4664 1686 4734 quemdam
1722 4666 1786 4717 ad
1820 4664 1971 4718 illum
2009 4664 2077 4717 de

506 4766 616 4813 quo
644 4752 958 4823 praepositio
987 4768 1049 4807 ea:
1080 4754 1430 4824 prazdicatur,
1464 4756 1704 4821 habere;
1733 4766 1789 4811 et
1828 4757 1975 4811 hunc
2008 4757 2078 4811 ab

504 4851 571 4890 eo
597 4840 877 4907 accepisse
918 4840 971 4895 id
1005 4842 1152 4910 quod
1197 4858 1291 4911 per
1329 4858 1453 4897 eum
1489 4845 1571 4899 ﬁt.
1608 4844 1920 4914 Aiqualitas
1946 4861 2078 4899 vero

506 4930 702 4986 borum
761 4931 827 4986 ad
881 4932 1117 4989 invicem
1167 4936 1394 4991 minime
1448 4938 1806 5007 signiﬁcatur.
1854 4938 2079 4994 Minoris

514 5039 751 5093 namque
805 5027 1061 5093 potentias
1110 5043 1330 5097 semper
1380 5037 1436 5082 et
1471 5031 1814 5084 auctoritatis
1848 5045 1928 5085 est
1963 5033 2073 5096 ille,

508 5118 576 5173 de
626 5134 735 5187 quo
788 5120 1104 5187 prtepositio
1150 5138 1243 5191 per
1293 5122 1642 5191 praedicatur.
1691 5124 1845 5179 Unde
1902 5128 2074 5182 sancti

507 5207 694 5263 Patres
729 5220 783 5264 et
814 5208 1067 5265 doctores
1112 5227 1235 5266 cum
1284 5214 1602 5275 orientales,
1636 5223 1748 5266 tum
1809 5217 2078 5271 occiden—

508 5301 660 5364 tales,
699 5316 821 5353 cum
848 5300 912 5355 ad
957 5304 1215 5370 potentia:
1245 5305 1632 5374 aequalitatem,
1669 5286 1779 5357 imo
1820 5307 2075 5362 identita-

506 5400 615 5446 tem
646 5392 822 5447 Patris
854 5402 909 5446 et
938 5392 1057 5449 Filii
1097 5395 1419 5465 respiciunt,
1456 5390 1519 5449 est
1549 5396 1707 5449 Patre
1736 5407 1791 5449 et
1822 5396 1957 5452 Filio
1994 5398 2075 5450 di-

504 5498 638 5537 eun.
678 5483 942 5553 Spiritum
990 5494 1240 5540 sanctum
1290 5485 1589 5555 procedere
1635 5496 1691 5539 et
1738 5503 1880 5540 esse.
1934 5486 2070 5541 Cum

503 5587 634 5626 vero
660 5576 906 5629 ordinem
938 5591 1127 5630 eorum
1162 5578 1227 5631 ad
1272 5577 1500 5630 invicem
1536 5576 1827 5630 ostendere
1859 5578 2067 5641 volunt,

499 5678 566 5718 ex
616 5664 771 5719 Patre
805 5683 901 5735 per
931 5667 1129 5721 Filium
1169 5682 1293 5722 eum
1339 5668 1657 5738 procedere,
1710 5677 1764 5723 et
1797 5685 1862 5723 ex
1906 5670 2068 5723 Patre

494 5768 595 5822 per
623 5754 841 5828 ﬁlium,
877 5758 993 5813 sive
1034 5773 1098 5813 ex
1124 5759 1234 5814 Deo
1269 5774 1367 5831 per
1400 5758 1621 5829 Filium,
1650 5774 1774 5813 eum
1810 5774 1929 5815 esse
1969 5762 2068 5815 do-

2181 4576 2286 4627 tiva
2322 4575 2601 4630 absconstc
2632 4577 2935 4633 divinitatis
2967 4583 3213 4649 potentia
3252 4581 3450 4646 Patris,
3488 4602 3552 4639 ex
3591 4585 3755 4645 Patre

2181 4681 2278 4735 per
2322 4667 2518 4722 Filiuzn
2567 4678 2649 4723 est
2690 4672 3013 4739 procedens.
3055 4673 3212 4738 Quod
3245 4687 3425 4730 autem
3486 4694 3580 4745 per
3613 4680 3756 4735 hanc

2180 4758 2619 4825 praepositionem
2670 4778 2781 4830 per,
2835 4770 2947 4817 tum
2992 4780 3089 4833 per
3121 4766 3289 4831 hunc,
3326 4776 3438 4821 tum
3490 4785 3587 4837 per
3616 4772 3757 4827 alios

2180 4852 2453 4914 doctores,
2484 4852 2657 4909 Filius
2688 4868 2907 4923 quoque
2940 4871 3062 4908 cum
3103 4856 3264 4911 Patre
3296 4873 3459 4912 cansa
3502 4862 3760 4915 substan-

2180 4941 2265 4994 tia:
2290 4940 2524 5010 Spiritus
2559 4945 2890 5011 ostenditur,
2924 4946 3060 5001 satis
3092 4948 3145 5001 in
3176 4950 3425 5005 oratione
3454 4951 3528 5004 De
3563 4955 3759 5009 unione

2178 5048 2207 5086 ει
2248 5034 2405 5088 nobis
2437 5036 2723 5103 probatum
2761 5048 2864 5099 est,
2896 5042 3197 5106 prwscrtim
3235 5057 3359 5095 cum
3388 5044 3620 5098 addatur
3652 5047 3760 5102 hoc

2182 5125 2404 5179 verbum
2439 5128 2735 5195 procedere,
2766 5131 2911 5201 quod
2944 5131 3134 5195 etiam,
3169 5122 3473 5186 secundum
3514 5146 3755 5201 nostros,

2178 5220 2315 5274 nihil
2359 5220 2503 5275 aliud
2558 5238 2717 5290 quam
2775 5226 2953 5294 ipsmn
3007 5240 3127 5281 esse
3180 5232 3468 5296 personale
3516 5230 3762 5299 Spiritus

2176 5311 2350 5366 sancti
2404 5312 2697 5381 signiﬁcat.
2736 5316 2803 5368 Et
2844 5318 2908 5369 ad
2958 5319 3341 5375 auctoritatem
3381 5322 3604 5390 quidem
3654 5324 3762 5377 Da-

2178 5406 2411 5457 ntasceni
2438 5405 2549 5458 lnec
2580 5405 2872 5461 sulliciant.

2244 5496 2325 5548 Ad
2357 5496 2444 5549 illa
2478 5512 2609 5550 vero
2638 5500 2807 5551 sancti
2841 5499 3105 5569 Dionysii,
3140 5502 3315 5556 solum
3351 5503 3562 5557 fontem
3607 5505 3765 5559 llivi-

2188 5584 2376 5637 uitatis
2421 5584 2633 5637 Patrem
2668 5585 2903 5641 dicentis
2927 5628 2941 5652 ,
2978 5600 3036 5642 ut
3068 5591 3272 5644 clarius
3321 5601 3578 5659 appareat
3652 5607 3762 5647 au-

2172 5673 2479 5728 ctoritatem
2505 5674 2652 5728 illam
2678 5691 2784 5729 non
2807 5677 3009 5734 habere
3034 5680 3184 5734 illum
3205 5682 3566 5748 intellectum,
3589 5698 3762 5750 quem

2176 5761 2354 5819 nostri
2392 5773 2608 5836 putant,
2642 5766 2978 5824 audiendum
3003 5777 3085 5825 est
3117 5771 3295 5839 primo
3325 5772 3445 5829 illos
3473 5773 3758 5837 doctores,
