4086 6422
335 345 444 408 MS

1279 321 1378 398 DE
1423 335 1950 398 rnocnasmNE
1995 335 2360 395 SPIRITUS
2400 336 2693 399 SANCTI.
2765 344 2782 358 -

3511 336 3616 398 646

337 463 430 526 qui
484 459 652 514 etiam
698 455 904 514 Filium
957 455 1148 512 dicunt
1183 453 1390 508 fonnem
1445 453 1688 523 Spiritus
1723 453 1924 519 sancti,
1959 477 1998 528 Α
2041 451 2300 508 invicem.
2335 453 2400 507 Et
2447 453 2562 508 haec
2621 451 2846 523 quidem
2906 467 3031 506 vera
3086 425 3208 521 ejus
3267 454 3622 510 auctoritatis

340 569 448 604 non
485 550 610 605 dico
652 549 954 620 gratiarum
1003 533 1249 616 spiritus
1305 561 1414 598 non
1469 544 1922 608 subsistentiutn,

342 647 444 698 hac
459 644 605 698 enim
631 643 940 696 abutuntur
969 641 1036 693 ad
1069 638 1252 692 etruria
1281 636 1668 706 hujuscemodi
1696 650 1929 704 reSpon-

338 738 496 790 sione
527 755 540 788 :
573 735 670 789 sed
721 733 895 803 ipsius
929 747 1182 802 persona:
1215 728 1460 799 Spiritus
1507 728 1708 783 sar-toti.
1743 727 1928 782 Primo

339 830 526 898 itaque
563 823 1006 898 Athanasiusin
1040 840 1137 878 sua
1185 833 1378 877 contra
1415 823 1650 876 Arianos
1677 821 1929 875 oratione

339 895 474 974 illud
503 895 704 974 Psalini
739 936 752 970 :
783 917 1056 982 Quoniam
1094 919 1316 984 apudte
1334 923 1410 966 est
1439 914 1558 982 fons
1585 913 1728 972 vitro.
1759 926 1930 980 expo-

341 1027 504 1076 nens,
555 1010 778 1065 Seiebat
804 1009 1034 1080 etenim,
1069 1006 1266 1074 inquit,
1303 1006 1464 1060 Pater
1487 1003 1746 1058 videlicet
1775 1001 1922 1071 apud

342 1119 402 1158 se
456 1103 664 1156 habens
715 1101 913 1155 Filium
965 1099 1176 1154 fontem
1226 1099 1469 1165 Spiritus
1515 1097 1715 1151 sancti.
1761 1095 1928 1150 Patet

345 1195 510 1262 igitur
540 1191 687 1262 quod
727 1191 899 1260 ipsam
933 1205 1222 1260 personam
1262 1189 1509 1258 Spiritus
1535 1189 1624 1243 hic
1648 1188 1784 1244 dicit
1817 1193 1925 1242 non

342 1285 572 1354 gratiam
607 1301 714 1336 non
761 1281 1190 1346 subsistentem;
1221 1281 1494 1335 habemus
1539 1281 1686 1335 enim
1727 1295 1757 1334 a
1802 1296 1926 1334 san-

342 1387 434 1429 eto
469 1376 672 1428 Basilio
712 1375 967 1428 traditam
1011 1373 1280 1443 regulam,
1328 1371 1474 1442 quod
1508 1387 1632 1425 eum
1672 1371 1930 1424 audimus

345 1459 615 1531 Spiritum
670 1477 796 1514 eum
831 1461 1112 1514 additione
1141 1469 1415 1524 sanctum,
1451 1461 1526 1514 nil
1562 1460 1714 1515 aliud
1764 1477 1926 1529 quam

343 1569 636 1622 persmtant
679 1551 924 1622 Spiritus
959 1552 1267 1621 intelligere
1311 1551 1602 1606 debemus.
1630 1549 1770 1605 Cum
1825 1550 1929 1619 igi-

345 1658 436 1698 tur
469 1646 556 1700 hic
603 1645 774 1699 Filius
806 1643 932 1698 fons
964 1644 1204 1713 Spiritus
1251 1659 1376 1696 eum
1429 1643 1711 1698 addi-tione
1749 1643 1926 1699 sancti

341 1738 527 1792 dictus
549 1737 642 1800 sit,
667 1746 818 1806 patet
848 1736 994 1806 quod
1031 1751 1284 1805 personae
1319 1735 1438 1804 ejus
1464 1735 1586 1790 fons
1613 1737 1793 1790 dictus
1821 1743 1924 1790 est.

2035 545 2316 613 expositio
2349 546 2510 598 simul
2539 556 2596 598 et
2632 545 2836 600 solutio
2865 553 2970 598 est.
3004 543 3162 611 Quod
3195 544 3240 597 si
3289 544 3416 613 quis
3447 547 3615 600 etiam

2037 635 2252 689 diceret
2287 637 2501 689 Patrem
2541 636 2717 689 solum
2739 635 2952 690 fontem
2987 635 3365 706 generationis
3391 636 3618 700 divinae,

2037 740 2158 793 quae
2190 741 2356 792 supra
2406 741 2628 778 omnem
2682 724 3053 779 substantiam
3087 733 3193 787 est,
3228 735 3492 795 tanquam
3523 728 3618 796 qui

2037 817 2188 872 solus
2225 817 2349 872 Filii
2407 817 2574 870 simul
2635 833 2700 872 ac
2751 817 2994 886 Spiritus
3029 818 3364 886 principium
3420 819 3512 881 sit,
3563 828 3622 874 et

2038 907 2191 960 solus
2225 907 2348 960 forts
2398 924 2506 960 ncn
2541 923 2607 960 ex
2653 909 2804 963 fonte
2839 928 2852 963 :
2889 908 3064 964 Filius
3105 925 3240 962 vero
3286 911 3358 964 sit
3390 913 3618 979 quidem

2040 998 2180 1058 fons,
2215 999 2545 1053 ductoribus
2579 1000 2654 1053 ita
2687 1000 3046 1062 docentibus,
3075 1001 3172 1055 sed
3201 1004 3321 1056 fons
3351 1019 3414 1055 ex
3445 1003 3617 1057 loutc.

2033 1088 2212 1158 Tlujns
2261 1103 2448 1144 autem
2485 1103 2782 1146 sententun
2824 1103 2878 1146 ct
2931 1092 3127 1145 beatus
3169 1094 3510 1161 Augustinus
3561 1095 3619 1148 in

2037 1197 2236 1251 quarto
2275 1183 2349 1237 De
2383 1183 2645 1238 Trinitate
2674 1193 2790 1250 est;
2821 1188 2897 1238 ait
2928 1185 3173 1240 etenim:
3216 1185 3282 1240 Et
3311 1187 3454 1254 quod
3486 1187 3621 1240 dicit

2039 1273 2306 1329 Dominus
2343 1291 2359 1332 :
2395 1275 2563 1340 Quem
2589 1293 2683 1347 ego
2720 1278 2924 1330 mittam
2970 1277 3110 1330 robis
3137 1294 3168 1331 α
3216 1275 3395 1339 Patre,
3425 1278 3622 1346 probat

2038 1365 2306 1433 Spiritum
2340 1377 2594 1422 sanetqu
2629 1380 2685 1423 et
2721 1371 2904 1424 Patris
2936 1385 3061 1443 esse
3109 1378 3163 1423 et
3216 1370 3362 1423 Filii.
3399 1371 3618 1424 Etenim

2040 1475 2174 1514 cum,
2192 1459 2422 1515 dixisset
2459 1479 2472 1516 :
2506 1461 2864 1526 Quem‘mitlet
2901 1462 3086 1524 Pater,
3129 1463 3344 1517 addidit
3374 1481 3384 1514 :
3417 1462 3482 1516 In
3529 1463 3622 1516 noé

2039 1552 2180 1606 mine
2227 1569 2384 1616 meo;
2425 1569 2536 1608 non
2579 1566 2761 1608 tamen
2795 1554 2935 1608 dixit
2968 1572 2980 1608 :
3018 1555 3191 1620 Quem
3243 1555 3425 1608 mittet
3457 1553 3623 1607 Pater

2038 1661 2068 1698 a
2101 1659 2208 1707 mc,
2246 1647 2718 1710 quemadmodum
2748 1647 2886 1700 dixit
2924 1665 2936 1701 :
2972 1646 3138 1711 Quem
3173 1663 3268 1717 ego
3295 1649 3502 1700 mittam
3531 1663 3622 1700 eo-

2025 1735 2112 1787 litis
2149 1751 2180 1786 a
2215 1734 2375 1789 Patre
2396 1775 2410 1797 .
2437 1737 2734 1791 ostendens
2761 1738 3024 1792 videlicet
3057 1739 3208 1807 quod
3265 1739 3434 1792 totius
3477 1738 3619 1792 divi-

293 1855 298 1860 ν
345 1829 552 1884 Deinde
583 1845 806 1898 quoque
838 1832 956 1897 ipse
987 1845 1216 1898 magnus
1241 1829 1500 1890 Basilius,
1527 1829 1617 1898 qui
1651 1829 1794 1884 hanc
1833 1845 1930 1883 no-
1967 1843 2008 1901 Β
2040 1827 2253 1889 nitaris,
2285 1829 2369 1884 vel
2417 1839 2478 1883 ut
2527 1830 2727 1883 melius
2762 1829 2981 1883 dicatur
3007 1871 3022 1896 ,
3059 1829 3293 1886 Deitatis
3343 1831 3504 1886 Pater
3535 1840 3623 1886 est

343 1924 432 1977 bis
477 1922 708 1976 tradidit
737 1922 1022 1992 regulam,
1061 1919 1268 1974 fontem
1322 1920 1563 1989 Spiritus
1613 1921 1787 1974 sancti
1843 1919 1928 1974 Fi-

341 2017 480 2070 lium
519 2015 788 2078 nominat,
828 2014 1022 2068 dicens
1055 2031 1067 2066 :
1109 2013 1252 2067 Fons
1279 2014 1404 2066 vitae
1437 2014 1632 2074 Filius.
1676 2014 1752 2066 ait
1781 2013 1930 2066 enim

331 2107 518 2162 *David
553 2107 618 2160 ad
653 2107 872 2160 Patrem
904 2120 920 2160 :
951 2103 1220 2170 Quoniam
1264 2107 1406 2174 apud
1441 2115 1490 2157 te.
1523 2117 1596 2158 cst
1637 2105 1757 2174 fons
1788 2106 1932 2168 vine,-

329 2207 403 2253 ct
439 2215 630 2252 rursus
655 2199 798 2253 alius
844 2198 1118 2268 propheta
1155 2198 1286 2251 dicit
1326 2197 1394 2250 de
1445 2197 1652 2251 Judaeis
1688 2219 1698 2248 :
1733 2196 1811 2250 Me
1845 2197 1935 2248 de-

335 2291 680 2361 -reliqnerunt
712 2291 910 2360 [autent
942 2306 1094 2356 aqua?
1127 2291 1368 2343 viventis.
1397 2289 1552 2358 Aqua
1588 2305 1716 2343 vero
1741 2289 1934 2342 vivens

355 2383 563 2438 die-itur
595 2382 839 2452 Spiritus
891 2391 1137 2438 sanctus.
1177 2380 1240 2435 Et
1288 2380 1592 2434 natandum
1628 2381 1774 2448 quod
1807 2382 1932 2450 Spi-

355 2477 524 2528 ritum
557 2485 804 2529 sanctum
839 2473 993 2538 dicit,
1029 2473 1350 2541 signiﬁcans
1395 2473 1565 2542 ipsam
1597 2474 1715 2541 ejus
1746 2489 1937 2539 perso-

357 2581 515 2628 nam;
555 2579 788 2632 persona
829 2579 960 2618 vero
1011 2565 1250 2632 Spiritus
1281 2567 1456 2618 sancti
1512 2565 1655 2618 Deus
1701 2576 1811 2628 est;
1849 2564 1935 2618 Fi-

343 2657 464 2710 lius
507 2655 678 2726 igitur
712 2671 836 2710 cum
872 2659 948 2710 sit
992 2655 1114 2709 fons
1158 2656 1402 2725 Spiritus
1437 2657 1610 2710 sancti
1641 2697 1656 2718 ,
1689 2658 1812 2720 fons
1855 2665 1940 2711 est

355 2749 662 2804 divinitatis
710 2747 1182 2824 manifestissime.
1217 2747 1402 2815 Quare
1434 2763 1558 2802 eum
1593 2752 1769 2804 saneti
1805 2749 1941 2802 Dio-

347 2843 502 2916 nysii
539 2843 630 2896 illa
658 2841 984 2904 auctoritas.
1023 2841 1200 2895 solum
1238 2841 1450 2896 fontem
1485 2841 1794 2896 divinitatis
1841 2842 1941 2896 Pa«

355 2946 500 2992 trem
524 2934 852 3005 inquientis,
881 2934 1160 3004 praedictis
1185 2933 1944 2989 sunttorumauetoritatibus

361 3044 471 3083 non
522 3027 871 3083 contradicat
919 3025 1100 3097 (nefas
1147 3037 1231 3081 est
1277 3025 1426 3080 enim
1479 3027 1646 3080 etiam
1701 3027 1946 3094 cogitare

359 3123 510 3196 quod
543 3122 716 3176 sancti
749 3120 1008 3174 doctores
1043 3119 1278 3174 invicem
1319 3119 1750 3189 contradicunt),
1795 3119 1944 3174 aliud

2043 1919 2395 1989 principium.
2433 1921 2544 1976 Hoc
2577 1921 2898 1976 beatissimo
2923 1921 3158 1976 doctore
3216 1939 3379 1992 quem
3407 1923 3624 1991 dignio-

2036 2026 2150 2064 rem
2185 2029 2503 2080 qureremus
2535 2017 2738 2068 mentis
2763 2015 3011 2085 Dionysii
3040 2015 3458 2083 expositorem?
3485 2014 3623 2081 Quis

2025 2108 2142 2162 hoe
2169 2105 2376 2159 melius
2405 2106 2722 2160 intellexit?
2757 2107 2810 2158 in
2844 2121 2955 2175 quo
2997 2117 3056 2160 trt
3085 2107 3182 2160 illo
3231 2107 3470 2177 Spiritus
3493 2123 3621 2162 san-

2035 2213 2156 2258 ctus
2185 2203 2404 2256 locutus
2437 2202 2561 2255 est?
2594 2199 2753 2267 Quod
2787 2201 2943 2254 enim
2977 2200 3068 2254 ille
3115 2200 3254 2254 dixit
3288 2202 3464 2254 Solum
3498 2199 3622 2255 fon-

2038 2305 2146 2349 tem
2216 2293 2547 2354 divinitatis,
2594 2307 2715 2360 quae
2767 2307 2936 2362 super
2989 2307 3206 2346 onmem
3257 2293 3618 2346 substantiam

2037 2397 2160 2449 est,
2201 2387 2290 2440 hic
2343 2386 2514 2441 totius
2557 2385 2791 2439 Deitatis
2843 2385 3178 2455 principium
3235 2385 3414 2452 inquit
3447 2399 3462 2438 :
3493 2400 3620 2438 cum

2039 2477 2204 2533 Pater
2237 2479 2520 2533 sciliceta
2569 2478 2718 2531 nullo
2767 2477 3051 2547 principio
3093 2477 3186 2540 sit,
3243 2476 3339 2530 sed
3391 2477 3506 2545 ipse
3551 2476 3624 2530 sit

2041 2571 2162 2626 Filii
2213 2569 2270 2624 et
2313 2569 2566 2638 Spiritus
2613 2569 2790 2623 sancti
2855 2568 3213 2638 principium,
3258 2568 3432 2624 Filius
3491 2584 3626 2624 vero

2043 2664 2380 2735 principium
2418 2663 2629 2716 habens
2651 2663 2896 2725 Patrem,
2940 2660 3056 2732 ipse
3088 2663 3253 2716 etiam
3287 2662 3624 2733 principium

2042 2757 2113 2810 sit
2147 2739 2392 2824 Spiritus
2425 2754 2629 2808 sancti.
2657 2751 2770 2807 Sed
2821 2769 2888 2808 ne
2919 2763 2972 2808 te
3006 2751 3253 2808 oﬂ'endat
3295 2769 3490 2808 rursus
3525 2768 3625 2807 no-

2047 2863 2170 2902 men
2208 2844 2376 2901 totius
2403 2845 2657 2908 Deitatis,
2692 2861 2793 2900 nec
2825 2861 3076 2914 opponas
3100 2845 3199 2900 toti
3239 2855 3474 2914 partem,
3505 2853 3627 2899 tau-

2043 2955 2210 3011 quam
2271 2939 2317 2992 si
2371 2937 2551 2992 Filius
2589 2937 2764 3006 partis
2808 2948 2964 2992 esset
3021 2938 3388 3008 principium;
3443 2937 3633 2992 l‘eitas

2048 3039 2196 3090 enim
2230 3051 2338 3088 non
2375 3045 2458 3088 est
2489 3035 2782 3103 partibiiis.
2824 3035 2922 3088 llic
2957 3049 3089 3089 vero
3139 3034 3417 3088 defectum
3452 3033 3628 3087 imbe-

2051 3127 2297 3181 cillitatis
2341 3127 2629 3180 nominum
2653 3137 2769 3192 est,
2818 3143 2980 3195 quem
3009 3125 3102 3194 qui
3132 3126 3198 3180 ad
3235 3141 3320 3178 res
3353 3125 3634 3195 s’gnitiea-

357 3231 524 3286 quam
553 3215 750 3284 vulgus
785 3222 966 3284 putat.
999 3212 1300 3280 illlt’li'gil;
1335 3227 1435 3264 nec
1483 3212 1608 3265 ideo
1645 3212 1778 3266 dicit
1831 3214 1946 3266 ha-e
1977 3201 2018 3257 (ἶ
2049 3228 2140 3272 .tas
2171 3217 2454 3281 transfert,
2481 3234 2590 3271 non
2625 3228 2774 3273 rec-te
2828 3206 2929 3272 nec
2963 3219 3050 3288 pie
3083 3218 3211 3288 agit.
3243 3217 3319 3272 Ad
3350 3233 3632 3288 exponen-

359 3308 452 3360 ille
487 3308 706 3369 doctor,
743 3305 900 3376 quasi
944 3321 1153 3376 negans
1181 3301 1382 3359 Filiuin
1415 3319 1538 3359 esse
1571 3305 1777 3358 [ornem
1811 3304 1942 3374 Spl-

361 3401 506 3453 ritus
537 3399 739 3463 sancti,
788 3397 882 3453 sed
921 3399 1035 3468 ipse
1085 3413 1309 3468 quoque
1349 3413 1454 3450 una
1485 3413 1610 3452 cum
1663 3397 1944 3467 praedictis

349 3493 682 3547 doc-toribus
711 3507 836 3546 eum
872 3492 1080 3544 fontem
1119 3506 1240 3544 esse
1277 3489 1520 3559 Spiritus
1556 3490 1732 3544 sancti
1787 3490 1942 3554 dicit,

353 3585 471 3638 dine
500 3595 604 3650 est,
629 3586 748 3654 ejus
783 3589 1046 3652 persona.
1079 3582 1175 3636 llis
1205 3581 1374 3651 igitur
1400 3581 1690 3635 declaratis
1713 3577 1946 3649 (respuu-

365 3681 581 3742 demus,
610 3675 754 3745 quod
791 3691 900 3728 non
935 3673 1312 3727 oumimodam
1343 3672 1657 3726 divinarum
1685 3688 1946 3741 persona-

365 3786 492 3824 rum
529 3769 944 3824 distinctionem
976 3768 1044 3821 ab
1079 3767 1318 3820 invicem
1365 3765 1573 3830 bie,‘ut
1603 3763 1780 3816 nutri
1807 3763 1945 3816 falso

363 3863 730 3927 arbitrantur,
781 3869 1005 3916 sanctus
1041 3860 1237 3914 doctor
1271 3859 1491 3912 tradere
1527 3856 1854 3926 proposuit;
1891 3865 1947 3909 et

363 3965 519 4029 patet
549 3958 677 4027 quia
725 3955 931 4031 nullam
961 3953 1091 4007 Fdii
1143 3951 1556 4006 distinctionem
1610 3955 1666 4002 et
1697 3947 1948 4017 Spiritus

357 4049 541 4108 sancti
580 4047 828 4103 tradidit.
863 4045 980 4100 Non
1019 4043 1187 4115 igitur
1229 4041 1477 4098 omnium
1529 4040 1698 4094 trium
1752 4055 1942 4108 perso-

361 4157 558 4198 narum
591 4140 658 4194 ab
696 4139 932 4192 invicem
975 4135 1418 4198 distinctionem,
1463 4133 1561 4188 sed
1593 4131 1770 4186 Patris
1801 4129 1945 4185 dun-

361 4245 514 4291 taxat
541 4235 606 4288 ad
639 4234 883 4303 reliquas
920 4231 1110 4285 tradit.
1137 4230 1362 4284 Patrem
1397 4227 1567 4296 igitur
1605 4225 1657 4278 in
1690 4231 1848 4294 parte
1879 4221 1946 4277 ad

361 4329 565 4385 Filium
596 4341 946 4397 comparans,
968 4334 1024 4378 et
1051 4339 1244 4378 eorum
1271 4323 1340 4376 ab
1368 4321 1610 4375 invicem
1633 4317 1948 4372 distinctio-

362 4440 489 4480 nem
529 4423 772 4486 tradens,
817 4421 996 4476 solum
1049 4420 1260 4473 fontem
1294 4417 1518 4471 Patrem
1551 4416 1651 4480 ait,
1685 4430 1749 4468 ac
1782 4416 1826 4467 si
1861 4411 1945 4466 di-

2050 3315 2174 3368 dam
2205 3313 2376 3383 igitur
2408 3315 2799 3368 auctoritatem
2851 3313 3196 3382 praedictam,
3241 3322 3297 3366 et
3327 3315 3634 3382 Oppositio-

2051 3421 2172 3460 nem
2235 3405 2366 3459 inde
2415 3405 2728 3458 subluto-tam
2785 3404 3106 3458 solvendam
3170 3404 3272 3459 ctsi
3325 3406 3480 3459 mulli
3536 3405 3631 3461 alii

2051 3499 2197 3554 modi
2239 3505 2446 3560 essent,
2481 3505 2664 3551 tamen
2701 3513 2824 3566 quae
2871 3496 3199 3556 dit-ta'sunt.
3233 3497 3306 3550 ita
3339 3496 3634 3552 titanifesla

2050 3603 2106 3648 ct
2143 3593 2449 3648 clarissima
2477 3602 2626 3657 sunt,
2659 3605 2718 3645 ut
2745 3591 2860 3663 sola
2888 3590 3187 3646 sufﬁciant.
3223 3592 3456 3646 l’robato
3483 3593 3634 3647 enim

2050 3687 2196 3757 quod
2231 3687 2400 3740 Filius
2429 3685 2502 3739 sit
2532 3687 2700 3740 etiam
2749 3684 2872 3738 fons
2919 3684 3167 3746 Deitatis,
3204 3683 3478 3752 siquidem
3509 3683 3635 3739 fons

2051 3777 2291 3844 Spiritus
2341 3775 2521 3830 sancti
2575 3783 2668 3829 cst
2701 3783 3018 3829 sanctorum
3068 3773 3293 3828 Patrum
3331 3773 3631 3834 sententia,

2051 3869 2296 3935 Spiritus
2347 3883 2482 3923 vero
2537 3873 2761 3922 sanctus
2807 3867 2951 3920 Deus
2985 3874 3070 3919 est
3121 3863 3350 3934 (quibus
3405 3865 3632 3920 beatum

2052 3959 2376 4029 Dionysium
2411 3958 2797 4011 contradicere
2827 3957 3014 4011 nullus
3046 3955 3290 4010 fidelium
3323 3953 3519 4026 dicet),
3548 3971 3636 4010 re-

2053 4061 2162 4105 stat
2201 4060 2260 4104 ut
2293 4051 2396 4105 hoc
2425 4049 2574 4120 quod
2619 4049 2757 4104 dicit
2813 4048 3130 4119 Dionysius,
3183 4049 3362 4102 solum
3419 4048 3632 4102 fontem

2051 4143 2284 4198 Deitatis
2315 4142 2532 4197 Patrem
2567 4157 2712 4208 esse,
2741 4142 3044 4197 secundum
3081 4141 3384 4210 prtedictos
3417 4141 3631 4207 modos,

2054 4246 2150 4290 aut
2175 4237 2412 4291 alterum
2445 4235 2688 4300 illorum,
2716 4243 2772 4290 et
2804 4250 2912 4288 non
2944 4234 3105 4288 aliter
3135 4233 3360 4288 dixerit.

2194 4348 2381 4404 Brevis
2413 4347 2669 4420 Epilogus
2697 4349 2960 4472 portrium,
2987 4363 3104 4418 quae
3126 4349 3268 4402 dicta
3291 4357 3416 4402 sunt
3439 4350 3492 4404 in

2715 4436 2792 4472 ioc
2829 4436 3004 4472 onere.

2715 4436 2792 4473 ioc
2829 4436 3004 4489 opere.

361 4525 516 4573 ceret
557 4516 774 4570 Patrem
824 4513 1048 4582 quidem
1109 4511 1315 4564 torrtem
1365 4504 1490 4562 Filii
1542 4521 1686 4567 esse,
1746 4503 1941 4558 Filium

2129 4516 2243 4587 Ego
2275 4513 2496 4584 quidem
2528 4523 2619 4567 ttta
2649 4513 2845 4583 gratia,
2889 4510 3318 4564 clementissime
3348 4511 3451 4576 vir,
3487 4513 3636 4581 quod

364 4627 496 4665 vero
529 4609 732 4662 fontem
767 4607 944 4661 Patris
978 4604 1204 4657 minime
1238 4615 1380 4657 esse.
1411 4598 1475 4653 Et
1506 4598 1653 4669 quod
1686 4597 1754 4651 de
1787 4597 1947 4650 Patre

365 4717 420 4760 et
461 4703 599 4758 Filio
643 4703 911 4756 duntaxat
947 4699 1038 4752 hic
1086 4695 1408 4765 speculetur
1438 4733 1454 4756 ,
1508 4707 1538 4746 a
1585 4689 1952 4768 sequentibus

367 4795 772 4850 manifestatur.
798 4791 874 4844 Ea
900 4789 1132 4852 etenim,
1183 4785 1388 4855 inquit,
1425 4797 1548 4853 qua:
1602 4793 1733 4837 sunt
1781 4795 1952 4851 genev

368 4889 602 4945 rationis
633 4887 854 4948 dirime,
909 4899 1034 4954 quae
1082 4895 1254 4950 super
1307 4893 1528 4932 omnem
1584 4875 1952 4934 substantiam

367 4992 475 5046 est,
507 4996 616 5034 non
652 4985 1056 5034 convertuntur
1101 4959 1168 5027 ad
1214 4972 1472 5024 invicem.
1527 4968 1641 5022 lluc
1673 4965 1821 5021 enim
1857 4981 1956 5018 no-

303 5087 314 5094 ‘
373 5089 500 5131 men
538 5069 914 5143 generationis
971 5067 1176 5122 divina:
1205 5065 1423 5118 Patrem
1463 5073 1514 5116 et
1562 5059 1762 5114 Filium
1811 5057 1955 5110 dun-

372 5175 525 5224 taxat
566 5163 814 5234 respicit,
863 5175 988 5215 cum
1045 5157 1138 5212 ille
1194 5163 1445 5226 generet,
1498 5152 1591 5207 hic
1637 5157 1953 5220 generetur.

373 5261 492 5317 l'loc
534 5269 719 5316 autem
772 5253 1123 5309 manifestius
1175 5257 1428 5320 apparet,
1478 5262 1604 5302 cum
1651 5243 1955 5315 subjuugit,

373 5371 497 5412 cum
531 5353 690 5406 Pater
737 5365 845 5403 non
877 5347 949 5401 sit
978 5343 1175 5408 Filius,
1209 5357 1312 5397 nec
1355 5341 1529 5395 Filius
1563 5340 1724 5392 Pater
1756 5355 1772 5394 ;
1807 5345 1959 5406 patet

373 5449 542 5520 Igitur
571 5443 717 5516 quod
762 5454 1030 5520 generare
1075 5445 1133 5492 et
1179 5437 1352 5506 ipsam
1403 5433 1794 5504 paternitatem
1854 5429 1956 5482 soli

373 5541 522 5598 Patri
559 5539 828 5600 tribuens,
865 5533 1046 5588 solum
1087 5531 1292 5585 fontem
1326 5543 1453 5584 emn
1501 5531 1580 5581 ait
1627 5522 1959 5587 divinitatis,

375 5650 444 5688 ae
490 5634 533 5685 si
581 5631 838 5686 diceret:
874 5626 1042 5680 Solus
1074 5623 1238 5678 Pater
1264 5663 1280 5688 ,
1339 5622 1492 5677 solus
1529 5631 1804 5690 generans
1845 5625 1960 5679 est,

373 5741 478 5784 nec
507 5727 622 5796 ipse
667 5731 1000 5796 generatus,
1036 5733 1140 5774 nec
1193 5716 1367 5772 Filius
1411 5727 1708 5786 generatis,
1740 5725 1864 5766 cum
1898 5725 1962 5765 ea

372 5836 496 5893 quae
527 5829 654 5876 sunt
683 5813 1059 5890 generationis
1081 5810 1286 5868 divinae
1321 5823 1432 5867 non
1459 5813 1860 5874 convertantur
1891 5803 1960 5861 ad

2057 4609 2263 4680 petiisti
2318 4623 2419 4678 pro
2473 4622 2632 4676 posse
2676 4604 2970 4675 complevi.
3019 4603 3152 4670 Qua:
3206 4605 3355 4658 enim
3405 4615 3526 4660 acta
3581 4607 3635 4660 in

2057 4703 2296 4758 concilio
2326 4702 2554 4756 fuerunt
2583 4715 2648 4754 ex
2697 4710 2853 4768 parte
2885 4699 3129 4760 narravi,
3165 4698 3457 4768 utriusque
3485 4715 3638 4768 quao-

2057 4796 2252 4850 stionis
2286 4795 2532 4848 rationes
2581 4793 2827 4848 breviter
2859 4791 3096 4846 reddidi.
3147 4791 3277 4859 Qua:
3315 4793 3642 4847 inferuntur

2059 4887 2506 4944 incomenicntia
2549 4897 2742 4941 contra
2775 4887 3074 4940 veritatem
3121 4885 3496 4942 conclusionis
3527 4887 3644 4939 sive

2057 4998 2123 5036 ex
2165 4979 2476 5034 rationibus
2517 4979 2982 5044 adversariorum,
3035 4978 3156 5032 sive
3195 4995 3261 5032 ex
3299 4978 3642 5032 auctoritati-

2061 5072 2164 5125 bus
2197 5071 2486 5124 doctorum
2536 5070 2702 5124 solri.
2735 5071 2800 5124 Et
2831 5070 3055 5138 quidem
3092 5077 3149 5123 ut
3186 5079 3321 5140 puto
3369 5067 3644 5122 sullieien-

2063 5173 2164 5218 ter.
2197 5163 2272 5217 Ex
2300 5163 2523 5232 quibus,
2558 5165 2612 5216 ni
2649 5165 2829 5226 t'allor,
2869 5164 2993 5218 lidei
3028 5172 3232 5216 nostra!
3285 5161 3496 5215 veritas
3529 5161 3642 5213 ela-

2062 5259 2280 5312 rissime
2313 5257 2542 5325 probata
2595 5264 2700 5308 est.
2731 5255 2909 5309 'l'uum
2967 5270 3098 5309 vero
3127 5254 3236 5306 erit
3279 5261 3330 5306 et
3377 5256 3640 5316 alterum,

2063 5363 2300 5418 quorum
2334 5349 2387 5400 in
2429 5361 2623 5400 manus
2655 5347 2761 5400 hoc
2794 5361 2935 5416 opus
2975 5345 3265 5415 legendum
3301 5343 3641 5412 pervenerit.

2063 5447 2270 5492 attente
2309 5437 2516 5506 absque
2551 5437 2808 5506 passione
2857 5439 3058 5506 saepius
3110 5435 3302 5488 eadem
3357 5432 3541 5498 legere
3587 5440 3645 5485 et

2065 5531 2342 5597 relegere,
2371 5539 2426 5582 et
2455 5529 2598 5583 bene
2623 5544 2744 5598 qua:
2797 5529 2848 5582 in
2898 5541 2964 5582 eo
3013 5526 3156 5580 dicta
3210 5535 3340 5579 sunt
3395 5529 3646 5577 conteru-

2067 5621 2237 5690 plari;
2271 5617 2527 5673 fortassis
2556 5619 2762 5672 ctenim
2817 5631 2924 5670 non
2964 5614 3196 5678 inutilis,
3235 5627 3410 5681 neque
3467 5609 3644 5664 labori

2067 5722 2260 5768 nostro
2319 5712 2719 5767 inconveniens
2771 5724 2873 5764 vos.
2915 5708 3132 5766 fruetus
3185 5713 3488 5776 sequetur;
3546 5701 3643 5756 sed

2068 5805 2245 5878 qualis
2294 5804 2530 5880 maximi
2565 5803 2969 5860 existimandus
3019 5810 3124 5856 est.
3183 5795 3470 5873 S.quidem
3528 5791 3649 5850 veri
