4086 6426
800 257 818 287 Ι

467 352 570 415 417
1035 387 1038 389 λ
1447 338 1951 406 BESSARIONIS
1987 341 2043 402 S.
2078 344 2080 398 ἒ

2135 391 2142 400 .
2189 337 2254 398 Ε.
2295 330 2762 396 (JARDlNAlJS
3622 316 3737 385 1'3

469 482 572 520 nec
601 461 918 534 inquirendi
960 457 1300 516 fructuosior
1331 457 1484 514 labor
1515 467 1622 523 est,
1678 470 1782 511 nec
1835 452 2044 508 inventi
2153 449 2375 504 Patrum
2426 445 2785 500 auctoritates
2854 438 3109 495 facillime
3169 444 3463 534 arguentes
3500 451 3523 534 ι.
3548 433 3740 486 omnis

469 525 764 627 pretiosior
789 557 1021 608 fructus.
1056 551 1160 605 Sed
1193 559 1321 605 ante
1363 549 1550 604 omnia
1582 556 1904 604 sanctorum
1940 545 2043 599 Pa-
2155 542 2362 596 etenim
2426 538 2564 593 ratio
2620 537 2705 590 his
2759 531 3151 627 contradicens
3182 525 3561 627 reprobanda
3622 533 3739 626 est,

472 620 616 699 trum
641 653 696 698 et
727 642 1014 696 doctorum
1039 638 1463 694 occidentalium
1487 637 1867 700 auctoritates,
1907 648 2048 704 quas
2157 641 2418 702 tauquam
2446 629 2671 684 veritati
2707 625 3016 687 contraria,
3052 620 3327 692 siquidem
3364 621 3556 674 Patres
3589 620 3744 670 veri-

471 751 596 790 cum
631 734 718 788 his
750 731 916 788 simul
950 731 1017 784 ad
1065 739 1116 784 te
1150 731 1331 796 mitto,
1389 729 1655 799 legentes,
1719 734 1929 781 attente
1979 739 2046 778 ex
2157 735 2322 780 tatem
2352 723 2522 778 locuti
2551 730 2703 776 sunt.
2728 719 2809 773 Tu
2840 733 2972 772 vero
3005 731 3109 770 una
3137 730 3263 770 cum
3288 709 3737 768 Occidentalium

472 829 568 882 his
598 826 871 894 colligetis
911 824 1273 894 problematis
1302 823 1466 894 hujus
1508 822 1866 877 clarissimam
1901 819 2047 872 veri-
2154 817 2378 872 Patrum
2413 812 2748 869 testimoniis
2785 811 2948 865 etiam
2982 808 3194 878 aliquas
3228 802 3748 894 Oi-ientaliutmau-

473 931 658 975 tatem.
785 920 878 988 qui
913 891 1052 972 vero
1081 933 1191 971 non
1221 891 1500 981 veritatis,
1537 917 1634 971 sed
1665 912 2050 969 contentionis
2091 921 2104 937 ’
2157 909 2442 964 ctoritates
2468 922 2499 960 a
2535 905 2695 960 nobis
2715 904 3002 972 accipe,ut
3034 901 3200 954 etiam
3239 898 3376 951 istos
3406 895 3599 988 eadem
3631 891 3752 945 illis

471 1009 656 1073 amici,
689 1017 778 1061 aut
803 984 973 1061 imois
1004 1005 1337 1071 rationibus,
1381 1013 1480 1060 aut
1529 1003 1768 1075 dogmati
1816 1001 2052 1056 Latino-
2156 998 2428 1060 dicentes,
2453 995 2844 1064 intelligas;et
2878 1007 2986 1045 non
3012 989 3188 1043 solum
3226 984 3748 1075 sententia,vcr_uin

473 1115 595 1154 rum
645 1072 944 1154 instantiae
997 1098 1261 1162 inferant,
1309 1111 1414 1152 eos
1450 1072 1769 1150 deridentes
1826 1105 1890 1149 et
1949 1107 2054 1162 per
2157 1089 2324 1144 etiam
2353 1088 2488 1159 ipsis
2517 1085 2704 1142 verbis
2737 1098 2836 1140 eos
2870 1083 3200 1153 plcrumque
3239 1093 3360 1133 esse
3408 1072 3752 1129 concordes.

482 1291 664 1308 ᾑ-

659 1461 1544 1656 EJUSDEM
1659 1493 2214 1651 CARD.
2325 1485 3583 1646 BESSARIONIS

1419 1802 1570 1889 AD
1646 1795 2137 1889 GRJECOS
2213 1795 2809 1889 EPISTOLA

484 2015 1056 2086 EXHORTANTIS
1125 2013 1277 2076 EOS
1354 2015 1464 2076 AD
1537 2014 2095 2076 OBEDlENTlAM
2173 2013 2760 2075 SACROSANCTZE
2841 2011 3210 2074 ROMANJE
3299 2011 3762 2086 ECCLESIE,

1244 2139 1349 2199 ET
1425 2135 2018 2198 SUSCEPTIONEM
2085 2133 2382 2196 SYNODI
2437 2132 3002 2204 FLORENTlN/E,

721 2263 819 2323 ET
868 2262 972 2324 DE
1022 2259 1481 2323 ELECTIONIS
1517 2258 1662 2320 SUA
1698 2257 1778 2318 ΙΝ
1809 2241 2385 2319 PATBIARCHA‘M
2443 2253 3512 2318 CONSTANTlNOPOLlTANUM.

2043 1271 3754 1297 W_—_——_

743 1287 3757 1325 ψ

483 1311 727 1328 .—~

1813 2571 2447 2637 ARGUMENTUM.

566 2749 738 2809 οτωρῑ
775 2749 974 2812 nostri,
1008 2759 1229 2804 mortuo
1255 2740 1500 2812 Josepho
1533 2738 1848 2811 patriarcha
1881 2737 2500 2808 Constantinopolitano
2543 2737 2837 2793 Florentiae
2861 2781 2875 2803 ,
2905 2735 3219 2792 noluerunt
3265 2738 3512 2794 alterum
3545 2741 3756 2812 eligi-re

488 2856 549 2901 et
577 2846 630 2899 in
658 2846 839 2899 locum
869 2839 1145 2896 demortui
1176 2836 1514 2894 substituere
1534 2872 1551 2899 ,
1590 2848 1754 2902 quem
1789 2831 2147 2886 conﬁrmaret
2176 2846 2426 2886 summus
2465 2821 2708 2901 pontifex
2745 2831 3022 2902 Eugenius
3059 2830 3149 2896 IV,
3179 2835 3326 2902 quod
3359 2835 3607 2892 dicerent
3636 2855 3690 2891 m
3713 2855 3753 2892 ιι

490 2952 618 2992 esse
652 2936 823 2988 moris
865 2948 991 2988 eum
1019 2929 1258 3001 eligendi
1294 2937 1450 2983 extra
1478 2924 2042 2995 Constantinopolim.
2074 2926 2290 2992 Quibus
2321 2927 2639 2980 excusando
2671 2939 2730 2980 se
2779 2926 3180 2982 humanissime
3226 2930 3472 2998 pontifex
3523 2947 3757 3002 respon-

490 3030 594 3094 dit,
625 3044 682 3081 se
719 3043 827 3080 non
860 3040 1020 3095 posse
1064 3023 1342 3092 deponere
1371 3019 1628 3074 Latinum
1677 3017 2043 3088 patriarcham
2099 3018 2400 3082 titularem,
2442 3017 2548 3072 nisi
2581 3017 2756 3073 Graeci
2793 3029 3171 3087 proponerent
3214 3020 3449 3076 alterum
3503 3025 3756 3079 Grzecum

493 3125 566 3178 ibi
604 3121 695 3174 ubi
729 3119 1114 3174 celebrabatur
1146 3115 1446 3171 concilium
1475 3155 1489 3179 ,
1522 3129 1551 3167 a
1587 3128 1646 3168 se
1675 3112 2141 3167 confirmandum.
2171 3113 2345 3178 Quem
2387 3120 2570 3167 autem
2599 3122 2793 3183 postea
2826 3111 3305 3184 ConstantinOpoli
3352 3118 3590 3186 primum
3635 3118 3756 3173 ele-

491 3217 693 3286 gerint,
728 3229 838 3268 non
868 3215 1008 3268 adeo
1034 3221 1273 3268 constat.
1325 3212 1383 3265 ln
1440 3209 1674 3264 historia
1733 3223 1895 3278 quam
1931 3209 2152 3279 scripsit
2197 3219 2387 3263 nostra
2417 3219 2580 3264 astate
2612 3208 2958 3266 Theodosius
2984 3210 3302 3281 Zygomalas
3337 3215 3404 3267 ad
3457 3214 3755 3269 Martiuum

489 3313 748 3369 Crusium
799 3311 1140 3374 tnereticum,
1175 3310 1348 3364 fertur
1379 3307 1548 3363 fuisse
1595 3305 1894 3377 Gregorius
1926 3305 2382 3375 Protesyngclus.
2441 3315 2502 3360 ut
2543 3287 2856 3362 notavimus
2900 3307 2953 3360 in
3003 3323 3040 3361 ιι
3093 3308 3236 3362 libro
3263 3308 3331 3364 de
3385 3309 3762 3366 Sztcrantentis

493 3421 690 3460 versus
723 3406 908 3458 tinem.
944 3403 1308 3458 Doctissimus
1331 3401 1732 3471 Caryophyllus
1761 3400 1816 3454 in
1852 3399 1994 3454 libro
2019 3401 2269 3472 quinque
2307 3401 2572 3471 capitum,
2609 3416 2774 3471 quem
2812 3401 2866 3455 in
2899 3401 3141 3471 linguam
3173 3403 3356 3458 tritam
3390 3413 3448 3460 et
3486 3421 3759 3461 vernacu-

493 3499 603 3552 lam
639 3497 955 3554 Graecorum
991 3497 1176 3561 vertit,
1209 3511 1276 3550 ex
1309 3495 1430 3553 aliis
1457 3493 1744 3549 biStoricis
1775 3493 1979 3564 colligit
2012 3495 2179 3550 fuisse
2205 3495 2627 3562 Bessarioncm,
2669 3494 2816 3564 quod
2859 3509 2961 3566 ego
2993 3511 3103 3551 non
3129 3497 3317 3561 credo,
3350 3499 3572 3555 fecisset
3605 3502 3755 3557 enim

495 3592 697 3647 alicubi
733 3607 796 3647 ea
833 3591 902 3647 de
944 3607 1004 3646 re
1037 3590 1330 3646 Bessarion
1366 3587 1729 3643 mentionem.
1764 3587 1972 3643 Ferunt
2001 3603 2128 3643 eum
2176 3587 2358 3642 facere
2402 3587 2740 3642 mentionem
2780 3589 2835 3642 in
2888 3588 2992 3643 hac
3023 3591 3137 3659 ipsa
3173 3588 3407 3658 epistola
3439 3607 3563 3647 cum
3597 3593 3756 3659 dicit,

493 3705 554 3744 se
584 3690 842 3746 habuisse
876 3691 1022 3744 inter
1047 3686 1266 3744 Graecos
1301 3700 1548 3740 summos
1582 3685 1846 3740 honores.
1877 3685 1946 3739 At
1980 3684 2085 3739 hoc
2117 3684 2418 3738 verisimile
2446 3692 2530 3738 est
2565 3699 2690 3738 eum
2728 3685 2918 3739 dicere
2949 3696 3176 3755 propter
3209 3687 3513 3743 doctrinam
3538 3699 3593 3744 et
3626 3705 3760 3758 pru-

494 3785 737 3840 dentiam
774 3802 787 3838 :
826 3782 1068 3852 alioquin
1103 3781 1269 3836 etiam
1302 3779 1603 3834 imberbem
1634 3787 1690 3833 et
1713 3779 1978 3848 juvenem
2006 3777 2150 3846 apud
2187 3777 2552 3846 imperatores
2579 3794 2692 3848 prte
2720 3781 2935 3836 czeteris
2959 3781 3194 3850 ephebis
3245 3782 3300 3837 in
3347 3783 3559 3838 honore
3603 3783 3764 3838 habi-

498 3890 611 3933 tum
646 3878 816 3932 fuisse
847 3884 1100 3932 testatur.
1132 3873 1238 3928 Sed
1269 3888 1420 3938 eum,
1453 3873 1648 3937 aiunt,
1693 3872 2013 3926 substitisse
2053 3872 2242 3926 Romze
2273 3871 2609 3927 ca'rdiualem
2642 3876 2912 3927 creatum.
2944 3873 2998 3929 Si
3034 3875 3343 3946 intelligant
3374 3877 3760 3931 Bessarionem

498 3979 620 4040 post
645 3969 940 4023 concilium
970 3981 1079 4022 non
1109 3965 1282 4020 fuisse
1315 3978 1596 4018 reversum
1626 3965 1678 4016 in
1716 3963 2007 4030 Graeciam,
2061 3963 2261 4018 falsum
2291 3975 2380 4019 est
2402 4004 2416 4026 ,
2454 3973 2514 4017 ut
2546 3974 2766 4018 constat
2797 3981 2862 4020 ex
2891 3967 3122 4036 epistola
3155 3967 3502 4024 Bessarionis
3531 3970 3597 4024 ad
3631 3971 3763 4026 Las-

495 4065 664 4122 caz-im
703 4062 1248 4132 Philauthropinum,
1278 4061 1427 4116 circa
1465 4061 1797 4130 prooemium
1823 4100 1838 4126 ,
1880 4060 1973 4113 ubi
2007 4075 2108 4128 rep.

2151 4062 2360 4114 riuntur
2388 4061 2500 4115 lnec
2534 4061 2698 4116 verba
2719 4101 2734 4126 ,
2776 4065 2913 4132 μετὰ
2943 4064 3043 4133 τὴν
3076 4066 3375 4134 γινομένην
3405 4068 3566 4134 ἁγῖαν
3597 4069 3764 4121 σύνο-

496 4159 604 4223 δον,
639 4161 734 4210 καὶ
764 4157 863 4227 τὴν
898 4157 976 4221 εἰς
1016 4152 1603 4209 Κωνσταντινούπολιν
1643 4153 1804 4224 ἡμῶν
1859 4153 2109 4206 ἐπάνοδον

2152 4163 2305 4224 ,post
2330 4154 2653 4208 celebratum
2703 4173 2915 4210 sacrant
2965 4158 3267 4225 concilium,
3321 4169 3369 4212 ct
3411 4169 3653 4214 nostrum
3707 4162 3765 4215 in

497 4252 1008 4324 Constantinopolim
1061 4252 1309 4305 reditum.
1355 4250 1412 4304 Si
1447 4256 1632 4302 autem
1686 4247 2000 4318 intelligant
2029 4265 2154 4303 eum
2189 4249 2342 4303 brevi
2373 4251 2689 4306 substitisse
2723 4251 2777 4304 in
2828 4268 2892 4306 ea
2932 4253 3069 4307 urbe
3097 4261 3150 4306 et
3183 4269 3463 4309 reversum
3507 4257 3674 4309 fuisse
3713 4259 3766 4308 iu

501 4348 740 4408 Italiam.
769 4347 1022 4418 quamvis
1052 4361 1160 4400 non
1189 4345 1260 4399 sit
1282 4353 1521 4407 certum,
1553 4352 1737 4396 tamen
1769 4343 1886 4397 fieri
1919 4350 2122 4415 potest,
2153 4353 2208 4396 et
2245 4353 2376 4397 tunc
2411 4344 2607 4398 debuit
2634 4344 2938 4400 historicus
2965 4345 3183 4408 dicere,
3215 4351 3467 4417 quamvis
3497 4349 3770 4405 Constan-

502 4443 728 4511 tiuopoli
783 4457 1029 4513 pra‘sens
1075 4441 1284 4496 electus
1313 4440 1502 4503 fuerit,
1537 4439 1716 4493 noluit
1767 4447 1948 4491 tamen
1988 4447 2302 4506 acceptare.
2356 4439 2676 4493 Secundum
2719 4441 2873 4493 aiunt
2909 4439 3074 4493 fuisse
3119 4440 3560 4511 Metrophanem,
3605 4461 3712 4511 quo
3740 4463 3768 4496 :l

501 4537 747 4589 mordaci
785 4543 1086 4588 scommate
1131 4547 1231 4602 per
1255 4541 1637 4601 contemptum
1670 4529 1947 4584 vocabant
1979 4531 2349 4598 μητροφόνον,
2399 4540 2456 4585 et
2490 4533 2900 4602 epatptipxry,
2933 4534 3158 4586 tertium
3206 4531 3530 4602 Gregorium
3582 4546 3773 4605 proto—

502 4626 785 4695 syngelum
819 4665 833 4690 ,
885 4626 978 4694 qui
1015 4626 1120 4679 fuit
1150 4641 1179 4680 a
1220 4625 1676 4698 confessionibus,
1705 4625 1935 4680 Joannis
1972 4624 2257 4693 Palmulosi
2311 4628 2360 4677 in
2388 4627 2661 4694 peratoris
2695 4666 2710 4690 ,
2774 4638 2828 4681 et
2875 4627 3055 4680 tenuit
3105 4628 3286 4681 locum
3327 4628 3677 4684 Alexandrini
3715 4631 3771 4685 in

503 4718 734 4788 synodo.
771 4718 834 4771 lli
873 4733 1067 4774 omnes
1095 4719 1322 4782 fuerunt
1347 4735 1411 4772 ex
1440 4719 1698 4774 l’atribus
1727 4718 1973 4783 concilii,
2009 4717 2102 4786 qui
2141 4719 2624 4787 subseripseraut,
2651 4728 2706 4774 et
2741 4731 3169 4789 permanserunt
3199 4733 3518 4777 constantes
3555 4724 3608 4776 in
3636 4740 3774 4776 cou-

413 4813 426 4818 ’
505 4812 693 4866 cordia
729 4819 786 4865 et
824 4811 1030 4866 unione
1065 4828 1190 4866 cum
1221 4810 1465 4867 Ecclesia
1503 4811 1769 4866 Romana.
1808 4810 1979 4865 Porro
2025 4811 2094 4865 de
2125 4810 2393 4880 Gregorio
2427 4814 2816 4883 protosyugelo
2856 4829 2972 4867 sive
3008 4813 3174 4868 fuezit
3211 4817 3426 4884 primus
3449 4857 3463 4880 ,
3507 4818 3621 4870 sive
3657 4825 3778 4869 ter-

506 4907 636 4968 tius,
679 4905 781 4958 hoc
807 4914 1017 4960 certum
1049 4915 1155 4971 est,
1179 4921 1304 4960 eum
1335 4916 1529 4975 sponte
1559 4908 1799 4960 cessisse
1834 4905 2220 4976 patriarehatu
2245 4943 2259 4966 ,
2289 4909 2348 4958 et'
2376 4921 2442 4959 eo
2471 4922 2700 4960 munere
2745 4905 3034 4975 dignitatis
3090 4924 3149 4962 se
3197 4910 3506 4973 abdicasse,
3559 4911 3668 4964 imo
3720 4919 3780 4964 et

507 5002 694 5055 Romae
725 5013 782 5054 se
811 4999 1105 5068 recepisse,
1145 5015 1208 5054 ac
1237 4999 1575 5054 inhabitasse
1605 5000 2005 5054 monasterium
2044 4998 2105 5052 S.
2141 4997 2362 5066 Georgii
2397 4997 2451 5051 in
2503 4999 2736 5052 Velabro
2763 5041 2777 5064 ,
2812 5014 2987 5068 prope
3051 5000 3251 5056 Forum
3319 5001 3603 5057 Boarium.
3660 5000 3781 5058 lloc

508 5103 682 5146 totum
711 5090 942 5158 contigit
971 5099 1220 5160 tempore
1246 5071 1453 5145 l‘t’icolai
1485 5090 1544 5154 V,
1574 5091 1865 5168 quietiam
1893 5089 2088 5148 scribit
2121 5087 2188 5140 ad
2227 5088 2646 5143 Constantinum
2688 5097 3029 5156 postremum
3068 5093 3489 5161 imperatorem,
3539 5103 3598 5147 et
3635 5107 3774 5146 eum

510 5185 786 5249 hortatur,
822 5191 883 5236 ut
919 5183 1203 5252 proprium
1229 5182 1624 5253 patriarcham,
1653 5197 1762 5237 non
1797 5193 1854 5236 ut
1888 5183 2187 5252 quemdam
2221 5181 2463 5250 aliquem
2499 5185 2680 5235 tenuis
2704 5181 2942 5237 fortuna:
2983 5186 3326 5239 sacerdotem
3363 5189 3563 5240 misere
3595 5186 3780 5241 vixere

508 5280 698 5346 sinat,
731 5279 826 5334 sed
889 5289 949 5333 ut
1003 5279 1164 5334 decet
1213 5295 1406 5334 verum
1465 5279 1834 5348 patriarcham
1879 5277 2579 5347 Constantinopolitanum,
2641 5294 2991 5347 summopere
3031 5279 3131 5349 ipsi
3183 5279 3627 5334 conuucndando
3685 5293 3781 5332 ro-

510 5385 621 5446 gat,
654 5384 716 5430 ut
740 5389 868 5431 eum
897 5373 1078 5429 redire
1108 5375 1174 5428 ad
1213 5389 1375 5428 suum
1411 5375 1673 5428 thronum
1703 5383 1863 5429 curet
1897 5390 1912 5428 :
1945 5373 2111 5444 eique
2152 5390 2377 5429 reverso
2413 5374 2598 5430 cuncti
2654 5374 2922 5428 honorem
2957 5381 3013 5427 et
3041 5375 3418 5432 obedientiam
3452 5377 3772 5435 exhibeant.

510 5469 774 5525 Eumdem
803 5469 988 5524 ferunt
1033 5476 1158 5537 post
1186 5467 1397 5521 obitum
1431 5465 1928 5536 Θανματουργῆσιι
1951 5504 1966 5526 .
1995 5465 2238 5521 edidisse
2269 5467 2558 5522 miracula.
2593 5467 2665 5522 De
2699 5467 2891 5524 eodem
2921 5470 3209 5542 Gregorio,
3244 5473 3312 5528 dc
3347 5475 3557 5531 ῐδῑάοτο
3607 5478 3778 5532 etiam

512 5565 891 5620 liutheuorum
922 5563 1194 5625 antistite,
1226 5571 1282 5615 et
1316 5561 1644 5616 Bcssarione
1680 5563 1761 5616 sic
1795 5561 1996 5617 scribit
2024 5559 2157 5614 Pius
2191 5564 2470 5618 secundus
2501 5563 2642 5618 libro
2674 5580 2726 5617 ιι
2772 5565 2827 5619 in
2861 5567 2976 5620 suis
3009 5567 3456 5636 Commentariis,
3481 5575 3628 5626 circa
3670 5585 3787 5627 tcr-

512 5658 640 5712 tiam
675 5666 884 5726 partem
916 5656 1091 5711 libri:
1124 5675 1142 5708 ι
1191 5655 1348 5711 Hunc
1389 5657 1734 5712 annum‘viri
1787 5665 1901 5712 tres
1939 5657 1992 5710 in
2048 5657 2302 5726 Ecclesia
2346 5659 2728 5730 prazcellcntes
2767 5662 3041 5732 insignem
3087 5666 3390 5721 morientes
3437 5667 3729 5721 reddidere
3763 5686 3781 5724 :

513 5746 727 5818 primus
755 5745 856 5801 fuit
883 5746 1124 5803 Isidorus
1159 5747 1454 5804 cardinalis
1483 5748 1772 5821 episcopus
1802 5747 2153 5815 Sibincnsis,
2184 5751 2277 5822 qui
2325 5753 2420 5808 diu
2449 5761 2610 5826 antea
2650 5767 2953 5824 percussus
2999 5757 3286 5826 apoplcxia
3317 5759 3640 5828 perdiderat
3660 5775 3786 5815 ser-
