4086 6408
311 499 426 560 ᾉ53

1457 493 1883 554 ΈΝΟὙΟΗΕΑ
1929 493 2027 552 AD
2051 490 2398 552 GRAECOS.

3459 487 3567 551 ibi

314 613 703 675 ἐκλειπόντων,
736 609 822 664 διὰ
849 610 948 677 τὴν
1001 609 1095 666 τοῦ
1132 611 1324 678 γένους
1357 609 1622 672 δουλείαν,
1663 610 1758 662 καὶ
1788 609 1883 677 τὴν

2001 607 2073 661 ob
2102 605 2281 675 gentis
2325 604 2643 658 servitutem
2674 612 2728 656 et
2762 599 3135 670 ejuscomitem
3169 609 3566 668 paupertatem,

310 706 452 773 αύτῇ
487 704 765 772 ἑπομένην
788 720 845 756 τε
877 703 970 756 καὶ
997 703 1262 756 συνοῦσαν
1293 704 1504 765 πενίαν,
1535 701 1708 764 οὐδεξ
1736 701 1891 768 λόγος

314 798 533 864 σοφίας,
558 796 787 865 οὐδεμία
818 796 1044 865 ζήτησις
1081 797 1413 866 ἐπιστήμης.
1465 796 1662 865 ’Δρετὴ
1685 795 1741 847 δὲ
1763 796 1891 863 ὅση-

313 905 423 959 περ
457 890 536 951 είς
562 889 624 941 τὸ
654 883 784 959 ἦθος
815 887 1005 951 τείνει,
1057 889 1147 940 καὶ
1178 887 1375 950 καλοὺς
1415 887 1690 952 κάγαθοὺς
1721 885 1880 954 ἀπερ-

312 981 544 1048 γάζεται
594 980 721 1041 τοὺς
754 981 1146 1047 κεκτημένους,
1196 979 1332 1048 αῦτη
1399 979 1454 1030 δὲ
1515 976 1667 1046 μένει
1697 992 1756 1027 τε
1797 975 1890 1027 καὶ

317 1073 553 1141 μείνειεν
586 1071 664 1124 el:
694 1071 782 1124 ἀεὶ
812 1073 964 1142 παρά
988 1089 1050 1140 γε
1093 1073 1205 1133 τοῖς
1231 1073 1544 1141 ἡμετέροις.
1579 1069 1673 1132 Τίς
1708 1067 1889 1121 τοίνυν

314 1161 465 1217 αἰτία
492 1165 584 1216 τοῦ
608 1164 682 1217 τά
717 1164 823 1234 ἢθη
859 1166 1132 1234 χρηστοὺς
1163 1165 1341 1229 ὄντας,
1379 1167 1473 1218 καὶ
1516 1165 1733 1233 σοφίαν,
1793 1162 1890 1214 καὶ

313 1256 512 1324 ἀρχὴν,
546 1257 638 1311 καὶ
670 1259 771 1325 τὴν
801 1255 1114 1324 ἐλευθερίαν
1149 1257 1319 1327 αὐτὴν
1353 1257 1650 1321 ἀπολέσαις
1686 1255 1746 1307 οὐ
1781 1255 1891 1323 γὰρ

296 1348 382 1417 ’δὴ
411 1347 547 1417 τύχη
580 1364 662 1408 τε,
698 1349 791 1401 καὶ
814 1349 878 1400 τὸ
907 1349 1234 1417 αὐτόματον,
1291 1346 1401 1401 οὐδ’
1433 1349 1466 1416 ἡ
1518 1347 1748 1408 ἀστατος
1782 1343 1891 1398 τῶν

314 1440 662 1508 πραγμάτων
698 1439 793 1509 ροὴ
818 1478 832 1500 .
868 1440 968 1491 καὶ
1001 1439 1062 1492 τὸ
1117 1440 1198 1506 ὡς
1235 1439 1414 1507 ἔτυχε
1463 1438 1562 1508 τὴν
1620 1437 1892 1505 τοσαύτην

315 1532 452 1598 ἡμῖν
510 1532 779 1598 ἐπήνεγκε
831 1531 1166 1600 δυστυχίαν·
1217 1532 1267 1584 εί
1326 1533 1517 1600 μήτις
1556 1529 1719 1582 οίοιτο
1755 1529 1889 1597 μηδὲ

296 1623 635 1676 τδιοικεῖσθαι
668 1624 734 1675 τὰ
775 1621 909 1675 ,ὅντα
960 1622 1082 1694 θείᾳ
1115 1624 1366 1694 Προνοίᾳ,
1419 1621 1447 1672 ὃ
1511 1621 1606 1674 καὶ
1633 1620 1887 1689 ἐννοῆσαι

300 1715 543 1768 ἀτοπον.

389 1894 464 1948 Ού
502 1893 609 1964 μὴν
641 1894 762 1948 οὐδὲ
812 1895 871 1947 τὸ
903 1894 1012 1946 τῶν
1037 1893 1337 1961 ἀμαρτιῶν
1374 1893 1568 1964 βάρος,
1605 1893 1701 1946 καὶ
1746 1890 1892 1960 πλῆλ

2002 697 2151 751 nulla
2184 695 2324 749 ratio
2349 695 2582 748 habetur
2615 693 2917 762 sapientiae,
2972 691 3118 744 nulla
3152 691 3419 744 bonarum
3480 707 3569 744 ar-

2003 790 2140 842 tium
2173 787 2484 857 inquisitio.
2555 783 2743 838 Virtus
2774 799 2938 852 porro
2969 799 3092 852 quae
3122 783 3188 837 ad
3220 799 3400 838 mores
3443 799 3572 851 spc-

2000 888 2132 942 ctat,
2196 894 2425 948 quaeque.
2480 880 2680 946 probos
2737 884 2793 930 ct
2849 875 3130 939 honestos,
3177 889 3252 927 -ea
3313 875 3571 944 praeditos

1998 971 2184 1035 efﬁcit,
2219 971 2328 1039 ipsa
2359 965 2533 1024 eerte’
2579 967 2722 1037 apud
2783 977 3002 1021 nostros
3027 974 3330 1035 permanet,
3380 975 3436 1020 et
3465 966 3570 1019 uti-

1998 1077 2124 1117 nam
2187 1074 2454 1132 perpetui
2519 1071 2853 1130 perseveret.
2891 1059 3032 1126 Quid
3068 1059 3233 1125 igitur
3260 1074 3436 1112 causa:
3461 1069 3566 1121 est,

1999 1169 2098 1209 cur
2164 1155 2350 1224 probi,
2405 1155 2729 1223 optimeque
2766 1153 2962 1206 morati
3033 1161 3087 1205 et
3123 1151 3476 1221 sapientiam,
3513 1161 3571 1204 et

1999 1248 2314 1319 imperium,
2354 1258 2517 1317 atquc
2575 1247 2739 1300 etiam
2794 1246 2967 1316 ipsam
3018 1246 3330 1299 libertatem
3369 1243 3569 1297 amise-

1987 1340 2156 1396 vrint?
2208 1340 2325 1395 Non
2357 1338 2503 1393 enim
2546 1338 2790 1406 profecto
2825 1338 3045 1392 fortuna
3081 1345 3136 1390 et
3169 1351 3330 1390 casus
3358 1349 3571 1388 rerum-

1998 1450 2106 1504 que
2142 1433 2410 1488 instabilis
2439 1435 2636 1494 ttuxus.
2662 1441 2713 1486 et
2744 1431 2890 1500 quod
2926 1431 3182 1494 aiunt,,ut
3201 1429 3394 1494 evenit,
3429 1429 3573 1482 hanc

2000 1535 2202 1581 tantam
2242 1526 2604 1580 calamitatem
2638 1525 2798 1579 nobis
2821 1522 3055 1577 induxit.
3093 1523 3206 1577 Nisi
3264 1522 3388 1593 quis
3454 1521 3572 1576 exi-

2001 1619 2209 1680 stimet,
2245 1633 2312 1672 ne
2370 1618 2660 1688 gubernari
2719 1617 2939 1686 quidem
2985 1616 3167 1670 divina
3197 1612 3569 1674 Providentia,

1997 1709 2199 1778 quasi"
2248 1722 2439 1762 rerum
2473 1717 2662 1760 natura
2689 1707 2987 1770 exsistant,
3033 1705 3180 1774 quod
3219 1703 3300 1758 vel
3329 1703 3569 1773 cogitare

1999 1798 2294 1852 absurdum
2329 1805 2437 1850 est.

2070 1892 2233 1960 Atqui
2263 1909 2440 1960 tit-quc
2477 1903 2829 1960 peccatorum
2903 1887 3129 1957 ponderi
3186 1901 3250 1940 ac
3321 1884 3574 1940 multitu-

313 1987 408 2049 θος
432 1987 480 2056 (ὅ
509 2003 652 2050 τινες
690 1985 870 2044 καλῶς
903 1986 1106 2055 τρόπον
1141 1986 1300 2038 ἄλλον
1333 1985 1640 2047 ποιοῦντες,
1678 1984 1773 2037 καὶ
1800 2000 1883 2035 τα-

2001 1983 2114 2038 dini
2147 1989 2289 2052 (qua:
2321 1984 2568 2037 nonnulli
2601 1981 2904 2037 secundum
2923 1981 3080 2034 aliam
3111 1982 3377 2033 rationem
3415 1987 3570 2032 recte

314 2078 480 2132 πεινὰ
508 2081 637 2149 περὶ
682 2077 891 2131 ἑαυτῶν
920 2077 1266 2147 φρονοῦντες,
1320 2077 1394 2139 ὡς
1423 2078 1504 2130 δεῖ
1535 2078 1714 2144 λέγειν
1763 2076 1886 2128 είώο

311 2171 492 2240 θασι),
515 2171 610 2222 καὶ
639 2168 748 2222 τῶν
781 2169 1070 2238 παρόντων
1103 2169 1235 2238 ἡμῖν
1258 2169 1445 2220 κακῶν
1475 2167 1775 2220 αἰτιᾶσθαι.
1806 2168 1884 2220 Ού

315 2268 423 2332 γὰρ
457 2262 657 2334 μᾶλλον
689 2262 850 2330 ἡμεῖς
879 2261 912 2330 ἢ
952 2262 1020 2313 τὰ
1053 2260 1213 2313 λοιπα
1247 2261 1355 2313 τῶν
1391 2260 1754 2330 Χριστιανῶν,
1785 2259 1887 2312 ὅσα

311 2353 751 2425 εὐδαιμονοῦσιν,
785 2354 937 2422 ἔθνη,
978 2355 1098 2416 ταῖς
1149 2353 1306 2413 ίδὶαις
1335 2354 1426 2405 τον
1462 2353 1594 2404 Θεὸν
1623 2351 1886 2421 παροργί-

304 2445 482 2513 ζομεν
505 2446 816 2516 ἁμαρτίαις
845 2461 859 2476 ο
893 2445 1108 2514 εἴρηται
1131 2445 1238 2512 γὰρ
1260 2443 1345 2512 δὴ.
1371 2448 1464 2498 καὶ
1489 2443 1702 2511 ἀληθῶς
1731 2445 1885 2510 εἰρη-

309 2553 425 2597 nt,
459 2539 530 2589 τά
552 2537 602 2602 γ’
640 2537 698 2589 ἐν
732 2538 844 2598 τοῖς
879 2535 1035 2605 ἡθεσι
1067 2542 1193 2598 τοὺς
1217 2535 1514 2606 ἡμετέρους
1541 2535 1786 2604 μηδένων
1811 2529 1885 2586 εἷ-

312 2645 403 2681 ναι
441 2627 682 2698 χείρους,
715 2626 902 2680 ἔστιδ’
939 2618 1015 2680 ὧν
1051 2628 1147 2680 καὶ
1179 2625 1444 2697 βελτίους.
1827 2627 1832 2631 ’

387 2810 731 2880 Εὐλαϐητέον
787 2804 880 2862 οῦν
918 2809 1190 2878 μήποτεὴ
1230 2807 1330 2873 τῆς
1380 2807 1638 2875 ἀληθείας
1667 2809 1763 2876 τῆς
1800 2807 1886 2861 πί-

313 2920 488 2966 στεως
518 2902 846 2971 ἐκτροπὴνῆ
873 2903 982 2953 τῶν
1015 2901 1190 2970 ὀρθῶν
1220 2900 1507 2969 δογμάτων
1561 2901 1813 2972 ἀμέλεια,
1853 2903 1885 2969 ἠ

309 2995 423 3050 ἀπὸ
451 2995 553 3064 τῆς
577 2993 869 3060 καθολικῆς
905 2993 1233 3063 Ἐκκλησίας
1257 2993 1519 3062 διαίρεσις
1541 2994 1647 3045 τῶν
1679 3009 1888 3062 συμφο-

315 3087 430 3158 ρῶν
480 3086 686 3140 τούτων
717 3087 852 3156 ἡμῖν
883 3085 1222 3155 ἐχρημάτισε
1291 3089 1492 3154 μήτηρ.
1536 3085 1741 3137 Τούτου
1779 3085 1886 3154 γὰρ

314 3177 382 3247 δὴ
409 3177 501 3230 τοῦ
533 3177 705 3230 κακοῦ
736 3172 910 3247 ἦρξαν
945 3176 1048 3244 μέν
1078 3193 1224 3239 τινες
1255 3175 1364 3227 τῶν
1395 3175 1681 3245 ἡμετέρων
1705 3176 1772 3228 δι’
1813 3177 1888 3229 ol-

314 3271 473 3326 κείαν
511 3267 808 3324 αὐθάδειαν
830 3309 846 3332 ,
890 3269 1062 3340 ἀρχὴν
1117 3269 1330 3330 ἑαυτοῖς
1365 3268 1737 3320 ἀνυπεύθυνον
1769 3270 1888 3321 ἐπι·

315 3365 609 3434 κτώμενοι,
670 3363 933 3432 μετέσχον
993 3361 1048 3413 δὲ
1080 3363 1174 3413 καὶ
1202 3361 1251 3411 οί
1289 3360 1768 3427 ὲπιγεγενημένοι,
1825 3359 1886 3413 ού

309 3453 384 3508 δι’
415 3453 624 3506 οίκείαν
658 3450 987 3521 μοχθηρίαν,
1024 3451 1159 3502 ἀλλά
1184 3451 1269 3502 διὰ
1301 3449 1400 3517 τὴν
1424 3451 1534 3502 τῶν
1564 3448 1888 3516 φθασάντων

311 3545 412 3598 καὶ
465 3547 593 3604 τοὺς
646 3543 912 3612 πονηρίαν
969 3541 1070 3610 τῆς
1127 3541 1306 3611 λώὸης
1364 3542 1782 3609 πεπειραμένοι,
1821 3541 1887 3610 ἣν

313 3632 720 3687 ἀπολούσασθαί
760 3649 914 3694 ποτε,
969 3633 1060 3682 καὶ
1103 3630 1401 3684 ἀποθέσθαι
1425 3634 1551 3694 τοὺς
1577 3631 1634 3684 εὖ
1664 3649 1726 3698 γε
1757 3649 1890 3700 φρα-

313 3725 544 3787 νοῦντας
571 3725 667 3777 καὶ
698 3723 977 3793 προσῆκόν
1015 3725 1152 3786 ἐστι,
1195 3723 1287 3774 καὶ
1329 3725 1594 3793 σωτήριον
1625 3724 1764 3791 ἄμα.
1797 3723 1887 3774 Διὸ

311 3821 411 3872 καὶ
439 3819 606 3886 ὑμᾶς,
629 3817 847 3884 ἀδελφοὶ
874 3818 969 3870 καὶ
1000 3817 1107 3868 olei.
1141 3819 1195 3868 ὲν
1223 3817 1365 3886 ἀγῖῳ
1395 3817 1671 3885 ἰινεύματι
1703 3815 1885 3866 ποθειο

310 3910 548 3972 νὸτατοι,
583 3907 890 3979 παρακαλῶ
940 3925 1018 3969 τε,
1044 3909 1140 3961 καὶ
1163 3906 1377 3976 δέομαι,
1416 3909 1500 3959 ἰνα
1535 3910 1682 3977 πάσῃ
1716 3905 1886 3959 σπου-

303 4004 374 4071 δῇ
415 3987 480 4055 τε
506 4003 600 4055 καὶ
659 4001 858 4072 μελέτῃ
888 4002 1097 4063 ἑαυτοῖς
1130 4001 1228 4068 τὴν
1279 4002 1516 4071 ἀρχαίαν
1564 3999 1885 4065 ἀνασώσητε

307 4094 722 4161 εὐγένειαν,τὴν
748 4091 914 4144 πάλαι
947 4093 1074 4144 ποτὲ
1108 4092 1356 4144 εὔκλειαν
1383 4090 1883 4158 ὲπανακαλέσησθε,

308 4186 409 4238 καὶ
435 4188 546 4246 τοῖς
577 4186 824 4254 ἀρχαίοις
850 4183 1193 4244 διδασκάλοις
1224 4185 1255 4251 ἡ
1267 4184 1383 4250 μῶν
1431 4185 1524 4235 καὶ
1561 4182 1734 4248 ἁγίοις
1772 4181 1884 4232 Πα-

303 4277 508 4346 ςράσιν
539 4277 797 4346 ἑπόμενοι
833 4271 928 4347 (ὧν
1016 4278 1153 4345 αὐτή
1189 4293 1244 4328 τε
1285 4277 1379 4346 τῆς
1424 4277 1654 4338 πίστεως
1687 4275 1884 4344 ὁμολο-

297 4370 430 4436 γία,
462 4372 494 4440 ὴ
529 4370 668 4438 αὑτὴ
724 4369 825 4437 τῆς
856 4369 1138 4431 εύσεὸείας
1170 4370 1288 4420 ἐστὶ
1317 4367 1654 4430 διδασκαλία,
1699 4371 1766 4436 ἣν
1792 4371 1884 4420 καὶ

305 4461 345 4529 ἠ
378 4458 667 4529 Ῥωμαίων
729 4457 825 4510 νῦν
861 4457 1156 4526 Ἐκκλησία
1209 4457 1463 4526 ὁμολογεῖ
1518 4457 1608 4509 καὶ
1637 4457 1882 4527 κατέχει)

303 4552 436 4611 τοὺς
487 4550 783 4619 νεωτέρους
811 4549 874 4618 δὴ
908 4547 1154 4613 τούτους,
1189 4550 1282 4601 καὶ
1314 4551 1440 4612 τοὺς
1466 4549 1562 4602 τοῦ
1607 4548 1882 4603 ἀπευκτοῦ

1990 2076 2259 2132 facientes
2288 2086 2339 2130 et
2372 2076 2599 2130 humilia
2634 2076 2702 2130 de
2749 2090 2830 2139 se,
2865 2085 2922 2126 ut
2953 2090 3047 2143 par
3075 2083 3181 2134 est,
3242 2071 3566 2135 sentientes,

1987 2169 2170 2223 dicere
2190 2167 2612 2237 consueverunt)
2640 2183 2804 2221 causa
2831 2166 3122 2220 tribuenda
3145 2174 3247 2219 est.
3276 2165 3391 2218 Non
3419 2165 3567 2218 enim

1987 2261 2160 2329 magis
2211 2274 2308 2315 nos
2365 2275 2528 2329 quam
2581 2268 2792 2313 caetera:
2845 2258 3294 2314 Christianorum
3355 2266 3569 2327 gentes,

1986 2367 2329 2422 quaecunque
2367 2351 2598 2406 feliciter
2619 2360 2805 2420 agunt,
2849 2350 3086 2419 pr0priis
3132 2349 3298 2404 Deum
3329 2347 3569 2420 peccatis

1987 2442 2302 2497 irritantus:
2336 2442 2536 2497 dictum
2596 2451 2686 2497 est
2739 2443 2909 2506 enim,
2945 2456 3009 2495 ac
3058 2455 3183 2494 vere
3215 2441 3421 2495 dictum
3456 2450 3566 2504 est,

1987 2534 2132 2602 quod
2163 2542 2370 2601 spectat
2424 2533 2490 2588 ad
2526 2548 2726 2598 mores,
2760 2534 2926 2587 nostri
2986 2548 3093 2586 non
3151 2541 3280 2586 sunt
3327 2533 3568 2586 deterio-

1989 2640 2094 2684 res.
2156 2639 2318 2693 quam
2389 2624 2721 2694 reliquarum
2744 2624 3046 2691 nationum,
3079 2625 3406 2695 quibusdam
3436 2641 3567 2682 vero

1986 2725 2040 2769 et
2070 2716 2497 2782 praestantiores.

2048 2805 2229 2874 igitur
2267 2807 2574 2858 cavendum
2605 2815 2690 2860 est
2723 2815 2790 2859 ne
2820 2808 2961 2859 forte
2990 2819 3019 2858 a
3053 2808 3280 2860 veritate
3316 2807 3438 2861 fidei
3471 2807 3567 2862 de-

1987 2897 2230 2961 clinatio,
2276 2909 2552 2952 rectorqu
2601 2899 2913 2969 dogtnatunt
2947 2900 3302 2970 negligentia,
3339 2900 3408 2955 ab
3464 2900 3565 2955 Ec-

1973 2990 2154 3044 clesia
2187 2989 2458 3044 catholica
2493 2989 2714 3053 divisio,
2749 2993 2942 3044 barum
2999 2991 3377 3046 calamitatum
3405 2993 3566 3047 nobis

1972 3082 2142 3150 origo
2193 3083 2526 3137 exstiterint.
2569 3082 2740 3154 Hujus
2792 3085 2939 3138 enim
2979 3085 3103 3138 mali
3155 3085 3404 3139 nonnulli
3438 3101 3570 3141 nos-.

1977 3180 2201 3227 ,trorum
2239 3185 2494 3229 auctores
2525 3176 2750 3230 fuerunt
2773 3175 2842 3230 ob
2861 3178 3232 3246 arrogantiam
3263 3181 3562 3248 pr0priam,

1992 3267 2086 3335 qui
2112 3268 2212 3323 sibi
2248 3269 2612 3337 principatum
2674 3270 2805 3324 nulli
2831 3271 3137 3342 subjectum
3167 3272 3565 3327 nanciscebau-

1996 3365 2104 3422 tur,
2158 3357 2451 3427 participes
2508 3374 2636 3411 vero
2699 3360 2924 3414 fuerunt
2963 3362 3128 3414 etiam
3190 3364 3554 3431 posteri,uon

1990 3448 2211 3518 quidem
2273 3450 2345 3502 ob
2381 3451 2658 3519 proprium
2730 3452 2946 3515 vitium,
2982 3455 3078 3508 sed
3137 3464 3363 3523 propter
3407 3458 3566 3510 ntali-

1992 3541 2122 3596 tiam
2191 3554 2383 3594 eorum
2419 3543 2511 3610 ψιί
2579 3558 2674 3595 eos
2729 3554 3168 3608 antecesserunt,
3207 3548 3345 3601 hanc
3382 3547 3559 3603 latrem

1987 3634 2198 3704 experti
2225 3647 2374 3696 sunt.
2401 3651 2562 3706 quam
2584 3638 2878 3705 prudentes
2903 3636 3126 3694 abluere
3147 3640 3463 3708 aliquando,
3499 3658 3564 3697 ac

1988 3727 2286 3795 deponere,
2324 3736 2380 3781 et
2414 3737 2839 3782 consentaneum
2869 3739 2952 3783 est
2997 3731 3158 3784 simul
3192 3739 3246 3785 et
3301 3733 3556 3788 salutare.

1987 3817 2251 3884 Quocirca
2307 3819 2470 3873 etiam
2513 3836 2606 3875 vos
2646 3822 2840 3876 fratres
2861 3833 2919 3878 et
2971 3822 3106 3877 filios
3139 3825 3190 3876 in
3219 3833 3406 3878 sancto
3433 3813 3560 3895 Epil-

1989 3919 2044 3962 tu
2101 3909 2599 3964 desideratissimos
2655 3927 2806 3982 rogo,
2864 3922 2920 3967 et
2973 3914 3223 3979 obsecro,
3283 3925 3342 3969 ut
3404 3919 3554 3971 otuni

1987 4002 2170 4055 studio
2199 4010 2254 4054 et
2281 4019 2411 4056 cura
2448 4003 2729 4072 antiquam
2784 4005 2940 4058 vobis
2993 4007 3336 4062 nobilitatem
3393 4025 3554 4063 recu-

1977 4075 2212 4159 ﬂperetis,
2269 4101 2324 4144 et
2351 4092 2640 4162 antiquum
2699 4095 3048 4163 splendorem
3088 4098 3374 4164 revocetis,
3405 4103 3554 4154 anti-

1985 4198 2124 4252 quos
2160 4183 2413 4238 doctores
2447 4195 2668 4240 nostros
2729 4195 2790 4242 et
2855 4197 3076 4242 sanctos
3138 4190 3326 4245 Patres
3380 4195 3553 4248 secuti

1975 4279 2246 4340 (quorum
2281 4275 2470 4328 eadem
2509 4275 2781 4344 professio
2821 4277 2965 4340 fidei,
3001 4277 3191 4331 eadem
3225 4278 3444 4347 pietatis
3470 4295 3556 4337 est

1985 4360 2256 4424 doctrina,
2291 4378 2452 4430 quam
2481 4365 2647 4418 etiam
2681 4380 2828 4419 nunc
2859 4366 3106 4420 Romana
3143 4368 3385 4422 Ecclesia
3423 4385 3552 4438 pro-

1988 4449 2172 4504 fitetur
2220 4462 2273 4506 et
2307 4455 2502 4523 tenet),
2557 4455 2658 4509 bos
2696 4457 3065 4532 recentiores,‘
3107 4467 3162 4512 et
3230 4463 3578 4514 exsccraudi'

1985 4543 2316 4606 scbismatis.
2348 4543 2674 4616 dissidiique
2731 4547 3100 4602 Ecclesiarum
3169 4551 3260 4606 Dei
3301 4562 3555 4608 auctores

303 4642 419 4694 τῶν
446 4641 540 4693 τοῦ
578 4640 716 4692 Θεοῦ
742 4639 1078 4708 Ἐκκλησιῶν
1116 4640 1410 4709 σχίσματος
1443 4630 1762 4708 γενομένους
1795 4643 1882 4694 αί-

1986 4634 2338 4698 aversemini,
2364 4645 2421 4690 et
2453 4637 2718 4706 synodum
2743 4637 3036 4694 Florentizc
3059 4641 3391 4697 celebratam
3429 4646 3553 4698 reli-

302 4731 478 4794 ισίους,
505 4731 924 4798 ἁποστραφὴτε,
971 4728 1065 4780 καὶ
1098 4727 1194 4796 τὴν
1239 4733 1294 4777 εν
1321 4727 1628 4796 Φλωρεντία
1654 4729 1881 4795 γενομέο

305 4838 410 4891 νην
432 4819 648 4872 σύνοδον
674 4818 912 4880 εὐλαϐῶς
945 4834 1004 4868 τε
1035 4815 1389 4885 ὑποδέξησθε,
1420 4816 1514 4868 καὶ
1539 4819 1605 4868 τὰ
1638 4819 1753 4868 ἐκεῖ
1785 4816 1878 4868 τοῦ

304 4911 459 4963 θείου
486 4907 802 4978 Πνεύματος
829 4909 1239 4978 συνεργοῦντος,
1267 4909 1408 4975 ὑπὲρ
1429 4907 1592 4959 αὐτοῦ
1619 4908 1876 4974 δεδογμέο

305 5021 400 5066 να,
432 5000 755 5069 ἀσπάσησθέ
788 5018 843 5052 τε
881 5004 974 5054 καὶ
1005 5000 1301 5068 πιστεύητε
1345 5001 1437 5052 καὶ
1470 4999 1649 5068 ὑμεῖς.
1688 4998 1880 5051 Πολλοὶ

303 5098 426 5149 ἐκεῖ
457 5097 551 5148 καὶ
582 5095 739 5146 καλοὶ
771 5093 1182 5162 κατεὸλήθησαν
1211 5093 1354 5161 ὑπὲρ
1388 5091 1578 5144 τούτου
1615 5091 1710 5143 τοῦ
1753 5090 1877 5158 δλγ-

309 5203 485 5257 ματος
519 5186 685 5253 λόγοι.
738 5186 918 5238 [ltili
956 5184 1304 5254 ἑκατέρωθεν
1330 5186 1427 5250 τῆς
1452 5183 1653 5242 οίκείας
1687 5198 1881 5234 συστα-

303 5279 436 5331 τικά
463 5278 620 5346 δόξης
655 5277 891 5346 εἴρηται.
924 5276 1089 5338 Τέλος
1122 5275 1340 5342 ἐνίκησε
1392 5275 1546 5344 παρά
1576 5273 1730 5334 πᾶσι,
1787 5275 1878 5324 τὸν

308 5371 532 5438 Πατέρα
561 5369 655 5422 καὶ
677 5371 767 5422 τὸν
805 5369 931 5420 Υίὺν
975 5370 1104 5437 μίαν
1129 5367 1305 5436 ἀρχὴν
1337 5361 1479 5419 εἶναι
1505 5366 1599 5417 τοῦ
1623 5365 1878 5434 Πνεῦμα-

301 5479 422 5527 οτο·,
475 5466 568 5514 καὶ
597 5462 656 5528 ἐξ
704 5464 907 5531 ἀμφοῖν
940 5461 1071 5512 αὐτὸ
1119 5459 1195 5522 ὡς
1230 5459 1288 5522 ἐξ
1315 5458 1436 5520 ἑνὸς
1485 5460 1878 5526 ἐκπορεύεσθαι

305 5553 644 5624 προϐολέως.
696 5555 897 5606 Πολλαὶ
923 5555 1032 5606 τῶν
1087 5552 1260 5620 ἁγίων
1303 5551 1400 5604 καὶ
1428 5551 1783 5616 διδασκάλων,
1813 5552 1873 5604 οὐ

311 5645 475 5713 μόνον
498 5645 606 5697 τῶν
623 5644 889 5708 Δυτικῶν,
909 5642 1046 5696 ἀλλά
1073 5643 1170 5694 καὶ
1190 5642 1297 5694 τῶν
1317 5641 1680 5694 Ἀνατολικών
1703 5658 1759 5692 τε
1783 5641 1876 5694 καὶ

302 5736 592 5808 ῄμετέρων
633 5733 1048 5806 προηνέχθησαν
1083 5735 1379 5804 μαρτυρίαι
1408 5732 1564 5786 τοῦτο
1594 5732 1872 5804 δηλοῦσαν

307 5828 527 5890 πολλοῖς
583 5828 850 5881 δέδεικται
901 5826 1203 5896 λογισμοῖς.
1263 5825 1354 5894 Μὴ
1415 5826 1522 5895 γὰρ
1566 5825 1872 5894 ἀτημελῶς,

302 5919 545 5986 ἀδελφοὶ,
567 5919 643 5989 μὴ
669 5919 982 5988 παρέργως,
1002 5920 1130 5988 περὶ
1149 5919 1208 5971 τι
1230 5913 1484 5970 τοσοθτον
1507 5916 1876 5988 προσηνέχθη-

1983 4727 2132 4794 giosc
2173 4728 2511 4796 suscipiatis.
2542 4729 2605 4783 Et
2638 4747 2759 4800 qua:
2795 4733 2869 4786 ibi
2898 4734 3084 4786 divino
3115 4733 3317 4804 Spiritu
3352 4753 3552 4807 coope-

1983 4828 2139 4872 rante
2204 4835 2300 4887 pro
2333 4824 2452 4889 ipso
2507 4824 2715 4876 saucita
2776 4833 2926 4885 sunt,
2993 4827 3414 4895 amplectimini,
3487 4843 3544 4885 ct

1981 4926 2078 4964 vos
2103 4913 2331 4966 credtte.
2373 4913 2550 4967 Multa.-
2579 4915 2651 4967 ibi
2685 4929 2738 4970 ct
2768 4919 3000 4986 egregia:
3037 4934 3134 4987 pro
3167 4921 3271 4976 hoc
3294 4921 3549 4992 dogmate

1971 5001 2132 5070 jactae
2185 5013 2314 5056 sunt
2348 5010 2501 5072 quasi
2559 5005 2916 5062 fundamenta
2949 5012 3231 5065 rationes:
3281 5013 3452 5066 multa
3481 5029 3549 5068 ex

1979 5105 2216 5162 utraque
2241 5105 2394 5162 parte
2425 5097 2568 5148 dicta
2599 5107 2749 5161 sunt,
2777 5116 2896 5166 quae
2920 5102 3202 5170 propriam
3229 5103 3544 5172 opinionem

1979 5185 2460 5239 conuuendabant.
2496 5187 2734 5240 Tandem
2766 5190 2894 5241 vicit
2925 5191 3066 5258 apud
3106 5208 3297 5248 omnes
3329 5195 3543 5248 Patrem

1975 5275 2252 5330 etFitium
2283 5293 2450 5330 unum
2476 5294 2600 5332 che
2655 5279 2996 5348 principium
3053 5281 3321 5350 Spiritus,
3381 5294 3436 5338 ct
3475 5301 3540 5336 ex

1975 5367 2240 5420 ambobus
2272 5367 2450 5437 ipsum
2483 5378 2739 5438 tanquam
2771 5371 2840 5423 ab
2888 5385 2995 5424 uno
3025 5373 3358 5439 productore
3418 5389 3546 5442 pro-

1975 5460 2190 5512 cedere.
2228 5457 2392 5513 Multa
2425 5471 2744 5515 sanctorum
2775 5473 2832 5516 et
2859 5461 3147 5516 doctorum
3191 5479 3300 5516 nou
3326 5471 3539 5518 tantum

1967 5546 2433 5614 Occidentalium,
2467 5551 2562 5605 sed
2586 5553 2751 5606 etiam
2804 5551 3171 5608 Orientaliqu
3209 5564 3265 5608 et
3313 5563 3566 5616 nostros

1979 5655 2098 5693 rutn
2131 5641 2393 5711 producta
2424 5655 2552 5695 sunt
2603 5644 2914 5697 testimonia
2976 5644 3080 5698 hac
3148 5646 3541 5716 significantia,

1974 5734 2162 5788 multis
2187 5744 2464 5787 ostensum
2491 5745 2576 5788 est
2606 5734 3164 5792 considerationibus.
3195 5738 3334 5792 Num
3363 5742 3536 5800 enim.

1974 5822 2195 5890 fratres,
2251 5825 2616 5896 negligenter,
2647 5842 2778 5880 num
2812 5829 2992 5886 obiter
3045 5830 3197 5885 circa
3233 5847 3348 5885 rem
3396 5834 3537 5886 tanti

1975 5915 2234 5984 ponderis
2261 5932 2362 5971 nos
2408 5919 2807 5974 exhibuimus?
2861 5921 3090 5978 Multum
3125 5924 3528 5994 evigilavimus,
