4086 6410
347 361 450 426 457

1486 365 1901 428 ENCYCLICA
1943 365 2048 428 AD
2090 369 2430 435 GHECOS.

3493 371 3598 438 458

337 475 738 544 duco-4016mm
765 475 1109 548 παριστάνει,
1143 478 1173 547 ἦ
1207 479 1264 533 τὸ
1296 479 1356 544 ἐξ
1403 479 1528 532 Υίοῦ
1575 479 1914 548 πέμπεσθαι.

2045 496 2144 534 :um
2171 482 2378 552 Spiritu
2398 483 2794 547 demonstrare,
2823 481 2902 536 vel
2938 497 2964 534 a
2993 479 3130 536 Filio
3161 481 3325 548 mitti,
3349 492 3405 539 et
3440 495 3600 555 quot-

335 566 434 620 καὶ
461 566 564 618 ὅσα
589 568 771 635 ὅμοια,
794 569 1038 639 ἀράχνης
1070 571 1288 638 νήματα
1305 571 1456 633 ὄντα,
1479 571 1572 623 καὶ
1597 572 1757 639 ἡμεῖς
1788 569 1918 622 πολ-

339 657 498 721 λάκις
529 658 837 727 ἐδείξαμεν.
870 661 996 714 Είτε
1021 661 1130 732 γὰρ
1164 662 1252 715 διὰ
1293 664 1353 716 τὸ
1384 665 1671 732 ὁμοούσιον
1702 664 1920 730 ἐλέγετο

335 750 567 819 Πνεῦμα
596 751 786 816 αὐτοῦ,
813 754 902 806 διὰ
929 754 988 807 τὸ
1023 755 1152 808 αύτό
1177 755 1240 824 δὴ
1271 755 1428 809 τοῦτο
1451 757 1548 810 καὶ
1584 759 1612 810 ὁ
1641 757 1766 819 Υἱὸς
1798 756 1919 810 ἐλέ-

337 861 468 913 γετο
499 845 566 900 ἂν
595 847 690 898 τοῦ
732 847 1073 916 Πνεύματος,
1103 849 1217 902 ἀλλ’
1244 849 1347 902 οὐκ
1381 849 1448 902 ἂν
1476 849 1660 918 εὕροις
1679 849 1919 918 οὐδαμοῦ

337 937 499 990 τοῦτο
520 951 538 968 ⁸
567 937 672 989 είτε
710 936 798 991 διὰ
821 939 880 991 τὸ
905 939 1219 1008 πέμπεσθαι
1249 939 1341 992 ὑπ’
1371 941 1559 1005 αὐτοῦ,
1592 942 1728 1010 πρὸς
1763 943 1921 1011 ἡμῶν

337 1027 369 1080 ὁ
395 1025 575 1092 λόγος.
609 1027 682 1100 Ὶςὸ
715 1029 824 1095 γὰρ
859 1029 1102 1098 πέμπειν
1147 1031 1212 1099 δὴ
1257 1031 1438 1096 τοῦτο,
1473 1034 1568 1086 καὶ
1625 1033 1919 1103 πηγάζειν,

341 1121 437 1170 καὶ
493 1119 822 1183 ἀναϐλύζειν
869 1122 1300 1190 προῦποτίθεται
1348 1123 1448 1194 τὴν
1495 1124 1794 1196 προϐολὴν,
1829 1126 1922 1178 καὶ

339 1209 442 1279 τὴν
465 1211 698 1280 οὖσιώδη
729 1213 983 1283 πρόοδον,
1014 1216 1110 1267 καὶ
1138 1215 1404 1271 ἀδύνατον
1440 1218 1686 1282 πέμπειν
1727 1222 1818 1270 τὸν
1847 1219 1921 1285 μὴ

343 1305 742 1372 προϐάλλοντα,
777 1305 992 1370 πολλοῖς
1027 1299 1298 1378 πολλαχοῦ
1351 1313 1446 1363 καὶ
1479 1311 1685 1373 ἱκανοῖς
1721 1310 1926 1375 ἐδείξα-

345 1411 447 1463 μεν
481 1398 576 1448 καὶ
609 1399 769 1466 ἡμεῖς
795 1398 997 1465 λόγοις.
1041 1399 1216 1453 Πολλὰ
1243 1402 1342 1468 μὲν
1361 1399 1454 1453 οὖν
1483 1403 1578 1454 καὶ
1605 1401 1742 1455 ἄλλα
1771 1403 1923 1472 παρὰ

339 1485 454 1538 τῶν
486 1488 772 1559 ἡμετέρων
803 1488 938 1558 πρὸς
972 1491 1072 1560 τὴν
1100 1492 1200 1558 τῆς
1232 1492 1492 1562 ἀληθείας
1525 1495 1730 1562 ταύτης
1779 1496 1922 1547 ἀπο-

345 1580 526 1648 φυγὴν
555 1581 796 1648 λέγεται,
826 1583 978 1636 οὐδὲν
1040 1583 1175 1647 ὅλως
1210 1586 1468 1654 ἰσχύοντα
1489 1602 1502 1618 ·
1553 1587 1733 1655 πολλῷ
1767 1587 1812 1640 δ’
1843 1587 1925 1643 ἔτι

345 1671 519 1725 πλείω
563 1690 622 1724 τε
654 1675 744 1726 καὶ
771 1670 978 1728 κάλλίω
999 1677 1047 1728 οῑ
1076 1679 1141 1747 τῇ
1172 1677 1404 1748 ἀληθεία
1429 1680 1814 1747 συνιστάμενοι
1839 1681 1927 1734 λέ-

343 1779 536 1832 γουσι·
589 1768 684 1820 καὶ
715 1768 894 1820 πάντα
927 1769 1173 1838 ἀκριϐῶς
1212 1770 1374 1840 ἴσμεν
1428 1770 1566 1840 πρὸς
1615 1774 1742 1835 τοὺς
1773 1775 1928 1828 ἐναν-

341 1859 494 1920 τίους
525 1858 784 1920 πολλάκις
815 1861 1223 1930 ἀποδυσάμενοι
1279 1861 1494 1930 λόγους.
1554 1863 1822 1916 Ἐνταῦθα
1871 1865 1928 1918 δὲ

343 1949 435 2002 διὰ
462 1949 520 2002 τὸ
571 1949 746 2020 μῆκος
792 1951 900 2004 τῶν
960 1951 1135 2020 λόγων
1187 1954 1328 2006 αὐτὰ
1383 1954 1702 2022 παρεῶντες
1753 1956 1834 2020 είς
1864 1957 1934 2010 τὰ

345 2044 478 2108 περὶ
507 2041 697 2095 τούτου
752 2045 1227 2114 συγγεγραμμένα
1258 2047 1392 2114 ἡμῖν
1413 2047 1541 2108 τοὺς
1569 2047 1935 2116 βουλομένους

345 2133 820 2202 παραπέμπομεν.
858 2136 954 2187 Ἓν
998 2135 1054 2189 δὲ
1082 2134 1242 2188 τοῦτο
1297 2137 1426 2204 ὑμῖν
1471 2153 1652 2206 φαμεν
1687 2137 1782 2189 νῦν
1836 2137 1933 2190 καὶ

351 2227 498 2294 ράἳα
528 2225 884 2298 θαρροῦντες,
917 2228 993 2290 ὡς
1029 2229 1216 2282 ἱκανόν
1261 2231 1379 2282 ἐστι
1440 2230 1604 2282 τοῦτο
1642 2231 1809 2299 μόνον
1845 2227 1932 2296 (εὖ

352 2319 490 2388 ἴστε)
539 2321 674 2390 πρὸς
703 2321 804 2387 τὴν
838 2324 936 2391 τῆς
997 2322 1258 2390 ἀληθείας
1307 2323 1672 2391 παράστασιν,
1733 2323 1825 2375 τοῦ
1869 2323 1934 2376 ,τὸ

351 2409 578 2479 Πνεῦμα
607 2411 669 2464 τὸ
693 2409 850 2480 ἅγιον
879 2413 974 2465 καὶ
1001 2412 1061 2477 ἐξ
1098 2413 1228 2465 Υίοῦ
1257 2413 1444 2484 ὥσπερ
1477 2416 1567 2466 καὶ
1607 2419 1667 2466 ἐκ
1701 2415 1794 2467 τοῦ
1825 2416 1936 2468 Πα-

349 2503 480 2571 τρὺς
513 2501 588 2566 ὡς
621 2505 684 2554 ἐκ
716 2504 846 2570 μιᾶς
871 2503 1070 2572 ἀρχῆς,
1097 2505 1193 2556 καὶ
1223 2505 1338 2566 ἑνὸς
1375 2505 1776 2574 ἐκπορεύεσθαι
1803 2524 1934 2576 προ-

353 2594 577 2654 ϐολέως.
627 2595 740 2647 Kal
786 2597 1117 2664 ἐπειράθητε
1158 2597 1226 2648 ἂν
1266 2596 1434 2667 ἔργῳ,
1485 2599 1534 2650 εί
1572 2598 1762 2666 παρὼν
1803 2601 1932 2669 ύμῖν

349 2685 560 2738 ἐδίδουν
585 2703 642 2739 τε
669 2687 764 2738 καὶ
795 2687 1098 2756 ἐλάμϐανον
1131 2689 1290 2756 λόγον
1311 2706 1322 2719 ·
1355 2684 1496 2742 εἷναί
1520 2707 1579 2742 τε
1609 2691 1702 2743 καὶ
1734 2693 1933 2756 πολλὰς

352 2777 522 2841 ἄλλας
555 2781 860 2849 μαρτυρίας
887 2783 982 2848 τῆς
1015 2781 1164 2843 θείας
1192 2782 1432 2852 Γραφῆς,
1456 2783 1530 2845 ὡς
1562 2783 1642 2846 τὸ,
1683 2785 1796 2837 Ὃν
1816 2787 1934 2854 ἐγὼ

353 2861 570 2941 πέμψω
603 2871 744 2940 ὑμῖν
765 2875 925 2941 παρὰ
954 2873 1058 2928 τοῦ
1099 2876 1328 2942 Πατρός
1348 2891 1364 2907 ο
1398 2877 1473 2936 ὡς
1503 2877 1581 2941 τὸ,
1614 2879 1756 2946 Παρ⁹
1784 2877 1933 2947 ἐμοῦ

351 2967 640 3036 λήψεται,
675 2967 776 3021 καὶ
819 2967 1144 3036 ἀναγγελεῖ
1175 2967 1350 3036 ὑμῖν·
1399 2968 1474 3032 ὡς
1538 2971 1619 3033 τὸ,
1664 2971 1822 3024 Ὅσα
1855 2971 1934 3026 ἂν

356 3060 615 3128 ἀκούσῃ,
638 3060 936 3127 λαλήσει·
969 3061 1064 3112 καὶ
1091 3059 1228 3113 ἄλλα
1258 3061 1441 3128 ὅμοια.
1487 3061 1578 3125 Ἐξ
1598 3055 1671 3114 ὧν
1699 3064 1931 3117 ἑκάστου

1961 1821 2002 1874 Β

2021 584 2156 641 quot
2185 575 2412 634 similia.
2449 590 2665 630 araneae
2685 591 2802 629 esse
2832 575 2918 629 fila
2939 590 3082 645 saepe
3110 589 3210 630 nos
3233 577 3598 636 ostendimus.

2023 663 2149 718 Sive
2169 666 2313 720 enim
2332 666 2608 720 diceretur
2620 665 2855 734 Spiritus
2870 667 2988 734 eius
3007 675 3229 735 propter
3243 665 3602 722 consubStau-

2024 757 2330 820 tialitatem,
2363 761 2433 813 ob
2463 759 2568 812 hoc
2592 760 2770 828 ipsum
2791 767 2843 813 et
2868 759 3039 814 Filius
3062 759 3339 814 diceretur
3362 759 3602 829 Spiritus

2021 852 2217 914 sancti,
2241 851 2336 904 sed
2361 867 2626 920 nusquam
2649 851 2754 904 hoc
2785 852 3026 919 reperies
3050 867 3063 916 ;
3086 851 3199 905 sive
3225 852 3368 921 quod
3393 851 3461 906 ab
3483 851 3602 920 ipso

2023 945 2291 1004 mittatur,
2344 945 2483 996 ratio
2531 959 2562 996 a
2606 943 2766 997 nobis
2826 951 2933 997 est.
2991 943 3105 996 lloc
3154 943 3301 998 enim
3357 945 3600 1005 mittere,

2022 1043 2078 1090 et
2160 1034 2483 1100 ellundere,
2571 1035 2946 1103 pratsupponit
3045 1035 3460 1102 productionem
3543 1044 3601 1089 et

2023 1124 2366 1178 essentialcm
2402 1139 2740 1194 processura.
2771 1124 2835 1177 Et
2869 1124 2982 1177 fieri
3017 1140 3121 1177 non
3149 1132 3329 1192 potest
3355 1125 3476 1179 utis
3505 1123 3604 1194 qui

2023 1231 2132 1269 non
2151 1215 2423 1284 producit,
2449 1215 2646 1278 mittat,
2671 1215 2859 1268 mtdtis
2874 1225 2930 1268 et
2948 1213 3344 1270 sufﬁcientibus
3369 1217 3602 1270 rationi-

2027 1305 2126 1360 bus
2161 1306 2362 1376 passim
2403 1306 2928 1362 demonstravimus.
2983 1305 3146 1360 Multa
3179 1307 3345 1378 igitur
3372 1307 3608 1362 vitanda:

2029 1414 2192 1456 causa
2247 1399 2412 1468 hujus
2467 1399 2716 1452 veritatis
2754 1415 2780 1452 a
2813 1400 3019 1453 nostris
3075 1401 3215 1454 dicta
3273 1409 3444 1463 sunt;
3513 1400 3609 1454 sed

2027 1493 2251 1546 omnino
2283 1492 2414 1546 nihil
2449 1493 2649 1545 valent.
2679 1492 2846 1552 Multo
2893 1507 3021 1546 vero
3076 1491 3234 1561 plura
3270 1501 3324 1546 et
3357 1493 3606 1554 meliora,

2029 1587 2122 1656 qui
2173 1587 2392 1641 veritati
2418 1587 2856 1654 patrocinantur,
2895 1587 3172 1651 afferunt;
3236 1593 3290 1639 et
3312 1585 3494 1639 omnia
3527 1583 3612 1637 di-

2035 1681 2269 1748 ligenter
2292 1681 2568 1742 novimus,
2602 1697 2726 1734 cum
2756 1688 2948 1734 contra
2981 1694 3178 1733 onmes
3209 1678 3450 1732 rationes
3481 1692 3614 1731 con-

2035 1773 2226 1826 trarias
2249 1773 2746 1846 disputaveritnus;
2775 1774 2880 1828 hoc
2913 1789 3044 1826 vero
3099 1772 3244 1834 loco,
3279 1771 3349 1825 ob
3386 1769 3614 1839 prolixi-

2035 1877 2200 1922 tatem
2229 1884 2568 1928 sermonum,
2595 1867 2712 1920 haec
2740 1865 2904 1920 missa
2925 1865 3176 1930 facimus;
3207 1874 3262 1919 et
3284 1863 3351 1918 ad
3383 1861 3612 1930 scripta,

2034 1976 2156 2028 qua:
2191 1959 2260 2014 de
2299 1959 2403 2012 hoc
2449 1959 2864 2026 composuimus
2930 1957 3178 2010 volentes
3237 1951 3612 2016 considerare,

2035 2051 2387 2105 remittimus.
2417 2049 2532 2104 lloc
2553 2065 2720 2104 unum
2754 2065 2885 2104 vero
2919 2063 3068 2101 utine
3099 2046 3255 2100 vobis
3319 2060 3444 2100 cum
3501 2058 3614 2096 ma-

2035 2159 2142 2214 gna
2173 2143 2370 2198 ﬁducia
2401 2143 2658 2206 dicimus,
2697 2141 2842 2212 quod
2882 2139 3162 2196 sufficiens
3216 2147 3300 2192 est
3353 2138 3457 2192 hoc
3523 2151 3614 2190 so-

2035 2238 2350 2298 lum,certo
2398 2237 2607 2300 sciatis,
2662 2235 2728 2289 ad
2783 2235 3070 2288 veritatem
3127 2229 3610 2300 comprobandum,

2035 2329 2181 2397 quod
2235 2328 2478 2399 Spiritus
2503 2337 2726 2382 sanctus
2749 2328 2914 2381 etiam
2946 2341 3010 2380 ex
3040 2324 3198 2398 Filio,
3248 2321 3612 2392 quemadmo-

2035 2423 2164 2478 dum
2196 2431 2249 2475 ιιι
2282 2437 2347 2476 ex
2373 2420 2532 2474 Patre
2567 2436 2580 2474 :
2615 2429 2674 2474 ut
2696 2420 2762 2473 ab
2793 2433 2902 2472 uno
2935 2417 3228 2488 principio,
3268 2425 3325 2468 et
3355 2429 3462 2467 uno
3491 2429 3616 2480 pro-

2035 2513 2276 2567 ductore
2325 2514 2588 2581 procedat
2615 2520 2669 2564 et
2697 2524 2884 2564 revera
2913 2509 2956 2563 si
2987 2523 3226 2578 prmscns
3255 2521 3427 2559 essent
3469 2503 3614 2556 ultro

2033 2607 2284 2674 citroque
2338 2611 2462 2658 data
2513 2611 2570 2657 et.
2615 2613 2837 2670 accepta
2895 2602 3102 2656 ratione
3153 2599 3357 2664 experti
3388 2597 3611 2658 essetis,

2035 2698 2202 2752 multa
2231 2697 2335 2750 alia
2351 2707 2604 2750 constare
2637 2693 2944 2749 testimonia
2964 2707 3240 2748 sacrarum
3257 2689 3612 2749 Litterarum,

2038 2801 2097 2846 ut
2121 2790 2252 2845 illud
2301 2807 2312 2838 :
2341 2787 2508 2852 Quem
2538 2804 2629 2858 ego
2662 2789 2866 2840 mittant
2910 2787 3052 2839 vobis
3075 2802 3106 2838 a
3133 2784 3329 2846 Patre;
3358 2789 3414 2835 et
3435 2781 3566 2834 illud
3596 2795 3612 2831 :

2037 2881 2114 2937 De
2160 2899 2274 2935 meo
2331 2881 2538 2949 accipit,
2597 2888 2646 2931 et
2712 2875 3049 2930 mtuuutiabit
3109 2873 3281 2936 vobis;
3343 2881 3399 2927 et
3431 2871 3613 2925 illud:

2037 2975 2372 3043 Quaecunque
2395 2971 2590 3033 audiet,
2611 2970 2869 3039 laquctur,
2885 2977 2938 3020 ct
2959 2967 3062 3021 alia
3085 2963 3304 3020 similia.
3325 2963 3399 3018 Ex
3417 2961 3620 3033 quibus

2040 3066 2272 3136 singulis
2297 3065 2507 3119 ead'em'
2535 3062 2658 3116 fidei
2683 3062 2881 3114 veritas
2914 3059 3072 3114 facile
3101 3057 3360 3126 probatur
3384 3072 3400 3122 ;
3452 3069 3618 3124 quam

355 3155 392 3221 ἡ
417 3154 552 3225 αὑτὴ
587 3155 760 3224 ῥᾷστα
781 3155 878 3222 τῆς
905 3153 1136 3214 πίστεως
1163 3152 1391 3221 ἀλήθεια
1414 3153 1709 3218 δείκνυται,
1826 3159 1932 3212 πά-

2045 3160 2165 3214 olim
2199 3167 2255 3212 ct
2284 3155 2444 3210 modo
2474 3155 2746 3208 catholica
2782 3154 3022 3205 Romana
3051 3149 3294 3204 Ecclesia
3361 3147 3525 3202 docet
3560 3155 3619 3201 et

357 3254 447 3305 λαι
480 3269 538 3305 τε
570 3253 667 3306 καὶ
692 3251 839 3322 νῦνὴ
871 3251 1136 3321 καθολ-κὴ
1160 3252 1270 3304 τῶν
1302 3251 1593 3322 Ῥωμαίων
1629 3254 1931 3326 Ἒκκὶησία

2045 3267 2215 3320 tenet,
2238 3271 2400 3320 quam
2427 3254 2578 3324 prius
2601 3252 2854 3307 universa
2873 3247 3112 3304 Ecclesia
3128 3244 3620 3316 complectebatur.

357 3344 600 3397 διδάσκει
633 3361 740 3417 re,“
758 3346 853 3398 καὶ
877 3345 1118 3415 κατέχει,
1145 3347 1212 3414 ἡν
1237 3347 1332 3416 ὂλη
1365 3347 1628 3416 πρότερον
1654 3351 1685 3418 ἡ
1729 3350 2024 3422 Ἐκκλησία
2064 3354 2356 3405 ἐπίστευεν

445 3441 605 3494 ’Λλλά
651 3443 820 3510 φαίης
856 3441 956 3507 ἂν,
994 3443 1068 3504 ὼς
1099 3442 1262 3504 αὐτὸς
1295 3444 1321 3495 ὁ
1355 3444 1560 3514 Κύριος
1595 3446 1720 3515 περὶ
1751 3449 1941 3501 τούτου

357 3533 554 3598 λέγων,
587 3533 661 3586 Τὸ
691 3531 951 3599 Πνεῦμα,
981 3533 1170 3602 φησι),
1203 3533 1233 3586 ὃ
1267 3533 1426 3601 παρὰ
1457 3534 1563 3590 τοῦ
1593 3539 1822 3605 Πατρὸς
1848 3540 1944 3593 ἐκ-

360 3625 698 3691 πορεύεται,
741 3622 815 3693 μὴ
847 3623 1104 3694 προσθεὶς
1141 3626 1232 3676 καὶ
1275 3625 1486 3678 ἑαυτόν.

437 3716 548 3768 Kal
578 3717 631 3766 τί
659 3713 839 3780 τοῦτο,
871 3715 1130 3782 ἁδελφοί;
1164 3717 1223 3766 ού
1260 3717 1369 3786 γὰρ
1401 3717 1465 3786 δὴ
1499 3717 1592 3769 καὶ
1618 3717 1692 3778 ὼς
1727 3718 1828 3771 οὐκ
1864 3720 1952 3770 ἐκ·

367 3807 663 3878 πορεύεται
717 3807 774 3874 ἐξ
823 3809 988 3861 αὑτοῦ
1037 3808 1282 3878 εἴρηκεν.
1345 3807 1516 3862 Τοῦτο
1565 3810 1671 3876 γάρ
1704 3809 1770 3862 ἂν
1820 3809 1950 3872 ἴσως

370 3902 674 3972 βιαιότερον
702 3897 771 3973 ἦν
793 3917 806 3932 ·
843 3902 946 3955 κᾶν
989 3901 1122 3972 μηδὲ
1151 3901 1310 3953 τοῦτο
1339 3901 1544 3966 ἱκανὸν,
1569 3902 1703 3970 πρὸς
1733 3899 1759 3952 ὃ
1791 3901 1950 3968 ὑμεῖς

373 3995 646 4066 βούλεσθε.
673 3995 781 4047 Kal
804 3997 911 4063 γὰρ
929 3994 956 4046 ὁ
973 3993 1158 4056 αὐτὸς,
1175 3993 1314 4060 Περὶ
1333 3990 1442 4061 τῆς
1459 3992 1684 4060 ἡμέρας
1705 3991 1951 4066 ἐκεινλης

373 4063 472 4144 οιαὶ
497 4087 608 4156 τῆς
631 4086 786 4154 ὥρας
811 4085 1010 4152 οὐδεὶς
1039 4081 1184 4149 οἶδε,
1213 4085 1402 4154 φησὶν,
1437 4081 1580 4136 οὐδὲ
1612 4085 1666 4137 οί
1701 4063 1943 4152 ἄγγελοι

371 4181 518 4237 οὐδὲ
548 4183 580 4234 ὀ
613 4180 775 4245 Υἱὸς,
801 4181 854 4232 εἰ
883 4177 969 4246 μὴ
1007 4181 1039 4230 ὁ
1068 4177 1268 4245 Πατὴρ
1291 4175 1479 4245 μόνος
1502 4189 1518 4206 ·
1545 4177 1638 4226 καὶ
1670 4173 1846 4238 αὖθις,
1883 4175 1953 4227 ἸΙ

372 4275 488 4346 ἐμὴ
531 4273 898 4328 διδασκαλία
925 4272 1037 4326 οὐκ
1070 4271 1240 4325 ἔστιν
1285 4267 1420 4337 ἐμὴ,
1476 4267 1638 4322 ἀλλὰ
1669 4266 1776 4321 τοῦ
1810 4265 1952 4334 πέμ-

375 4366 610 4436 ψαντός
627 4383 703 4434 με
733 4363 980 4432 Πατρός,
1008 4365 1122 4422 καὶ,
1145 4361 1357 4427 Οὐδεὶς
1389 4360 1541 4430 ἔγνω
1559 4360 1666 4413 τὸν
1707 4361 1768 4412 Υί
1807 4376 1865 4426 ν,
1899 4361 1953 4411 εί

371 4461 460 4530 μὴ
492 4463 524 4513 ὀ
561 4458 793 4525 Πατήρ·
821 4459 913 4510 καὶ
941 4458 1085 4525 ὄμωξ
1135 4456 1298 4525 ἡμεῖς
1338 4455 1518 4514 καλῶς
1550 4469 1613 4520 γε
1668 4453 1953 4514 ποιοῦντες

2123 3449 2228 3504 Sed
2263 3446 2510 3520 objicies,
2541 3443 2685 3516 qttod
2743 3441 3006 3496 Durninus
3047 3439 3116 3495 de
3167 3440 3270 3494 hoc
3325 3437 3624 3494 disserens.

2051 3541 2306 3610 Spiritus,
2339 3539 2535 3608 inquit,
2566 3538 2656 3606 qui
2698 3553 2730 3588 α
2765 3535 2924 3588 Patre
2983 3533 3240 3604 procedit,
3277 3547 3388 3584 tton
3441 3539 3623 3584 autem

2049 3635 2260 3689 addidit
2290 3633 2561 3701 seipsutn.

2121 3725 2188 3778 Et
2228 3723 2408 3792 qualis
2437 3729 2524 3776 est
2545 3722 2658 3774 haec
2688 3716 2944 3787 objc-ctio,
2980 3727 3184 3784 quteso,
3236 3710 3473 3764 fratres?
3505 3711 3622 3764 Non

2050 3815 2194 3870 enim
2224 3815 2362 3868 dixit
2391 3813 2535 3883 quod
2571 3825 2680 3863 non
2713 3808 2966 3878 procedit
3005 3807 3071 3860 ab
3113 3805 3234 3874 ipso
3266 3803 3471 3872 (Fllln).
3505 3799 3618 3854 lloc

2050 3907 2198 3960 enim
2230 3904 2476 3959 fortassis
2501 3885 2884 3956 vehementius
2903 3905 3140 3967 urgeret.
3163 3895 3420 3962 Quamvis
3451 3909 3628 3960 neque

2058 3998 2162 4050 hoc
2194 3997 2473 4050 sulllccret
2500 3995 2565 4047 ad
2609 3991 2950 4062 probandum
2995 3986 3140 4057 quod
3179 3987 3363 4040 vultis.
3411 3985 3627 4054 Quippe

2057 4089 2202 4144 idem
2237 4088 2376 4142 dixit
2405 4105 2417 4139 :
2457 4086 2530 4139 De
2559 4086 2639 4139 die
2674 4083 2772 4137 illa
2807 4093 2855 4135 et
2913 4084 3044 4136 liora
3092 4095 3240 4132 nemo
3270 4079 3389 4140 scit,
3430 4077 3629 4145 inquit,

2058 4197 2223 4250 neque
2249 4179 2442 4250 angeli.
2477 4194 2643 4248 neque
2676 4175 2992 4240 Filius,uisi
3019 4173 3162 4226 salus
3197 4172 3380 4226 Pater.
3413 4170 3474 4224 Et
3506 4185 3632 4222 rur-

2059 4289 2186 4326 sus:
2227 4271 2350 4326 Mea
2395 4271 2638 4323 doctrina
2666 4285 2768 4320 non
2798 4279 2868 4320 est
2897 4281 3032 4327 mea,
3076 4263 3166 4318 sed
3196 4263 3286 4332 qui
3346 4261 3487 4340 utisit
3553 4275 3636 4314 me

2067 4365 2286 4429 Patris;
2307 4371 2364 4418 et
2391 4377 2403 4415 :
2431 4361 2595 4416 Nemo
2615 4361 2756 4414 novit
2784 4358 3000 4422 Filium,
3035 4357 3138 4410 nisi
3169 4355 3355 4417 Pater,
3380 4363 3432 4407 et
3455 4365 3631 4408 tamen

2059 4477 2161 4515 nos
2188 4467 2338 4515 recte
2381 4459 2668 4520 facientes,
2695 4452 3034 4508 contrarium
3067 4449 3362 4504 credimus.
3389 4446 3456 4502 Et
3489 4445 3632 4500 diem

387 4549 690 4603 ..οὑναντίον
742 4547 1094 4615 πιστεύομεν.
1152 4545 1262 4597 Kal
1304 4544 1404 4614 τὴν
1454 4545 1670 4615 ἡμέραν
1701 4545 1941 4612 ἐκείνην,

2061 4553 2239 4616 illum,
2275 4561 2331 4604 et
2353 4551 2542 4603 horam
2579 4547 2653 4624 ita
2681 4545 2826 4600 clare
2850 4559 2975 4598 eum
3009 4542 3150 4598 scire
3182 4541 3330 4598 sicut.
3367 4549 3422 4592 et
3451 4538 3632 4599 Pater,

381 4643 479 4696 καὶ
503 4643 601 4712 τὴν
633 4641 806 4709 ὥραν,
840 4637 983 4692 οὕτω,
1013 4638 1200 4707 σαφῶς
1252 4638 1416 4690 αὐτὸν
1445 4637 1668 4698 εἰδέναι,
1698 4635 1775 4697 ὡς
1814 4635 1910 4687 καὶ
1931 4635 1958 4686 ὁ

383 4736 597 4804 Πατὴρ,
628 4737 722 4787 καὶ
746 4733 938 4786 ἑαυτὸν
983 4730 1184 4800 ὁμοίως
1215 4729 1292 4799 τῷ
1321 4730 1495 4798 Πατρὶ
1518 4727 1830 4796 γινώσκειν,
1867 4724 1961 4776 καὶ

383 4827 481 4898 τὴν
510 4826 860 4879 διδασκαλίαν
909 4825 1072 4878 αὑτοῦ
1109 4827 1308 4885 παντὸς
1353 4821 1556 4891 μᾶλλον
1601 4818 1767 4871 αὑτοῦ
1821 4812 1962 4869 εἶναι

384 4918 670 4986 τιθέμεθα.
699 4919 760 4970 Εἰ
778 4912 870 4969 οὖν
895 4910 967 4969 ὢν
992 4915 1180 4985 σαφῶς
1206 4915 1585 4984 ἀπηρνήσατο,
1612 4911 1772 4980 ἡμεῖς
1805 4911 1964 4961 ἐπαι-

389 5011 558 5074 νετῶς
593 5011 661 5064 τὰ
713 5010 932 5063 ἐναντία
982 5010 1338 5079 πιστεύομεν,
1369 5005 1512 5060 διατί
1537 5005 1598 5058 οὐ
1623 5003 1905 5058 κάνταῦθα
1929 5001 1966 5055 ἃ

393 5105 470 5176 μὴ
496 5105 796 5174 ἠρνήσατο,
822 5101 1060 5163 εὐσεϐῶς
1092 5099 1455 5168 πιστεύσομεν
1478 5114 1494 5164 ;

465 5193 574 5246 Kal
604 5193 710 5263 μὴν
741 5191 1005 5244 σκεπτέον
1039 5190 1133 5242 καὶ
1162 5187 1339 5262 τοῦτο,
1379 5186 1744 5256 ἐπηγγείλατο
1779 5183 1806 5236 ὁ
1841 5185 1966 5253 Χρισ

395 5287 540 5350 στος,
569 5287 686 5338 ἐστὶ
717 5287 782 5354 τῇ
815 5283 908 5335 τοῦ
933 5283 1137 5352 Πέτρου
1171 5279 1436 5350 ὁμολογίᾳ
1465 5278 1844 5347 οἰκοδομήσειν
1867 5279 1968 5344 τὴν

395 5376 560 5430 αὐτοῦ
599 5375 952 5442 Ἐκκλησίαν,
989 5373 1082 5425 καὶ
1115 5371 1291 5432 πύλας
1343 5369 1494 5440 ᾅδου,
1540 5369 1638 5431 τὰς
1670 5367 1780 5420 τῶν
1820 5369 1970 5437 αἱρε-

396 5465 566 5519 τικῶν
617 5464 822 5535 δηλαδὴ
875 5462 1233 5540 κενοφωνίας,
1268 5460 1342 5528 μὴ
1369 5459 1434 5512 ἄν
1465 5474 1594 5510 ποτε
1625 5457 1971 5526 κατισχύσειν

398 5559 594 5621 αὐτῆς.
619 5557 714 5618 Τίς
747 5555 840 5609 οὖν
871 5555 938 5608 ἂν
964 5555 1046 5624 εἴη
1092 5552 1228 5620 αῦτη
1275 5555 1308 5622 ἡ
1353 5551 1650 5619 Ἐκκλησία
1675 5589 1688 5610 ,
1732 5548 1972 5616 ἀδελφοὶ,

401 5651 685 5720 ζητητέον.
714 5649 826 5720 Τὴν
870 5649 967 5717 μὲν
999 5647 1112 5716 γὰρ
1155 5643 1492 5711 ἐπαγγελίαν
1523 5641 1750 5709 βεϐαίαν
1777 5657 1836 5692 τε
1879 5641 1977 5692 καὶ

401 5747 610 5814 ἀψευδῆ
647 5740 786 5797 εἷναί
811 5755 904 5807 τε,
950 5743 1046 5794 καὶ
1080 5739 1355 5791 πιστεύειν
1388 5739 1519 5803 δεῖν,
1553 5735 1729 5798 οὐδεὶς
1768 5734 1833 5787 ἂν
1879 5733 1976 5804 ἀρ-

407 5837 594 5910 νηθείη
625 5837 956 5909 Χριστιανός
1009 5851 1070 5902 γε
1113 5831 1186 5886 ὧν
1213 5846 1230 5861 ἰ
1277 5833 1374 5903 τὴν
1406 5829 1460 5882 δὲ
1504 5825 1828 5895 Ἐκκλησίαν
1861 5823 1978 5876 "53w-

2062 4659 2117 4701 et
2145 4662 2201 4700 se
2222 4644 2398 4715 ipsum
2436 4655 2596 4696 nosse
2637 4637 2894 4694 similiter
2923 4645 3087 4706 atque
3119 4632 3399 4692 PoteraEt
3431 4630 3636 4684 doctri-

2064 4753 2189 4793 nam
2238 4737 2358 4807 ejus
2389 4733 2629 4789 maxime
2659 4729 2780 4798 eius
2803 4743 2922 4782 esse
2945 4727 3200 4780 dicimus.
3235 4725 3293 4779 Si
3347 4723 3512 4794 igitur
3541 4736 3637 4774 eu-

2065 4845 2186 4884 rum
2218 4843 2338 4897 qua:
2371 4828 2484 4896 ipse
2509 4821 2792 4882 manifeste
2824 4819 3096 4874 inficiatus
3138 4823 3270 4880 cst,_
3299 4829 3396 4867 nos
3455 4812 3642 4870 lauda-

2067 4925 2252 4982 biliter
2275 4921 2560 4978 contraria
2589 4919 2908 4974 credimus:
2969 4932 3068 4970 cur
3121 4913 3284 4966 etiam
3348 4911 3454 4966 hoc
3491 4909 3638 4972 loco,

2068 5035 2189 5090 qua:
2224 5032 2333 5074 non
2367 5014 2602 5085 negavit.
2631 5013 2718 5082 pie
2743 5006 3225 5092 non,_crcdamus?

2145 5174 2414 5228 Praeterea
2457 5171 2560 5224 hoc
2593 5168 2756 5223 etiam
2807 5161 3268 5218 consideramhtm
3295 5169 3398 5214 est.
3432 5157 3644 5213 Promi-

2073 5266 2146 5321 sit
2174 5265 2431 5320 Christus
2483 5274 2652 5329 super
2669 5254 3072 5310 confessionem
3107 5251 3254 5305 Petri
3288 5248 3640 5303 l'undaturum

2075 5357 2378 5414 Ecclesium
2405 5367 2582 5416 suam,
2614 5359 2671 5404 et
2701 5357 2888 5417 portas
2919 5345 3103 5408 inferi,
3141 5342 3402 5395 nimirum
3426 5339 3647 5393 hatreti-

2074 5463 2266 5506 corum
2294 5447 2594 5504 novitates.
2622 5440 2728 5508 ipsi
2759 5451 3041 5505 nunquam
3091 5431 3484 5502 prtevalituras.
3515 5429 3646 5496 ριιέ

2077 5541 2271 5612 igitur,
2297 5541 2517 5594 fratres.
2549 5533 2622 5589 sit
2651 5533 2766 5585 hate
2827 5527 3091 5587 Ecclesia,
3123 5522 3484 5593 qmerendum
3519 5530 3606 5575 est
3629 5561 3644 5574 .

2082 5631 2503 5688 Promissionem
2533 5624 2678 5680 enim
2717 5624 2928 5675 firmam
2971 5632 3116 5682 esse,
3177 5615 3516 5682 minimeque
3543 5613 3646 5666 fal-

2081 5727 2248 5780 lacem
2304 5729 2561 5790 oportere
2617 5713 2865 5775 credere,
2931 5723 3110 5773 uento,
3160 5707 3251 5776 qui
3306 5706 3448 5760 inter
3490 5703 3649 5758 Chri-

2084 5816 2291 5872 sdaaos
2344 5813 2452 5880 sit,
2513 5803 2866 5862 inticiabitur.
2925 5795 3221 5854 Ecclesium
3309 5807 3440 5866 ergo
3497 5805 3648 5864 quae-
