4086 6402
335 369 430 434 ﬂii

1459 369 1866 428 ENCYCLICA
1911 367 2008 426 AD
2043 369 2372 432 GRAECOS.

3449 359 3554 424 U2

333 484 547 552 φρονεῖν
572 483 710 550 ὑμᾶς
732 500 788 535 τε
820 481 1137 553 παρακαλῶ,
1186 484 1265 536 καί
1301 483 1392 534 τοῦ
1427 483 1562 535 Θεοῦ
1595 483 1800 535 δεῖσθαι
1829 479 1889 532 οὐ
1923 518 1928 539 κ

2033 499 2094 537 ec
2121 481 2532 552 despiciendutn
2555 479 2710 535 vobis
2727 478 2914 534 volens
2931 486 2983 532 et
3003 476 3322 544 deprecms,
3347 474 3392 528 si
3410 476 3556 543 quod

337 576 635 644 παύσομαι.
665 576 813 629 Θέλω
846 577 952 645 γὰρ
984 576 1188 638 πάντας
1217 571 1355 628 εἶναι
1397 577 1474 638 ὡς
1499 573 1672 640 κάγὼ,
1710 575 1769 626 οὐ
1803 591 1889 640 μι-

333 668 465 737 κρόν
491 686 538 720 τι
571 667 730 720 τοῦτο
759 668 930 721 θέλων
963 686 1044 728 τε,
1097 671 1186 720 καὶ
1241 669 1532 737 εὐχόμενος
1561 667 1710 736 ὑμῖν.
1767 664 1890 718 Οὐδ’

331 762 820 831 εὐκαταφρόνητον,
851 762 1086 830 ἀδελφοὶ,
1127 761 1346 828 ἀγαθὸν,
1379 762 1428 813 εἰ
1467 762 1605 829 ὅπερ
1651 759 1891 828 ἐμαυτῷ,

335 853 492 906 τοῦτο
517 857 604 906 καὶ
637 855 769 921 ὑμῖν
795 854 1046 920 ἐπιθυμῶ
1091 854 1294 920 ἀγαθόν
1317 871 1328 883 ·
1365 853 1584 921 μείζονα
1611 852 1718 919 γὰρ
1753 850 1891 917 ἀγά-

333 963 444 1016 πην
471 947 566 998 οὐκ
590 947 656 999 ἂν
685 947 800 1017 ἔχοι
831 965 916 1009 τις
947 949 1026 1016 τῷ
1057 947 1280 1015 πλησίον
1307 945 1659 1010 ἐνδείξασθαι,
1687 943 1719 1011 ἢ
1752 944 1896 1010 ᾶ-ερ

337 1040 512 1108 ἐαυτῷ
544 1041 778 1108 κάκείνῳ
801 1040 1090 1109 εὐχόμενος
1117 1039 1350 1105 τάγαθά.
1394 1037 1747 1105 Ἀγαπήσεις
1769 1035 1895 1102 γὰρ,

337 1132 494 1198 φησὶ,
541 1133 648 1184 τὸν
709 1132 981 1196 πλησίον
1011 1148 1128 1184 σου
1149 1129 1228 1195 ὠς
1267 1130 1502 1182 ἑαυτόν.
1545 1128 1654 1178 Καὶ
1705 1125 1896 1178 τοῦτον

339 1223 526 1290 μεῖζον
563 1223 662 1274 οὐκ
709 1223 932 1274 ἁπαιτεί
985 1221 1112 1290 παρ’
1170 1219 1326 1288 ἡμῶν
1357 1221 1384 1272 ό
1433 1218 1588 1282 Θεδς,
1633 1218 1707 1279 ὡς
1742 1217 1900 1268 τοῦτο

339 1314 438 1380 τῆς
497 1313 664 1378 ἄκρας
721 1313 943 1380 ἀγάπης
1007 1311 1068 1366 ὃν
1133 1313 1351 1378 δεῖγμα.
1421 1310 1558 1361 Οὐδὲ
1625 1309 1731 1375 γὰρ
1790 1306 1900 1359 οὐδ’

344 1403 533 1472 ἀγνοίᾳ
573 1421 630 1455 τε
691 1405 786 1456 καὶ
837 1403 1046 1472 ἀμαθία
1104 1402 1288 1472 φαίητ’
1317 1401 1382 1454 ἂν
1421 1402 1568 1470 ἡμᾶς
1624 1403 1722 1468 τῆς
1772 1401 1902 1464 ἁλη-

341 1496 490 1556 θείας
533 1495 864 1563 ἀπ’,τυχεῖεη
923 1495 1120 1556 εἰδότες
1181 1495 1244 1546 ἐκ
1301 1493 1508 1544 παίδων
1569 1507 1628 1542 τε
1675 1492 1769 1543 καὶ
1819 1489 1904 1542 διὰ

344 1585 514 1650 λόγων
577 1586 850 1651 ἠγμένους
916 1587 1008 1637 καὶ
1071 1585 1131 1638 τό
1168 1601 1230 1643 γε
1279 1583 1410 1652 παρ’
1464 1585 1598 1653 ἡμῖν
1642 1579 1798 1634 τοῦτο
1844 1585 1904 1632 τὸ

347 1676 509 1742 μέρος
551 1673 764 1735 οὐδενὸς
817 1673 975 1736 ὄντας
1025 1674 1345 1742 δευτέρους,
1399 1678 1602 1746 πολλήν
1643 1695 1702 1730 τε
1778 1679 1905 1746 περὶ

346 1765 500 1816 τοῦτο
580 1764 642 1816 τὸ
699 1763 874 1829 δόγμα
940 1762 1446 1832 καταϐαλλομὲνους
1497 1767 1752 1836 σπουδὴν,
1814 1769 1905 1820 καὶ

1999 576 2131 630 mihi
2205 577 2364 643 ipse,
2416 574 2520 628 hoc
2573 573 2736 626 etiam
2797 570 2952 624 vobis
3013 577 3143 636 opto
3213 564 3564 618 honum.Et-

2001 670 2147 724 enim
2193 669 2454 739 majorem
2484 665 2805 720 charitatem
2835 660 3133 716 ostendero
3173 657 3420 728 proximo
3451 671 3560 710 non
3619 641 3622 644 ’

2002 762 2230 817 haberet
2260 759 2482 828 aliqu’s,
2509 772 2669 826 quam
2703 755 2748 810 si
2780 769 2900 823 qua:
2923 752 3052 814 sibi,
3079 751 3194 804 haec
3225 760 3280 804 et
3307 749 3382 802 illi
3435 763 3562 815 pre-

2003 864 2160 908 cetur
2192 853 2356 906 bona.
2390 850 2583 918 Diliges
2612 848 2782 909 enim,
2827 843 3029 913 inquit,
3059 842 3370 912 proximum
3390 847 3563 900 tuum,

2001 945 2138 998 sicut
2169 941 2410 1007 teipsnm,
2450 949 2505 992 et
2549 938 2654 990 hoc
2691 935 2871 1003 majus
2901 949 2928 985 δ
2959 929 3277 992 noltis'Deus
3313 941 3421 978 non
3453 925 3568 976 ex’-

2003 1036 2104 1105 git,
2143 1033 2298 1102 quasi
2333 1033 2440 1084 hoc
2465 1043 2692 1082 summa:
2713 1023 3028 1080 dilectionis
3057 1021 3130 1076 sit
3153 1018 3432 1072 indicium.
3459 1015 3566 1068 Ne-

2005 1139 2112 1190 que
2143 1123 2289 1178 enim
2325 1119 2747 1189 ignorationewt
2782 1114 2994 1168 inscitia
3023 1111 3217 1166 dicetis
3243 1123 3342 1163 nos
3371 1107 3568 1162 verita-

2009 1227 2114 1271 tem
2178 1229 2279 1268 non
2316 1223 2626 1272 assecutus;
2671 1225 2797 1263 cum
2841 1207 3026 1262 sciatis
3077 1219 3178 1258 nos
3231 1202 3298 1257 ab
3344 1202 3570 1256 ineunte

2005 1315 2164 1364 aetate
2194 1305 2390 1376 studiis
2413 1304 2673 1366 imbutos,
2705 1311 2760 1355 et
2790 1299 2936 1368 quod
2971 1304 3182 1366 spectat
3202 1293 3428 1349 adhane
3451 1307 3574 1361 par-

2009 1412 2138 1460 tem.
2191 1415 2359 1469 penes
2387 1413 2484 1452 vos
2536 1396 2671 1451 nulli
2711 1410 2831 1449 esse
2883 1391 3201 1447 secundos:
3239 1399 3293 1443 et
3342 1388 3572 1442 multum

2009 1491 2172 1546 studii
2201 1491 2342 1545 circa
2365 1489 2466 1542 hoc
2484 1487 2676 1556 dogma
2702 1484 3042 1543 adhibuisse,
3061 1491 3116 1536 et
3147 1495 3364 1541 verum,
3389 1493 3564 1546 quan-

2012 1592 2126 1636 tum
2163 1581 2279 1636 ﬁeri
2316 1581 2516 1650 potuit,
2543 1578 2920 1646 investigasse,
2948 1589 3002 1629 ct
3028 1572 3290 1643 quidnam
3321 1570 3466 1623 aliud
3487 1583 3579 1620 ve-

2011 1673 2241 1728 risimile
2285 1680 2368 1726 est
2400 1671 2676 1724 hominem
2707 1668 2910 1736 eligere
2946 1665 3185 1720 voluisse
3222 1679 3250 1716 a
3283 1661 3576 1731 iuventute

2014 1763 2280 1827 modeste,
2303 1771 2356 1815 et
2379 1761 2659 1815 humiliter
2693 1759 2984 1812 educatum
3009 1765 3064 1810 et
3091 1754 3426 1816 institutum,
3455 1752 3579 1820 qui-

347 1857 449 1924 τὴν
485 1855 764 1923 ἀλήθειαν,
793 1854 869 1914 ὡς
900 1853 1040 1916 ἐνὸν,
1094 1855 1540 1923 ἀνιχνεύσαντας.
1573 1823 1770 1909 Καὶιτί
1803 1858 1904 1924 γὰρ

2030 1870 2116 1924 [ne
2145 1853 2248 1908 sub
2282 1851 2617 1915 obedientia,
2639 1858 2696 1905 et
2721 1849 3080 1916 abut-galione
3111 1861 3224 1901 suae
3248 1844 3572 1908 voluntatis,

345 1949 476 2002 ἄλλο
513 1949 658 2010 εἰκὸς
697 1947 912 1999 ἑλέσθαι
952 1945 1278 2016 βουληθῆναι
1333 1946 1621 2013 ἄνθρωπον
1671 1948 1732 2000 ἐκ
1785 1949 1907 2000 νέου

343 2041 434 2093 διὰ
467 2039 818 2108 με’ριὸεητός
847 2055 906 2090 τε
952 2043 1044 2090 καὶ
1083 2037 1466 2098 ταπεινώσεως
1509 2037 1770 2104 ἠγμένον,
1819 2039 1911 2090 καὶ

347 2136 406 2186 ἐν
438 2134 684 2199 ὑποταγῇ
722 2132 814 2182 καὶ
863 2131 1091 2199 ἀρνήσει
1145 2129 1238 2182 τοῦ
1276 2130 1408 2181 ἰδίου
1458 2129 1760 2197 θελήματος
1814 2130 1912 2198 ζὴ-

349 2241 540 2290 σαντα,
583 2225 656 2285 ὡς
682 2223 818 2286 ἐνὸν,
849 2225 946 2276 σὺν
991 2221 1138 2292 Θεῷ;
1173 2221 1432 2290 (εἰρὴσθω
1455 2221 1510 2274 δὲ
1545 2221 1674 2272 ἄνευ
1703 2221 1915 2290 καυχή-

351 2317 510 2380 σεως)
572 2314 742 2366 πολλὰ
791 2315 920 2383 περὶ
971 2313 1070 2381 τῆς
1125 2313 1219 2366 τοῦ
1264 2313 1469 2381 κόσμου
1521 2313 1912 2381 ματαιότητος,

351 2406 525 2458 πολλὰ
561 2406 688 2475 περὶ
721 2403 865 2473 ἠθῶν
899 2405 1257 2473 βελτιώσεως,
1293 2405 1460 2456 πολλὰ
1493 2404 1619 2472 περὶ
1654 2403 1758 2455 τῶν
1785 2405 1916 2456 ἀπο-

352 2497 624 2564 κειμέκων
679 2497 928 2565 βασάνων
971 2497 1004 2569 ἢ
1040 2497 1284 2564 apto-.66»;
1335 2495 1686 2564 ἁνεγνωκότα
1717 2513 1794 2560 τε,
1826 2497 1920 2548 καὶ

352 2592 419 2656 τῇ
477 2589 620 2658 ψυχῇ
657 2589 1100 2658 ἀποθέμενον;ἢ
1157 2592 1271 2652 τοῖς
1316 2589 1500 2657 ὀρθοῖς
1551 2589 1788 2656 δόγμασι
1820 2588 1918 2656 τὴν

351 2679 538 2749 ψυχὴν
588 2679 899 2748 βελτιῶσαι,
955 2683 1051 2732 καὶ
1089 2679 1188 2749 τὴν
1219 2682 1275 2730 ἐν
1307 2681 1369 2749 τῇ
1401 2679 1582 2732 πίστει
1623 2679 1800 2748 ἀληθῆ
1825 2679 1917 2730 εῦ-

357 2787 510 2840 ρεσιν
561 2769 954 2832 ἀσπάσασθαι;
983 2769 1051 2840 ἣν
1079 2769 1142 2838 δὴ
1177 2769 1434 2822 τοσοῦτον
1489 2771 1689 2836 μᾶλλον
1717 2771 1748 2834 ἢ
1789 2772 1924 2838 πρό-

357 2879 515 2932 τερον
551 2865 676 2930 περὶ
711 2861 968 2914 πλείστου
1001 2879 1058 2914 τε
1117 2863 1212 2914 καὶ
1241 2860 1332 2913 τοῦ
1393 2862 1592 2924 παντὸς
1637 2861 1919 2930 ποιοῦμαι,

359 2959 468 3026 ὅσῳ
503 2955 600 3024 ἥδη
627 2955 722 3007 τοῦ
754 2958 936 3025 γήρως
969 2955 1292 3016 ἐπιστάντος
1339 2954 1464 3006 ἀλλε
1478 2955 1740 3024 πάλληλοι
1777 2956 1920 3006 νόσοι

360 3043 616 3097 ἐπιοῦσαι
669 3043 952 3096 ἅπειλοῦσί
1009 3061 1100 3104 μοι
1155 3044 1390 3097 θάνατον
1453 3047 1767 3113 ὁσημέραι,
1829 3045 1923 3098 καὶ

361 3136 592 3189 ἁόίωτον
619 3135 832 3189 ποιοῦσι
857 3138 946 3189 τον
981 3138 1115 3204 βίον.
1145 3135 1274 3190 Οἶδα
1305 3137 1545 3199 πάντως.
1581 3137 1800 3204 ἀδελφοὶ
1829 3139 1922 3190 καὶ

364 3228 622 3298 πατέρες,
647 3225 764 3280 οἶδα
787 3230 880 3281 καί
917 3245 984 3296 με
1017 3228 1242 3300 λέληθεν
1276 3229 1530 3298 οὐδαμῶς
1553 3245 1564 3259 ·
1599 3231 1698 3283 οὐκ
1727 3228 1810 3282 ἔτι
1836 3245 1925 3296 μοι

364 3321 456 3373 ἐπὶ
495 3321 628 3372 πολὺ
691 3321 934 3390 βιωτέον,
980 3322 1074 3374 καὶ
1113 3321 1187 3384 ὡς
1229 3321 1417 3392 καιρὸς
1467 3321 1568 3392 ήδη
1631 3321 1930 3390 ἐφέστηκεν

367 3413 714 3476 ἀναλύσεως’
749 3413 838 3466 ὅτε
891 3413 1054 3479 (καθά
1097 3429 1160 3481 γε
1205 3414 1254 3465 oi
1286 3414 1492 3466 τούτων
1533 3414 1931 3483 πεπειραμένοι

368 3506 553 3573 φασὶν)
579 3504 756 3558 ἔπεισι
802 3507 916 3568 τοῖς
949 3504 1258 3574 ἀνθρώποις
1305 3505 1364 3556 οὺ
1399 3505 1595 3574 μικρὸν
1631 3507 1770 3571 δέος,
1808 3506 1935 3574 περὶ

365 3593 442 3650 ὧν
497 3596 554 3648 οὗ
597 3598 736 3650 πάνυ
787 3613 840 3649 τι
897 3596 1160 3664 πρότερον
1219 3595 1513 3658 ἐδεδίεσαν,
1568 3597 1934 3665 ἐφιστάμενον

366 3692 470 3762 ἤδη
501 3692 591 3742 τὸν
619 3689 812 3758 καιρὸν
856 3687 1114 3756 βλέπουσι
1162 3685 1254 3738 τοῦ
1290 3686 1450 3753 λόγον
1483 3685 1775 3740 ἀποδοῦναι
1825 3688 1935 3740 τῶν
1983 3749 1990 3752 _

370 3783 720 3853 βεδιωμένων
752 3783 957 3841 αὐτοῖς.
1001 3779 1129 3845 Ἐμὲ
1153 3779 1208 3832 δὲ
1235 3781 1382 3847 ὅμως
1407 3780 1514 3848 ὅσῳ
1561 3780 1760 3848 μᾶλλον
1795 3796 1937 3847 γειτ-

369 3879 544 3941 νιά-Ῐει
578 3878 605 3929 ὁ
631 3875 882 3936 θάνατος,
915 3873 1155 3940 τοσούτῳ
1188 3873 1350 3924 πλέον
1380 3870 1792 3940 παραμυθεῖται
1839 3871 1938 3940 τῆς

373 3973 609 4034 πίστεως
635 3971 694 4023 τέ
731 3965 1019 4038 ἁκρεφνές,
1048 3964 1337 4028 ἐλπίζοντα
1390 3964 1451 4018 τὸ
1485 3963 1543 4030 ἐξ
1571 3963 1748 4032 ἔργων
1775 3963 1942 4016 ἐλλεῖ-

374 4083 474 4118 πον
499 4068 563 4134 τῇ
597 4061 839 4132 σωτηρίᾳ
871 4057 1443 4127 ἀναπληρωθήσεσθαι
1495 4059 1560 4125 τῇ
1591 4055 1699 4108 τῶν
1731 4055 1940 4122 δογμά-

374 4175 482 4211 των
507 4157 616 4210 τῶν
639 4153 812 4222 ὀρθῶν
841 4150 990 4222 δόξῃ,
1017 4142 1093 4202 ὧν
1138 4148 1300 4201 ἓνεκα
1338 4149 1428 4200 καὶ
1477 4149 1643 4216 τιμὰς
1677 4145 1941 4215 παριδὼν,

377 4251 431 4301 εί
459 4265 606 4308 τινας
645 4241 792 4315 εἶχον
822 4243 950 4311 παρ’
979 4241 1110 4310 ὑμῖν
1157 4235 1327 4309 (εἶχον
1361 4238 1419 4292 δὲ
1455 4239 1516 4291 οὐ
1567 4239 1790 4308 μικρὰς,
1821 4239 1946 4290 οἱδέ

378 4339 588 4407 ὀλίγας)
620 4338 757 4399 ὅλως
785 4333 990 4403 ταύτης
1019 4331 1284 4400 ἐγενόμην
1311 4329 1412 4398 τῆς
1453 4327 1732 4396 ἀληθείας.
1767 4327 1946 4380 Εἱδόσι

379 4439 488 4504 γὰρ
519 4433 688 4498 λέγω,
717 4429 812 4482 καλ.
841 4425 972 4493 παρ’
1001 4423 1220 4478 εἰδότων
1253 4420 1521 4474 ἀκούσασί
1543 4436 1624 4484 τε,
1659 4423 1749 4473 καὶ
1784 4420 1946 4471 ἀκον-

2011 1963 2111 2016 pro
2145 1944 2314 2008 virili,
2354 1943 2466 1998 Deo
2488 1943 2733 2012 iuvante,
2770 1939 2936 1994 vitam
2961 1938 3134 1992 vixit?
3167 1937 3260 2006 qui
3295 1936 3458 2004 (absit
3485 1951 3582 1986 an-

2013 2045 2118 2090 tem
2166 2033 2452 2106 iactantia)
2502 2033 2668 2086 multa
2700 2029 2768 2084 de
2800 2030 3040 2084 vanitate
3064 2027 3276 2094 mundi,
3313 2025 3483 2080 multa
3512 2026 3584 2079 de

2013 2127 2260 2200 profectu
2297 2140 2536 2184 morum.
2595 2121 2767 2180 multa
2797 2121 2864 2176 de
2891 2119 3228 2174 cruciatibus
3259 2127 3314 2171 et
3339 2115 3580 2184 praemiis

2013 2234 2136 2288 qua:
2165 2224 2542 2279 reservantur,
2576 2215 2727 2280 legit,
2759 2223 2816 2267 et
2849 2214 2901 2266 in
2936 2211 3119 2265 animo
3154 2208 3484 2270 recondidit,
3522 2215 3584 2259 ut

2015 2309 2256 2364 animum
2281 2306 2446 2362 rectis
2459 2303 2809 2373 dogmatibus
2831 2301 3271 2373 praestantiorem
3301 2298 3581 2360 redde-ret,

2015 2409 2072 2455 et
2112 2413 2292 2454 veram
2354 2395 2830 2466 investigationem
2873 2391 2926 2444 in
2976 2390 3082 2444 ﬁde
3139 2387 3580 2455 amplecteretur.

2013 2492 2188 2558 Quam
2215 2489 2462 2558 profecto
2490 2501 2557 2540 eo
2588 2485 2758 2553 magis
2784 2496 2929 2536 nunc
2958 2495 3116 2549 quam
3150 2479 3303 2549 prius
3336 2476 3507 2546 pluris
3529 2483 3582 2531 et

2019 2579 2240 2634 maximi
2271 2575 2431 2640 facio,
2470 2591 2580 2644 qtto
2605 2575 2714 2644 jam
2739 2579 3026 2627 senectute
3058 2569 3296 2623 instante
3331 2565 3582 2622 continui

2017 2670 2200 2726 rnorbi
2228 2670 2543 2739 ingruentes
2577 2663 2824 2734 quotidie
2849 2661 2980 2716 tnihi
3015 2669 3246 2714 mortem
3282 2659 3584 2721 minantur,

2017 2771 2082 2817 et
2117 2760 2280 2814 vitam
2314 2756 2566 2812 acerbam
2588 2755 2794 2810 faciunt
2834 2753 3100 2808 :omnino
3131 2750 3266 2816 scio,
3301 2750 3496 2803 fratres
3531 2756 3589 2800 et

2024 2861 2232 2923 patres,
2261 2851 2374 2905 seio
2403 2857 2457 2902 et
2489 2863 2578 2902 me
2613 2847 2837 2901 minime
2866 2845 3020 2909 latet,
3053 2859 3158 2896 non
3192 2841 3428 2911 amplius
3450 2839 3588 2894 mul-

2026 2955 2138 3000 tum
2171 2943 2306 2998 mihi
2335 2957 2454 2997 es‘e
2503 2939 2818 3002 vivendum,
2857 2945 2913 2992 et
2944 2937 3090 3006 quod
3124 2945 3340 3004 tempus
3364 2935 3476 3004 jam
3506 2933 3588 2986 ins

2024 3047 2134 3094 stat
2164 3034 2540 3096 resolutionis,
2576 3031 2796 3102 quando
2829 3031 2910 3097 (ut
2936 3029 3131 3083 harum
3157 3043 3338 3081 rerum
3377 3025 3590 3095 experti

2025 3127 2200 3196 aiunt)
2237 3123 2458 3179 advenit
2503 3120 2820 3174 hominibus
2867 3133 2977 3172 non
3015 3131 3218 3186 parvus
3275 3125 3478 3179 metus,
3522 3112 3592 3167 de

2028 3219 2230 3289 quibus
2271 3231 2378 3270 non
2413 3213 2572 3268 valde
2613 3211 2906 3266 admodum
2955 3211 3106 3279 prius
3149 3208 3450 3264 timebant:
3494 3206 3595 3260 adv

2031 3319 2253 3364 ventarc
2294 3308 2404 3376 jam
2446 3315 2664 3374 tempus
2706 3303 2982 3372 aspiciunt
3011 3299 3278 3355 reddendi
3325 3298 3596 3352 rationem

2033 3410 2164 3456 aet:e
2188 3401 2329 3456 vitae.
2361 3398 2444 3453 Me
2471 3413 2602 3452 vero
2635 3405 2816 3450 tamen
2851 3409 2962 3460 quo
2991 3395 3162 3462 magis
3197 3393 3600 3462 appmpinquat

2035 3508 2202 3552 mors,
2237 3506 2304 3545 eo
2328 3489 2562 3558 amplius
2600 3487 2914 3542 consolatur
2947 3483 3072 3538 ﬁdei
3105 3483 3329 3543 candor,
3373 3497 3597 3550 sperau-

2037 3590 2167 3646 tem,
2195 3581 2338 3649 quod
2372 3595 2436 3634 ex
2473 3578 2734 3649 operibus
2767 3577 2924 3630 deest
2953 3575 3018 3629 ad
3055 3575 3310 3634 salutem,
3342 3587 3603 3640 compen-

2035 3685 2215 3731 satum
2260 3675 2324 3728 iri
2362 3673 2621 3742 opinione
2657 3679 2934 3724 rectorum
2969 3667 3303 3737 dogmatum.
3357 3662 3598 3728 Quorum

2037 3783 2198 3824 causa
2257 3764 2420 3820 etiam
2456 3763 2691 3817 honores
2722 3770 3104 3820 contemnens,
3138 3755 3182 3809 si
3219 3768 3359 3824 quos
3385 3767 3604 3806 assecu-

2041 3867 2129 3914 tus
2183 3853 2342 3926 apud'
2371 3871 2467 3909 vos
2517 3868 2665 3908 eram
2703 3851 3008 3920 (assecutus
3059 3857 3243 3901 autem
3289 3859 3436 3898 erant
3493 3858 3601 3895 non

2041 3947 2267 4019 paucos)
2297 3955 2445 4001 totus
2474 3952 2700 3999 secutus
2729 3957 2850 3995 sum
2875 3941 3018 3994 hanc
3047 3937 3357 3992 veritatem.
3408 3933 3605 3986 Scien-

2047 4041 2193 4096 tibus
2243 4039 2390 4092 enim
2437 4037 2654 4105 loquor,
2688 4042 2744 4087 et
2771 4049 2798 4085 a
2837 4029 3142 4086 scientibus
3185 4026 3497 4083 audivistis.
3550 4035 3608 4078 et

2045 4131 2288 4190 audituri
2313 4133 2472 4192 estis.
2501 4129 2546 4183 si
2579 4126 2886 4182 volueritis.
2925 4123 3076 4190 Quod
3099 4118 3520 4193 juveni-adhuc,
3552 4127 3612 4172 et

2045 4224 2287 4281 nondum
2326 4219 2644 4293 pubescenti
2678 4217 2945 4272 maximus
2967 4216 3140 4269 honor
3168 4211 3386 4266 habitus
3408 4217 3512 4271 est,
3542 4209 3612 4260 ab

2035 4315 2117 4390 iis
2154 4315 2318 4368 etiam
2351 4311 2446 4381 qui
2481 4325 2570 4364 me
2597 4322 2874 4378 nunquam
2909 4305 3256 4367 viderant,et
3286 4309 3471 4354 notum
3494 4305 3614 4351 erat

2049 4421 2251 4462 nomen
2284 4419 2466 4458 meum
2499 4402 2756 4455 omnibus
2805 4399 3120 4465 ubicunque
3154 4394 3338 4461 lingua
3387 4391 3613 4444 Gneco-

381 4525 630 4594 σομέ-ιοις
657 4521 723 4576 ἄν
768 4537 822 4572 τι
859 4515 1163 4588 βούλοισθε,
1194 4514 1270 4578 ὡς
1305 4513 1421 4566 νέον
1465 4529 1524 4565 τε
1565 4513 1643 4564 ἔτι
1669 4511 1765 4564 καὶ
1796 4509 1928 4564 οΰπο

2052 4515 2176 4554 rum
2205 4496 2448 4552 auditur.
2477 4494 2718 4552 Necdum
2771 4489 3090 4547 vicesimum
3121 4495 3375 4556 quartum
3407 4497 3613 4536 annum

2158 4589 2171 4594 -
2363 4585 2376 4594 .
2457 4586 2490 4594 -.
2778 4589 2788 4594 Α
2911 4580 2922 4592 .
3162 4591 3179 4594 ς
3264 4583 3308 4594 Α,
3365 4572 3613 4594 _____,,____

379 4615 679 4685 γενειῶντα
727 4611 815 4664 διὰ
867 4608 1131 4675 πλείστης
1167 4605 1333 4674 ήγετέ.
1367 4620 1433 4674 με
1459 4605 1648 4673 τιμῆς,
1683 4605 1778 4655 καὶ
1800 4603 1954 4654 αὐτοὶ

383 4709 432 4761 oi
471 4704 546 4775 μὴ
599 4704 736 4764 ὅλως
795 4700 1015 4760 ἰδόντες.
1087 4693 1370 4765 Γνὼριμον
1423 4689 1490 4764 ἦν
1550 4691 1752 4760 τούμὸν
1783 4689 1956 4759 ὄνομα

385 4798 524 4849 πᾶσι
551 4795 663 4856 τοῖς
691 4792 1004 4860 ὁπηδήποτε
1061 4785 1243 4852 φωνῆς
1287 4782 1612 4852 Ἑλληνικῆς
1662 4781 1952 4834 ἐπαΐουσι·

385 4889 484 4942 καὶ
513 4886 682 4955 μήπω
701 4883 936 4946 τέτταρα
959 4880 1051 4932 καὶ
1071 4881 1275 4930 εἴκοσιν
1294 4875 1390 4945 ἔτη
1421 4873 1736 4943 γενόμενος,
1760 4873 1957 4934 αἰδοῖος

386 4979 644 5051 ἡγεμόσι,
707 4975 802 5028 καὶ
856 4969 1222 5050 ἄρχουσικαὶ
1274 4969 1442 5020 πᾶσιν
1504 4967 1632 5035 ὑμῖν
1687 4965 1956 5034 ὑπῆρχον.

391 5070 774 5129 ἰΙοθεινότανος
819 5063 1157 5135 βασιλεῦσιν,
1196 5060 1245 5114 οἳ
1274 5060 1336 5112 οὐ
1368 5058 1476 5112 τῶν
1523 5057 1829 5128 ἡλικιωτῶν
1863 5057 1958 5126 p6-

388 5181 500 5230 νον,
538 5163 632 5218 καὶ
686 5159 797 5214 τῶν
829 5154 1273 5228 προὸεϐηκότων,
1320 5152 1460 5205 ἀλλὰ
1506 5151 1743 5204 καὶτῶν
1800 5148 1960 5214 ἁξιώ-

395 5273 541 5327 ματα
569 5249 1058 5324 περιϐεϐλημένων
1087 5247 1237 5316 ἡμᾶς
1269 5243 1613 5315 προετίθουν,
1658 5241 1749 5295 καὶ
1798 5238 1961 5304 ἀξιώ-

395 5349 530 5419 μασί
559 5365 619 5400 τε
650 5346 743 5400 καὶ
781 5343 1001 5414 ἀρχαῖς,
1032 5343 1153 5400 ταῖς
1184 5337 1328 5408 ὑπὲρ
1357 5337 1456 5406 τὴν
1507 5333 1726 5406 ἠλικίαν
1760 5334 1844 5404 (οὺ
1891 5333 1960 5385 δι’

393 5441 532 5512 ἐμὴν
558 5437 779 5510 ἀρετὴν,
807 5435 940 5489 ἀλλὰ
959 5433 1027 5486 δι’
1050 5430 1188 5484 ἰδίαν
1214 5425 1642 5495 καλοκάγαθίαν)
1665 5427 1958 5493 ἐκόσμουν.

393 5533 587 5588 Καίτοι
621 5531 716 5584 καὶ
746 5531 794 5581 εἰ
830 5527 972 5598 μέγα
1003 5524 1100 5577 νῦν
1143 5524 1201 5574 ἐν
1223 5525 1288 5590 τῇ
1317 5519 1409 5572 τοῦ
1450 5517 1687 5589 Χριστοῦ
1731 5515 1965 5584 Ἐκκλη-

395 5626 488 5695 σία
518 5624 844 5694 περίκειμαι
883 5621 1088 5689 σχῆμα,
1131 5615 1180 5666 εἰ
1230 5611 1484 5682 λαμπρὸν
1533 5611 1752 5678 ἀξίωμα
1797 5623 1957 5677 περι-

393 5717 692 5785 ϐέϐλημαι,
729 5714 820 5765 καὶ
846 5711 923 5780 τῷ
953 5711 1066 5762 δντι
1105 5703 1348 5777 μεγάλας
1373 5703 1538 5773 τιμὰς
1567 5702 1660 5754 καὶ
1691 5699 1968 5771 ὑπερδαλ-

396 5807 596 5870 λούσας
625 5803 968 5876 καρποῦμαι,
1005 5801 1097 5854 καὶ
1131 5801 1252 5852 ὅσαι
1287 5797 1426 5866 ὑπὲρ
1451 5795 1570 5865 ἐμὲ,
1608 5793 1740 5848 ἀλλὰ
1771 5793 1962 5863 πρῶτα

2056 4589 2305 4660 agebam,
2345 4585 2690 4655 ducibusque
2739 4589 2794 4637 et
2842 4578 3205 4651 principibus,
3255 4583 3313 4631 et
3359 4572 3620 4628 omnibus

2057 4680 2215 4737 vobis
2251 4678 2599 4734 venerandus
2631 4668 3250 4741 eram,itnperatoribtts
3300 4663 3620 4734 acceptissi-

2061 4787 2184 4828 mus
2210 4788 2224 4827 :
2253 4773 2346 4841 qui
2383 4786 2492 4826 non
2519 4769 2696 4825 solum
2727 4763 3030 4836 a‘qualibus
3057 4771 3115 4816 et
3134 4769 3292 4815 aelate
3323 4755 3620 4827 provectis,

2059 4865 2156 4921 sed
2206 4863 2373 4918 etiam
2421 4863 2488 4917 iis
2518 4861 2614 4931 qui
2647 4861 2699 4912 in
2740 4855 3098 4928 dignitatibus
3129 4850 3414 4908 constituti
3443 4857 3623 4908 erant.

2061 4973 2161 5014 nos
2201 4955 2585 5028 praeferebant,
2621 4959 2676 5006 et
2709 4948 3075 5021 dignitatibus
3121 4961 3184 5001 ac
3239 4941 3622 5014 potestatibus.

2060 5067 2182 5122 quat
2213 5060 2428 5104 aetatem
2471 5045 2825 5116 superabant,
2857 5058 2963 5097 non
2991 5047 3214 5111 propter
3252 5049 3426 5090 meam
3454 5033 3628 5086 virtu-

2065 5155 2198 5208 tem,
2226 5141 2320 5196 sed
2348 5139 2622 5212 propriam
2653 5137 2980 5199 bonitatem,
3013 5129 3302 5186 ornabant.
3336 5125 3402 5180 Et
3435 5139 3626 5193 quam-

2062 5236 2146 5290 vis
2179 5233 2341 5288 tnodo
2367 5245 2623 5302 magnum
2655 5229 2710 5283 in
2739 5225 2982 5282 Ecclesia
3012 5222 3108 5278 Dei
3133 5219 3384 5274 habitum
3415 5229 3624 5286 geram,

2062 5325 2314 5399 quamvis
2337 5321 2680 5394 splendidam
2701 5319 3024 5389 dignitatem
3047 5315 3344 5374 obtineam,
3363 5317 3417 5362 et
3439 5321 3625 5360 revera

2063 5397 2276 5491 magnis
2329 5415 2630 5471 honoribus
2678 5421 2734 5468 et
2782 5407 3179 5466 excellentibus
3225 5403 3398 5463 fruar,
3431 5406 3487 5452 et
3533 5397 3629 5465 qui

2065 5527 2248 5568 meum
2299 5508 2555 5563 meritum
2604 5511 2901 5575 superant;
2966 5497 3062 5553 sed
3116 5495 3352 5565 primum
3404 5487 3626 5559 quidem

2063 5613 2254 5675 postea
2303 5603 2682 5660 accesserunt,
2740 5605 2920 5661 neque
2966 5583 3193 5658 sperati,
3225 5591 3284 5637 ut
3333 5581 3474 5636 Deus
3503 5575 3626 5630 scit.

2023 5681 2026 5684 λ
2067 5669 2272 5750 beinde
2298 5687 2568 5752 fortassis,
2605 5683 2808 5740 dixerit
2851 5679 3074 5749 aliquis,
3107 5677 3344 5747 majores
3367 5669 3508 5742 apud
3535 5680 3633 5720 vos

2067 5785 2364 5846 exstitisse.
2427 5777 2706 5851 Siquidem
2767 5773 2841 5832 ibi
2883 5771 3028 5841 apud
3089 5782 3183 5824 vos
3259 5764 3440 5819 statim
3491 5758 3634 5814 inter
