4086 6418
578 370 687 434 463
1540 368 1857 429 BESSARI
1873 367 2048 429 ONIS
2097 368 2141 428 S.

2244 410 2273 427 ι.
2312 368 2378 427 Ε.
2421 363 2891 426 CARDINALIS
3703 364 3794 425 4M

530 528 531 531 η
580 488 790 556 primos
851 485 1045 541 ordine
1102 482 1361 548 locabar,
1422 483 1513 537 hic
1569 496 1700 536 vero
1762 480 2016 551 plurimis
2064 496 2133 535 ex

2269 479 2371 550 μὲν
2394 479 2721 547 ἐπεγένοντο
2786 475 2925 546 μετά
2956 475 3150 540 ταῦτα,
3186 474 3310 529 ούδέ
3348 474 3703 545 ἐλπιζόμεοαι,
3732 482 3795 542 ὡς

579 570 941 641 sistentibus,
1009 574 1121 628 imo
1171 587 1305 628 vero
1374 587 1662 628 numerum
1724 571 2141 627 excedentibus.

2261 571 2293 624 ὁ
2322 571 2454 635 Θεδς
2488 569 2630 624 οἶδεν
2650 584 2665 601 ·
2700 569 2873 621 ειεξιτ*
2905 567 3037 630 ἴσως
3062 567 3207 621 εἴποι
3239 584 3323 630 τις
3363 567 3450 631 ἂν,
3485 570 3671 637 τρόπον
3691 574 3796 625 τινὰ

577 668 674 737 qui
738 674 793 722 et
845 666 1116 737 sapientia
1186 664 1590 737 prudentiaque
1640 673 1697 719 et
1745 665 1899 719 omni
1957 666 2141 719 virtutt

2265 663 2487 732 μείζους
2510 663 2610 726 τὰς
2656 662 2788 734 παρ’
2821 661 2977 731 ὑμῶν
3004 660 3334 729 γεγενῆσθαι
3356 676 3369 688 ·
3411 661 3523 727 εῐγε
3575 660 3680 714 ἐκεῖ
3710 662 3796 730 μὲν

576 761 832 822 \ineunt,
864 759 956 814 vix
982 775 1104 815 sum
1140 774 1282 815 unus
1304 759 1372 815 de
1411 759 1621 814 multis.
1656 757 1803 814 Dixit
1830 770 2014 814 autem
2038 759 2141 830 qui

2260 755 2357 807 καὶ
2382 754 2514 825 παρ’
2545 753 2676 825 ὑμῖν
2705 755 2765 807 ἐν
2796 755 2911 816 τοῖς
2929 750 3172 823 πρώτοις
3201 750 3362 814 εὐθὺς
3393 751 3701 821 ἐταττόμην,
3723 754 3796 805 iv-

575 851 701 905 dam
733 867 801 905 ex
846 851 1007 906 valde
1038 850 1367 914 ambitiosis.
1410 850 1457 905 si
1490 849 1817 904 memoriam
1846 851 2066 910 tenetis.
2100 850 2141 902 ir

2257 847 2436 901 ταῦθα
2469 846 2527 899 δέ
2577 846 2816 913 πολλῶν,
2868 846 3071 917 μᾶλλον
3124 844 3183 899 δὲ
3231 842 3470 914 ἀριθμοῦ
3505 846 3799 913 κρειττόνων

572 940 839 1012 oppidulo
867 940 1018 997 tenui
1070 957 1136 996 ac
1171 942 1351 997 sterili
1389 941 1552 996 malle
1583 941 1794 1009 primus
1817 953 1961 1003 esse,
1985 952 2141 1009 quam

2260 939 2432 993 ὄντων
2459 938 2570 992 τῶν
2601 939 2769 1011 σοφίᾳ
2800 956 2858 992 τε
2888 940 2984 992 καὶ
3011 938 3276 1008 φρονήσει
3319 937 3415 990 καὶ
3443 940 3506 1008 τῇ
3536 937 3623 1007 ὅλη
3647 936 3798 1007 ἀρετῇ

575 1031 759 1086 Reme
811 1032 865 1086 in
899 1032 1138 1087 maxima
1177 1041 1235 1086 et
1284 1031 1665 1088 illustrissima
1696 1028 1835 1085 urbe
1883 1028 2141 1085 secundat

2262 1028 2569 1095 νικώντων,
2615 1032 2774 1101 μόλις
2818 1030 2938 1101 εἰμὶ
2971 1029 3290 1094 πολλοστός.
3325 1029 3472 1098 Ἔφη
3517 1028 3574 1083 δέ
3613 1027 3701 1082 καί
3725 1045 3799 1091 τις

569 1130 754 1191 partes
801 1131 1014 1178 tenere.
1040 1121 1253 1176 Habere
1295 1121 1443 1177 enim
1488 1120 1784 1190 quamdam
1820 1108 2141 1190 voluptatem

2261 1122 2372 1175 τῶν
2419 1121 2562 1176 πάνυ
2616 1121 2920 1191 φιλοτίμων
2969 1124 3018 1177 εί
3072 1120 3377 1193 μέμνησθε,
3424 1120 3692 1192 βούλεσθαι
3742 1121 3800 1174 ἀν

570 1214 893 1284 primatum,
919 1214 1175 1283 quamvis
1195 1213 1342 1269 inter
1369 1212 1633 1268 minimos
1662 1214 1756 1269 sit.

2268 1210 2473 1282 μᾶλλον
2507 1216 2566 1267 ἐν
2618 1212 2877 1285 πολιχνίῳ
2932 1213 3124 1284 λυπρῷ
3175 1212 3401 1284 πρῶτος
3445 1206 3660 1282 Junii
3697 1210 3800 1265 δευ-

568 1310 759 1377 τερεῖα
808 1308 868 1361 ἐν
901 1311 968 1379 τῇ
1010 1308 1243 1380 μεγίστῃ
1290 1325 1350 1362 τε
1395 1309 1491 1363 καὶ
1538 1305 1908 1379 λαμπροτάτῃ
1959 1303 2148 1376 Ῥώμῃ
2188 1304 2463 1377 κατέχειν.
2499 1307 2689 1379 Ἐχειν
2725 1308 2835 1379 γάρ
2892 1297 3043 1370 τινα,
3078 1304 3181 1362 κάν
3214 1307 3272 1361 ἐν
3300 1303 3602 1376 ἐλαχίστοις
3618 1301 3800 1378 ἡδο-

570 1402 667 1471 νὴν
699 1401 762 1456 τδ
794 1408 1085 1473 πρωτεῖον.

639 1495 914 1549 (ἶςινιετιιιιι
951 1506 1005 1550 et
1032 1512 1155 1566 qua:
1175 1496 1320 1567 apud
1363 1512 1462 1552 vos
1492 1496 1658 1553 habui
1685 1496 1897 1550 minimi
1929 1495 2057 1562 feci,
2087 1505 2142 1551 et

570 1587 862 1656 pra-sentin
899 1588 1060 1651 modo
1082 1588 1276 1657 (Deum
1302 1592 1494 1655 testor)
1518 1597 1576 1642 ut
1594 1597 1838 1642 stercora
1863 1586 2145 1652 ducerem,

566 1685 623 1729 et
643 1675 875 1745 ahjectis
894 1677 1173 1739 omnibus,
1190 1677 1443 1747 quamvis
1461 1678 1634 1731 multo
1661 1676 1819 1746 plura
1840 1675 1925 1730 his
1941 1682 2146 1739 essent,

566 1783 637 1822 ne
672 1779 824 1823 retro
848 1769 1073 1839 quidem
1118 1769 1416 1839 aspiciens,
1448 1770 1516 1824 ad
1557 1784 1656 1825 vos
1689 1784 1776 1824 me
1813 1769 2143 1833 conferrem,

2360 1491 2518 1547 Ἀλλά
2537 1493 2631 1545 καὶ
2655 1491 2727 1545 τά
2758 1489 2891 1561 παρ’
2918 1490 3047 1561 ύμῖν
3078 1488 3146 1544 δι’
3178 1487 3468 1559 ἐλαχίστου
3498 1490 3796 1559 πεποίημαιν

2256 1583 2502 1653 ἀδελφοὶ,
2546 1585 2644 1638 καὶ
2691 1583 2758 1635 τά
2794 1599 2858 1651 γε
2905 1582 2999 1636 νῦν
3054 1582 3325 1653 παρόντα,
3358 1582 3698 1653 μαρτύρομαι
3722 1581 3802 1635 τὸν

2256 1673 2414 1737 Θεδν,
2469 1673 2545 1738 ώς
2595 1673 2843 1729 σκύϐαλα
2898 1675 2966 1727 ἂν
3011 1673 3331 1745 ἡγησάμην,
3390 1674 3481 1727 καὶ
3531 1673 3698 1727 πάντα
3744 1671 3803 1724 ἂν

2257 1766 2593 1839 ἀπορρίψας,
2624 1768 2673 1820 εί
2700 1765 3092 1821 πολλαπλασίω
3138 1766 3349 1820 τούτων
3397 1761 3560 1838 ἦσαν,
3614 1766 3800 1835 ἀμεται

567 1858 676 1912 nisi
711 1858 844 1913 tttilti
877 1861 1137 1915 conscius
1167 1877 1370 1925 essent,
1406 1862 1551 1932 quod
1588 1858 1846 1933 elegerint
1874 1872 2133 1931 praestan-

2248 1863 2475 1930 στρεπτὶ
2503 1859 2640 1930 πρὸς
2670 1861 2812 1930 ὑμᾶς
2836 1858 3088 1929 ᾠχόμην,
3122 1860 3170 1912 εί
3212 1862 3288 1929 μὴ
3327 1858 3573 1930 συνῄδειν
3597 1854 3804 1927 ἐμαυτῷ

567 1950 710 2003 tiora
763 1951 957 2021 magis,
1013 1961 1070 2006 ct
1125 1952 1436 2016 salutifera,
1496 1953 1597 2007 nisi
1645 1953 1777 2007 mihi
1831 1967 2148 2021 persuasum

563 2049 738 2100 esset,
794 2038 1118 2094 catholicam
1172 2048 1418 2094 sanctam
1485 2039 1788 2094 Romanattt
1845 2039 2149 2096 Eet-lesiam

566 2133 791 2195 «locere,
825 2140 881 2184 et
914 2131 1164 2191 credere,
1195 2148 1319 2202 qua:
1347 2132 1415 2185 ad
1446 2131 1613 2185 vitam
1635 2141 1895 2188 a'ternam
1913 2132 2147 2188 ducunt.

563 2220 620 2277 Si
652 2222 823 2293 igitur
854 2222 921 2277 ad
957 2238 1020 2278 ca
1054 2238 1149 2277 vos
1181 2222 1378 2277 hortor
1403 2232 1459 2278 et
1481 2224 1736 2288 obsecro,
1762 2238 1885 2294 quas
1914 2225 2151 2294 propria

560 2319 726 2374 saluti
759 2320 1010 2374 sub:idia
1035 2334 1159 2374 esse
1191 2319 1472 2383 existimo,
1507 2328 1664 2390 grato
1691 2319 1899 2383 animo,
1921 2327 1972 2374 et
1991 2334 2150 2388 aequo

554 2411 752 2464 audire
811 2411 1046 2477 debetis,
1100 2419 1157 2467 et
1212 2426 1337 2482 qua:
1386 2410 1652 2466 dicuntur
1703 2411 1945 2467 libenter
2001 2411 2151 2467 exci'

560 2512 715 2572 perc.

632 2593 738 2649 Sed
772 2593 1116 2662 scandalum,
1149 2594 1403 2665 inquitis,
1440 2593 1602 2649 nobis
1634 2602 1740 2658 est,
1770 2609 1894 2664 quas
1939 2609 1969 2649 a
2001 2593 2147 2651 Lati-

559 2688 650 2741 nis
686 2688 830 2742 facla
868 2700 954 2742 est
993 2689 1060 2743 ad
1097 2688 1425 2761 Symbolum
1452 2689 1686 2744 additio.

632 2777 688 2833 Si
715 2788 863 2834 recte
880 2780 1257 2844 considerare,
1280 2781 1500 2846 fratres,
1524 2780 1833 2844 volueritis.
1862 2795 1969 2835 non
1994 2778 2145 2834 addi-

560 2868 661 2933 tio,
702 2871 797 2925 sed
828 2871 1128 2935 explicatio
1161 2880 1219 2927 et
1247 2872 1565 2942 explanatio
1622 2880 1708 2926 est
1737 2871 1884 2942 quod
1914 2870 2142 2927 dicitur.

558 2959 773 3028 Quippe
809 2959 1024 3014 additio
1058 2967 1144 3015 cst
1188 2960 1354 3015 etiam
1392 2960 1700 3016 secundum
1748 2962 1897 3031 ipsos
1926 2970 2146 3016 nostros

560 3051 819 3105 doctores
847 3052 1260 3107 contrariorum
1282 3054 1532 3109 doctrina
1562 3053 1902 3124 dogmatum.
1922 3054 1991 3108 At
2011 3068 2145 3109 vero

2253 1950 2497 2021 ἑλομένῳ
2524 1952 2593 2004 τὰ
2624 1950 2859 2021 κρείττω
2891 1966 2955 2004 τε
2996 1950 3093 2003 καὶ
3122 1949 3623 2019 σωτηριωδὲστερα,
3649 1947 3693 2001 εί
3729 1944 3793 2017 μὴ

2251 2043 2323 2097 τά
2354 2044 2493 2114 πρὸς
2517 2042 2667 2114 ζωήν
2689 2060 2749 2096 τε
2798 2040 2900 2113 τὴν
2930 2041 3151 2095 αἰώνιον
3184 2045 3426 2114 φέροντα
3468 2040 3802 2095 διδάσκουσάν

2248 2152 2313 2190 τε
2343 2138 2438 2191 καί
2467 2136 2843 2191 πιστεύουσαν
2877 2136 3228 2206 ἐπεπείσμην
3270 2136 3379 2206 τὴν
3402 2132 3686 2204 καθολικὴν
3713 2132 3794 2185 καὶ

2252 2228 2418 2295 ἁγίαν
2452 2227 2787 2297 Ἐκκλησίαν
2825 2226 3140 2296 Ῥωμαίων.
3166 2226 3230 2279 Ei
3259 2212 3357 2280 οὖν
3380 2227 3458 2287 είς
3486 2226 3662 2278 ἐκεῖνα
3676 2225 3804 2294 ὑμᾶς

2250 2319 2553 2394 προτρέπω
2584 2336 2644 2374 τε
2672 2320 2769 2374 καὶ
2805 2319 3136 2391 παρακαλῶ,
3170 2318 3208 2375 ἃ.
3243 2319 3348 2390 τῆς
3387 2318 3522 2382 ίδίας
3555 2317 3803 2388 σωτηρίας

2249 2414 2439 2477 ἐφόδια
2470 2407 2612 2466 εἶναι
2640 2412 2867 2483 νομίζω,
2901 2411 3268 2480 εὐγνωμόνως
3302 2428 3367 2465 τε
3423 2410 3641 2466 ἀκούειν
3675 2408 3802 2478 ὀφεί-

2247 2504 2393 2571 λετε,
2426 2507 2520 2559 καὶ
2545 2504 2778 2574 ἄσμενοι
2808 2505 2877 2559 τὰ
2905 2504 3186 2575 λεγόμενα
3229 2502 3612 2569 ὑποδέξασθαι.

2333 2597 2493 2650 ’Λλλά
2535 2595 2677 2667 μέγα
2705 2597 2840 2667 ἡμῖν
2885 2595 3071 2667 (φατὲ)
3103 2594 3408 2651 σκάνδαλον
3450 2597 3484 2666 ἡ
3535 2595 3677 2666 παρά
3707 2593 3802 2647 Λα-

2246 2688 2412 2742 τίνων
2442 2691 2500 2742 ἐν
2525 2687 2604 2759 τῷ
2645 2687 2776 2759 θείῳ
2809 2690 3066 2761 συμϐόλῳ
3101 2689 3384 2758 γενομένη
3414 2687 3708 2758 προσθήκη.

2320 2781 2384 2837 Εί
2411 2783 2588 2853 ὀρθῶς
2621 2785 2845 2837 σκοπεῖν
2870 2782 3130 2849 ἐθέλοιτε,
3155 2782 3405 2851 ἀδελφοὶ,
3425 2782 3486 2836 οὐ
3517 2779 3799 2853 προσθήκη,

2246 2876 2384 2931 ἀλλά
2413 2876 2711 2942 ἀνάπτυξίς
2733 2893 2791 2930 τε
2814 2876 2911 2930 καὶ
2933 2876 3268 2948 ἐπεξήγησίς
3286 2878 3407 2930 ἐστι
3429 2876 3488 2929 τὸ
3507 2874 3795 2943 λεγόμενονο

2246 2970 2535 3042 προσθήκη
2569 2972 2679 3043 γάρ
2709 2972 2827 3026 ἐστι
2854 2972 2950 3026 καὶ
2983 2969 3105 3025 κατ’
3131 2971 3337 3035 αὐτοὺς
3364 2970 3492 3033 τοὺς
3522 2966 3798 3039 ἡμετέρους

2243 3060 2658 3134 διδασκάλουςή
2688 3064 2796 3118 τῶν
2850 3065 3108 3119 ἐναντίων
3163 3065 3456 3134 δογμάτων
3488 3059 3796 3119 διδασκαλία.

561 3144 885 3198 earumdem
931 3153 987 3199 et
1035 3145 1301 3201 similium
1355 3145 1652 3202 illustratio
1690 3146 1986 3216 explicatio
2035 3156 2140 3215 est,

2246 3153 2363 3224 ἠδὲ
2397 3154 2506 3208 τῶν
2547 3154 2730 3208 αὐτῶν
2765 3172 2825 3209 τε
2869 3157 2964 3210 καὶ¹
3017 3158 3221 3222 ὁμοίων
3242 3158 3569 3228 διασάφησις
3585 3157 3801 3211 ἀνάπτυ-

559 3249 671 3287 non
715 3233 948 3290 additio.
1009 3237 1170 3302 Quod
1213 3239 1259 3294 si
1302 3254 1332 3293 a
1358 3239 1595 3294 veritate
1633 3249 1763 3305 stat,
1793 3251 1849 3296 et
1890 3239 2137 3311 opinioni

559 3325 595 3379 d
620 3334 847 3381 telorum
876 3329 1159 3394 convenit,
1188 3329 1444 3386 timorem
1485 3331 1761 3394 timemus,
1798 3333 1889 3389 ubi
1928 3349 2036 3388 non
2057 3345 2142 3392 est

561 3416 750 3482 timor,
782 3429 839 3473 et
862 3421 1278 3488 superstitionis
1301 3424 1485 3492 potius
1510 3440 1672 3495 quam
1720 3427 1944 3496 pietatis
1999 3444 2141 3497 opus

566 3509 801 3578 agimus.
842 3510 1009 3566 Multa
1047 3512 1264 3569 addidit
1306 3518 1549 3572 secunda
1580 3522 1822 3590 synodus
1855 3520 1924 3575 ad
1965 3520 2141 3577 Nicae-

560 3616 694 3655 num
717 3601 1060 3675 Symbolum.
1094 3606 1309 3662 Etenim
1337 3608 1406 3665 de
1428 3610 1719 3666 divinitate
1757 3613 1931 3668 sancti
1966 3613 2141 3683 Spiri-

561 3703 674 3760 tus,
706 3695 775 3750 de
804 3697 1017 3753 unitate
1058 3699 1345 3767 Ecclesia,
1377 3701 1447 3757 de
1501 3702 1804 3773 baptismo,
1836 3704 1905 3760 de
1947 3705 2142 3760 remis-

560 3786 717 3841 sione
779 3801 1156 3858 pcccatorum,
1189 3791 1258 3846 de
1308 3795 1714 3851 resurrectione
1769 3806 2136 3866 ntortuorum,

561 3878 631 3932 de
665 3881 774 3934 vita
795 3889 1043 3949 reterns;
1075 3884 1246 3938 multa
1285 3884 1388 3939 alia
1427 3886 1595 3940 etiam
1628 3886 1785 3955 dixit,
1813 3888 1879 3942 de
1901 3875 2137 3959 quorum

559 3971 717 4025 nullo
750 3974 924 4042 prima
977 3975 1223 4045 synodus
1262 3977 1587 4045 explicitum
1639 3978 1769 4034 fecit
1801 3994 2137 4036 sermonem.

559 4065 731 4120 Multa
775 4068 1114 4136 posteriores
1143 4070 1332 4125 Patres
1359 4071 1519 4125 fidem
1546 4071 1892 4128 declarantes
1914 4076 2140 4131 uberius

559 4155 874 4213 docuerunt
910 4179 923 4213 :
964 4170 1147 4214 tamen
1214 4176 1323 4215 non
1379 4161 1627 4224 additio.
1683 4163 1780 4219 sed
1845 4165 2141 4235 explicatio

558 4248 701 4305 laeta
729 4261 833 4305 est.
858 4250 973 4307 Cur
1015 4252 1185 4321 igitur
1207 4254 1376 4308 etiam
1424 4255 1712 4311 catholica:
1745 4256 2008 4314 Ecclesia:
2034 4259 2141 4315 hoc

558 4341 704 4397 idem
739 4343 920 4401 facere
954 4362 1062 4400 non
1096 4347 1299 4403 licuit?
1331 4347 1595 4403 similiter
1623 4348 2017 4407 haereticorum
2059 4354 2142 4408 in-

559 4443 742 4490 stante
782 4436 1117 4492 necessitate
1137 4436 1167 4489 ?

626 4705 925 4772 Quoniam.
959 4707 1139 4779 inquit
1169 4712 1442 4783 (aliquis),
1480 4724 1613 4770 tunc
1654 4715 1880 4787 quidem
1913 4718 2137 4787 licebat,

554 4806 746 4869 postea
775 4815 908 4854 vero
939 4814 1064 4855 cum
1098 4803 1257 4859 tertia
1295 4805 1544 4874 synodus
1582 4808 1755 4874 prima
1802 4808 1990 4876 fuerit,
2017 4827 2140 4883 quae

552 4905 773 4945 omnem
820 4891 1158 4948 additionem
1219 4896 1589 4964 prohibuerit,
1627 4900 1762 4954 nulli
1795 4899 1877 4956 fas
1930 4902 2140 4959 estad-

480 5016 485 5021 ‹
553 4983 710 5049 dere,
746 4999 817 5040 ne
851 4985 1073 5055 quidem
1101 4987 1276 5058 ipsam
1304 4989 1614 5046 veritatem.

627 5075 735 5130 Sed
767 5075 871 5131 ista
903 5077 1045 5131 ratio
1069 5078 1203 5134 falsa
1231 5089 1337 5147 est,
1363 5082 1587 5148 fratres,
1627 5099 1818 5141 revera
1837 5098 1895 5142 et
1914 5087 2134 5157 futilis;

552 5165 720 5237 legite
751 5169 796 5221 si
835 5167 1025 5231 vultis,
1063 5184 1229 5239 quam
1257 5172 1325 5225 de
1359 5171 1465 5227 hae
1492 5188 1554 5227 re
1577 5178 1995 5246 composuimus
2015 5195 2139 5235 ora-

553 5260 784 5327 tionem,
818 5259 1007 5330 inqua
1038 5262 1350 5318 luculenter
1382 5266 1703 5323 continetur
1731 5270 1848 5328 haec
1886 5274 2091 5329 veritas
2119 5293 2134 5341 ;

551 5358 612 5406 ct
655 5362 807 5409 certo
841 5353 978 5419 scio,
1012 5356 1158 5424 quod
1196 5355 1390 5411 eadem
1430 5358 1724 5416 nobiscum
1752 5365 2020 5422 sentietis.
2054 5366 2136 5422 Ob

553 5443 676 5499 haec
731 5444 941 5515 igitur,
995 5445 1195 5501 fratres
1264 5456 1322 5501 et
1381 5455 1588 5517 patres,
1649 5452 1819 5507 nolite
1890 5456 2136 5510 aemulari

552 5537 974 5603 contendentes,
1005 5552 1182 5605 neque
1231 5552 1327 5594 eos
1378 5539 1809 5612 imitamini.qui
1854 5543 1960 5600 hoc
1990 5546 2131 5617 ipso,

554 5628 704 5699 quod
739 5644 869 5684 vera
885 5630 1138 5701 dogmata
1160 5642 1506 5703 oppugnant,
1532 5633 1638 5690 sibi
1661 5636 1888 5706 gloriam
1914 5653 2137 5707 compa-

556 5732 682 5795 rare
712 5722 1053 5791 opinantur;
1084 5724 1183 5779 sed
1213 5724 1571 5783 humiliantes
1599 5729 1969 5800 vosmetipsos
1999 5729 2133 5797 Deo,

557 5818 615 5866 ct
655 5817 736 5868 tot
761 5814 907 5871 viros
932 5813 1371 5885 sapientissimos
1397 5833 1463 5875 ac
1490 5817 1776 5889 piissimos
1806 5832 2135 5881 consectam

2253 3244 2334 3311 ξίς
2361 3247 2478 3299 ἐστι
2506 3246 2601 3299 καὶ
2629 3246 2691 3299 ού
2718 3247 3029 3317 προσθήκη.
3055 3248 3116 3301 Εἰ
3155 3248 3213 3302 δὲ
3255 3250 3401 3320 μετά
3437 3251 3535 3317 τῆς
3572 3248 3802 3315 ἀληθείας

2243 3336 2507 3408 ἔστημεν,
2534 3341 2626 3392 καὶ
2652 3340 2718 3408 τῇ
2746 3339 2876 3411 δόξῃ
2900 3340 3010 3392 τῶν
3030 3340 3379 3397 διδασκάλων
3400 3344 3699 3414 συμϐαίνει,
3718 3342 3799 3409 φό-

2243 3429 2338 3483 όον
2375 3430 2580 3497 ἄφοϐον
2632 3430 2908 3501 δεδίαμεν.
2974 3432 3071 3486 καὶ
3110 3432 3535 3507 δεισιδαιμονίας
3568 3432 3795 3506 μᾶλλονῆ

2244 3520 2534 3585 εὐσεϐείας
2588 3522 2754 3594 ἔργον
2814 3524 3107 3594 ποιοῦμεν.
3165 3526 3350 3581 Πολλὰ
3403 3527 3794 3600 προσέθηκενή

2245 3612 2477 3681 δευτέρα
2514 3613 2735 3678 σύνοδος
2793 3615 2870 3686 τῷ
2904 3616 3006 3684 τῆς
3034 3619 3095 3670 ἐν
3122 3617 3336 3692 Νικαίᾳ
3371 3622 3590 3675 συνόδου
3619 3617 3797 3688 συμδό-

2247 3703 2326 3775 λῳ
2347 3719 2362 3735 ο
2390 3707 2521 3776 περὶ
2574 3705 2687 3775 γὰρ
2720 3707 2817 3777 τῆς
2852 3706 2945 3760 τοῦ
2973 3708 3133 3776 ἁγίου
3167 3710 3492 3781 Πνεύματος
3547 3712 3792 3781 θεότητος.

2250 3796 2492 3865 περὶτῆς
2511 3796 2606 3865 τῆς
2622 3797 2953 3867 Ἐκκλησίας
2974 3797 3249 3868 ἐνότητος,
3270 3802 3403 3873 περὶ
3427 3802 3795 3873 βαπτίσματος,

2244 3888 2374 3959 ’περὶ⁵
2403 3889 2692 3959 ἁμαρτιῶν
2720 3890 2994 3958 ἀφέσεως,
3030 3891 3161 3962 περὶ
3194 3894 3412 3964 νεκρῶν
3441 3894 3797 3955 ἀναστάσεωῖ,

2243 3981 2373 4051 περὶ
2404 3979 2552 4051 ζωῆς
2580 3982 2827 4038 αίωνίου.
2862 3983 3044 4037 Πολλά
3067 4000 3127 4037 τε
3159 3984 3255 4039 καὶ
3302 3986 3444 4040 ἀλλα
3472 3988 3705 4058 εἴρηκεν,
3733 3976 3797 4035 ὧν

2243 4076 2373 4145 περὶ
2410 4075 2629 4137 οὐδενὸς
2672 4076 2705 4146 ή
2741 4076 2936 4147 πρώτη
2990 4076 3215 4141 σύνοδος
3266 4077 3676 4150 ἀνεπτυγμένον
3716 4093 3800 4130 πε-

2244 4165 2470 4236 ποίηται
2498 4167 2683 4235 λόγον.
2717 4167 2897 4221 Πολλά
2940 4169 2990 4223 oi
3049 4171 3192 4239 μετά
3228 4169 3406 4225 ταῦτα
3464 4171 3696 4240 Πατέρες
3714 4168 3798 4236 τὴν

2242 4257 2431 4313 πίστιν
2464 4258 2972 4331 ἐπεξεργαζόμενοι
3022 4260 3368 4332 πλατύτερον
3403 4263 3644 4328 ἐδίδαξαν
3665 4278 3679 4294 ο
3720 4255 3800 4311 καὶ

2244 4351 2396 4420 ὅμως
2421 4352 2483 4405 ού
2528 4351 2851 4423 προσθήκη,
2880 4352 3018 4407 ἀλλά
3063 4353 3369 4420 ἀνάπτυξις
3419 4357 3630 4425 γέγονε.
3668 4346 3799 4404 Διατί

2243 4445 2338 4501 οὖν
2390 4445 2468 4516 μὴ
2537 4448 2633 4499 καὶ
2682 4450 2747 4515 τῇ
2811 4446 3079 4521 καθολικῇ
3123 4447 3429 4521 Ἐκκλησία
3460 4446 3621 4502 ταυτὸ
3665 4442 3800 4497 τοῦτο

2171 4538 2217 4598 D
2247 4528 2826 4608 ποιῆσαιέξεγένετος
2878 4537 3084 4608 ὁμοίως
3147 4540 3448 4611 αἱρετικῶν
3527 4535 3800 4602 ἐπιστάσης

2243 4629 2498 4699 ἀνάγκης
2524 4644 2542 4695 ;

2305 4721 2450 4788 Ὅτι,
2486 4721 2641 4792 φησὶ,
2676 4720 2798 4775 τότε
2848 4723 2947 4792 μὲν
2971 4723 3120 4792 ἐξῆν,
3154 4726 3461 4795 μετέπειτα
3489 4725 3545 4779 δὲ
3583 4726 3677 4794 τῆς
3701 4719 3802 4792 τρί-

2239 4827 2341 4882 της
2396 4812 2629 4866 συνόδου
2655 4813 2883 4885 πρώτης
2942 4817 3129 4870 πᾶῖαν
3194 4819 3526 4889 κωλυσάσης
3584 4815 3801 4887 προσθή-

2241 4921 2369 4976 κην,
2401 4904 2499 4957 οὐκ
2528 4904 2740 4973 ἔξεστιν
2769 4906 2946 4960 οὐδενὶ
2986 4909 3332 4978 προσθεῖναι,
3368 4911 3482 4964 οὐδ’
3518 4912 3683 4980 αὐτὴν
3714 4906 3800 4974 τὴν

2241 4996 2517 5066 ἀλήθειαν.

2326 5089 2487 5144 ’Λλλά
2508 5089 2720 5162 ψευδὴς
2750 5089 2906 5156 οὗτος
2929 5093 2957 5147 ὁ
2985 5091 3166 5161 λόγος,
3195 5094 3440 5165 ἀδελφοὶ,
3474 5097 3569 5151 καὶ
3602 5095 3674 5165 τῷ
3700 5091 3799 5145 δντι

2245 5182 2430 5253 μωρός
2464 5199 2523 5235 τε
2577 5183 2670 5235 καὶ
2735 5184 2989 5254 μάταιος.
3033 5186 3367 5255 Ἀνάγνωτε,
3431 5190 3478 5241 εί
3537 5182 3797 5259 βούλεσθε,

2239 5275 2332 5328 τὸν
2369 5274 2498 5345 περὶ
2523 5273 2718 5328 τούτου
2760 5279 3263 5349 συγγεγραμμένον
3308 5282 3441 5351 ἡμῖν
3473 5281 3648 5348 λόγον,
3679 5280 3732 5329 ἐν
3760 5266 3797 5340 ᾧ

2241 5366 2543 5437 διαρρήδην
2593 5369 2624 5436 ή
2665 5368 2891 5440 τοιαύτη
2940 5370 3191 5440 ἀλήθεια,
3225 5373 3322 5427 καὶ
3353 5374 3530 5428 ταυτά
3562 5372 3708 5442 ἡμῖν.
3743 5360 3794 5421 εὖ

2240 5453 2378 5525 οἴδα,
2419 5461 2502 5512 ὅτι
2552 5461 2879 5531 φρονήσετε.
2919 5462 3021 5517 Διά
3062 5465 3240 5519 ταῦτα
3290 5465 3406 5530 οὖν,
3459 5464 3675 5535 ἀδελφοὶ
3714 5458 3796 5514 καὶ

2241 5550 2499 5624 πατέρες,
2561 5555 2637 5622 μὴ
2701 5553 2934 5623 ζηλοῦτε
2978 5560 3107 5618 τοὺς
3177 5559 3487 5629 ἐρίζοντας,
3556 5557 3628 5628 μὴ
3682 5552 3794 5611 τοὺς

2239 5644 2416 5713 τούτῳ
2470 5645 2686 5710 ἑαυτοῖς
2715 5645 2885 5717 δόξανς
2915 5651 3330 5719 περιποιεῖσθαι
3375 5651 3674 5721 οἰομένους,
3726 5642 3793 5711 τῷ

2239 5737 2355 5798 τοῖς
2402 5735 2626 5806 ἀληθέσι
2693 5737 2931 5806 δόγμασι
2988 5740 3286 5810 μάχεσθαι,
3325 5742 3605 5814 μιμεῖσθε.
3647 5735 3792 5793 Ἀλλά

2239 5825 2673 5893 ταπεινώσαντες
2704 5828 2935 5896 ἑαυτοὺς
2966 5830 3047 5904 τῷ
3099 5832 3219 5906 Θεῷ
3256 5839 3347 5890 καὶ
3399 5836 3666 5897 τοσούτοις
3709 5830 3789 5883 ἀν·
