4086 6422
403 391 516 460 465

1558 399 1799 460 ENCYC
1817 399 1988 459 [ΗΖΛ
2047 399 2148 459 Αἰ)
2184 401 2522 462 GRAECOS.

3571 393 3675 454 U6

405 515 562 578 δράσι
629 515 964 579 σοζωτέ-τοις
1024 531 1108 581 τε,
1165 515 1257 566 καὶ
1315 515 1752 578 εὐλαϐεστάτοις.
1811 515 1904 577 οὓς
1961 518 1989 586 ἡ

2109 526 2210 581 les,
2243 532 2384 586 quos
2416 517 2662 572 Romana
2699 513 2937 569 Ecclesia
2963 511 3159 574 nutrit,
3195 509 3344 564 illius
3371 507 3676 562 doctrinam

419 605 707 674 Ῥωμαῑκὴ
756 604 1054 672 Ἑκκλησέα
1109 607 1325 676 τρέφει,
1357 606 1640 675 ἑπόμενοι.
1691 609 1790 676 τήν
1822 625 1880 660 τε
1915 607 1991 659 δι-

407 698 705 751 δασκαλίαν
755 700 852 751 καὶ
879 697 1064 752 πῖστιν
1099 699 1317 768 ἐκείνης
1365 699 1725 766 ὑποδέξασθε.
1797 701 1904 752 Τόν
1930 717 1988 751 τε

409 791 671 858 ἀρχιερέα
706 791 798 843 καὶ
835 791 1070 860 ποιμένα
1117 792 1293 858 αὐτῆς
1324 792 1423 860 τῆς
1463 793 1794 862 Ἐκκλησίας
1823 810 1990 859 κειρα-

407 883 508 950 λήν
533 900 592 934 τε
661 883 756 937 καὶ
815 883 1080 953 ἄρχοντα,
1113 885 1210 938 καὶ
1259 886 1358 952 τῆς
1410 886 1650 948 πίστεως
1696 885 1889 953 ὁδηγᾶν
1926 900 1988 935 τε

409 973 506 1026 καὶ
537 974 862 1027 διδάσκοι).ον
893 975 1259 1045 ἡγησάμενοι,
1297 975 1522 1028 σέϐεσθέ
1558 992 1617 1026 τε
1673 975 1859 1039 αὐτὸν,
1895 973 1990 1027 καὶ

409 1066 818 1136 ήγουμένῳτὴν
856 1069 994 1137 πρὸς
1019 1068 1164 1137 ζωὴν
1199 1067 1419 1122 αίώνιον
1461 1068 1734 1137 φέρουσαν
1765 1066 1985 1120 ἔπεσθε.

411 1153 562 1210 Εἶναι
594 1145 801 1226 γάρ’δὴ
836 1159 930 1211 καὶ
957 1159 1114 1212 τοῦτο
1151 1155 1211 1212 εὖ
1244 1160 1358 1213 ῐστε
1397 1158 1507 1210 τῶν
1540 1159 1988 1225 ἀναγκαιοτάτων

411 1249 548 1320 πρὸς
584 1250 884 1318 σωτηρίαν,
943 1250 1035 1301 τὶν
1067 1250 1307 1319 ποιμένα
1367 1249 1564 1303 είδέναι
1619 1251 1714 1300 τὸν
1765 1246 1986 1310 ἑαυτοῦ,

410 1340 802 1409 ἐπιγινώσκειν
853 1341 952 1409 τὴν
1015 1341 1262 1411 κεφαλὴν
1323 1341 1418 1394 τοῦ
1472 1339 1846 1409 πληρώματος
1876 1337 1987 1391 τῶν

407 1435 639 1500 πιστῶν,
676 1434 765 1486 τὸν
823 1433 1018 1487 ἑαυτοῦ
1066 1434 1310 1503 ἡγεμόνα
1370 1435 1466 1486 καὶ
1516 1432 1836 1500 γνωρίζειν,
1892 1431 1989 1483 καὶ

411 1529 693 1584 σέϐεσθαι.
725 1530 903 1583 Ὅπου
936 1530 1045 1599 γάρ
1069 1531 1168 1582 οὐκ
1201 1531 1407 1600 ἄρχων,
1443 1530 1562 1581 ἐκεῖ
1584 1528 1780 1594 ἀταξία
1801 1545 1817 1560 ’
1850 1528 1985 1580 ὅπου

405 1619 464 1672 δὲ
495 1620 715 1686 ἀταξία,
750 1621 866 1672 ἐκεῖ
902 1620 1078 1685 λύσις,
1120 1621 1421 1690 Γρηγόριος
1445 1622 1470 1672 ὁ
1492 1619 1758 1686 Θεολὸγος
1793 1618 1981 1687 φησίν.

407 1714 534 1767 Εἴτε
573 1715 684 1783 γάρ
709 1715 803 1766 ἐπὶ
833 1714 1014 1779 θείων,
1049 1713 1149 1766 εῖτ·
1197 1713 1291 1765 ἐπὶ
1323 1712 1686 1781 ἀνθρωπίνων
1718 1713 1985 1780 πραγμά-

406 1824 515 1858 των
553 1809 779 1861 σκοπεῖν
832 1807 1091 1868 ἐθέλοιτε,
1129 1806 1378 1872 ἀδελφοὶ,
1412 1805 1679 1872 εὑρήσετε
1723 1807 1855 1872 μίαν
1877 1805 1986 1857 δεῖν

2097 620 2152 665 et
2188 610 2350 664 [idem
2377 611 2666 680 suscipite,
2703 625 2764 662 ac
2791 607 3108 677 pontiﬁcem
3135 613 3190 657 et
3211 610 3484 673 pastorem
3505 601 3681 670 ipsius

2098 700 2356 755 Ecclesia:
2392 712 2578 770 eaput,
2611 711 2667 755 et
2713 699 3044 769 principem,
3091 705 3146 751 et
3181 694 3306 749 iidei
3359 693 3581 756 ducem,
3625 700 3682 744 et

2095 790 2384 845 doctorem
2415 806 2538 845 esse
2563 790 2966 850 existimantes,
3005 788 3188 856 ipsum
3219 781 3584 842 veneramini,
3623 788 3681 834 et

2096 884 2381 937 ductorem
2414 883 2650 946 itineris,
2687 881 2832 952 quod
2865 879 3018 933 ducit
3045 879 3110 933 ad
3141 879 3332 940 vitam,
3358 872 3676 944 sequimini.

2094 976 2342 1044 Namque
2399 975 2505 1029 hoc
2555 977 2720 1029 etiam
2768 989 2891 1028 esse
2923 972 3294 1028 necessarium
3332 970 3396 1022 ad
3444 969 3676 1023 salutem

2095 1070 2302 1137 optime
2337 1068 2512 1132 scitis,
2549 1084 2708 1122 nosse
2743 1067 3026 1137 proprium
3052 1077 3349 1130 pastorem,
3379 1077 3678 1131 agnoscere

2096 1170 2260 1228 caput
2316 1160 2696 1214 universitatis
2748 1159 3013 1220 ﬁdelium,
3061 1159 3344 1227 proprium
3402 1164 3675 1209 rectorem

2095 1261 2152 1304 et
2177 1260 2366 1304 notum
2402 1251 2627 1312 habere.
2659 1261 2716 1305 et
2746 1253 2954 1306 colere.
2991 1250 3093 1306 Ubi
3116 1249 3261 1304 enim
3282 1265 3390 1302 non
3423 1255 3504 1300 est
3527 1245 3678 1314 prin-

2095 1359 2246 1412 ceps.
2306 1344 2381 1398 ibi
2434 1361 2544 1399 non
2579 1355 2662 1399 est
2694 1345 2868 1409 ordo;
2902 1345 2992 1398 ulti
3032 1360 3137 1396 non
3170 1351 3253 1397 est
3296 1341 3453 1402 ordo,
3487 1339 3558 1392 ibi
3596 1344 3680 1391 est

2095 1436 2352 1491 confusio
2383 1453 2446 1490 ac
2470 1437 2785 1498 dissolutio,
2822 1437 2998 1503 inquit
3023 1435 3322 1505 Gregorius
3343 1431 3677 1500 Theologus;

2096 1529 2214 1583 sive
2241 1529 2388 1582 enint
2423 1533 2478 1582 in
2522 1529 2751 1588 divinis.
2789 1529 2902 1582 sive
2928 1529 2981 1582 in
3018 1527 3278 1581 humanis
3310 1524 3476 1577 rebus
3498 1522 3681 1576 consi-

2095 1622 2292 1676 derare
2327 1621 2642 1684 volueritis,
2692 1621 2986 1690 reperietis
3043 1636 3212 1674 ttttutn
3263 1628 3518 1686 Oportere
3557 1629 3682 1670 es.~:e

2095 1723 2421 1768 cunctorum
2477 1713 2835 1782 principium,
2886 1721 2944 1766 et
2980 1712 3140 1766 aliter
3195 1709 3311 1764 ﬁeri
3378 1724 3484 1760 non
3519 1720 3681 1776 posse

2097 1813 2154 1858 ttt
2183 1820 2528 1875 quascunque
2559 1820 2645 1860 res
2674 1815 2804 1859 sunt
2836 1813 2985 1859 recte
3009 1804 3386 1875 gubernentnr
3439 1801 3678 1854 Primum

407 1894 548 1951 εἶναι
583 1901 680 1966 τὴν
727 1897 838 1950 τῶν
867 1899 1084 1951 πάντων
1139 1895 1332 1966 ἀρχὴν,
1385 1895 1480 1948 καὶ
1512 1895 1690 1957 ἄλλως
1742 1895 1818 1964 μὴ
1850 1891 1989 1946 εἶναι

2096 1896 2244 1950 enim
2274 1896 2331 1950 in
2360 1896 2562 1950 divinis
2585 1913 2711 1950 vera
2728 1896 3173 1951 Christianorum
3207 1894 3476 1962 theologia
3510 1907 3678 1944 ntntttt

406 1983 465 2040 εὖ
503 1987 825 2039 διοικεῖσθαι
861 1985 929 2038 τὰ
967 1984 1121 2039 ὄντα.
1161 1983 1395 2046 Αὐτίκα,
1429 1985 1524 2036 ἐπὶ
1559 1984 1658 2052 μὲν
1686 1985 1797 2036 τῶν
1821 1983 1988 2036 θείων

406 2080 443 2148 ἠ
481 2079 580 2144 μὲν
612 2077 818 2146 ἀληθὴς
843 2076 954 2129 τῶν
984 2074 1334 2146 Χριστιανῶν
1362 2075 1616 2142 θεολογία
1647 2075 1745 2128 ἕνα
1781 2075 1871 2127 τὸν
1900 2075 1991 2126 ἐπὶ

406 2176 626 2225 πάντων
643 2171 888 2224 διδάσκει
917 2166 1058 2222 εἶναι
1099 2168 1254 2231 Θεὸν,
1286 2168 1381 2221 καλ⁸
1413 2169 1534 2220 ἐπεὶ
1567 2169 1623 2219 ἐν
1644 2167 1822 2236 τρισὶν
1844 2166 1991 2218 ἐστὶν

406 2259 563 2327 οὗτος
622 2265 1014 2327 ὑποστάσεσιν,
1050 2263 1156 2314 -ἵυα
1210 2260 1309 2330 τὴν
1361 2259 1593 2328 ἑνότητα
1626 2257 1838 2327 φυλάξῃ
1887 2256 1990 2325 τῆς

412 2357 587 2424 αὐτῆς
619 2373 678 2408 τε
719 2356 815 2410 καὶ
849 2357 991 2407 κατὰ
1025 2354 1206 2408 πάντα
1271 2351 1468 2418 ὁμοίας
1524 2351 1740 2411 οὐσίας,
1775 2351 1842 2402 τὰ
1873 2349 1990 2400 θεῖα

406 2450 590 2504 ἐκεῖνα
616 2447 823 2501 τίθεται
847 2447 1115 2516 πρττσωπα
1143 2460 1159 2475 ⁶
1200 2446 1230 2514 ἡ
1262 2443 1318 2496 δὲ
1340 2445 1448 2497 τῶν
1471 2443 1638 2497 ἐθνῶν
1662 2445 1723 2494 ἑκ
1759 2442 1866 2493 τῶν
1900 2441 1990 2492 αε-

407 2541 628 2610 σθητῶν
648 2541 710 2610 δὴ
731 2539 933 2594 τούτων
963 2537 1270 2607 εἰλημμένη
1293 2536 1514 2602 γνῶσις,
1545 2539 1639 2587 καὶ
1663 2534 1799 2602 αὐτὴ
1823 2533 1992 2586 ταυτὺ

403 2633 565 2686 τοῦτο
611 2633 882 2700 ὁμολογεῖ.
928 2631 988 2684 Ὀ
1023 2631 1120 2699 μὲν
1171 2630 1280 2696 γάρ
1309 2645 1390 2688 τις
1441 2626 1550 2677 τῶν
1615 2625 1747 2694 παρ’
1806 2625 1991 2686 αὐτοῖς

405 2725 763 2780 κλεινοτάτων
789 2723 846 2776 ἒν
875 2723 932 2776 τὶ)
962 2723 1179 2792 πρῶτον
1211 2721 1404 2786 αἴτιον,
1435 2718 1493 2770 ἓν
1523 2719 1582 2770 τδ
1608 2719 1830 2770 πάντων
1883 2716 1993 2768 τῶν

405 2821 578 2874 ὄντων
603 2817 974 2871 ὑποστατικῆν
1003 2815 1239 2878 τίθεται,
1273 2812 1378 2866 κᾶν
1407 2811 1638 2874 πολλοὺς
1668 2809 1788 2880 μετ’
1817 2811 1992 2862 ἐκεῖνο

404 2914 692 2982 ὀντότητος
728 2912 924 2981 εἰσάγῃ
959 2907 1224 2977 θαθμοὺς,
1265 2907 1394 2975 μίαν
1433 2905 1632 2973 ἀρχὴν,
1670 2902 1766 2955 καὶ
1793 2902 1992 2963 πολλὰς

405 3003 604 3070 ἀρχάς,
644 2999 748 3052 ὑπὸ
801 2998 900 3068 τὴν
936 2999 1164 3065 πρώτην
1212 3013 1273 3062 γε
1328 2995 1479 3062 ὅμως
1527 2990 1690 3053 οὔσας
1731 2990 1990 3057 δοξάζων.

423 3094 484 3145 '0
511 3093 566 3145 δέ
597 3111 681 3155 τις
708 3091 876 3144 ταυτὸ
912 3091 1006 3142 καὶ
1034 3089 1218 3153 αὐτὸς,
1249 3086 1338 3140 διά
1400 3084 1612 3138 πολλῶν
1661 3083 1855 3151 λόγων,
1891 3077 1992 3134 εἷθ’

409 3183 602 3251 ῶσπερ
643 3181 1177 3250 συμπεραινόμενος,
1230 3175 1326 3228 ὑπ’
1368 3175 1529 3228 ἄλλου
1581 3191 1676 3227 του
1719 3173 1828 3224 τῶν
1857 3171 1992 3225 πολὺ

413 3277 521 3347 πρὸ
575 3272 744 3329 αὑτοῦ
802 3272 895 3324 τὸν
925 3271 1085 3338 λόγον
1138 3269 1553 3336 δανεισάμενος,
1589 3266 1705 3320 υὺκ
1762 3263 1989 3332 ἀγαθὸν,

414 3372 574 3442 φησι,
607 3367 1025 3438 πολυκοιρανίη.
1057 3360 1152 3428 Εἷς
1198 3364 1452 3434 κοίρανος
1500 3361 1663 3422 ἔστω,
1709 3357 1788 3422 εἷς
1834 3359 1989 3430 βασι-

413 3464 560 3527 λεύς.
593 3464 668 3515 Οὐ
718 3461 826 3530 γάρ
861 3460 1027 3523 θέλει,
1063 3456 1220 3526 φησὶ,
1265 3455 1334 3508 τά
1369 3454 1498 3507 ὄντα
1545 3453 1730 3516 κακῶς
1775 3452 1992 3505 διοικεῖο

414 3558 559 3617 σθαι,
589 3555 664 3616 ὡς
696 3553 760 3624 δὴ
793 3551 979 3613 κακῶς
1001 3547 1359 3618 διοικούμενα
1393 3546 1480 3610 ἂν,
1514 3546 1563 3598 εί
1594 3546 1670 3616 μὴ
1691 3544 1786 3598 ἕνα
1817 3544 1991 3614 ἔχοιεν

411 3649 502 3700 τὸν
534 3648 850 3714 ἐπιστάτην.

488 3743 617 3808 Περὶ
668 3739 723 3791 δέ
754 3755 816 3804 γε
881 3737 988 3788 τῶν
1041 3733 1402 3804 ἀνθρωπίνων
1435 3751 1491 3786 τε
1549 3731 1646 3786 καὶ
1699 3730 1991 3784 πολιτικῶν

410 3833 752 3900 διοικήσεων,
810 3831 905 3883 καὶ
957 3829 1126 3882 αὑτοῦ
1191 3827 1287 3880 τοῦ
1352 3824 1632 3879 πολιτικοῦ
1671 3823 1903 3891 ἀγαθοῦ,
1939 3824 1989 3876 οἱ

410 3923 567 3975 αὐτοί
596 3938 654 3974 τε
695 3923 792 3973 καὶ
847 3920 1047 3981 πάντες
1083 3920 1130 3971 οἱ
1188 3918 1360 3981 ἄλλοι,
1411 3919 1505 3967 καὶ
1571 3915 1676 3986 πρὸ
1723 3915 1907 3970 αὐτῶν
1962 3915 1990 3966 ὁ

411 4017 604 4084 Σωτὴρ
639 4013 799 4084 ἡμῶν
837 4011 1048 4080 Ἰησοῦς
1087 4010 1320 4080 Χριστὸς
1350 4009 1450 4078 τὴν
1479 4009 1618 4061 κατά
1649 4008 1849 4077 νόμους
1896 4024 1990 4076 μο-

409 4111 642 4178 ναρχίαν
704 4107 833 4175 περὶ
871 4105 1120 4166 πλείονος
1172 4103 1281 4156 τῶν
1318 4102 1494 4156 ἄλλων
1544 4103 1784 4152 ποιεῖται
1841 4101 1991 4153 πολι·

410 4203 592 4256 τειῶν.
637 4198 917 4252 Ἀπόδοτε
939 4198 1070 4266 γάρ,
1105 4198 1272 4265 φησιν
1309 4196 1536 4255 ἐκεῖνος,
1565 4195 1636 4246 τὰ
1683 4193 1990 4260 Καίσαρος

409 4295 689 4361 Καίσαρι,
719 4295 818 4346 καὶ
879 4291 949 4344 τὰ
1001 4289 1108 4344 τοῦ
1141 4287 1291 4343 Θεοῦ
1325 4285 1407 4352 τῷ
1443 4285 1568 4352 Θεῷ
1590 4303 1603 4317 ·
1636 4285 1709 4349 ὡς
1735 4286 1853 4347 ἑνὸς
1890 4285 1988 4354 μὲν

411 4389 469 4438 ὲν
515 4385 768 4455 οὐρανοῖς
815 4384 972 4445 ὄντος
1006 4380 1165 4446 Θεοῦ,
1202 4379 1318 4437 ἐνὸς
1348 4379 1405 4431 δὲ
1450 4381 1545 4432 καὶ
1578 4377 1853 4448 μονάρχου
1891 4377 1988 4429 τοῦ

409 4478 690 4546 Καίσαρος
726 4476 818 4528 ἐπὶ
856 4477 980 4541 γῆς.
1014 4473 1138 4524 Τῶν
1181 4473 1237 4524 δέ
1272 4487 1333 4539 γε
1367 4471 1460 4524 τοῦ
1497 4470 1707 4537 κόσμου
1743 4468 1924 4536 σοφῶν
1959 4470 1987 4521 ὁ

2093 2003 2216 2043 esse
2255 1987 2421 2041 Deum
2451 2003 2622 2058 super
2643 1989 2826 2042 omnia
2853 1987 3035 2048 docet,
3068 1996 3119 2040 ct
3139 1987 3398 2054 quoniam
3432 1983 3681 2038 lticDens

2096 2080 2150 2134 in
2182 2079 2366 2134 tribus
2395 2087 2480 2133 est
2511 2080 2924 2150 hypostasihus.
2960 2089 3020 2133 ut
3042 2080 3310 2133 unitatem
3330 2089 3504 2132 servet
3536 2076 3682 2145 ejus-

2094 2171 2217 2226 dem
2249 2187 2313 2226 ac
2367 2188 2463 2241 per
2491 2172 2675 2226 omnia
2726 2172 2925 2228 similis
2953 2173 3282 2227 substantia:
3315 2172 3436 2226 illas
3466 2171 3683 2224 divinas

2096 2278 2360 2330 personas
2391 2247 2566 2332 ponit.
2602 2272 2657 2316 et
2691 2264 2908 2318 statuit.
2945 2263 3248 2318 Gentilium
3283 2278 3412 2316 vero
3445 2279 3474 2316 a
3507 2262 3686 2315 sensi-

2096 2354 2301 2408 hilibus
2344 2353 2462 2408 istis
2502 2363 2718 2422 sumpta
2757 2355 2950 2408 notitia
3017 2365 3073 2407 et
3108 2355 3227 2423 ipsa
3260 2354 3362 2408 hoc
3409 2353 3552 2406 idem
3600 2353 3682 2404 [ι-

2096 2455 2263 2501 tetur.
2299 2445 2434 2500 Naut
2476 2462 2615 2500 unus
2647 2447 2872 2515 quidem
2901 2447 3043 2516 apud
3078 2447 3228 2515 ipsos
3259 2445 3679 2506 celeberrimus,

2096 2553 2262 2592 unam
2305 2540 2539 2609 primam
2577 2554 2826 2602 causam,
2868 2555 3038 2592 unum
3072 2539 3319 2592 omnium
3356 2554 3538 2592 rerum
3583 2553 3682 2591 au-

2093 2641 2306 2685 ctorem
2345 2641 2402 2686 et
2435 2633 2782 2704 conditorem
2842 2633 3019 2700 ponit.
3055 2632 3319 2698 Quamvis
3367 2642 3488 2702 post
3529 2632 3682 2685 illum

2097 2723 2305 2778 multos
2349 2739 2559 2788 rerum,
2613 2740 2733 2792 qum
2768 2735 2918 2783 sunt,
2964 2726 3168 2793 gradus
3216 2724 3481 2778 inducat:
3511 2739 3681 2777 unum

2094 2816 2428 2886 principium
2463 2827 2518 2870 et
2546 2817 2716 2870 multa
2749 2816 3041 2884 principia,
3066 2831 3186 2885 qua:
3209 2825 3390 2870 tamen
3411 2817 3685 2870 exsistant
3717 2827 3722 2830 '

2095 2908 2353 2976 opinatus
2384 2908 2490 2962 sub
2533 2909 2732 2976 primo.
2759 2908 2915 2960 Alter
2945 2925 3078 2964 vero
3112 2909 3255 2963 idcttt
3294 2909 3446 2977 ponit
3479 2918 3532 2962 ct
3566 2910 3684 2974 ipse

2096 3000 2286 3052 multis
2313 2999 2665 3061 rationibus;
2699 2997 2897 3053 deinde
2935 2999 3092 3067 quasi
3123 2998 3464 3053 concludens
3483 2999 3550 3051 ab
3577 2999 3687 3051 alio

2096 3090 2360 3159 quodam,
2406 3089 2500 3158 qui
2540 3090 2774 3144 multum
2827 3107 2951 3147 eum
2984 3091 3302 3153 antecessit,
3351 3089 3682 3144 sententiam

2100 3189 2386 3234 mutuatus
2418 3192 2436 3230 :
2466 3180 2584 3234 Non
2621 3189 2725 3243 est,
2757 3179 2957 3249 inquit,
2992 3179 3134 3232 bona
3174 3179 3474 3232 multorum
3511 3178 3686 3232 donti-

2101 3275 2297 3339 natio;
2335 3289 2478 3328 unus
2507 3272 2770 3327 dominus
2817 3281 2960 3337 esto,
3012 3288 3154 3328 unus
3186 3289 3305 3328 rex.
3346 3272 3463 3327 Non
3509 3272 3681 3336 enim,

2104 3367 2307 3436 inquit,
2348 3374 2582 3436 possunt
2611 3367 2762 3421 entia
2798 3375 2948 3420 recte
2983 3366 3682 3421 administrarLNimiruut

2100 3461 2241 3513 tnale
2299 3459 2853 3523 administrarentur,
2902 3459 3006 3513 nisi
3036 3475 3179 3514 unus
3218 3459 3478 3514 omnibus
3509 3459 3688 3528 prati-

2099 3563 2321 3609 συνείην

2172 3735 2246 3789 De
2277 3733 2533 3789 humanis
2560 3747 2692 3787 vero
2717 3739 2774 3786 et
2799 3729 3040 3801 politicis
3095 3728 3680 3783 administrationibus

2100 3829 2331 3898 ipsoque
2373 3825 2599 3895 politico
2646 3824 2794 3879 bono
2843 3823 3010 3876 iidem
3061 3831 3337 3884 auctores,
3383 3828 3440 3873 et
3488 3835 3684 3874 omnes

2099 3921 2214 3987 alii,
2245 3929 2300 3974 et
2344 3929 2469 3972 ante
2515 3917 2666 3986 ipsos
2699 3915 2955 3969 Salvator
2996 3923 3188 3968 noster
3221 3913 3382 3968 Jesus
3433 3911 3686 3967 Christus

2099 4013 2276 4083 pluris
2301 4011 2452 4076 facit,
2483 4025 2645 4075 quant
2669 4008 2775 4060 alia
2808 4008 3099 4076 regimina,
3128 4006 3428 4074 legitimam
3465 4019 3686 4056 monar-

2097 4103 2299 4160 chiam.
2327 4100 2544 4153 Reddite
2585 4099 2755 4159 enim,
2782 4097 2983 4165 inquit
3035 4096 3141 4159 ille,
3172 4110 3290 4166 (μιαί
3335 4102 3458 4146 sunt
3509 4092 3687 4146 Παιδα-

2099 4198 2171 4249 ris
2203 4193 2427 4256 Conari,
2456 4201 2503 4245 et
2550 4206 2669 4261 qua!
2715 4197 2837 4242 sunt
2885 4189 2978 4242 Dei
3009 4187 3138 4248 Deo,
3191 4197 3249 4240 ιιι
3305 4202 3414 4239 uno
3462 4185 3684 4254 quidem

2102 4291 2210 4345 Deo
2259 4289 2314 4342 itt
2363 4288 2518 4342 caelis
2572 4287 2893 4347 exsistt-utc,
2928 4300 3035 4338 uno
3067 4299 3197 4336 vero
3224 4283 3436 4337 Caesare
3465 4298 3686 4336 monar-

2097 4385 2200 4440 cha
2224 4382 2521 4437 exsistt-nte
2552 4378 2604 4432 in
2633 4381 2815 4433 terris.
2863 4379 2941 4432 Ex
2979 4377 3318 4446 sapientibus
3368 4392 3494 4429 vero
3520 4391 3684 4428 mun-

2099 4477 2277 4540 danis,
2327 4476 2419 4544 qui
2479 4474 2622 4545 apud
2668 4488 2765 4527 eos
2801 4471 3008 4541 primas
3037 4481 3219 4539 partes
3265 4469 3548 4537 sapientiae
3579 4469 3680 4520 ob-

413 4571 511 4641 μὲν
537 4570 608 4622 τά
657 4570 751 4636 τῆς
787 4552 980 4634 σοφίας
1016 4567 1266 4633 πρωτεῖα
1317 4562 1450 4632 παρ’
1477 4563 1708 4624 ἐκείνοις
1740 4561 1988 4629 κατέχων

2098 4571 2269 4634 tinet,
2317 4569 2460 4622 Itane
2507 4567 2746 4636 speciem
2812 4564 3070 4634 imperii,
3116 4570 3172 4616 et
3233 4577 3400 4614 unmn
3444 4559 3682 4625 aliquem

406 4663 569 4716 τοῦτο
612 4661 714 4726 τῆς
748 4659 924 4729 ἀρχῆς
954 4657 1016 4710 τὸ
1066 4653 1229 4718 εἷδοε,
1267 4657 1362 4708 καὶ
1387 4655 1446 4707 τὸ
1471 4655 1564 4708 ἕνα
1611 4653 1732 4708 τινὰ
1767 4653 1992 4705 πάντων

411 4754 602 4824 ἄρχειν
630 4751 738 4805 τῶν
773 4751 948 4806 ἄλλων
974 4749 1317 4816 ὑπερέχοντα
1364 4747 1557 4816 ἀρετῇ,
1597 4745 1738 4814 ὑπὲρ
1769 4743 1868 4804 τάς
1901 4741 1994 4794 άλ-

409 4846 506 4908 λας
537 4845 818 4905 πολιτείας
860 4843 1031 4895 οἴεται
1076 4835 1238 4892 εἶναι.
1279 4837 1396 4890 Κᾶν
1433 4837 1605 4906 αὐτὴν
1649 4835 1827 4896 εἴποις
1873 4835 1994 4903 ἀρι-

411 4937 763 5008 στοκρατίαν,
800 4935 868 5004 ἢν
902 4931 1054 5000 παρὰ
1087 4930 1224 4982 πολὺ
1279 4929 1388 4982 τῶν
1422 4928 1598 4982 ἄλλων
1625 4925 1872 4996 βελτίονα
1911 4927 1995 4978 τί-

410 5031 586 5095 θεται,
613 5029 686 5089 ὡς
711 5026 1044 5096 ὁμοιοτάτην
1074 5041 1132 5077 τε
1158 5027 1225 5094 τῇ
1257 5020 1492 5092 ἀληθείᾳ
1515 5019 1710 5090 ἀρχὴν,
1739 5023 1832 5072 καὶ
1859 5018 1994 5072 πάν-

409 5141 519 5177 των
581 5121 887 5192 βελτίστην,
925 5119 1027 5187 τήν
1060 5134 1124 5185 γε
1175 5114 1437 5183 τοιαύτην
1490 5113 1739 5184 ἐκκρίνει
1769 5128 1829 5166 τε
1895 5113 1992 5166 καὶ

409 5214 637 5284 ἐξαίρει.
678 5213 746 5264 Ὅ
780 5211 826 5264 τ’
871 5211 1082 5262 ἐκείνου
1113 5207 1394 5278 ἀκροατὴς
1435 5205 1618 5259 πάντα
1652 5205 1721 5258 τὰ
1747 5206 1856 5258 τῶν
1888 5221 1991 5258 πο-

410 5305 635 5359 λιτικῶν
674 5303 997 5370 ἐκθέμενος.
1032 5299 1238 5369 ταύτην
1305 5298 1506 5366 μᾶλλον
1553 5297 1662 5352 τῶν
1694 5297 1874 5351 ἄλλων
1901 5297 1993 5350 50-

322 5422 330 5430 ο
414 5397 664 5468 κιμάζει,
697 5393 1107 5465 παμϐασιλείαν
1147 5390 1318 5461 αὐτὴν
1357 5390 1668 5461 ὀνομάζων.

486 5492 597 5561 Τὴν
646 5491 710 5559 δὴ
779 5489 1012 5558 ἀρίστην
1062 5485 1270 5555 ταύτην
1303 5484 1399 5538 καὶ
1451 5484 1798 5553 τελεωτάτην
1833 5483 1893 5536 ἓν
1924 5499 1990 5551 γε

413 5584 520 5643 τοῖς
555 5583 738 5653 ῥέουσι
768 5579 980 5640 τούτοις
1012 5578 1104 5628 καὶ
1132 5576 1309 5646 χαμαὶ
1353 5575 1630 5643 κειμένοις
1662 5575 1991 5643 πράγμασιν

412 5675 584 5737 οὕτως
613 5671 926 5740 ἀναγκαίαν
954 5665 1118 5722 οὖσαν
1152 5669 1210 5719 ὲν
1238 5670 1303 5737 τῇ
1346 5666 1457 5719 τῶν
1484 5665 1676 5736 ψυχῶν
1709 5667 1816 5716 τῶν
1852 5667 1992 5718 αἰω-

342 5774 344 5776 ’
414 5767 567 5828 νίων,
603 5766 698 5818 καὶ
756 5764 852 5831 τῆς
884 5763 1039 5831 ἱερᾶς
1080 5758 1175 5813 τοῦ
1225 5757 1362 5810 Θεοῦ
1399 5757 1732 5827 Ἐκκλησίας
1761 5759 1990 5810 ἐπιστα-

430 5860 541 5925 σία,
578 5856 942 5928 ἐτιμάζομεν,
972 5852 1230 5922 (hostesi;
1288 5850 1591 5922 Μηδαμῶς.
1633 5848 1896 5907 Ἐνταῦθά
1933 5871 1988 5905 τε

2099 4662 2357 4716 Omnibus
2389 4660 2512 4714 aliis
2537 4663 2831 4728 imperare,
2862 4655 2957 4724 qtti
2993 4653 3227 4706 excellat
3256 4654 3483 4713 virtute,
3518 4664 3686 4718 super

2097 4751 2200 4805 alia
2231 4750 2497 4820 regimina
2549 4756 2739 4803 censet
2779 4763 2926 4805 esse,
2960 4743 3108 4812 quod
3141 4742 3307 4796 etiam
3358 4740 3512 4794 dicas
3540 4739 3687 4808 opti-

2097 4857 2247 4896 mum
2278 4841 2676 4912 principatum,
2709 4854 2872 4910 quem
2907 4837 3067 4905 longe
3097 4833 3540 4904 praestantiorem
3564 4832 3685 4885 aliis

2097 4933 2312 4994 statuit,
2373 4942 2631 4999 tanquam
2673 4929 3019 4984 simillimum
3062 4925 3283 4978 veritati
3339 4921 3582 4992 (divinat)
3633 4929 3688 4974 et

2095 5021 2338 5075 Omnium
2372 5020 2663 5089 optimum.
2693 5017 2853 5072 Hunc
2881 5017 3042 5072 talem
3094 5016 3318 5085 prazl‘ert
3345 5014 3466 5066 aliis
3497 5024 3553 5066 et
3594 5027 3690 5064 es-

2096 5112 2261 5166 tollit.
2299 5113 2433 5181 Ejus
2474 5127 2604 5168 vero
2639 5112 2866 5166 auditor
2894 5124 3090 5163 omnes
3134 5108 3358 5177 politias
3402 5121 3687 5174 exponens

2097 5204 2243 5258 hanc
2291 5205 2466 5273 magis
2506 5219 2671 5273 quant
2709 5205 2846 5259 alias
2902 5203 3194 5274 approbat,
3237 5215 3359 5255 eam
3405 5197 3688 5268 appellans

2096 5310 2364 5351 summam
2399 5297 2601 5364 regiam
2639 5304 2990 5365 potestatem.

2165 5483 2320 5536 Hane
2373 5481 2540 5552 igitur
2594 5483 2858 5550 optimam
2906 5491 2962 5536 et
3018 5463 3513 5545 absolutissimam,
3562 5499 3687 5552 quze

2093 5573 2236 5628 adeo
2260 5573 2313 5626 in
2341 5573 2426 5628 his
2460 5571 2623 5626 ﬂuxis
2669 5582 2724 5627 et
2749 5573 2976 5627 caducis
3012 5572 3178 5627 rebus
3221 5574 3532 5628 necessaria
3574 5583 3679 5633 est,

2095 5669 2148 5721 in
2207 5668 2375 5722 rebus
2415 5668 2636 5722 aeternis
2685 5669 3021 5731 animorum,
3068 5675 3124 5721 et
3168 5679 3533 5722 sacrosancue
3584 5667 3679 5722 Dei

2093 5759 2350 5815 Ecclesire
2375 5758 2716 5828 principatus
2742 5758 3220 5814 adtnittistratimtc
3241 5761 3676 5826 contemnimus,

2095 5854 2333 5912 fratres?
2358 5852 2518 5908 absit.
2563 5852 2658 5906 llic
2689 5851 2835 5907 enim
2877 5853 3049 5925 magis
3081 5853 3428 5910 necessarius
3456 5861 3540 5908 est
3576 5851 3674 5908 bo-
