4086 6414
383 387 482 453 i8]

1542 375 1962 438 ENCYCIJCA
2002 375 2100 434 AD
2141 363 2484 435 GR.°ECOS.

3519 307 3641 422 .487.

495 522 1002 588 SUI’ERIOREM
1049 515 1504 580 EPISTOLAM
1551 515 1898 576 IPSEMET
1944 514 2007 572 Β]

2105 511 2386 572 ΞᾹΙὶΙΟΝ
2425 505 2807 600 ΕΑΟΒΞΞΕΑ
2857 497 3222 600 ιΑΤιΝεξΜ
3272 495 3534 584 FEClT,

797 627 1028 703 QUAM
1075 621 1229 684 NOS
1263 619 1566 682 POSTEA
1615 614 2056 678 REPERTAM
2104 613 2690 674 l‘dPRIMENDAM
2737 609 3222 672 CURAVIMUS.

391 786 408 840 Ι
439 778 809 841 ΕςδΑῃιοΝ.
851 775 1036 831 divina
1070 767 1424 828 miseratione
1461 773 1771 834 sanctarque
1809 759 1968 815 Sedis
2003 771 2039 822 Α
2073 762 2270 830 potuit,
2308 771 2366 816 ut
2393 759 2698 814 moralibus
2734 757 3036 813 virtutibus
3067 754 3305 826 praediti,
3337 761 3393 810 et
3427 752 3649 824 Sapien-

460 873 792 948 Apostolica:
838 869 1035 938 gratia,
1079 871 1444 919 sacrosanctae
1479 860 1742 914 Romanze
1781 855 1970 910 Eccle-

465 970 559 1024 sia:
591 963 915 1023 cardinalis,
944 959 1261 1028 patriarcha
1292 950 1968 1019 ConstantinOpolitanus.

467 1062 691 1118 Dilectis
745 1059 798 1110 in
847 1055 1071 1109 Christo
1112 1049 1383 1104 fratribus
1430 1055 1486 1102 et
1523 1046 1654 1100 filiis
1700 1041 1976 1110 archiepi-

464 1154 670 1222 scopis,
705 1147 1006 1219 episcopis,
1060 1139 1422 1214 presbyteris,
1471 1137 1782 1198 monachis,
1814 1143 1974 1187 carto-

466 1251 664 1316 risque-
704 1237 1093 1297 ecclesiasticis
1144 1243 1200 1288 et
1255 1229 1617 1286 saecularibus
1661 1224 1798 1280 viris
1849 1237 1975 1292 pro-

467 1311 680 1395 vincias
699 1340 905 1389 sancta:
928 1326 1046 1384 sedi
1071 1318 1706 1391 ConstantinOpolitana:
1726 1311 1976 1371 subditas

471 1428 875 1490 habitantibus,
913 1421 1168 1492 gratiam,
1220 1430 1410 1486 pacem
1439 1423 1496 1467 et
1526 1410 1974 1467 benedictionem

469 1542 501 1580 a
538 1525 648 1579 Deo
698 1518 1109 1585 omnipotente.
1146 1507 1477 1563 Veientibus
1506 1501 1796 1568 duntaxat,
1829 1493 1980 1554 eam;

471 1632 580 1688 que
639 1611 898 1668 obtinere
951 1600 1436 1660 desiderantibus,
1487 1607 1543 1650 et
1600 1611 1723 1666 quae
1783 1592 1853 1647 ad
1911 1590 1978 1646 il-

469 1711 577 1767 lam
648 1700 1007 1760 obtinendam
1065 1697 1278 1750 ducunt
1329 1691 1480 1745 omni
1537 1697 1741 1744 conatu
1814 1688 1981 1754 agen-

475 1804 650 1858 tibus.

475 1895 856 1952 Voluissemus
885 1882 1160 1956 profecto,
1193 1875 1379 1934 dilecti
1411 1875 1610 1930 fratres
1638 1881 1692 1928 et
1725 1870 1845 1935 ﬁlii,
1877 1867 1981 1938 ipsi

401 1989 689 2045 vobiscum
740 1983 1031 2050 loquentes
1061 1975 1192 2028 dare
1223 1981 1386 2041 atque
1433 1969 1685 2037 accipere
1713 1961 1983 2018 rationem

399 2097 594 2140 eorum
633 2093 756 2149 qua:
781 2074 854 2138 ad
899 2079 1137 2126 vestram
1170 2066 1403 2119 salutem
1443 2055 1762 2114 necessaria
1805 2059 1933 2109 sunt
1967 2090 1982 2116 ,

405 2188 640 2247 quaeque
666 2185 763 2223 vos
795 2175 853 2222 et
881 2163 1054 2233 loqui,
1089 2169 1142 2213 et
1183 2171 1342 2226 agerc
1379 2153 1626 2206 fraterno
1671 2158 1722 2203 et
1759 2156 1987 2217 paterno

401 2239 602 2324 a-ﬂectu
665 2260 1070 2316 desideramus.
1130 2251 1234 2304 Sed
1293 2246 1555 2317 quoniam
1626 2250 1680 2295 et
1739 2239 1988 2294 conditio

403 2357 759 2433 ιπςιιδε-ιιιίιιιιι
816 2365 1034 2418 rerum,
1083 2353 1140 2400 et
1187 2350 1336 2397 tanta
1393 2331 1875 2402 vastitas'pelagi,
1927 2345 1990 2385 ac

407 2423 744 2520 interiacens
775 2440 1066 2512 longitudo
1095 2449 1373 2491 terrarum
1406 2427 1458 2485 id
1489 2429 1806 2500 prohibeant,
1838 2423 1986 2492 quod

406 2517 685 2613 reliquum
742 2549 859 2601 est,
919 2532 1122 2588 litteris
1173 2521 1412 2584 cilicium
1467 2533 1718 2578 nostrum
1765 2517 1990 2588 exsequi

405 2635 760 2696 conabimur,
790 2638 844 2682 et
875 2627 978 2680 bac
1008 2622 1239 2692 epistola
1267 2616 1592 2689 particulam
1625 2614 1870 2681 aliquam
1899 2623 1994 2664 eo-

407 2745 530 2784 rum
557 2741 678 2795 quac
707 2737 892 2776 coram
928 2719 1288 2786 loqueremur
1327 2710 1719 2778 exprimamus.
1753 2703 1995 2758 Obsecro

405 2830 593 2875 autem
625 2815 878 2876 Domino,
929 2819 990 2863 ut
1026 2824 1090 2862 ea
1134 2821 1230 2860 vos
1271 2803 1545 2856 charitate
1576 2797 1839 2858 audiatis,
1874 2809 1996 2864 quae

409 2913 668 2965 dicturus
716 2921 863 2966 sum,
901 2917 1026 2956 cum
1063 2915 1169 2969 qua
1214 2897 1332 2966 ip:e
1367 2897 1484 2949 vos'
1515 2892 1787 2960 alloquor.
1817 2888 1998 2943 Testis

409 3007 496 3056 est
523 3003 666 3055 enim
709 2997 842 3050 mihi
895 2995 1011 3065 ipse
1065 2993 1228 3055 Deus,
1265 3001 1430 3058 quem
1467 2985 1630 3038 nullae
1664 2992 1868 3037 nostra:
1909 2995 1996 3034 co-

412 3093 713 3164 gitationes
754 3091 923 3143 latere
967 3093 1221 3156 possunt,
1255 3079 1398 3151 quod
1431 3079 1615 3148 primo
1658 3075 1882 3144 quidem
1913 3090 1999 3128 ze-

411 3191 504 3243 lus
533 3188 675 3256 ejus,
713 3181 913 3238 deinde
958 3177 1331 3233 arctissimum
1373 3168 1662 3226 charilatis
1688 3168 1998 3230 vinculum,

413 3297 526 3348 quo
556 3277 763 3332 nationi
803 3282 1006 3328 nostrae
1040 3267 1423 3338 astringimur,
1458 3279 1544 3318 me
1603 3273 1663 3317 ut
1705 3263 1820 3316 lucc
1859 3261 2000 3316 scri-

2074 853 2225 920 tiam,
2269 867 2322 910 et
2386 857 2783 925 principatum,
2816 862 2872 908 et
2927 854 3100 923 ipsam
3159 849 3407 906 omnium
3461 863 3648 903 rerum

2074 949 2452 1003 dulcissimam
2487 949 2800 1002 libertatem
2837 945 3162 1000 amiserint?
3210 945 3331 998 Non
3361 941 3506 996 enim
3544 941 3656 994 for-

2078 1029 2231 1104 tuna,
2283 1043 2368 1096 vel
2423 1057 2606 1106 casus,
2641 1047 2738 1094 aut
2791 1037 3120 1094 temerarius
3163 1052 3350 1092 rerum
3392 1046 3652 1096 eventus,

2077 1151 2140 1190 ac
2173 1135 2354 1188 fluxus
2383 1133 2660 1188 instabilis
2691 1142 2899 1188 tantam
2932 1129 3138 1186 nostris
3170 1129 3541 1184 calamitatem
3577 1129 3658 1181 in-

2079 1221 2277 1291 tulere.
2309 1229 2412 1282 nisi
2444 1229 2568 1298 quis
2597 1236 2752 1297 putet
2808 1243 2898 1282 res
2947 1226 3218 1282 humanas
3250 1223 3438 1279 divina
3473 1223 3661 1278 Provi-

2080 1323 2265 1377 detttia
2302 1323 2530 1378 minimc
2557 1323 2881 1394 gubernari,
2909 1320 3056 1390 quod
3082 1314 3249 1374 etiam
3281 1317 3524 1388 cogitare
3561 1315 3662 1368 im-

2082 1414 2235 1486 pium
2288 1411 2394 1482 est,
2449 1415 2615 1486 athe
2667 1399 2964 1470 nefarium.
3020 1411 3126 1468 Sed
3183 1407 3286 1466 nec
3333 1410 3664 1465 delictorum

2083 1499 2402 1562 nosti-erum
2459 1503 2872 1564 multitudinem
2926 1503 3046 1576 ejus
3099 1505 3176 1559 rei
3225 1517 3444 1558 causam
3494 1499 3666 1555 fuisse

2083 1593 2380 1655 dicendum
2411 1612 2516 1664 est,
2537 1603 2598 1654 ut
2627 1599 2848 1670 quidam
2873 1585 2984 1654 Deo
3013 1613 3071 1653 se
3097 1591 3459 1652 humiliantes
3481 1593 3668 1648 dicere

2085 1701 2512 1749 eonsutverunt.
2539 1693 2729 1763 Neque
2752 1692 2901 1747 enim
2927 1707 3029 1746 nos
3059 1689 3232 1760 magis
3257 1703 3423 1759 quant
3458 1695 3672 1741 caeteras.

2086 1785 2532 1841 Christianorum
2565 1785 2842 1850 nationes,
2880 1799 3018 1855 quas
3053 1797 3202 1838 nunc
3234 1779 3517 1836 mundana
3567 1779 3670 1833 ista

2091 1877 2354 1936 felicitate
2389 1879 2497 1934 frui
2539 1879 2815 1944 videmus,
2856 1873 3098 1947 peccatis
3133 1871 3344 1930 nostris
3378 1872 3551 1929 Deum
3592 1873 3672 1927 ir—

2089 1973 2399 2028 ritavitnus.
2437 1971 2722 2043 Siquidem
2754 1969 3050 2027 et"dictum
3084 1973 3187 2034 e'st,
3219 1977 3276 2024 et
3305 1967 3435 2022 vere
3463 1965 3670 2021 dictum

2090 2076 2191 2130 est,
2224 2075 2282 2121 ut
2323 2065 2584 2128 arbitror,
2619 2073 2838 2121 nostros
2871 2061 2924 2120 in
2973 2061 3040 2118 iis
3085 2059 3207 2134 quae
3254 2060 3320 2116 ad
3369 2073 3556 2114 mores
3607 2065 3672 2112 et

2091 2161 2217 2213 vita:
2249 2159 2593 2213 honestatem
2643 2157 2948 2227 pertinent,
2976 2156 3144 2211 nullis
3177 2169 3302 2209 esse
3353 2151 3672 2208 inferiores.

2095 2249 2409 2305 Verendum
2453 2251 2621 2319 igitur
2647 2264 2716 2304 ne
2742 2250 2928 2318 potius
2965 2257 3044 2303 tot
3080 2253 3476 2314 tantorumque
3505 2243 3675 2296 malo-

2095 2359 2216 2398 rum
2251 2343 2448 2404 fomes,
2503 2351 2560 2397 et
2609 2341 2841 2396 materia
2874 2340 3064 2405 fuerit,
3111 2322 3268 2408 quod.
3299 2337 3470 2392 Gratci
3525 2335 3675 2388 veris

2096 2435 2446 2505 dogmatibus
2487 2450 2587 2504 per
2642 2433 2956 2488 socordiam
2989 2431 3210 2487 omissis
3244 2433 3312 2484 ab
3348 2429 3673 2484 intemerata

2099 2527 2228 2582 ﬁdei
2271 2529 2500 2583 veritate
2537 2535 2912 2590 secesserunt,
2947 2537 3004 2582 et
3035 2525 3425 2580 incensutilem
3461 2520 3675 2576 Domini

2099 2621 2346 2677 tunicam
2375 2621 2688 2676 scindentes
2716 2638 2744 2676 a
2769 2613 3039 2676 catholica
3067 2617 3310 2674 Ecclesia
3337 2623 3468 2671 sunt
3493 2613 3676 2670 divisi.

2097 2711 2268 2783 Cujus
2300 2712 2376 2765 rei
2411 2727 2576 2767 causa
2615 2711 2718 2766 fuit
2751 2713 3036 2766 temeritas
3063 2706 3429 2779 quorumdam
3465 2714 3682 2760 nostro-

2102 2820 2246 2870 rum,
2279 2819 2346 2858 ne
2395 2805 2552 2858 alteri
2604 2803 2946 2873 principatus
2988 2803 3075 2858 sui
3121 2803 3394 2858 rationein
3447 2799 3682 2854 reddere

2102 2908 2456 2968 cogerentur.
2505 2897 2617 2951 llos
2667 2887 2868 2952 deinde
2920 2896 3255 2966 posteriores
3308 2909 3531 2964 quoque
3573 2907 3683 2946 non

2102 3001 2213 3046 tam
2244 3007 2341 3044 sua
2385 2991 2656 3058 pravitate
2687 2991 2846 3051 moti,
2876 3003 3040 3057 quam
3075 2983 3295 3042 illorum
3341 2985 3524 3041 allecti
3563 3001 3690 3054 per-

2105 3085 2366 3138 versitate
2398 3091 2522 3137 sunt
2551 3083 2750 3136 secuti.
2801 3077 2910 3136 Sed
2961 3078 3241 3149 deponere
3273 3075 3593 3149 aliquando,
3625 3089 3690 3130 ac

2106 3191 2338 3246 prorsus
2371 3175 2594 3240 abigere
2627 3173 2772 3228 hanc
2821 3170 3126 3242 perniciem
3166 3169 3390 3233 decens,
3443 3184 3506 3223 ac
3547 3169 3690 3222 salu-

2109 3269 2332 3322 td‘crnm
2363 3278 2466 3322 cst.
2496 3267 2868 3333 Quamobrem
2893 3281 2990 3319 vos
3015 3264 3211 3320 hortor
3235 3274 3294 3318 et
3319 3277 3468 3333 rogo,
3493 3261 3692 3316 fratres

413 3373 544 3428 bam
582 3375 826 3432 movent,
881 3377 1056 3433 neque
1105 3377 1169 3416 ea
1222 3359 1512 3430 patiuntur
1586 3355 1841 3416 reticere,
1883 3368 2002 3422 qum

2110 3370 2164 3414 et
2194 3362 2286 3416 lilii
2323 3364 2375 3414 in
2410 3361 2618 3430 Spiritu
2656 3369 2848 3415 sancto
2873 3357 3363 3425 desideratissimi,
3395 3357 3546 3412 omni
3573 3365 3692 3410 stu-

415 3463 579 3515 vobis
611 3458 837 3529 cognitu
889 3453 1204 3508 necessaria
1254 3457 1406 3504 sunt.
1441 3449 1580 3504 Ante
1619 3446 1802 3500 omnia
1836 3446 2000 3516 igitur

421 3560 781 3614 mementote,
815 3551 1014 3604 fratres
1048 3557 1104 3601 et
1155 3543 1278 3606 filii,
1324 3542 1507 3613 qualis
1541 3541 1695 3606 olim,
1728 3552 2002 3610 quamque

415 3649 694 3704 excellens
741 3644 909 3699 fuerit
961 3642 1112 3695 natio
1159 3645 1371 3701 nostra,
1420 3645 1535 3688 tum
1576 3633 1850 3694 doctrina,
1888 3639 2000 3682 tum

417 3741 570 3795 onmi
626 3735 910 3808 sapientiae
962 3747 1187 3804 genere,
1237 3745 1363 3784 cum
1417 3727 1632 3781 caeteris
1679 3722 2001 3785 virtutibus,

416 3849 541 3906 quae
568 3839 830 3903 praeterea
859 3828 1026 3890 vires,
1059 3833 1182 3893 qua!
1213 3819 1482 3891 potentia,
1513 3818 1608 3890 qui
1660 3815 2006 3888 principatus

419 3937 742 3982 nostrorum
779 3921 1010 3975 fuerint.
1063 3916 1194 3983 Quis
1250 3915 1396 3968 enim
1443 3912 1659 3966 dubitet
1689 3909 2005 3964 Grzccorum

420 4030 638 4090 gentem
689 4015 934 4070 omnium
987 4009 1300 4064 liberalium
1354 4006 1576 4068 artium,
1608 4019 1670 4058 ac
1718 3993 1886 4056 totius
1923 4015 2008 4054 sa-

419 4112 644 4185 pientize
679 4124 788 4162 non
827 4107 989 4160 modo
1030 4102 1414 4162 inventricem,
1452 4110 1646 4152 verum
1689 4095 1854 4148 etiant
1885 4101 2009 4161 per-

422 4205 704 4261 fectricem
735 4196 1060 4255 exstitisse?
1083 4194 1198 4248 lllic
1234 4199 1536 4261 semperct
1567 4190 1768 4252 virtus,
1801 4195 1856 4241 et
1884 4187 2012 4240 reli-

420 4300 534 4368 gio,
588 4306 644 4349 et
692 4289 1056 4346 sanctimonia
1111 4287 1386 4348 floruere;
1432 4283 1547 4337 illic
1597 4281 1803 4336 enituit
1843 4279 2014 4332 tot'us

421 4390 580 4444 orbis
617 4383 933 4454 imperium,
969 4393 1118 4434 nunc
1152 4393 1286 4454 vero
1327 4376 1454 4444 (heu
1488 4371 1790 4436 infelicent,
1820 4379 1875 4426 et
1905 4371 2013 4424 mi-

423 4481 604 4535 seram
636 4475 822 4542 pati-ix
845 4483 1046 4527 nostra:
1069 4449 1445 4523 conditionem
1469 4457 1509 4533 ί)
1541 4478 1647 4517 non
1677 4461 1840 4516 modo
1865 4457 2018 4530 prin-

434 4571 702 4640 cipatum,
746 4573 914 4634 atque
960 4560 1256 4631 imperium
1290 4557 1446 4612 orbis
1483 4553 1792 4616 amisimus,
1823 4567 2015 4606 verum

439 4666 604 4718 etiam
635 4659 955 4715 servitutem
988 4652 1253 4724 patimur,
1293 4659 1348 4703 et
1379 4653 1521 4703 hanc
1555 4645 1777 4716 quidem
1823 4643 2016 4698 erude-

435 4757 570 4817 lem,
603 4761 769 4822 atque
815 4747 1231 4817 turpissimam;
1280 4743 1640 4796 dominantur
1672 4737 1819 4791 enim
1853 4736 2013 4790 nobis

430 4849 690 4904 homines
732 4853 939 4904 truces,
981 4837 1226 4903 barbari,
1271 4839 1441 4904 athe
1488 4832 1777 4894 infideles;
1834 4843 2014 4900 neque

431 4945 612 4999 solum
663 4941 768 4993 hoc
811 4935 959 5005 passi
1014 4947 1232 4994 sumus,
1273 4929 1371 4984 sed
1405 4941 1474 4981 ne
1503 4925 1864 4984 simulacrum
1898 4924 2017 4992 qui-

433 5037 562 5089 dem
617 5029 926 5098 disciplinte
955 5067 970 5089 ,
1025 5032 1122 5078 aut
1172 5019 1346 5076 ullum
1393 5015 1681 5087 sapientiae
1725 5017 2020 5085 vestigium

434 5127 582 5198 apud
625 5131 844 5178 nostros
872 5119 1126 5173 relictum
1163 5123 1269 5169 est.
1294 5113 1486 5167 Solent
1538 5109 1687 5165 enim
1717 5109 2026 5178 disciplina:

436 5230 495 5276 et
526 5221 684 5273 bonae
711 5224 888 5278 artes,
929 5210 1140 5281 paratis
1183 5207 1384 5275 primo,
1415 5219 1537 5273 qua:
1577 5203 1643 5257 ad
1688 5203 1890 5256 victum
1930 5216 2026 5254 ne-

443 5310 684 5366 cessaria
729 5314 878 5368 sunt,
917 5302 1090 5372 qua-ri
1157 5307 1322 5366 atque
1375 5295 1718 5365 investigari,
1751 5309 1872 5364 qua:
1899 5309 2025 5348 cum

444 5403 606 5458 nobis
639 5402 692 5454 in
728 5393 1023 5469 praesentia
1055 5393 1126 5446 ob
1174 5391 1502 5446 servitutem
1550 5397 1604 5440 et
1642 5387 1882 5456 inopiam
1934 5385 2029 5440 de-

443 5497 574 5558 sint,
612 5493 764 5548 nulla
799 5487 1043 5556 amplius
1094 5483 1384 5552 sapientia:
1431 5480 1572 5533 ratio
1615 5487 1720 5540 est,
1755 5478 1903 5531 nulla
1947 5479 2030 5532 di-

443 5586 802 5656 sciplinarum
849 5581 1012 5640 cura,“
1051 5576 1264 5630 nullum
1303 5571 1639 5642 optimarum
1671 5569 1875 5622 artium
1909 5573 2028 5621 stu-

447 5681 613 5735 dium.
649 5675 837 5732 Virtus
872 5673 1010 5735 sola,
1046 5684 1169 5738 qua:
1193 5667 1262 5720 ad
1303 5679 1488 5718 mores
1511 5665 1771 5732 pertinet,
1796 5674 2029 5730 quaeque

446 5771 730 5826 studiosos
760 5763 847 5820 sui
899 5765 1076 5818 bonos
1105 5759 1298 5819 efficit,
1325 5771 1391 5811 ea
1425 5771 1556 5809 vero
1588 5761 1807 5817 manet;
1844 5767 2030 5807 manc-

447 5871 614 5930 atque
661 5873 880 5926 semper
923 5851 1069 5922 apud
1113 5859 1356 5906 nostros.
1403 5845 1508 5900 Sed
1552 5861 1674 5915 quae
1709 5858 1874 5900 causa
1909 5859 2027 5900 esse

814 5973 1093 6034 PATttOL.
1136 5971 1255 6032 Gn.
1307 5963 1519 6028 CLXI.

2105 3454 2222 3517 dio,
2273 3468 2336 3506 ac
2382 3461 2606 3515 conatu,
2654 3454 2938 3522 antiquam
2986 3441 3340 3510 nobilitatem
3388 3451 3691 3516 resumite,

2103 3543 2384 3600 vindicate
2445 3543 2950 3624 nobis‘pristiuam
2997 3543 3254 3616 gloriam.
3295 3545 3521 3600 Veteres
3568 3545 3696 3600 illos

2105 3655 2166 3693 ac
2193 3640 2576 3695 sanctissimos
2620 3639 2814 3695 Patres
2845 3649 2902 3695 et
2957 3641 3214 3695 doctores
3249 3649 3473 3694 nostros
3507 3639 3696 3708 sequi-

2109 3734 2268 3796 mini,
2301 3749 2540 3802 quorum
2573 3733 2769 3810 eadem
2806 3731 3089 3788 confessio
3133 3734 3285 3796 fidei,
3317 3732 3511 3786 eadem
3549 3748 3696 3787 scm-

2110 3843 2212 3896 per
2241 3826 2348 3880 fuit
2379 3826 2630 3882 doctrina
2673 3826 2915 3896 pictatis,
2947 3841 3070 3881 cum
3104 3841 3166 3880 ea
3205 3840 3368 3894 quant
3406 3839 3552 3879 nunc
3584 3825 3698 3882 R0-

2111 3937 2273 3976 mana
2329 3921 2572 3975 Ecclesia
2617 3929 2792 3984 tenet,
2839 3935 2906 3974 ac
2961 3919 3279 3988 profitetur.
3334 3918 3696 3974 Recentiores

2112 4016 2248 4070 ist-as
2289 4024 2395 4066 tam
2437 4011 2718 4082 peStifera:
2767 4011 3068 4068 divisionis
3115 4023 3376 4068 auctores
3424 4011 3698 4068 condent-

2111 4118 2264 4174 nate,
2318 4105 2762 4178 persequimini,
2823 4105 3208 4162 cxterminate.
3266 4106 3697 4164 OEeumenieam

2113 4203 2386 4272 synodum
2425 4200 2720 4256 Florentiae
2755 4200 3001 4255 habitam
3047 4200 3246 4257 devota
3285 4209 3467 4255 mente
3517 4201 3700 4256 susci-

2117 4297 2258 4365 pite.
2307 4305 2365 4350 et
2388 4310 2510 4364 qua:
2542 4294 2614 4350 ibi
2641 4306 2834 4350 saneto
2861 4305 3198 4366 cooperante
3227 4295 3438 4366 Spiritu
3475 4294 3700 4351 decreta

2117 4399 2268 4450 sunt,
2301 4389 2519 4442 sincero
2550 4387 2719 4442 corde
2753 4388 2986 4450 credite,
3020 4399 3075 4442 et
3133 4389 3490 4457 profitemini.
3519 4388 3704 4443 Multae

2118 4479 2484 4545 efticaccsque
2514 4487 2580 4530 eo
2629 4476 2680 4530 in
2731 4476 2854 4530 loco
2898 4477 3143 4531 rationes
3169 4476 3422 4530 adductae
3453 4485 3586 4530 sunt
3632 4475 3706 4530 de

2123 4569 2475 4640 proccssioue
2501 4569 2678 4623 sancti
2711 4566 2972 4636 Spiritus.
3015 4567 3180 4620 Multa
3219 4568 3482 4638 utrinque
3518 4580 3548 4618 a
3581 4582 3705 4635 par-

2127 4660 2274 4713 tibus
2299 4659 2352 4711 in
2391 4657 2678 4728 utriusque
2706 4657 2998 4712 sententia:
3024 4657 3509 4713 confirmationem
3535 4657 3706 4713 dicta.

2123 4752 2265 4808 Vicit
2301 4750 2518 4804 tandem
2549 4750 2692 4820 apud
2728 4766 2921 4804 omnes
2983 4751 3100 4804 ham
3149 4753 3456 4814 sententia,
3486 4749 3711 4805 Patrem

2126 4854 2180 4898 et
2215 4843 2415 4896 Filium
2469 4857 2638 4894 unum
2686 4856 2808 4894 esse
2852 4839 3093 4910 Spiritus
3127 4840 3304 4895 sancti
3351 4839 3711 4910 principium,
3791 4885 3800 4910 ί

2129 4945 2368 4999 eumque
2401 4945 2467 4983 es
2502 4939 2736 4998 utroque
2775 4937 3034 5000 tanquam
3063 4945 3128 4982 ex
3161 4945 3272 4982 uno
3304 4929 3553 4998 spirante
3589 4945 3716 4999 pro—
3787 4955 3800 5008 ἑ

2131 5022 2352 5078 cedere.
2407 5021 2578 5076 Multa
2634 5032 2951 5076 sanctorum
3007 5025 3324 5086 doctorum,
3384 5039 3494 5076 non
3545 5023 3714 5078 modo

2127 5113 2584 5179 Occidentalium,
2639 5127 2828 5168 verum
2885 5115 3052 5168 etiam
3100 5113 3494 5180 Orientalium,
3545 5123 3714 5184 atque

2127 5215 2444 5260 nostrorum
2499 5205 2564 5260 ad
2611 5203 2662 5258 id
2719 5205 3061 5274 probandum
3111 5204 3424 5260 tes;imonia
3471 5205 3711 5260 adducta

2129 5309 2278 5360 sunt,
2315 5297 2505 5352 multis
2545 5298 2599 5352 id
2649 5297 2968 5352 rationibus
3014 5298 3482 5362 demonstratum,
3529 5313 3712 5368 neque

2131 5390 2184 5443 id
2217 5395 2534 5444 nostrorum
2585 5389 2796 5442 incuria
2845 5391 3065 5452 evenit;
3105 5403 3214 5442 non
3265 5388 3412 5442 enim
3445 5390 3714 5457 segniter,

2132 5497 2308 5552 neque
2339 5481 2685 5551 negligenter
2733 5497 2854 5535 eam
2889 5497 3005 5535 rem
3043 5481 3376 5548 investigare
3411 5481 3592 5534 conati
3623 5496 3717 5536 su-

2131 5589 2274 5637 mus,
2311 5587 2344 5626 o
2379 5572 2612 5636 fratres;
2667 5573 2872 5626 multas
2927 5580 3118 5627 noctes
3169 5571 3449 5628 insomnes
3477 5572 3712 5642 egimus,

2129 5677 2388 5732 magnam
2420 5661 2783 5732 vigilantiam,
2810 5661 2986 5716 solers
3017 5660 3288 5728 studium,
3317 5676 3593 5718 summam
3619 5678 3717 5717 cu-

2130 5771 2244 5810 ram
2291 5751 2676 5817 adhibuimus,
2728 5751 2930 5807 cedere
2981 5753 3230 5822 oportuit
3269 5753 3528 5820 veritati;
3583 5756 3714 5810 victi

2133 5845 2342 5899 fuimus
2391 5843 2686 5899 doctorum
2737 5843 3029 5902 sententiis
3091 5845 3251 5900 Absit
3293 5847 3444 5902 enim
3490 5863 3534 5910 a_
3573 5847 3716 5906 bene

3273 5965 3350 6030 16
