4086 6410
439 502 444 506 δ
505 425 611 485 t83

1443 410 1951 476 BESSARIONIS
2009 412 2071 473 S.
2119 410 2193 472 Β.
2232 410 2301 470 Ε.
2344 406 2820 470 (ῘΛΒῺῙΝΑΙᾸΞ

3669 399 3782 472 332

504 546 686 600 anima
717 554 772 599 et
808 541 977 608 fideli,
1013 546 1072 595 u’t
1102 547 1337 594 ostensa:
1371 535 1593 592 veritati
1619 535 1840 591 claudat
1865 534 2079 599 oculos,
2109 535 2159 594 Α
2186 531 2311 587 dam
2340 531 2630 587 veritatem
2667 529 2778 585 dici
2812 530 3015 595 solent,
3055 528 3264 586 nuilius
3299 545 3431 586 sane
3465 531 3775 599 momenti;

505 652 736 706 eamque
787 633 1037 703 ,victoria‘.
1093 631 1395 686 ambitione
1446 629 1735 699 despiciat.
1788 627 2078 682 Referrem

504 740 652 778 nunc
686 722 843 778 vobis
871 719 1197 792 particulam
1235 720 1482 788 aliquam
1525 718 1802 772 rationum
1834 717 2078 781 illarum,

501 817 607 872 nisi
666 816 754 870 lex
804 813 1051 884 epistolae
1099 812 1468 883 prohiberet:
1516 810 1681 864 simul
1725 809 1871 878 quod
1919 809 2080 864 vobis

503 910 630 962 licet
659 907 818 976 longe
852 907 1009 976 plura
1043 903 1178 958 alibi
1226 903 1433 966 videre,
1464 909 1519 957 et
1547 901 1750 971 legere,
1781 916 1947 970 quam
1979 915 2081 956 nos

504 997 712 1051 referre
747 997 799 1048 in
837 994 1128 1065 praesentia
1181 1007 1488 1063 possemus.
1526 993 1783 1062 Plerique
1818 992 1965 1046 enim
2014 1007 2079 1046 cx

507 1087 591 1140 his
630 1086 722 1154 qui
771 1101 871 1140 nos
903 1083 1269 1140 antecessisse
1319 1083 1629 1138 doctissimi
1661 1091 1719 1136 ct
1747 1080 2080 1136 sanctissimi

502 1179 606 1231 viri
645 1177 817 1231 multa
850 1185 1021 1244 atque
1057 1176 1316 1245 praeclara
1349 1174 1418 1228 de
1446 1174 1550 1228 hoc
1579 1173 1834 1243 dogmate
1879 1173 2082 1228 litteris

499 1271 927 1326 mandaverunt.
973 1268 1086 1324 Nos
1130 1283 1351 1338 quoque
1383 1281 1490 1321 non
1527 1266 2082 1336 pauca-scripsimus,

497 1364 700 1434 partim
738 1372 796 1416 ut
832 1363 1134 1417 amicorum
1168 1361 1220 1416 id
1252 1360 1456 1416 obnixe
1491 1358 1912 1430 efﬂagitantium
1965 1376 2081 1415 mo-

499 1470 618 1511 rem
659 1469 980 1524 gereremus
1007 1453 1303 1518 voluntati,
1343 1453 1544 1522 partim
1578 1462 1638 1505 ut
1683 1452 1771 1506 vel
1801 1467 1901 1508 nos
1938 1452 2086 1522 cogi-

501 1553 633 1608 tata,
681 1544 763 1600 vel
797 1545 921 1598 aliis
967 1544 1175 1599 frustra
1212 1542 1676 1598 contendentibus
1729 1560 1993 1614 responsa
2027 1543 2081 1599 in

499 1651 852 1691 communem
881 1637 1174 1692 utilitatem
1201 1637 1566 1692 traderemus.
1591 1636 1723 1702 Quae
1748 1635 1930 1690 omnia
1955 1650 2081 1690 cum

501 1730 646 1799 apud
680 1744 778 1784 vos
813 1729 945 1795 sint,
993 1729 1036 1782 si
1085 1729 1210 1798 quis
1254 1739 1504 1783 vestrum
1558 1729 1676 1783 sine
1726 1727 2082 1783 contentione

503 1821 588 1876 vel
634 1820 800 1890 leget,
834 1821 919 1874 vel
961 1819 1172 1874 audiet.
1223 1819 1441 1890 Legetis
1481 1829 1665 1875 autem
1717 1820 1802 1888 vel
1843 1821 2084 1875 audietis

501 1928 701 1970 omnes
731 1912 798 1982 (si
844 1911 1055 1980 licebit)
1105 1927 1214 1966 non
1269 1928 1521 1982 parvam,
1550 1913 1694 1983 quod
1729 1913 1796 1967 ad
1830 1912 1925 1967 Dei
1969 1913 2084 1983 glo-

506 2007 642 2060 riam
690 2005 896 2061 dictum
947 2007 1040 2068 sit,
1093 2006 1389 2060 utilitatem
1445 2015 1843 2076 consequetur.
1876 2005 2082 2062 Verum

504 2107 687 2151 taiuen
727 2109 890 2152 nnam
926 2097 1215 2164 duntaxat,
1240 2105 1294 2152 et
1325 2112 1444 2153 eam
1478 2099 1829 2167 perbrevcm,
1857 2099 1899 2153 si
1929 2099 2081 2166 libet,

501 2193 772 2247 rationem
813 2192 1180 2248 adducamus.

824 2329 898 2384 De
927 2329 1156 2397 Spiritus
1193 2332 1365 2385 sancti
1396 2333 1742 2402 processione.

567 2462 823 2537 Spiritus
855 2478 1083 2522 sanctus
1111 2464 1352 2536 Spiritus
1383 2461 1506 2521 Filii
1543 2469 1772 2533 dicitur,
1797 2477 1936 2523 teste
1960 2469 2084 2540 ipso

497 2557 665 2626 Filio,
707 2561 800 2629 qui
835 2559 1102 2630 Spiritum
1141 2560 1297 2614 illum
1335 2568 1492 2614 vocat
1520 2557 1785 2628 Spiritum
1813 2562 2082 2617 veritatis.

503 2653 721 2708 Veritas
755 2667 884 2706 vero
934 2652 1026 2706 ille
1074 2653 1192 2719 ipse
1240 2662 1344 2706 est.
1379 2651 1446 2706 Et
1499 2651 1746 2728 Paulus:
1787 2652 1955 2718 Misit,
1994 2655 2084 2708 in-

499 2745 640 2813 quit,
685 2743 820 2796 Deus
859 2742 1118 2810 Spiritum
1167 2740 1302 2795 Filii
1333 2744 1416 2796 sui
1449 2744 1504 2795 in
1536 2741 1696 2796 corda
1726 2754 1909 2797 nostra
1934 2746 1951 2776 ί
1979 2764 1992 2811 ;
2031 2755 2086 2802 et

502 2850 719 2888 rursum
761 2850 775 2887 :
820 2834 881 2887 Si
931 2833 1048 2902 quis
1080 2829 1336 2897 Spiritum
1371 2831 1571 2886 Christi
1602 2851 1704 2887 non
1751 2837 1926 2902 habet,
1975 2839 2086 2908 ipse

502 2941 606 2977 non
649 2934 724 2977 est
776 2924 892 2992 ejus
917 2925 957 2978 ¹.
1005 2923 1160 2988 Quod
1211 2923 1334 2977 aliis
1385 2939 1603 2993 quoque
1654 2927 1706 2979 in
1758 2926 1893 2981 locis
1935 2929 2085 2983 idem

500 3017 801 3085 Apostolus
841 3015 1182 3070 creberrime
1218 3016 1474 3085 replicat.
1531 3016 1642 3071 Hoc
1691 3019 1946 3085 verbum,
1973 3021 2085 3075 fra-

507 3118 641 3171 tres,
677 3108 812 3160 satis
844 3121 1120 3175 superque
1151 3106 1216 3159 ad
1249 3105 1300 3158 id
1339 3107 1682 3174 probandum
1717 3108 1784 3162 de
1825 3125 1934 3178 quo
1972 3111 2087 3180 agi-

2185 623 2340 693 plura
2383 639 2514 678 vero
2547 622 2887 692 melioraque
2919 621 3182 679 dicuntur
3223 624 3291 678 ab
3315 622 3403 679 his
3433 627 3525 695 qui
3567 627 3778 682 verita-
3829 655 3847 690 ,ι

2185 725 2294 770 tem
2348 726 2678 788 sequuntur.
2723 716 2855 782 Quae
2898 725 2953 769 et
2999 715 3044 768 si
3089 730 3187 770 nos
3231 717 3438 785 optime
3491 726 3773 782 tenemus,

2183 825 2308 864 cum
2348 824 2493 878 s:epe
2540 825 2773 864 numero
2823 808 3333 863 contradicentibus
3379 810 3656 870 adversati
3694 813 3776 866 si-

2185 915 2331 966 mus,
2352 899 2640 954 brevitatis
2670 909 2850 953 tamen
2875 900 3050 968 gratia
3080 899 3354 953 mittimus
3384 899 3451 953 ad
3482 902 3730 956 monitos
3758 921 3776 957 :

2187 992 2233 1047 si
2278 992 2371 1062 qui
2423 1000 2590 1045 erunt
2621 990 3020 1061 investigandae
3066 990 3316 1046 veritatis
3351 991 3558 1062 cupidi,
3594 1003 3651 1046 ut
3707 1009 3776 1048 ea

2186 1083 2394 1154 legant,
2443 1098 2566 1152 qua:
2600 1083 2730 1136 olim
2781 1082 2848 1138 de
2903 1082 3006 1137 hac
3054 1098 3114 1138 re
3161 1084 3618 1152 conscripsimus.
3653 1085 3776 1140 Hoc

2185 1182 2372 1229 tamen
2407 1175 2559 1230 vobis
2587 1168 2846 1239 dicimus,
2880 1185 2938 1230 et
2971 1175 3231 1245 intrepidi
3264 1175 3584 1241 asserimus,
3612 1177 3655 1231 si
3684 1193 3780 1232 res

2189 1268 2429 1332 tulisset,
2467 1281 2526 1322 ut
2561 1277 2860 1336 praesentes
2890 1268 3046 1332 dare,
3098 1276 3264 1334 atque
3295 1267 3552 1336 accipere
3605 1269 3782 1321 ratio-

2187 1374 2312 1413 nem
2343 1359 2508 1429 hujus
2538 1359 2614 1413 rei
2645 1361 3042 1428 potuissemus,
3072 1358 3420 1430 judicaluros
3448 1374 3547 1413 vos
3573 1360 3770 1413 fuisse.

2187 1451 2303 1506 Hoc
2338 1468 2532 1516 unum,
2566 1452 2714 1522 quod
2767 1452 3032 1516 diximus,
3067 1453 3199 1507 satis
3235 1466 3513 1521 superque
3549 1467 3671 1506 esse
3705 1452 3777 1505 ad

2187 1545 2482 1598 veritatem
2525 1543 2952 1610 Ostendendatn,
3004 1544 3259 1614 nihilque
3291 1532 3657 1598 dubitationis
3687 1561 3778 1598 rc-

2186 1634 2384 1704 linqui,
2415 1635 2548 1706 quin
2597 1635 2837 1706 Spiritus
2885 1637 2958 1690 ita
3007 1652 3073 1690 ex
3117 1635 3255 1691 Filio
3303 1637 3773 1705 quemadmodum

2186 1743 2249 1783 ex
2289 1727 2478 1791 Patre,
2516 1737 2775 1798 tanquam
2821 1745 2888 1784 ex
2940 1745 3051 1783 uno
3103 1729 3378 1798 principio
3413 1738 3469 1785 et
3518 1747 3625 1784 uno
3660 1747 3782 1798 spr-

2187 1827 2344 1872 rantc
2375 1819 2658 1888 procedat.
2711 1819 2877 1874 Multa
2912 1835 3132 1890 quoque
3164 1821 3272 1874 alia
3305 1835 3584 1876 sacrarum
3619 1824 3780 1877 testi-

2191 1911 2372 1966 monia
2403 1923 2533 1966 sunt
2576 1912 2909 1979 litterarum,
2954 1922 3015 1967 ut
3062 1923 3193 1983 puta
3230 1913 3565 1975 Paraeletus,
3619 1933 3780 1984 quem

2189 2022 2281 2076 ego
2310 2009 2517 2058 mittant
2549 2006 2693 2059 vobis
2719 2022 2749 2057 a
2777 2005 2974 2072 Patre;
3011 2015 3067 2059 et
3099 2021 3292 2061 rursus
3324 2024 3336 2060 :
3373 2007 3444 2060 De
3493 2024 3608 2062 meo
3634 2011 3783 2061 acci-

2187 2100 2312 2168 piet,
2354 2107 2401 2152 et
2442 2100 2783 2152 ammntiabit
2830 2100 2993 2154 vobis.
3045 2099 3108 2154 Et
3153 2100 3395 2154 iterum:
3434 2100 3779 2170 Qutecunque

2188 2190 2363 2244 audiet
2393 2190 2657 2261 loquetur.
2681 2201 2737 2246 et
2768 2191 2873 2245 alia
2910 2192 2978 2244 iis
3023 2191 3249 2246 similia.
3293 2191 3368 2245 Ex
3413 2194 3616 2262 quibus
3649 2208 3776 2246 om-

2188 2281 2353 2337 nibus
2383 2282 2506 2337 luce
2535 2284 2739 2337 clarius
2761 2298 2822 2337 ea
2849 2282 2977 2337 fidei
3006 2285 3219 2338 veritas
3239 2285 3570 2350 ostenditur,
3606 2301 3768 2356 quam

2187 2381 2244 2427 et
2291 2382 2480 2427 sancta
2524 2372 2770 2428 Romana
2818 2375 3062 2430 Ecclesia
3119 2384 3177 2429 ut
3222 2391 3440 2446 semper
3472 2389 3654 2439 antea.
3695 2379 3771 2433 ita

2188 2481 2338 2519 nunc
2370 2473 2540 2532 tenet,
2595 2477 2651 2520 et
2701 2467 2986 2538 prtedicat,
3039 2479 3094 2522 et
3141 2468 3270 2522 olim
3306 2469 3486 2523 omnis
3515 2470 3767 2524 Ecclesia

2188 2556 2488 2632 fatebatur.
2544 2556 2651 2611 Sed
2687 2557 2835 2612 dicet
2886 2558 3124 2614 fortasse
3175 2560 3376 2630 aliquis
3423 2579 3436 2614 :
3479 2560 3592 2617 Cur
3650 2563 3772 2633 ipse

2192 2647 2458 2704 Dominus
2491 2665 2616 2705 cum
2651 2650 2718 2706 de
2747 2651 2957 2721 Spiritu
2990 2653 3352 2722 loqueretur:
3381 2654 3641 2726 Spiritus,
3668 2659 3769 2724 ait,

2189 2743 2279 2812 qui
2309 2760 2341 2795 a
2373 2742 2535 2797 Patre
2561 2745 2815 2812 procedit,
2848 2759 3026 2811 neque
3053 2744 3269 2801 addidit
3297 2747 3465 2801 etiam
3499 2763 3527 2801 a
3552 2765 3612 2804 se
3645 2751 3771 2820 ipso

2191 2836 2524 2905 procedere?
2556 2837 2687 2904 Quae
2730 2837 2972 2903 tandem,
3003 2850 3096 2894 aut
3123 2841 3302 2909 qualis
3328 2851 3414 2897 est
3448 2844 3565 2898 haec
3602 2849 3768 2912 ratio,

2187 2927 2434 2984 fratres?
2464 2930 2575 2984 Etsi
2610 2931 2756 3012 enim
2799 2932 3016 2986 dixerat
3044 2949 3070 2985 a
3113 2934 3274 2989 Patre
3309 2938 3610 3005 procedere
3638 2939 3770 3010 5ρί⁴

2192 3019 2383 3085 ritum,
2427 3037 2534 3075 non
2570 3030 2750 3076 tamen
2787 3025 3007 3093 negavit
3038 3040 3162 3079 eum
3198 3041 3228 3080 a
3274 3042 3334 3082 se
3370 3045 3591 3101 quoque
3637 3049 3770 3104 pro-

2197 3112 2421 3167 cedere.
2457 3112 2592 3167 Nam
2628 3116 2673 3170 si
2708 3115 2760 3168 id
2799 3115 3052 3182 dixisset,
3095 3120 3306 3189 aliquid
3343 3123 3576 3179 fortasse
3619 3131 3772 3181 vidc-

500 3215 653 3252 υνυς.
689 3199 879 3267 Neque
911 3197 1056 3252 enim
1085 3196 1353 3252 excedere
1378 3197 1536 3251 decet
1563 3199 1782 3252 modum
1814 3202 2078 3270 epistolae.
2111 3226 2157 3288 ε
2190 3212 2340 3257 retur
2375 3204 2626 3274 ingerere
2671 3205 3038 3261 difﬁcultatis.
3093 3211 3413 3280 Quanquam
3447 3231 3625 3281 neque
3663 3218 3770 3272 hoc

507 3293 595 3344 list
633 3291 819 3359 itaque
860 3289 1097 3358 Spiritus
1131 3301 1354 3344 sanctus
1383 3289 1586 3344 Christi
1636 3290 1878 3360 Spiritus
1926 3305 2084 3349 natu-

502 3383 696 3437 raliter
727 3391 784 3437 et
811 3381 1208 3448 essentialiter,
1238 3397 1348 3436 non
1386 3383 1820 3439 accidentaliter.
1850 3385 1908 3441 ld
1953 3403 2084 3443 vero

499 3474 660 3544 Cujus
693 3473 898 3542 aliquid
937 3474 1042 3528 hoc
1075 3475 1240 3529 modo
1272 3483 1380 3540 est,
1420 3478 1751 3531 auctoritate
1800 3479 1980 3548 aliqua
2029 3490 2083 3535 et

497 3563 825 3615 ext-cllt-utia
852 3561 902 3614 id
929 3563 1166 3616 excellat
1196 3579 1424 3618 necesse
1455 3573 1560 3627 est,
1589 3566 1734 3635 quod
1777 3584 1936 3622 suum
1962 3586 2082 3627 esse

501 3652 726 3708 dicitur.
773 3654 895 3708 Haec
921 3669 1050 3709 vero
1086 3656 1389 3712 auctoritas
1425 3657 1674 3726 profecm
1705 3677 1814 3714 non
1852 3665 1970 3717 talis
1995 3664 2081 3717 di-

500 3746 670 3800 cenda
725 3756 829 3812 est,
877 3747 1062 3816 qualis
1117 3759 1198 3802 est
1248 3749 1465 3804 Domini
1521 3751 1590 3805 ad
1633 3761 1889 3808 servum.
1945 3754 2079 3822 Quis

499 3841 646 3894 enim
691 3841 920 3894 auderet
975 3849 1283 3894 creatorem
1353 3843 1408 3895 in
1473 3851 1784 3897 creaturam
1834 3855 2076 3911 vertere,

498 3931 644 3998 quod
674 3933 838 3985 etiam
871 3933 1114 4002 cogitare
1148 3934 1476 4005 sacrilegum
1513 3937 1636 3990 est?
1684 3937 1943 4007 Superest
1976 3940 2078 4008 igi-

498 4033 588 4078 tur
613 4024 1026 4089 auctoritatem,
1077 4035 1242 4096 atque
1270 4028 1655 4083 excellentiam
1694 4031 1922 4100 originis
1956 4047 2079 4086 esse

495 4116 615 4188 ejus
646 4118 738 4184 qui
770 4120 965 4187 spirat,
997 4117 1063 4172 ad
1100 4119 1356 4187 spiritum
1389 4123 1487 4188 qui
1521 4123 1785 4191 spiratur.
1822 4125 1884 4179 Et
1927 4135 2076 4182 certe

496 4208 642 4262 aliud
668 4224 916 4263 asserere
951 4208 1223 4263 nefarium
1260 4221 1370 4264 est.
1401 4212 1537 4266 Nam
1579 4214 1725 4282 quod
1760 4228 2075 4272 nostrorum

497 4302 666 4378 aliqui
708 4316 738 4354 a
773 4301 1006 4357 veritate
1048 4303 1415 4369 declinantes,
1448 4305 1572 4359 ideo
1600 4305 1707 4360 diei
1741 4307 1861 4363 Filii
1901 4311 2075 4378 Spiri-

501 4376 616 4446 ium
647 4392 1013 4457 contendunt,
1055 4395 1198 4460 quod
1229 4393 1476 4462 ejusdem
1507 4396 1578 4448 sit
1609 4410 1733 4448 cum
1779 4413 1846 4451 eo
1891 4414 2078 4453 essenv

497 4485 607 4548 tie,
646 4483 727 4537 vel
783 4485 929 4553 quod
985 4501 1051 4539 ex
1099 4500 1164 4538 eo
1205 4486 1479 4551 mittatur,
1518 4505 1844 4544 aranearum
1895 4493 2078 4561 potius

2187 3293 2253 3348 ad
2282 3295 2568 3349 tutandam
2598 3306 2843 3351 vestram
2872 3298 3194 3368 opinionem
3244 3303 3548 3361 sufﬁceret.
3588 3306 3773 3376 Siqui-

2187 3387 2311 3442 dem
2361 3391 2481 3458 ipse
2532 3391 2836 3445 Salvator:
2875 3391 2953 3445 De
3007 3394 3089 3447 die
3126 3395 3224 3449 illa
3277 3406 3324 3450 et
3375 3401 3527 3463 liora,
3565 3402 3765 3472 inquit,

2186 3497 2337 3534 nemo
2367 3485 2528 3547 novit,
2559 3499 2727 3553 neque
2759 3484 2961 3554 angeli,
2991 3501 3156 3557 neque
3191 3489 3359 3545 Filius
3387 3495 3636 3560 hominis,
3665 3498 3767 3553 nisi

2185 3572 2326 3624 solus
2371 3572 2550 3628 Pater.
2583 3575 2644 3630 Et
2679 3593 2868 3631 rursus
2901 3591 2914 3627 :
2955 3575 3076 3632 Mea
3103 3579 3349 3637 doctrina
3380 3603 3484 3638 non
3515 3597 3591 3638 est
3625 3607 3762 3650 mea,

2183 3664 2274 3717 sed
2323 3666 2438 3734 ejus
2483 3669 2573 3736 qui
2603 3670 2744 3721 misit
2791 3687 2872 3724 me
2916 3671 3121 3727 Patris.
3178 3674 3246 3729 Et
3293 3677 3494 3731 iterum
3535 3698 3548 3734 :
3594 3680 3767 3736 Nemo

2185 3759 2324 3812 novit
2370 3760 2573 3815 ("ilium
2604 3763 2702 3817 nisi
2729 3763 2913 3819 Pater.
2945 3764 3189 3832 Quorum
3226 3773 3473 3826 omnium
3504 3790 3603 3829 nos
3632 3793 3768 3847 pro-

2184 3851 2272 3905 cul
2311 3852 2482 3906 dubio
2513 3857 2854 3910 contrarium
2903 3867 2959 3911 et
2993 3862 3285 3926 sentimus,
3317 3875 3372 3917 et
3414 3869 3758 3934 proﬁtemur.

2182 3944 2259 3996 Ac
2296 3943 2495 3998 Filium
2538 3946 2650 4008 Dei,
2682 3947 2910 4016 perinde
2941 3948 3088 4004 diem
3127 3951 3283 4008 illum
3331 3965 3389 4009 et
3445 3958 3636 4014 horam
3669 3977 3763 4016 co-

2183 4049 2476 4103 guoscerc,
2515 4047 2574 4090 ut
2600 4036 2816 4092 Patrem
2843 4040 3249 4099 existimamus.
3276 4046 3658 4121 Eumdemque
3693 4055 3766 4107 ita

2185 4143 2241 4182 se
2281 4144 2467 4194 nosse,
2505 4140 2563 4184 ut
2589 4133 2750 4187 l’ater
2783 4147 2911 4188 eum
2944 4137 3122 4201 novit,
3152 4140 3578 4214 doctrinamque
3619 4147 3766 4200 illius

2182 4237 2338 4276 suam
2392 4226 2670 4294 przecipue
2731 4227 3042 4284 doctrinam
3075 4245 3222 4286 esse.
3255 4233 3312 4287 Si
3363 4235 3533 4302 igitur
3569 4255 3764 4295 eorum

2182 4328 2303 4383 qua:
2345 4325 2538 4385 aperte
2574 4319 2794 4387 negavit
2827 4319 3104 4386 Christus,
3139 4339 3240 4380 nos
3275 4325 3500 4394 quidem
3547 4339 3694 4386 recte
3736 4349 3767 4387 e

2181 4407 2405 4462 diverso
2453 4409 2755 4476 credimus,
2790 4426 2892 4465 cur
2939 4430 3047 4468 non
3085 4417 3251 4469 etiam
3287 4418 3416 4480 hoc,
3451 4423 3601 4490 quod
3653 4440 3765 4480 non

2184 4499 2424 4568 negavit,
2459 4502 2546 4570 pic
2577 4505 2892 4560 credimus?
2927 4505 3227 4564 Enimvero
3259 4510 3399 4566 illud
3458 4515 3511 4568 in
3566 4517 3766 4586 primis

496 4579 619 4629 ῑυιὲε
651 4585 800 4634 δίκην
853 4593 1016 4645 Ψ¹³¹Υ¹
1069 4579 1327 4640 τδῐίοηυες
1380 4589 1438 4632 υι
1478 4595 1619 4649 δεῦρο
1675 4581 2076 4637 ἀειηοηεῑτενί-
2109 4575 2159 4635 D
2185 4596 2556 4652 attentissime
2597 4600 3067 4656 considerandum
3122 4613 3226 4669 est,
3258 4575 3673 4672 iratres,et.ﬁlii
3713 4614 3767 4667 in

496 4684 638 4720 lllllS.
674 4668 727 4722 Si
757 4669 904 4720 enim
941 4680 1167 4738 propter
1193 4672 1826 4728 consubstantialitatem
1857 4676 2077 4730 dicatur

495 4759 755 4826 Spiritus,
797 4758 918 4812 Filii
971 4760 1235 4830 Spiritus,
1281 4769 1510 4832 propter
1553 4766 1803 4821 eamdem
1851 4783 2074 4822 causam

492 4861 547 4902 et
574 4849 748 4903 Filius
779 4849 994 4904 dicetur
1022 4852 1266 4921 Spiritus
1314 4857 1489 4910 sancti
1525 4857 1718 4925 Filius,
1747 4862 1894 4930 quod
1930 4879 2076 4916 nun-

445 4950 448 4952 ‘
495 4957 658 5011 quam
691 4945 744 4993 in
777 4943 949 4996 sacris
981 4943 1187 4998 litteris
1230 4947 1478 5001 auditum
1510 4960 1618 5004 est.
1657 4951 1710 5006 Si
1766 4970 1898 5009 vero
1944 4959 2070 5024 quia

447 5039 454 5052 ‘
491 5051 556 5091 ex
590 5035 727 5090 Filio
762 5035 1023 5101 mittitur,
1054 5038 1129 5090 ita
1168 5037 1393 5103 dicitur,
1425 5057 1488 5095 ea
1529 5055 1681 5100 certe
1720 5047 1860 5102 ratio
1899 5051 2070 5120 magis

488 5129 714 5183 roborat
756 5132 1092 5184 mrutentiam
1146 5141 1412 5186 nostram.
1458 5133 1614 5199 Quod
1651 5139 1797 5192 enim
1854 5141 2071 5195 mittere

490 5221 659 5281 istud.
686 5229 742 5274 et
769 5223 1067 5285 scaturlre,
1110 5234 1166 5276 et
1205 5225 1504 5292 proﬂuere,
1535 5238 1843 5300 czetcraque
1871 5233 2072 5288 similia

489 5312 873 5381 spirationem,
900 5327 964 5367 ac
994 5315 1414 5369 substantialem
1441 5319 1734 5386 quamdam
1766 5325 2070 5391 processit»

486 5418 614 5458 nem
644 5416 1072 5474 praesupponant
1093 5422 1106 5470 ;
1130 5409 1387 5476 quodque
1411 5409 1750 5478 impossibile
1775 5417 1847 5467 sit
1871 5413 2069 5470 Filium

488 5495 708 5552 mittere
741 5496 1008 5567 Spiritum
1043 5508 1320 5564 sanctum,
1348 5501 1456 5557 nisi
1487 5504 1655 5558 etiam
1688 5505 1842 5560 illum
1873 5510 2066 5577 spiret,

485 5587 762 5657 plerisque
815 5591 870 5642 in
922 5590 1060 5646 locis
1102 5592 1448 5648 ostendimus
1501 5596 1688 5650 multis
1741 5599 2067 5670 idoneisque

486 5677 821 5732 rationibus.
861 5677 980 5734 Alia
1007 5695 1227 5752 quoque
1265 5685 1434 5740 multa
1472 5704 1501 5742 e
1539 5689 1744 5745 nostris
1772 5690 1838 5744 ad
1874 5693 2063 5748 velari.

561 5856 579 5892 ί
612 5859 785 5916 Colat.
818 5880 889 5930 tv,
921 5866 974 5919 6.
1005 5869 1024 5900 '
1060 5868 1216 5922 lion].
1249 5871 1302 5936 8,
1339 5871 1392 5926 9.

2180 4684 2402 4741 Christo
2449 4688 2934 4746 desideratissimi.
3003 4693 3264 4749 Promisit
3321 4699 3454 4751 olim
3505 4700 3769 4759 Christus

2179 4792 2346 4848 super
2377 4781 2726 4838 confessione
2764 4785 2915 4840 Petri
2942 4785 3217 4841 aediﬁcare
3242 4789 3543 4847 Ecclesiam
3580 4811 3764 4862 suam,

2179 4878 2235 4924 et
2273 4872 2420 4941 quod
2473 4884 2649 4944 portae
2687 4875 2871 4941 inferi,
2909 4878 3012 4932 hoc
3061 4889 3168 4941 est,
3203 4879 3594 4939 [hereticorum
3648 4889 3769 4942 bla-

2177 4963 2441 5029 sphemire
2499 4981 2784 5036 nunquam
2850 4969 3216 5039 prmvalerent
3286 4972 3555 5029 adversus
3615 4993 3763 5035 eam.

2177 5051 2546 5117 Quarrcndum
2580 5066 2685 5126 est,
2720 5059 2940 5127 fratres,
2971 5079 3223 5132 quaenam
3252 5067 3356 5119 ista
3389 5069 3460 5123 sit
3490 5070 3763 5128 Ecclesia.

2177 5143 2312 5199 Nam
2349 5162 2531 5202 veram
2580 5164 2903 5224 certamque
2937 5156 3112 5212 fuisse
3158 5162 3586 5230 promissionem
3638 5166 3766 5219 nul-

2177 5236 2264 5290 lus
2299 5241 2444 5293 ausit
2487 5253 2690 5308 negare
2739 5247 3110 5304 Christianus.
3166 5252 3278 5308 Aut
3322 5255 3492 5324 igitur
3542 5254 3765 5324 Latina,

2179 5339 2273 5382 aut
2300 5329 2491 5385 Graeca
2523 5333 2767 5390 Ecclesia
2813 5349 2921 5394 est.
2954 5341 3141 5397 Tertia
3190 5346 3336 5398 enim
3369 5347 3487 5401 dari
3519 5363 3628 5404 non
3663 5367 3765 5416 po-

2181 5429 2307 5476 test.
2345 5421 2631 5488 Siquidem
2661 5429 2780 5482 alia:
2814 5447 3007 5487 omnes
3038 5433 3350 5490 haeresibus
3377 5447 3502 5491 sunt
3542 5440 3764 5509 plentc;

2178 5528 2316 5584 quas
2348 5517 2523 5570 sancti
2554 5517 2766 5586 Patres,
2795 5531 2849 5576 et
2873 5525 3160 5594 generales
3194 5529 3385 5595 synodi
3420 5533 3760 5586 condemna-

2176 5617 2326 5661 runt.
2362 5605 2416 5662 Si
2439 5625 2570 5679 ergo
2599 5611 2738 5667 hanc
2763 5613 3065 5672 Eeclesiam
3096 5617 3414 5675 Graecorum
3453 5623 3762 5680 Ecclesiazn

2175 5698 2335 5769 dicis,
2371 5703 2426 5756 in
2473 5715 2763 5774 angustum
2811 5709 2976 5766 nimis
3015 5722 3223 5767 arctam
3281 5715 3605 5780 Eeelesiam,
3644 5717 3764 5774 imo
