4086 6438
405 435 514 504 685

1571 401 1984 494 Excrcuca
2035 436 2132 494 an
2171 413 2512 512 Gtt-taces.
3161 485 3164 488 .
3566 413 3660 498 tu

403 553 555 608 illam
583 550 648 605 ad
687 547 918 604 nihilum
955 547 1176 618 redigis.
1207 546 1397 612 Qualis
1432 545 1603 612 cnim,
1632 547 1818 602 miseri
1857 561 1980 610 nos,
2015 557 2054 610 Α
2087 557 2368 616 pastorum
2403 564 2509 600 non
2549 548 2804 613 audiunt,
2830 548 2976 616 quod
3011 565 3078 604 ne
3107 549 3196 603 cui
3223 549 3668 604 Christianorum

405 652 500 698 aut
534 633 738 712 quanta
774 649 860 695 est
895 639 1137 696 Ecclesia
1174 638 1404 694 nostra?
1437 637 1690 701 Labitur,
1735 638 1866 702 heu,
1903 639 1980 692 la-

407 736 580 798 bitur,
625 735 880 803 peritque
927 733 1197 802 quotidie,
1237 746 1307 786 ne
1361 731 1544 785 dicam
1591 746 1714 785 eam
1768 729 1987 799 penitus

402 830 512 898 jam
543 825 844 880 interiisse.
885 824 1106 879 Subditi
1142 831 1272 880 sunt
1304 823 1620 878 inﬁdelibus
1659 822 1832 878 Graeci
1873 839 1988 874 oni-

413 934 512 972 nes
545 935 558 980 ;
592 918 666 970 ita
721 918 906 971 omnia
939 915 1368 986 pessumdcdere
1397 915 1638 970 barbarie
1672 925 1882 983 gentes,
1931 923 1990 968 ut

409 1027 519 1064 non
553 1019 673 1078 post
706 1011 938 1064 multum
971 1009 1323 1075 interiectum
1357 1017 1574 1075 tempus
1619 1007 1800 1077 ipsum
1849 1021 1989 1073 quo-

411 1117 518 1170 que
541 1101 742 1171 lingua:
767 1102 968 1157 Graecae
999 1102 1370 1171 splendorem,
1421 1101 1587 1154 libros
1616 1113 1832 1160 omnes,
1863 1097 1990 1150 uni-

413 1210 574 1248 versa
618 1209 788 1264 opera
817 1205 1136 1248 sanctorum
1173 1195 1485 1256 duetorem,
1521 1191 1988 1246 sacrarumctiam

415 1286 726 1340 litterarum
757 1286 1002 1348 codices,
1045 1296 1100 1340 et
1135 1285 1494 1356 Erangeliutn
1531 1284 1707 1352 ipsum
1743 1291 1990 1336 nostram

415 1379 690 1433 infelicem
721 1380 950 1447 patriam
982 1379 1274 1434 desertura
1309 1389 1419 1432 neti
1450 1377 1720 1440 dubitem,
1745 1374 1846 1427 nisi
1877 1373 1993 1442 pie-

417 1483 498 1524 tas
527 1480 582 1524 et
615 1471 998 1524 misericordia
1033 1469 1338 1524 Salvaturis
1365 1467 1538 1522 nostri
1572 1475 1778 1522 tantam
1807 1477 1838 1518 a
1866 1479 1994 1518 ver-

415 1564 523 1618 tice
567 1575 760 1617 nostro
815 1562 1189 1616 calamitatem
1240 1558 1544 1630 propulset.
1580 1558 1660 1612 An
1709 1557 1992 1627 ignoratis,

414 1655 632 1714 fratres.
689 1663 748 1708 ut
791 1652 1104 1708 Orientales
1138 1668 1358 1714 omnes,
1391 1653 1436 1706 si
1479 1651 1574 1720 qui
1619 1652 1764 1706 inter
1803 1650 1995 1704 ﬁdeles

417 1746 832 1816 superfuerant,
867 1747 959 1814 qui
993 1747 1046 1799 in
1084 1745 1312 1800 Oriente
1347 1743 1648 1798 Ecclesium
1686 1757 1996 1811 sequeren-

421 1850 510 1908 tur
539 1840 876 1905 Griecorum,
927 1837 1576 1906 ConstantinOpolilanis,
1610 1845 1666 1890 et
1706 1837 1997 1904 circumia-

2088 637 2325 701 accidat,
2381 639 2470 692 illa
2511 639 2880 708 praedicanda.
2935 639 3030 694 illa
3083 640 3321 693 tenenda
3373 650 3457 692 est
3513 638 3670 704 ﬁdes,

2089 745 2252 797 quam
2299 729 2446 784 l’etri
2481 731 2740 784 cathedra
2786 731 3102 802 profitetur.
3141 731 3288 786 lianc
3321 749 3417 786 vos
3462 748 3669 802 qumso,

2091 819 2308 886 fratres,
2355 837 2478 873 eum
2547 822 2856 876 reverentia
2917 833 2973 878 et
3027 823 3334 876 humilitate
3387 823 3673 892 suscipite,

2093 913 2226 968 huic
2255 914 2542 978 inita-rete,
2577 915 2708 968 huic
2737 914 2996 968 insistite.
3031 915 3150 968 Non
3193 930 3352 970 cesso
3383 931 3482 985 pro
3516 914 3674 968 vobis

2094 1022 2258 1060 orare
2314 1008 2631 1070 Dominum,
2693 1017 2755 1061 nt
2807 1008 3136 1084 sapientiam
3193 1009 3524 1070 induentrs,
3578 1007 3674 1070 id,

2095 1098 2240 1167 quod
2277 1114 2372 1154 vos
2406 1099 2628 1161 hortor,
2658 1101 2854 1170 agatis.
2896 1101 3100 1156 Vellem
3133 1102 3279 1154 enim
3327 1099 3400 1154 ita
3431 1118 3526 1154 vos
3555 1119 3673 1155 oin-

2097 1209 2196 1247 nes
2229 1209 2373 1252 esse.
2428 1201 2488 1246 nt
2530 1209 2655 1264 ego,
2685 1209 2788 1262 nec
2821 1210 3050 1262 parvum
3082 1194 3259 1254 vobis,
3299 1205 3396 1248 aut
3427 1204 3672 1248 contem-

2097 1285 2338 1339 nendum
2377 1285 2570 1340 videor
2597 1298 2790 1354 Optare
2831 1286 3058 1348 bonum,
3095 1301 3126 1339 ο
3171 1285 3414 1348 fratres;
3448 1291 3491 1340 si
3525 1286 3672 1354 quod

2099 1377 2230 1432 mihi
2265 1379 2394 1446 ipsi,
2431 1378 2536 1434 bo'c
2575 1380 2741 1432 etiam
2775 1379 2926 1436 vobis
2962 1379 3166 1432 bonum
3195 1381 3475 1436 desidero.
3511 1380 3676 1450 Majo-

2101 1465 2218 1523 i‘cm
2250 1472 2396 1524 enim
2447 1453 2775 1525 citaritatent
2809 1487 2972 1528 nemo
3007 1471 3272 1526 exhibete
3303 1482 3521 1526 tenetur
3549 1488 3677 1540 pro-

2101 1559 2248 1612 ximo
2295 1575 2417 1622 suo,
2466 1555 2629 1628 quam
2665 1563 2854 1616 eadem
2911 1563 2988 1616 illi
3031 1559 3152 1631 qua:
3186 1561 3288 1617 sibi
3338 1567 3476 1616 bona
3514 1563 3675 1618 velle.

2099 1645 2298 1719 Diliges
2347 1649 2517 1715 enim,
2557 1654 2656 1716 ait,
2696 1654 2998 1722 proximum
3031 1641 3179 1708 tuum
3213 1656 3344 1707 sicut
3395 1666 3442 1707 ιε
3483 1657 3679 1726 ipsum,

2101 1741 2224 1810 plus
2273 1741 2378 1798 lio'c
2435 1759 2546 1797 non
2582 1747 2814 1815 requirit
2860 1763 2888 1800 a
2932 1747 3089 1802 nobis
3144 1747 3309 1808 Deus,
3369 1750 3528 1817 quasi
3577 1749 3679 1802 hoc

2101 1839 2378 1887 suinmum
2410 1835 2482 1888 sit
2508 1837 2724 1906 signum
2763 1835 3070 1894 charitatis.
3115 1837 3303 1905 Neque
3329 1855 3414 1891 tne
3437 1855 3502 1892 ex
3531 1840 3685 1907 igno-

419 1903 664 1988 centium
719 1903 1022 1988 insularum
1059 1903 1372 1986 cultoribus
1413 1929 1677 1984 duntaxat
1726 1927 1992 1997 exceptis,
2031 1903 2072 1960 Β
2105 1923 2306 1987 Parilia.
2337 1925 2424 1978 vel
2457 1924 2735 1995 imperitia
2775 1945 2802 1980 a
2853 1927 3109 1992 veritate,
3147 1938 3204 1980 ut
3233 1929 3496 1995 arbitror,
3534 1930 3682 1984 dice-

420 2025 558 2078 alios
588 2031 718 2078 ante
748 2033 994 2088 centum,
1027 2024 1167 2078 alios
1189 2023 1334 2078 enim
1365 2021 1770 2092 quinquaginta
1795 2031 1853 2076 et
1888 2036 2002 2074 am-

421 2117 565 2186 plius
600 2131 794 2180 annos,
832 2133 899 2172 ne
935 2103 1224 2172 nominare
1255 2116 1480 2186 quidem
1539 2123 1808 2170 noverant
1862 2114 2004 2169 Scri-

421 2219 640 2280 pturam
673 2224 908 2273 sacram,
937 2224 1042 2264 nec
1081 2209 1202 2278 ejus
1233 2207 1506 2262 volumina
1537 2221 1848 2260 numerare.
1873 2205 2004 2259 Nul-

420 2300 534 2356 lum
583 2300 744 2356 ﬁdele
790 2300 986 2370 dogma
1033 2299 1303 2362 sciebant,
1349 2298 1558 2354 nullam
1609 2299 1997 2368 quaestionem,

419 2394 628 2446 nullam
681 2392 748 2447 de
791 2408 888 2459 spe
938 2391 1137 2446 futura:
1168 2392 1294 2444 vitae,
1329 2392 1637 2456 rationem;
1687 2389 1740 2442 in
1787 2405 2002 2443 summa

423 2483 562 2537 nihil
596 2499 788 2537 eorum
819 2499 942 2553 qua:
965 2484 1016 2538 in
1055 2482 1349 2553 Evangelio
1393 2483 1676 2550 leguntur,
1728 2481 2001 2550 intellige-

425 2575 576 2629 bant.
618 2576 954 2646 Presbyteri,
1007 2591 1326 2645 quanquam
1371 2575 1504 2630 illud
1551 2575 1772 2630 assidue
1823 2574 2004 2643 legen-

423 2676 526 2733 tes,
561 2683 670 2722 non
705 2670 890 2723 minus
919 2684 1084 2737 quam
1123 2669 1304 2724 caeteri
1335 2667 1502 2722 rudes
1533 2676 1730 2732 erant;
1772 2681 1878 2722 nec
1919 2668 2002 2721 in-

423 2769 634 2830 tegrum
667 2762 886 2830 quidem
915 2761 1186 2816 habebant
1214 2761 1598 2830 Evangelium,
1623 2761 1718 2816 sed
1750 2748 2000 2830 quaedam

421 2851 540 2919 ejus
583 2851 904 2918 fragmenta,
947 2867 1068 2920 quae
1113 2852 1216 2918 legi
1273 2850 1328 2904 in
1375 2852 1623 2906 ecclesiis
1667 2853 1848 2907 solent
1917 2866 2004 2906 sc-

426 2945 594 2998 miesa
633 2945 1125 2999 circumferebant.
1153 2945 1216 2998 Et
1244 2945 1711 3014 quemadmodum
1752 2947 2000 3016 psittaei,

422 3037 641 3106 aliaque
673 3037 948 3107 ejusmodi
975 3039 1236 3092 animalia
1266 3039 1456 3092 Conari
1493 3039 1815 3108 aliquando,
1838 3049 2004 3110 atque

423 3130 686 3199 efﬁngere
731 3131 852 3185 sine
903 3131 1186 3185 intellectu
1233 3142 1420 3187 nostra
1480 3135 1649 3187 verba
1694 3149 2004 3188 consueve-

2108 2013 2175 2069 tis
2212 2015 2525 2082 aberrasse,
2560 2033 2684 2072 cum
2713 2034 2796 2072 me
2827 2021 3016 2074 sciatis
3043 2035 3072 2074 a
3099 2021 3304 2076 teneris
3330 2025 3490 2076 annis
3519 2039 3683 2078 onine

2111 2105 2229 2158 vitae
2273 2120 2409 2160 mese
2459 2115 2677 2176 tempus
2713 2108 2767 2162 in
2817 2108 3128 2162 litterarum
3181 2111 3378 2164 studiis
3427 2127 3686 2166 consum-

2103 2197 2302 2265 psisse,
2363 2189 2689 2270 summaque
2747 2215 2911 2269 Opera
2979 2215 3042 2254 ac
3079 2201 3362 2272 diligentia
3408 2203 3557 2269 huic,
3615 2202 3684 2256 de

2104 2303 2213 2358 quo
2263 2289 2567 2358 loquimur,
2617 2292 2859 2361 dogmati
2916 2293 3261 2362 incubuisse,
3305 2308 3360 2349 et
3409 2308 3676 2368 quantum

2106 2379 2222 2434 ﬁeri
2249 2383 2429 2452 potuit
2453 2383 2816 2454 investigasse
2851 2387 3162 2440 veritatem.
3197 2387 3336 2452 Quid
3366 2390 3511 2442 enim
3536 2390 3682 2444 aliud

2105 2473 2308 2544 eligere
2363 2475 2464 2530 sibi
2515 2479 2699 2546 potuit
2739 2479 2924 2544 homo,
2976 2481 3068 2546 qui
3125 2481 3191 2534 ab
3246 2482 3469 2536 ineunte
3523 2493 3684 2537 aetate

2107 2567 2330 2635 propria
2368 2569 2656 2624 abdicatus
2721 2571 3002 2625 voluntate
3055 2573 3107 2626 in
3162 2574 3469 2628 humilitafe
3521 2586 3684 2645 ςιιιιιιρ

2106 2656 2420 2716 obedientia
2476 2655 2716 2728 vixerit,
2767 2676 2820 2718 ct
2864 2669 2954 2736 qui
3000 2667 3138 2736 (sine
3180 2669 3444 2738 jactantia
3477 2671 3682 2724 dietum

2106 2753 2198 2824 sit)
2237 2751 2407 2810 multa
2435 2753 2502 2810 de
2533 2751 2776 2812 vanitate
2807 2761 3022 2824 mundi,
3055 2761 3122 2814 de
3150 2763 3540 2818 emendatione
3571 2781 3685 2820 mo—

2107 2859 2253 2906 rum,
2287 2845 2352 2898 de
2401 2847 2668 2914 pranniis,
2713 2847 2796 2900 vel
2839 2850 3018 2920 pinnis
3054 2855 3280 2906 a-lcrnis
3319 2854 3533 2920 legerit,
3585 2871 3685 2908 au-
3743 2851 3776 2884 "

2107 2933 2292 3000 dierit,
2330 2935 2644 3005 scripserit,
2682 2955 2844 3012 quam
2881 2942 3050 2994 rectis
3098 2943 3353 3014 verisque
3392 2947 3686 3001 sententiis

2108 3024 2254 3079 alere
2299 3027 2582 3095 animum,
2631 3038 2686 3084 et
2737 3029 3016 3086 inventam
3053 3033 3179 3086 ﬁdei
3230 3036 3518 3090 veritatem
3572 3055 3688 3092 aut.

2107 3115 2310 3186 plecti?
2342 3117 2519 3186 Quam
2549 3132 2697 3176 certe
2744 3137 2810 3176 eo
2847 3124 3023 3194 pluris
3053 3141 3220 3194 quam
3253 3137 3412 3182 antea
3457 3129 3514 3183 in
3554 3147 3690 3199 pra!-

424 3217 572 3289 ηηη.
627 3225 698 3281 ita
750 3225 806 3279 hi
857 3229 1047 3280 Vocem
1079 3227 1300 3295 quidem
1346 3227 1674 3286 eminebam
1730 3228 1998 3292 cumam.
2035 3245 2076 3302 ο
2112 3211 2288 3302 sentia
2316 3211 2574 3302 iacimus,
2606 3230 2716 3285 quo
2743 3217 2918 3285 magis
2945 3218 3368 3286 ingravescente
3391 3223 3502 3292 jam
3527 3233 3687 3279 aetate

424 3317 854 3385 lectitabantque
901 3332 962 3370 ea
1004 3317 1206 3380 solum,
1250 3333 1372 3386 quae
1428 3319 1634 3388 scripta
1682 3330 1865 3384 erant,
1903 3337 2004 3396 nec

425 3409 543 3462 sine
593 3407 880 3472 barbarie;
921 3423 1114 3460 eorum
1165 3423 1296 3463 vero
1353 3425 1474 3478 quae
1523 3411 1780 3480 legebant
1861 3413 2004 3469 nihil

425 3493 652 3569 prorsus
697 3501 1070 3570 percipiebat»
1131 3501 1336 3574 [deest].
1390 3503 1812 3574 Recognoscite,
1851 3525 2005 3563 reco-

424 3593 672 3659 gnoscite
702 3591 1024 3661 aliquando,
1049 3592 1271 3653 fratres,
1296 3604 1462 3661 caput
1491 3595 1886 3660 Ecclesiarum,
1914 3615 2006 3654 ca-

426 3681 676 3736 thedram
707 3682 872 3736 Petri.
913 3683 1312 3751 Recognoscite
1345 3693 1578 3738 matrem
1615 3695 1882 3749 vestram,
1919 3697 2003 3741 at-

425 3788 532 3840 que
559 3761 1324 3842 magistram,'ampleCtimini
1361 3773 1528 3830 ﬁdem
1567 3779 1875 3846 apostolico
1904 3788 2002 3834 ere

427 3861 740 3930 laudatam;
788 3865 918 3920 inde
961 3867 1158 3922 anima:
1208 3877 1406 3922 vestrae
1463 3869 1736 3939 poStulate
1789 3872 1998 3936 cibum,

429 3957 555 4010 inde
591 3955 820 4024 qttzurile
871 3958 1190 4012 consilium.
1227 3959 1284 4013 Si
1340 3959 1626 4015 doetoru’m
1681 3965 1998 4018 nostrorum

427 4049 598 4102 libros
623 4050 963 4122 cvolveritis,
999 4050 1043 4102 si
1077 4050 1284 4118 scripta
1325 4059 1516 4104 eorum
1553 4052 1846 4120 diligenter
1871 4063 2003 4108 con-

425 4139 824 4202 sideraveritis,
845 4139 1144 4194 invenietis
1174 4139 1476 4196 Romanam
1505 4141 1806 4198 Eeclesiam
1833 4142 1999 4213 supra

427 4239 656 4286 ’caateras
694 4243 912 4286 omnem
951 4241 1278 4301 potestatem
1313 4233 1540 4298 habere,
1571 4247 1628 4290 et
1667 4237 1740 4290 ita
1775 4223 2002 4292 univer-

428 4339 500 4378 sae
537 4335 773 4390 praeesse
825 4323 1102 4386 Ecclesize,
1139 4333 1198 4378 ut
1244 4325 1450 4393 absque
1504 4326 1622 4395 ejus
1669 4329 2000 4384 auctoritate

429 4416 576 4469 nulla
635 4429 859 4484 prorsus
903 4416 1279 4474 ecclesiasﬁca
1315 4419 1550 4484 quaestio
1583 4421 1749 4484 solvi,
1786 4423 1998 4476 nullum

431 4506 626 4574 dogma
675 4505 954 4570 concludi,
989 4517 1085 4560 aut
1113 4508 1304 4576 possit,
1343 4519 1440 4562 aut
1478 4510 1697 4564 debeat.
1746 4511 1874 4568 liirc
1918 4524 2002 4568 est

2111 3301 2462 3369 multiplicati
2518 3306 2769 3384 corporis
2805 3310 2982 3362 morbi
3035 3315 3268 3366 mortem
3319 3315 3454 3368 mihi
3504 3318 3688 3386 quoti~

2110 3391 2198 3446 die
2253 3394 2553 3460 initiantur,
2611 3409 2667 3452 et
2715 3400 2880 3454 vitam
2925 3402 3088 3456 taedio
3135 3417 3256 3458 esse
3285 3404 3516 3462 faciunt.
3563 3409 3690 3466 Scio

2107 3495 2258 3540 certe
2289 3485 2514 3555 fratres,
2544 3499 2600 3546 et
2625 3489 2816 3546 Patres
2838 3535 2851 3554 ,
2885 3503 2939 3547 et
2972 3495 3086 3550 scio
3123 3497 3220 3551 filii
3268 3499 3321 3552 in
3358 3499 3581 3558 Christo
3607 3503 3690 3556 di-

2107 3579 2258 3644 lecti,
2297 3597 2404 3636 non
2444 3583 2676 3640 multum
2710 3601 2830 3642 esse
2871 3589 3019 3658 quod
3053 3589 3216 3645 nobis
3252 3603 3507 3658 superest
3541 3595 3685 3662 vitai,

2107 3672 2308 3742 etjam
2346 3682 2562 3744 tempus
2615 3689 2816 3732 ιιιιδῐηιξ
2877 3678 3236 3735 resolutionis
3291 3681 3492 3746 instat,
3552 3699 3684 3754 quo,

2110 3767 2170 3816 ut
2202 3762 2481 3832 sapientes
2519 3767 2696 3835 aiunt,
2735 3768 2964 3824 advenit
3005 3769 3324 3826 hominibus
3375 3773 3543 3826 timor
3593 3791 3688 3828 ra-

2107 3869 2228 3908 rum
2269 3872 2477 3922 rerum,
2526 3863 2661 3928 quas
2716 3871 2874 3916 antea
2909 3863 3206 3919 formidare
3253 3881 3362 3920 non
3410 3867 3682 3922 solt-bant.

2112 3945 2310 4001 Vident
2342 3949 2490 4004 enim
2523 3953 2972 4024 apprOpinquare
3001 3955 3146 4012 diem
3178 3996 3192 4020 ,
3225 3973 3337 4028 quo
3369 3960 3554 4014 omnis
3583 3977 3687 4016 an-

2109 4048 2299 4093 [cnctae
2347 4043 2469 4098 vita:
2515 4045 2793 4100 reddenda
2823 4046 2896 4102 sit
2944 4048 3106 4104 ratio.
3159 4049 3242 4104 Me
3293 4051 3515 4121 quidem
3576 4071 3686 4124 quo

2107 4134 2280 4202 magis
2319 4135 2493 4190 vicina
2529 4147 2612 4194 est
2653 4155 2822 4204 mors,
2853 4155 2918 4194 eo
2963 4143 3138 4212 magis
3188 4147 3508 4199 consolatur
3541 4147 3684 4203 inte—

2105 4229 2277 4298 gritas
2315 4228 2464 4284 ﬁdei.
2503 4227 2676 4301 Spero
2729 4232 2876 4287 enim
2926 4235 2998 4290 id.
3036 4236 3178 4304 quod.
3217 4255 3280 4291 (ιι
3313 4241 3579 4308 operibus
3617 4243 3682 4296 ad

2105 4319 2340 4374 salutem
2401 4321 2602 4376 uniuni:
2652 4327 2787 4379 mea:
2845 4324 3058 4388 deerit,
3097 4327 3220 4382 ﬁdei
3259 4334 3487 4388 veritate
3523 4349 3686 4401 posse

2107 4411 2378 4478 suppleri.
2423 4413 2506 4468 οι)
2563 4414 2703 4469 hanc
2765 4433 2985 4472 causam
3023 4422 3264 4488 Spretis.
3319 4435 3374 4478 et
3433 4438 3684 4480 conteru-

2107 4503 2216 4572 ptis
2271 4505 2608 4576 honoribus,
2670 4508 2712 4566 si
2765 4521 2906 4580 quos
2953 4515 3097 4582 apud
3134 4532 3228 4570 vos
3283 4517 3449 4572 habui
3496 4521 3682 4588 (habui

431 4589 522 4652 illa
554 4606 728 4665 petra,
771 4603 936 4664 supra
985 4609 1148 4667 quam
1195 4597 1450 4656 Christus
1501 4617 1652 4655 suam
1705 4605 1999 4660 aedificavit

2108 4606 2290 4650 autem
2321 4613 2421 4652 nec
2455 4607 2688 4668 parvos,
2744 4599 2847 4658 nec
2884 4601 3109 4674 paucos)
3166 4617 3313 4664 totus
3364 4613 3504 4666 hanc
3559 4613 3682 4668 fidei

429 4688 728 4743 Ecclesium
761 4707 774 4742 :
811 4689 926 4744 [nec
973 4699 1076 4748 est,
1129 4707 1250 4759 quae
1306 4691 1466 4744 ﬁdem
1523 4693 1671 4748 Petri
1719 4706 1889 4760 tenet,
1943 4707 2002 4751 et

431 4780 711 4848 pra-dicat.
757 4780 880 4834 llaec
915 4782 1028 4836 sola
1062 4791 1169 4844 est,
1205 4791 1474 4838 adversus
1511 4801 1673 4854 quam
1709 4800 1880 4855 portis
1917 4789 2001 4842 in-

431 4870 533 4924 feri
571 4881 677 4924 non
712 4873 1138 4940 praivalnermit.
1176 4875 1272 4927 llic
1298 4891 1516 4944 semper
1562 4891 1776 4937 serrata
1803 4890 1886 4933 est
1921 4885 2002 4934 in-

431 4961 689 5030 corrupta
727 4963 944 5016 Patrum
984 4967 1321 5032 auctoritas;
1371 4969 1460 5021 hic
1492 4967 1583 5021 Sol
1621 4971 1851 5038 jflSiillii.‘
1895 4973 2005 5026 ori-

433 5063 557 5122 tur;
589 5055 678 5109 hic
709 5055 823 5108 Lux
855 5057 1084 5122 mundi;
1125 5058 1214 5113 hic
1246 5058 1326 5112 sal
1361 5069 1562 5124 terrai;
1603 5061 1692 5116 hic
1714 5071 1842 5120 sunt
1879 5079 2004 5118 vasa

434 5163 600 5202 aurea
653 5158 710 5201 et
757 5161 1038 5216 argentea.
1075 5151 1401 5220 Quicunque
1446 5151 1578 5208 huic
1613 5167 1816 5210 sanctae
1851 5173 2006 5212 com-

435 5238 680 5289 munioni
731 5239 1148 5301 consociantur,
1207 5256 1368 5298 unam
1420 5257 1544 5296 cum
1594 5259 1657 5298 ea
1701 5245 2004 5310 Ecclesium

433 5330 681 5392 faciunt;
709 5329 802 5396 qui
849 5331 916 5384 ab
945 5347 1008 5384 ea
1054 5342 1182 5386 sunt
1211 5335 1470 5402 separati,
1519 5337 1754 5394 salutem
1799 5339 2006 5394 habere

439 5437 547 5476 non
594 5431 850 5488 possunt;
897 5424 990 5492 qui
1051 5425 1140 5484 hic
1199 5441 1306 5480 non
1369 5427 1660 5498 colligunt,
1711 5437 2000 5500 spargunt.

434 5512 756 5581 Quicunque
801 5523 952 5568 extra
993 5518 1133 5568 hanc
1187 5533 1386 5587 agnum
1425 5521 1746 5586 comedunt,
1785 5521 2002 5591 profani

432 5606 581 5654 sunt.
617 5597 671 5652 Si
700 5599 791 5669 qui
825 5599 878 5654 in
915 5601 1028 5656 Noe
1059 5619 1185 5658 arca
1225 5623 1330 5660 non
1367 5607 1593 5674 fuerint,
1629 5613 1888 5680 peribunt
1915 5630 2006 5670 re-

432 5703 634 5760 gnante
667 5693 896 5749 diluvio.
937 5693 1100 5747 Extra
1139 5697 1280 5752 ovile
1311 5699 1514 5754 ChriSti
1560 5703 1693 5757 salvi
1727 5721 1850 5760 esse
1887 5723 1996 5762 non

436 5791 702 5850 possunt;
742 5785 794 5837 in
844 5785 1002 5853 lupos
1061 5803 1304 5856 rapaces,
1353 5791 1404 5843 in
1454 5792 1603 5846 fures
1655 5795 2004 5867 latronesquc

433 5875 699 5930 inciderit.
753 5877 1206 5948 Quandoquidem
1262 5899 1484 5940 necesse
1521 5897 1628 5946 est.
1684 5889 1778 5960 qui
1837 5907 2000 5947 voces

2109 4687 2394 4742 vei-itazem
2437 4705 2554 4745 sum
2583 4693 2828 4750 secutus.
2865 4687 3137 4764 Equidem
3181 4698 3308 4754 d:co
3355 4704 3682 4769 scientibus,

2107 4785 2162 4830 et
2196 4777 2265 4833 iis
2299 4779 2390 4848 qui
2433 4791 2462 4838 a
2502 4783 2806 4840 scientibus
2857 4789 3176 4856 audierunt,
3227 4794 3586 4867 audientque,
3639 4802 3684 4852 si

2109 4871 2296 4928 volent
2325 4872 2380 4926 in
2409 4887 2688 4946 posterum
2727 4896 2742 4932 :
2773 4880 3269 4941 Adolescentuluni
3317 4905 3428 4954 nte,
3481 4903 3534 4946 et
3569 4895 3683 4962 pri—

2112 4977 2198 5016 ma
2231 4963 2414 5019 adhuc
2443 4966 2704 5038 lanugine
2753 4982 3061 5036 carentem,
3095 4977 3324 5045 plurimi
3370 4981 3683 5044 faciebatis.

2108 5052 2274 5108 etiam
2311 5055 2402 5124 qui
2452 5067 2740 5123 nunquam
2788 5079 2875 5116 me
2912 5065 3150 5127 vidistis,
3179 5080 3370 5124 notum
3413 5085 3533 5130 erat
3585 5092 3684 5128 no-

2111 5153 2237 5200 meo
2269 5163 2448 5202 meum
2479 5151 2742 5220 Omnibus
2788 5153 3030 5212 Griecam
3091 5159 3527 5232 intelligentibus
3577 5165 3686 5219 liii-

2107 5247 2288 5308 gua‘m.
2325 5244 2570 5298 nomium
2609 5257 2932 5315 quatuoret
2979 5251 3170 5320 viginti
3225 5271 3402 5310 annos
3449 5268 3612 5313 natus
3654 5275 3682 5312 a

2109 5330 2456 5401 principibus
2489 5337 2730 5394 nationis
2759 5351 2987 5407 nostrae,
3036 5360 3067 5398 ιι
3117 5346 3274 5402 vobis
3298 5347 3580 5412 omnibus,
3617 5351 3686 5408 ab

2109 5423 2238 5494 ipsis
2271 5425 2511 5496 denique
2560 5429 3012 5500 imperatoribus,
3049 5446 3104 5490 et
3137 5437 3368 5500 honore,
3415 5452 3472 5496 et
3505 5431 3696 5512 digni--

2109 5525 2218 5571 tate
2257 5534 2426 5588 supna
2471 5531 2688 5576 «etatem
2739 5526 3060 5582 estoltebar.
3098 5526 3500 5598 Praeponebant
3533 5537 3682 5590 enim

2107 5625 2214 5668 me,
2244 5625 2354 5664 non
2377 5611 2548 5678 modo
2579 5615 2883 5682 aequalibus
2931 5620 3084 5684 meis,
3142 5624 3236 5676 sed
3285 5625 3449 5680 etiam
3497 5631 3682 5688 senio-

2107 5703 2282 5764 ribus,
2314 5711 2371 5758 et
2409 5705 2764 5772 auctoritate,
2815 5712 3104 5780 gratiaque
3163 5717 3522 5784 pollentibus,
3573 5739 3682 5777 non

2106 5812 2223 5850 mea
2259 5798 2483 5864 virtute,
2513 5799 2610 5852 sed
2645 5815 2744 5854 sua
2773 5799 3046 5860 bonitate.
3081 5807 3346 5872 Quamvis
3375 5813 3524 5868 enim
3563 5832 3684 5871 ma-

2105 5909 2206 5963 gna
2243 5893 2348 5948 hoc
2381 5905 2628 5965 tempore
2661 5895 2715 5950 in
2740 5897 2946 5954 Christi
2977 5903 3220 5962 Ecclesia
3247 5907 3516 5981 dignitate
3549 5929 3680 5984 nnc-
