  <div class='ocr_page' id='page_1' title='image "/cluster/home/n/w/nwhite01/storage/ocr_20150623/161/coo.31924054870666/333.png"; bbox 0 0 4086 6414; ppageno 0'>
   <div class='ocr_carea' id='block_1_1' title="bbox 464 417 568 486">
    <p class='ocr_par' dir='ltr' id='par_1_1' title="bbox 464 417 568 486">
     <span class='ocr_line' id='line_1_1' title="bbox 464 417 568 486; baseline 0.01 -1"><span class='ocrx_word' id='word_1_1' title='bbox 464 417 568 486; x_wconf 60' lang='grc' dir='ltr'><strong>ᾸΞἿ</strong></span> 
     </span>
    </p>
   </div>
   <div class='ocr_carea' id='block_1_2' title="bbox 1419 405 2767 480">
    <p class='ocr_par' dir='ltr' id='par_1_2' title="bbox 1419 405 2767 480">
     <span class='ocr_line' id='line_1_2' title="bbox 1419 405 2767 480; baseline -0.007 0"><span class='ocrx_word' id='word_1_2' title='bbox 1419 415 1928 480; x_wconf 77' lang='lat' dir='ltr'><strong>BESSARIONIS</strong></span> <span class='ocrx_word' id='word_1_3' title='bbox 1963 413 2024 475; x_wconf 91' lang='lat' dir='ltr'><strong>S.</strong></span> <span class='ocrx_word' id='word_1_4' title='bbox 2071 413 2140 473; x_wconf 79' lang='grc' dir='ltr'><strong>Β.</strong></span> <span class='ocrx_word' id='word_1_5' title='bbox 2185 410 2256 473; x_wconf 86' lang='grc' dir='ltr'><strong>Ε.</strong></span> <span class='ocrx_word' id='word_1_6' title='bbox 2299 405 2767 471; x_wconf 78' lang='lat' dir='ltr'><strong>CARDINALIS</strong></span> 
     </span>
    </p>
   </div>
   <div class='ocr_carea' id='block_1_3' title="bbox 3621 407 3728 474">
    <p class='ocr_par' dir='ltr' id='par_1_3' title="bbox 3621 407 3728 474">
     <span class='ocr_line' id='line_1_3' title="bbox 3621 407 3728 474; baseline 0.028 -4"><span class='ocrx_word' id='word_1_7' title='bbox 3621 407 3728 474; x_wconf 70' lang='lat'><strong>488</strong></span> 
     </span>
    </p>
   </div>
   <div class='ocr_carea' id='block_1_4' title="bbox 462 496 3727 606">
    <p class='ocr_par' dir='ltr' id='par_1_4' title="bbox 462 496 3727 606">
     <span class='ocr_line' id='line_1_4' title="bbox 462 496 3727 606; baseline -0.002 -15"><span class='ocrx_word' id='word_1_8' title='bbox 462 496 724 606; x_wconf 64' lang='lat' dir='ltr'><strong>fulgeant,</strong></span> <span class='ocrx_word' id='word_1_9' title='bbox 768 547 1103 605; x_wconf 84' lang='lat' dir='ltr'><strong>magnosque</strong></span> <span class='ocrx_word' id='word_1_10' title='bbox 1157 542 1214 590; x_wconf 91' lang='lat' dir='ltr'><strong>et</strong></span> <span class='ocrx_word' id='word_1_11' title='bbox 1248 531 1410 604; x_wconf 85' lang='lat' dir='ltr'><strong>longe</strong></span> <span class='ocrx_word' id='word_1_12' title='bbox 1456 547 1621 603; x_wconf 83' lang='lat' dir='ltr'><strong>supra</strong></span> <span class='ocrx_word' id='word_1_13' title='bbox 1661 531 1856 586; x_wconf 87' lang='lat' dir='ltr'><strong>merita</strong></span> <span class='ocrx_word' id='word_1_14' title='bbox 1919 543 2036 583; x_wconf 88' lang='lat' dir='ltr'><strong>mea</strong></span> <span class='ocrx_word' id='word_1_15' title='bbox 2069 533 2120 595; x_wconf 74' lang='grc' dir='ltr'><strong>Α</strong></span> <span class='ocrx_word' id='word_1_16' title='bbox 2142 524 2273 580; x_wconf 91' lang='lat' dir='ltr'><strong>olim</strong></span> <span class='ocrx_word' id='word_1_17' title='bbox 2305 523 2373 581; x_wconf 91' lang='lat' dir='ltr'><strong>de</strong></span> <span class='ocrx_word' id='word_1_18' title='bbox 2401 523 2504 579; x_wconf 89' lang='lat' dir='ltr'><strong>hac</strong></span> <span class='ocrx_word' id='word_1_19' title='bbox 2533 539 2588 579; x_wconf 93' lang='lat' dir='ltr'><strong>re</strong></span> <span class='ocrx_word' id='word_1_20' title='bbox 2619 525 2929 579; x_wconf 88' lang='lat' dir='ltr'><strong>orationem</strong></span> <span class='ocrx_word' id='word_1_21' title='bbox 2965 521 3264 586; x_wconf 89' lang='lat' dir='ltr'><strong>edidimus,</strong></span> <span class='ocrx_word' id='word_1_22' title='bbox 3287 523 3727 584; x_wconf 73' lang='lat' dir='ltr'><strong>manifestissime</strong></span> 
     </span>
    </p>
   </div>
   <div class='ocr_carea' id='block_1_5' title="bbox 445 624 2035 698">
    <p class='ocr_par' dir='ltr' id='par_1_5' title="bbox 445 624 2035 698">
     <span class='ocr_line' id='line_1_5' title="bbox 445 624 2035 698; baseline -0.003 -16"><span class='ocrx_word' id='word_1_23' title='bbox 445 631 698 698; x_wconf 47' lang='lat' dir='ltr'><strong>,adeptus</strong></span> <span class='ocrx_word' id='word_1_24' title='bbox 731 627 832 683; x_wconf 92' lang='lat' dir='ltr'><strong>sim</strong></span> <span class='ocrx_word' id='word_1_25' title='bbox 885 628 1144 691; x_wconf 87' lang='lat' dir='ltr'><strong>honores,</strong></span> <span class='ocrx_word' id='word_1_26' title='bbox 1193 635 1375 680; x_wconf 90' lang='lat' dir='ltr'><strong>tamen</strong></span> <span class='ocrx_word' id='word_1_27' title='bbox 1436 624 1552 682; x_wconf 72' lang='lat' dir='ltr'><strong>hzec</strong></span> <span class='ocrx_word' id='word_1_28' title='bbox 1606 625 1790 680; x_wconf 81' lang='lat' dir='ltr'><strong>omnia</strong></span> <span class='ocrx_word' id='word_1_29' title='bbox 1843 633 2035 694; x_wconf 91' lang='lat' dir='ltr'><strong>postea</strong></span> 
     </span>
    </p>
   </div>
   <div class='ocr_carea' id='block_1_6' title="bbox 463 716 2038 784">
    <p class='ocr_par' dir='ltr' id='par_1_6' title="bbox 463 716 2038 784">
     <span class='ocr_line' id='line_1_6' title="bbox 463 716 2038 784; baseline -0.003 -7"><span class='ocrx_word' id='word_1_30' title='bbox 463 732 594 778; x_wconf 88' lang='lat' dir='ltr'><strong>sunt</strong></span> <span class='ocrx_word' id='word_1_31' title='bbox 621 730 830 784; x_wconf 89' lang='lat' dir='ltr'><strong>secuta,</strong></span> <span class='ocrx_word' id='word_1_32' title='bbox 881 726 1020 772; x_wconf 86' lang='lat' dir='ltr'><strong>etut</strong></span> <span class='ocrx_word' id='word_1_33' title='bbox 1072 716 1215 773; x_wconf 86' lang='lat' dir='ltr'><strong>Deus</strong></span> <span class='ocrx_word' id='word_1_34' title='bbox 1244 717 1493 773; x_wconf 89' lang='lat' dir='ltr'><strong>omnium</strong></span> <span class='ocrx_word' id='word_1_35' title='bbox 1551 732 1736 772; x_wconf 90' lang='lat' dir='ltr'><strong>rerum</strong></span> <span class='ocrx_word' id='word_1_36' title='bbox 1783 716 2038 772; x_wconf 90' lang='lat' dir='ltr'><strong>conscius</strong></span> 
     </span>
    </p>
   </div>
   <div class='ocr_carea' id='block_1_7' title="bbox 463 795 2040 878">
    <p class='ocr_par' dir='ltr' id='par_1_7' title="bbox 463 795 2040 878">
     <span class='ocr_line' id='line_1_7' title="bbox 463 795 2040 878; baseline 0.001 -17"><span class='ocrx_word' id='word_1_37' title='bbox 463 809 668 878; x_wconf 74' lang='lat' dir='ltr'><strong>optime</strong></span> <span class='ocrx_word' id='word_1_38' title='bbox 703 807 876 873; x_wconf 83' lang='lat' dir='ltr'><strong>novit,</strong></span> <span class='ocrx_word' id='word_1_39' title='bbox 916 822 1095 876; x_wconf 90' lang='lat' dir='ltr'><strong>neque</strong></span> <span class='ocrx_word' id='word_1_40' title='bbox 1123 815 1439 877; x_wconf 57' lang='lat' dir='ltr'><strong>expectata</strong></span> <span class='ocrx_word' id='word_1_41' title='bbox 1483 822 1514 862; x_wconf 87' lang='lat' dir='ltr'><strong>a</strong></span> <span class='ocrx_word' id='word_1_42' title='bbox 1548 821 1658 870; x_wconf 90' lang='lat' dir='ltr'><strong>me,</strong></span> <span class='ocrx_word' id='word_1_43' title='bbox 1705 821 1885 877; x_wconf 90' lang='lat' dir='ltr'><strong>neque</strong></span> <span class='ocrx_word' id='word_1_44' title='bbox 1912 795 2040 876; x_wconf 75' lang='lat' dir='ltr'><strong>ape-</strong></span> 
     </span>
    </p>
   </div>
   <div class='ocr_carea' id='block_1_8' title="bbox 465 895 2038 966">
    <p class='ocr_par' dir='ltr' id='par_1_8' title="bbox 465 895 2038 966">
     <span class='ocr_line' id='line_1_8' title="bbox 465 895 2038 966; baseline -0.002 -15"><span class='ocrx_word' id='word_1_45' title='bbox 465 907 604 952; x_wconf 89' lang='lat' dir='ltr'><strong>rata.</strong></span> <span class='ocrx_word' id='word_1_46' title='bbox 641 896 716 950; x_wconf 77' lang='lat' dir='ltr'><strong>At</strong></span> <span class='ocrx_word' id='word_1_47' title='bbox 746 895 892 950; x_wconf 91' lang='lat' dir='ltr'><strong>enim</strong></span> <span class='ocrx_word' id='word_1_48' title='bbox 925 896 1156 951; x_wconf 72' lang='lat' dir='ltr'><strong>fortasse</strong></span> <span class='ocrx_word' id='word_1_49' title='bbox 1192 895 1299 950; x_wconf 89' lang='lat' dir='ltr'><strong>dici</strong></span> <span class='ocrx_word' id='word_1_50' title='bbox 1350 912 1460 950; x_wconf 90' lang='lat' dir='ltr'><strong>non</strong></span> <span class='ocrx_word' id='word_1_51' title='bbox 1490 895 1771 951; x_wconf 89' lang='lat' dir='ltr'><strong>immerito</strong></span> <span class='ocrx_word' id='word_1_52' title='bbox 1819 910 2038 966; x_wconf 89' lang='lat' dir='ltr'><strong>possem</strong></span> 
     </span>
    </p>
   </div>
   <div class='ocr_carea' id='block_1_9' title="bbox 467 986 2037 1058">
    <p class='ocr_par' dir='ltr' id='par_1_9' title="bbox 467 986 2037 1058">
     <span class='ocr_line' id='line_1_9' title="bbox 467 986 2037 1058; baseline -0.001 -16"><span class='ocrx_word' id='word_1_53' title='bbox 467 989 672 1058; x_wconf 88' lang='lat' dir='ltr'><strong>majora</strong></span> <span class='ocrx_word' id='word_1_54' title='bbox 709 987 800 1042; x_wconf 91' lang='lat' dir='ltr'><strong>illa</strong></span> <span class='ocrx_word' id='word_1_55' title='bbox 837 1003 959 1058; x_wconf 71' lang='lat' dir='ltr'><strong>qua:</strong></span> <span class='ocrx_word' id='word_1_56' title='bbox 1003 987 1149 1057; x_wconf 91' lang='lat' dir='ltr'><strong>apud</strong></span> <span class='ocrx_word' id='word_1_57' title='bbox 1193 1003 1294 1042; x_wconf 87' lang='lat' dir='ltr'><strong>vos</strong></span> <span class='ocrx_word' id='word_1_58' title='bbox 1343 987 1534 1042; x_wconf 86' lang='lat' dir='ltr'><strong>habui.</strong></span> <span class='ocrx_word' id='word_1_59' title='bbox 1581 986 2037 1057; x_wconf 87' lang='lat' dir='ltr'><strong>Quandoquidem</strong></span> 
     </span>
    </p>
   </div>
   <div class='ocr_carea' id='block_1_10' title="bbox 463 1079 2037 1150">
    <p class='ocr_par' dir='ltr' id='par_1_10' title="bbox 463 1079 2037 1150">
     <span class='ocr_line' id='line_1_10' title="bbox 463 1079 2037 1150; baseline -0.002 -14"><span class='ocrx_word' id='word_1_60' title='bbox 463 1081 580 1136; x_wconf 91' lang='lat' dir='ltr'><strong>illic</strong></span> <span class='ocrx_word' id='word_1_61' title='bbox 611 1081 770 1136; x_wconf 80' lang='lat' dir='ltr'><strong>facile</strong></span> <span class='ocrx_word' id='word_1_62' title='bbox 819 1081 963 1134; x_wconf 87' lang='lat' dir='ltr'><strong>inter</strong></span> <span class='ocrx_word' id='word_1_63' title='bbox 1008 1081 1217 1150; x_wconf 89' lang='lat' dir='ltr'><strong>primos</strong></span> <span class='ocrx_word' id='word_1_64' title='bbox 1262 1079 1690 1145; x_wconf 87' lang='lat' dir='ltr'><strong>adnumerabar,</strong></span> <span class='ocrx_word' id='word_1_65' title='bbox 1745 1079 1838 1135; x_wconf 88' lang='lat' dir='ltr'><strong>hic</strong></span> <span class='ocrx_word' id='word_1_66' title='bbox 1884 1094 2037 1146; x_wconf 84' lang='lat' dir='ltr'><strong>vero,</strong></span> 
     </span>
    </p>
   </div>
   <div class='ocr_carea' id='block_1_11' title="bbox 464 1171 2042 1242">
    <p class='ocr_par' dir='ltr' id='par_1_11' title="bbox 464 1171 2042 1242">
     <span class='ocr_line' id='line_1_11' title="bbox 464 1171 2042 1242; baseline 0 -16"><span class='ocrx_word' id='word_1_67' title='bbox 464 1189 590 1226; x_wconf 88' lang='lat' dir='ltr'><strong>cum</strong></span> <span class='ocrx_word' id='word_1_68' title='bbox 626 1173 781 1226; x_wconf 91' lang='lat' dir='ltr'><strong>multi</strong></span> <span class='ocrx_word' id='word_1_69' title='bbox 810 1173 942 1232; x_wconf 89' lang='lat' dir='ltr'><strong>sint.</strong></span> <span class='ocrx_word' id='word_1_70' title='bbox 998 1171 1110 1226; x_wconf 88' lang='lat' dir='ltr'><strong>imo</strong></span> <span class='ocrx_word' id='word_1_71' title='bbox 1153 1186 1291 1242; x_wconf 91' lang='lat' dir='ltr'><strong>pene</strong></span> <span class='ocrx_word' id='word_1_72' title='bbox 1327 1171 1782 1236; x_wconf 84' lang='lat' dir='ltr'><strong>innumerabiles,</strong></span> <span class='ocrx_word' id='word_1_73' title='bbox 1813 1172 1908 1242; x_wconf 87' lang='lat' dir='ltr'><strong>qui</strong></span> <span class='ocrx_word' id='word_1_74' title='bbox 1955 1186 2042 1226; x_wconf 89' lang='lat' dir='ltr'><strong>me</strong></span> 
     </span>
    </p>
   </div>
   <div class='ocr_carea' id='block_1_12' title="bbox 465 1263 2042 1334">
    <p class='ocr_par' dir='ltr' id='par_1_12' title="bbox 465 1263 2042 1334">
     <span class='ocr_line' id='line_1_12' title="bbox 465 1263 2042 1334; baseline 0.001 -15"><span class='ocrx_word' id='word_1_75' title='bbox 465 1265 761 1334; x_wconf 91' lang='lat' dir='ltr'><strong>sapientia,</strong></span> <span class='ocrx_word' id='word_1_76' title='bbox 815 1264 1114 1328; x_wconf 81' lang='lat' dir='ltr'><strong>doctrina,</strong></span> <span class='ocrx_word' id='word_1_77' title='bbox 1155 1264 1482 1332; x_wconf 85' lang='lat' dir='ltr'><strong>eaeterisque</strong></span> <span class='ocrx_word' id='word_1_78' title='bbox 1533 1263 1832 1320; x_wconf 66' lang='lat' dir='ltr'><strong>virtutibus</strong></span> <span class='ocrx_word' id='word_1_79' title='bbox 1889 1275 2042 1320; x_wconf 80' lang='lat' dir='ltr'><strong>ante-</strong></span> 
     </span>
    </p>
   </div>
   <div class='ocr_carea' id='block_1_13' title="bbox 465 1355 2041 1426">
    <p class='ocr_par' dir='ltr' id='par_1_13' title="bbox 465 1355 2041 1426">
     <span class='ocr_line' id='line_1_13' title="bbox 465 1355 2041 1426; baseline -0.001 -14"><span class='ocrx_word' id='word_1_80' title='bbox 465 1358 694 1422; x_wconf 82' lang='lat' dir='ltr'><strong>eeiiunt,</strong></span> <span class='ocrx_word' id='word_1_81' title='bbox 724 1356 811 1410; x_wconf 79' lang='lat' dir='ltr'><strong>vix</strong></span> <span class='ocrx_word' id='word_1_82' title='bbox 848 1355 992 1410; x_wconf 90' lang='lat' dir='ltr'><strong>inter</strong></span> <span class='ocrx_word' id='word_1_83' title='bbox 1035 1365 1348 1426; x_wconf 88' lang='lat' dir='ltr'><strong>postremos</strong></span> <span class='ocrx_word' id='word_1_84' title='bbox 1377 1355 1557 1411; x_wconf 75' lang='lat' dir='ltr'><strong>habeo</strong></span> <span class='ocrx_word' id='word_1_85' title='bbox 1605 1357 1808 1410; x_wconf 92' lang='lat' dir='ltr'><strong>locum.</strong></span> <span class='ocrx_word' id='word_1_86' title='bbox 1839 1357 2041 1412; x_wconf 83' lang='lat' dir='ltr'><strong>Notum</strong></span> 
     </span>
    </p>
   </div>
   <div class='ocr_carea' id='block_1_14' title="bbox 465 1450 2041 1522">
    <p class='ocr_par' dir='ltr' id='par_1_14' title="bbox 465 1450 2041 1522">
     <span class='ocr_line' id='line_1_14' title="bbox 465 1450 2041 1522; baseline -0.001 -14"><span class='ocrx_word' id='word_1_87' title='bbox 465 1466 550 1508; x_wconf 83' lang='lat' dir='ltr'><strong>est</strong></span> <span class='ocrx_word' id='word_1_88' title='bbox 581 1463 764 1508; x_wconf 87' lang='lat' dir='ltr'><strong>autem</strong></span> <span class='ocrx_word' id='word_1_89' title='bbox 798 1451 932 1506; x_wconf 87' lang='lat' dir='ltr'><strong>illud</strong></span> <span class='ocrx_word' id='word_1_90' title='bbox 963 1450 1196 1506; x_wconf 76' lang='lat' dir='ltr'><strong>Romani</strong></span> <span class='ocrx_word' id='word_1_91' title='bbox 1233 1452 1495 1522; x_wconf 88' lang='lat' dir='ltr'><strong>principis</strong></span> <span class='ocrx_word' id='word_1_92' title='bbox 1533 1451 1761 1515; x_wconf 89' lang='lat' dir='ltr'><strong>dictum,</strong></span> <span class='ocrx_word' id='word_1_93' title='bbox 1795 1454 1888 1522; x_wconf 86' lang='lat' dir='ltr'><strong>qui</strong></span> <span class='ocrx_word' id='word_1_94' title='bbox 1919 1468 2041 1506; x_wconf 78' lang='lat' dir='ltr'><strong>cum</strong></span> 
     </span>
    </p>
   </div>
   <div class='ocr_carea' id='block_1_15' title="bbox 465 1543 2045 1613">
    <p class='ocr_par' dir='ltr' id='par_1_15' title="bbox 465 1543 2045 1613">
     <span class='ocr_line' id='line_1_15' title="bbox 465 1543 2045 1613; baseline -0.002 -13"><span class='ocrx_word' id='word_1_95' title='bbox 465 1554 616 1600; x_wconf 65' lang='lat' dir='ltr'><strong>esset</strong></span> <span class='ocrx_word' id='word_1_96' title='bbox 645 1543 1328 1600; x_wconf 84' lang='lat' dir='ltr'><strong>honorisstudiosissimus</strong></span> <span class='ocrx_word' id='word_1_97' title='bbox 1355 1544 1513 1599; x_wconf 87' lang='lat' dir='ltr'><strong>malle</strong></span> <span class='ocrx_word' id='word_1_98' title='bbox 1545 1561 1603 1600; x_wconf 91' lang='lat' dir='ltr'><strong>se</strong></span> <span class='ocrx_word' id='word_1_99' title='bbox 1627 1545 1845 1599; x_wconf 89' lang='lat' dir='ltr'><strong>dicebat</strong></span> <span class='ocrx_word' id='word_1_100' title='bbox 1869 1544 1922 1598; x_wconf 91' lang='lat' dir='ltr'><strong>in</strong></span> <span class='ocrx_word' id='word_1_101' title='bbox 1947 1559 2045 1613; x_wconf 85' lang='lat' dir='ltr'><strong>np-</strong></span> 
     </span>
    </p>
   </div>
   <div class='ocr_carea' id='block_1_16' title="bbox 466 1628 2043 1709">
    <p class='ocr_par' dir='ltr' id='par_1_16' title="bbox 466 1628 2043 1709">
     <span class='ocr_line' id='line_1_16' title="bbox 466 1628 2043 1709; baseline -0.001 -15"><span class='ocrx_word' id='word_1_102' title='bbox 466 1639 615 1708; x_wconf 89' lang='lat' dir='ltr'><strong>pido,</strong></span> <span class='ocrx_word' id='word_1_103' title='bbox 650 1639 902 1708; x_wconf 80' lang='lat' dir='ltr'><strong>quamvis</strong></span> <span class='ocrx_word' id='word_1_104' title='bbox 933 1628 1130 1692; x_wconf 83' lang='lat' dir='ltr'><strong>humili</strong></span> <span class='ocrx_word' id='word_1_105' title='bbox 1197 1647 1361 1707; x_wconf 88' lang='lat' dir='ltr'><strong>atque</strong></span> <span class='ocrx_word' id='word_1_106' title='bbox 1402 1637 1640 1692; x_wconf 91' lang='lat' dir='ltr'><strong>obscuro</strong></span> <span class='ocrx_word' id='word_1_107' title='bbox 1671 1638 1908 1709; x_wconf 86' lang='lat' dir='ltr'><strong>primum</strong></span> <span class='ocrx_word' id='word_1_108' title='bbox 1944 1638 2043 1692; x_wconf 87' lang='lat' dir='ltr'><strong>ha-</strong></span> 
     </span>
    </p>
   </div>
   <div class='ocr_carea' id='block_1_17' title="bbox 470 1729 2043 1800">
    <p class='ocr_par' dir='ltr' id='par_1_17' title="bbox 470 1729 2043 1800">
     <span class='ocr_line' id='line_1_17' title="bbox 470 1729 2043 1800; baseline -0.001 -16"><span class='ocrx_word' id='word_1_109' title='bbox 470 1731 604 1786; x_wconf 87' lang='lat' dir='ltr'><strong>bere</strong></span> <span class='ocrx_word' id='word_1_110' title='bbox 631 1731 837 1795; x_wconf 83' lang='lat' dir='ltr'><strong>locum,</strong></span> <span class='ocrx_word' id='word_1_111' title='bbox 869 1745 1032 1799; x_wconf 90' lang='lat' dir='ltr'><strong>quam</strong></span> <span class='ocrx_word' id='word_1_112' title='bbox 1069 1729 1124 1783; x_wconf 92' lang='lat' dir='ltr'><strong>in</strong></span> <span class='ocrx_word' id='word_1_113' title='bbox 1176 1729 1604 1798; x_wconf 86' lang='lat' dir='ltr'><strong>gloriosissima,</strong></span> <span class='ocrx_word' id='word_1_114' title='bbox 1647 1738 1811 1800; x_wconf 89' lang='lat' dir='ltr'><strong>atque</strong></span> <span class='ocrx_word' id='word_1_115' title='bbox 1860 1731 2043 1784; x_wconf 71' lang='lat' dir='ltr'><strong>excel-</strong></span> 
     </span>
    </p>
   </div>
   <div class='ocr_carea' id='block_1_18' title="bbox 469 1820 2041 1877">
    <p class='ocr_par' dir='ltr' id='par_1_18' title="bbox 469 1820 2041 1877">
     <span class='ocr_line' id='line_1_18' title="bbox 469 1820 2041 1877; baseline 0 -1"><span class='ocrx_word' id='word_1_116' title='bbox 469 1823 774 1876; x_wconf 77' lang='lat' dir='ltr'><strong>lentissima</strong></span> <span class='ocrx_word' id='word_1_117' title='bbox 808 1823 945 1876; x_wconf 68' lang='lat' dir='ltr'><strong>urbe</strong></span> <span class='ocrx_word' id='word_1_118' title='bbox 978 1820 1149 1877; x_wconf 76' lang='lat' dir='ltr'><strong>Roma</strong></span> <span class='ocrx_word' id='word_1_119' title='bbox 1176 1821 1483 1876; x_wconf 89' lang='lat' dir='ltr'><strong>secundum</strong></span> <span class='ocrx_word' id='word_1_120' title='bbox 1511 1837 1654 1876; x_wconf 85' lang='lat' dir='ltr'><strong>esse.</strong></span> <span class='ocrx_word' id='word_1_121' title='bbox 1691 1821 1865 1876; x_wconf 83' lang='lat' dir='ltr'><strong>liabet</strong></span> <span class='ocrx_word' id='word_1_122' title='bbox 1896 1823 2041 1876; x_wconf 87' lang='lat' dir='ltr'><strong>enim</strong></span> 
     </span>
    </p>
   </div>
   <div class='ocr_carea' id='block_1_19' title="bbox 2142 613 3726 683">
    <p class='ocr_par' dir='ltr' id='par_1_19' title="bbox 2142 613 3726 683">
     <span class='ocr_line' id='line_1_19' title="bbox 2142 613 3726 683; baseline 0.003 -12"><span class='ocrx_word' id='word_1_123' title='bbox 2142 616 2254 671; x_wconf 92' lang='lat' dir='ltr'><strong>illic</strong></span> <span class='ocrx_word' id='word_1_124' title='bbox 2309 615 2594 671; x_wconf 73' lang='lat' dir='ltr'><strong>veritatem</strong></span> <span class='ocrx_word' id='word_1_125' title='bbox 2629 615 2944 681; x_wconf 71' lang='lat' dir='ltr'><strong>invenietis,</strong></span> <span class='ocrx_word' id='word_1_126' title='bbox 3003 625 3059 671; x_wconf 89' lang='lat' dir='ltr'><strong>et</strong></span> <span class='ocrx_word' id='word_1_127' title='bbox 3113 615 3216 670; x_wconf 88' lang='lat' dir='ltr'><strong>nisi</strong></span> <span class='ocrx_word' id='word_1_128' title='bbox 3255 613 3520 683; x_wconf 84' lang='lat' dir='ltr'><strong>fallimur,</strong></span> <span class='ocrx_word' id='word_1_129' title='bbox 3582 619 3726 676; x_wconf 86' lang='lat' dir='ltr'><strong>idem</strong></span> 
     </span>
    </p>
   </div>
   <div class='ocr_carea' id='block_1_20' title="bbox 2143 707 3729 768">
    <p class='ocr_par' dir='ltr' id='par_1_20' title="bbox 2143 707 3729 768">
     <span class='ocr_line' id='line_1_20' title="bbox 2143 707 3729 768; baseline 0.003 -4"><span class='ocrx_word' id='word_1_130' title='bbox 2143 709 2432 764; x_wconf 86' lang='lat' dir='ltr'><strong>nobiscum</strong></span> <span class='ocrx_word' id='word_1_131' title='bbox 2465 708 2800 765; x_wconf 88' lang='lat' dir='ltr'><strong>fatebimini.</strong></span> <span class='ocrx_word' id='word_1_132' title='bbox 2831 707 3013 764; x_wconf 77' lang='lat' dir='ltr'><strong>Nolite</strong></span> <span class='ocrx_word' id='word_1_133' title='bbox 3055 708 3297 763; x_wconf 71' lang='lat' dir='ltr'><strong>aemulari</strong></span> <span class='ocrx_word' id='word_1_134' title='bbox 3353 711 3729 768; x_wconf 86' lang='lat' dir='ltr'><strong>contentiosos</strong></span> 
     </span>
    </p>
   </div>
   <div class='ocr_carea' id='block_1_21' title="bbox 2142 800 3727 872">
    <p class='ocr_par' dir='ltr' id='par_1_21' title="bbox 2142 800 3727 872">
     <span class='ocr_line' id='line_1_21' title="bbox 2142 800 3727 872; baseline -0.001 -14"><span class='ocrx_word' id='word_1_135' title='bbox 2142 801 2419 868; x_wconf 87' lang='lat' dir='ltr'><strong>homines,</strong></span> <span class='ocrx_word' id='word_1_136' title='bbox 2446 815 2625 872; x_wconf 84' lang='lat' dir='ltr'><strong>neque</strong></span> <span class='ocrx_word' id='word_1_137' title='bbox 2676 800 2876 856; x_wconf 91' lang='lat' dir='ltr'><strong>imitari</strong></span> <span class='ocrx_word' id='word_1_138' title='bbox 2921 801 3043 855; x_wconf 90' lang='lat' dir='ltr'><strong>illos</strong></span> <span class='ocrx_word' id='word_1_139' title='bbox 3096 800 3346 870; x_wconf 89' lang='lat' dir='ltr'><strong>quicum</strong></span> <span class='ocrx_word' id='word_1_140' title='bbox 3403 801 3565 856; x_wconf 84' lang='lat' dir='ltr'><strong>aliter</strong></span> <span class='ocrx_word' id='word_1_141' title='bbox 3616 819 3727 858; x_wconf 91' lang='lat' dir='ltr'><strong>non</strong></span> 
     </span>
    </p>
   </div>
   <div class='ocr_carea' id='block_1_22' title="bbox 2143 893 3733 965">
    <p class='ocr_par' dir='ltr' id='par_1_22' title="bbox 2143 893 3733 965">
     <span class='ocr_line' id='line_1_22' title="bbox 2143 893 3733 965; baseline 0.001 -17"><span class='ocrx_word' id='word_1_142' title='bbox 2143 893 2379 964; x_wconf 87' lang='lat' dir='ltr'><strong>possint,</strong></span> <span class='ocrx_word' id='word_1_143' title='bbox 2435 894 2628 948; x_wconf 82' lang='lat' dir='ltr'><strong>saltem</strong></span> <span class='ocrx_word' id='word_1_144' title='bbox 2679 893 2977 964; x_wconf 87' lang='lat' dir='ltr'><strong>pugnando</strong></span> <span class='ocrx_word' id='word_1_145' title='bbox 3011 894 3324 958; x_wconf 87' lang='lat' dir='ltr'><strong>veritatem,</strong></span> <span class='ocrx_word' id='word_1_146' title='bbox 3351 893 3584 965; x_wconf 90' lang='lat' dir='ltr'><strong>gloriam</strong></span> <span class='ocrx_word' id='word_1_147' title='bbox 3633 911 3733 950; x_wconf 74' lang='lat' dir='ltr'><strong>su-</strong></span> 
     </span>
    </p>
   </div>
   <div class='ocr_carea' id='block_1_23' title="bbox 2145 985 3730 1056">
    <p class='ocr_par' dir='ltr' id='par_1_23' title="bbox 2145 985 3730 1056">
     <span class='ocr_line' id='line_1_23' title="bbox 2145 985 3730 1056; baseline 0.001 -15"><span class='ocrx_word' id='word_1_148' title='bbox 2145 985 2333 1056; x_wconf 90' lang='lat' dir='ltr'><strong>cupari</strong></span> <span class='ocrx_word' id='word_1_149' title='bbox 2353 994 2646 1041; x_wconf 87' lang='lat' dir='ltr'><strong>conantur.</strong></span> <span class='ocrx_word' id='word_1_150' title='bbox 2668 985 2993 1040; x_wconf 83' lang='lat' dir='ltr'><strong>Humilitate</strong></span> <span class='ocrx_word' id='word_1_151' title='bbox 3019 1000 3119 1040; x_wconf 85' lang='lat' dir='ltr'><strong>vos</strong></span> <span class='ocrx_word' id='word_1_152' title='bbox 3141 985 3273 1048; x_wconf 84' lang='lat' dir='ltr'><strong>Deo,</strong></span> <span class='ocrx_word' id='word_1_153' title='bbox 3295 997 3350 1041; x_wconf 85' lang='lat' dir='ltr'><strong>et</strong></span> <span class='ocrx_word' id='word_1_154' title='bbox 3377 995 3458 1041; x_wconf 90' lang='lat' dir='ltr'><strong>tot</strong></span> <span class='ocrx_word' id='word_1_155' title='bbox 3484 988 3730 1055; x_wconf 86' lang='lat' dir='ltr'><strong>talesque</strong></span> 
     </span>
    </p>
   </div>
   <div class='ocr_carea' id='block_1_24' title="bbox 2144 1077 3723 1148">
    <p class='ocr_par' dir='ltr' id='par_1_24' title="bbox 2144 1077 3723 1148">
     <span class='ocr_line' id='line_1_24' title="bbox 2144 1077 3723 1148; baseline -0.002 -15"><span class='ocrx_word' id='word_1_156' title='bbox 2144 1079 2294 1133; x_wconf 88' lang='lat' dir='ltr'><strong>viros</strong></span> <span class='ocrx_word' id='word_1_157' title='bbox 2353 1077 2618 1148; x_wconf 75' lang='lat' dir='ltr'><strong>singulari</strong></span> <span class='ocrx_word' id='word_1_158' title='bbox 2653 1077 2914 1147; x_wconf 80' lang='lat' dir='ltr'><strong>praeditos</strong></span> <span class='ocrx_word' id='word_1_159' title='bbox 2961 1077 3280 1141; x_wconf 87' lang='lat' dir='ltr'><strong>devotione,</strong></span> <span class='ocrx_word' id='word_1_160' title='bbox 3315 1093 3378 1132; x_wconf 90' lang='lat' dir='ltr'><strong>ac</strong></span> <span class='ocrx_word' id='word_1_161' title='bbox 3427 1079 3723 1148; x_wconf 89' lang='lat' dir='ltr'><strong>sapientia,</strong></span> 
     </span>
    </p>
   </div>
   <div class='ocr_carea' id='block_1_25' title="bbox 2145 1171 3730 1244">
    <p class='ocr_par' dir='ltr' id='par_1_25' title="bbox 2145 1171 3730 1244">
     <span class='ocr_line' id='line_1_25' title="bbox 2145 1171 3730 1244; baseline 0 -18"><span class='ocrx_word' id='word_1_162' title='bbox 2145 1171 2404 1226; x_wconf 70' lang='lat' dir='ltr'><strong>Romana:</strong></span> <span class='ocrx_word' id='word_1_163' title='bbox 2433 1172 2688 1228; x_wconf 73' lang='lat' dir='ltr'><strong>Ecclesia:</strong></span> <span class='ocrx_word' id='word_1_164' title='bbox 2736 1172 2990 1227; x_wconf 87' lang='lat' dir='ltr'><strong>alumnos</strong></span> <span class='ocrx_word' id='word_1_165' title='bbox 3021 1173 3220 1238; x_wconf 86' lang='lat' dir='ltr'><strong>secuti,</strong></span> <span class='ocrx_word' id='word_1_166' title='bbox 3261 1172 3418 1228; x_wconf 89' lang='lat' dir='ltr'><strong>fidem</strong></span> <span class='ocrx_word' id='word_1_167' title='bbox 3457 1173 3577 1244; x_wconf 88' lang='lat' dir='ltr'><strong>ejus</strong></span> <span class='ocrx_word' id='word_1_168' title='bbox 3608 1188 3730 1226; x_wconf 82' lang='lat' dir='ltr'><strong>sus-</strong></span> 
     </span>
    </p>
   </div>
   <div class='ocr_carea' id='block_1_26' title="bbox 2145 1264 3725 1336">
    <p class='ocr_par' dir='ltr' id='par_1_26' title="bbox 2145 1264 3725 1336">
     <span class='ocr_line' id='line_1_26' title="bbox 2145 1264 3725 1336; baseline -0.002 -16"><span class='ocrx_word' id='word_1_169' title='bbox 2145 1264 2333 1334; x_wconf 87' lang='lat' dir='ltr'><strong>cipite.</strong></span> <span class='ocrx_word' id='word_1_170' title='bbox 2369 1265 2681 1335; x_wconf 69' lang='lat' dir='ltr'><strong>pontificem</strong></span> <span class='ocrx_word' id='word_1_171' title='bbox 2720 1266 3028 1319; x_wconf 79' lang='lat' dir='ltr'><strong>Romanum</strong></span> <span class='ocrx_word' id='word_1_172' title='bbox 3077 1279 3268 1319; x_wconf 86' lang='lat' dir='ltr'><strong>verum</strong></span> <span class='ocrx_word' id='word_1_173' title='bbox 3322 1265 3497 1336; x_wconf 80' lang='lat' dir='ltr'><strong>ipsius</strong></span> <span class='ocrx_word' id='word_1_174' title='bbox 3542 1275 3725 1334; x_wconf 80' lang='lat' dir='ltr'><strong>pasto—</strong></span> 
     </span>
    </p>
   </div>
   <div class='ocr_carea' id='block_1_27' title="bbox 2147 1357 3731 1427">
    <p class='ocr_par' dir='ltr' id='par_1_27' title="bbox 2147 1357 3731 1427">
     <span class='ocr_line' id='line_1_27' title="bbox 2147 1357 3731 1427; baseline -0.001 -15"><span class='ocrx_word' id='word_1_175' title='bbox 2147 1374 2287 1420; x_wconf 89' lang='lat' dir='ltr'><strong>rem.</strong></span> <span class='ocrx_word' id='word_1_176' title='bbox 2329 1359 2497 1412; x_wconf 90' lang='lat' dir='ltr'><strong>totius</strong></span> <span class='ocrx_word' id='word_1_177' title='bbox 2516 1366 2679 1427; x_wconf 86' lang='lat' dir='ltr'><strong>caput</strong></span> <span class='ocrx_word' id='word_1_178' title='bbox 2703 1357 2999 1419; x_wconf 67' lang='lat' dir='ltr'><strong>Ecclesiae.</strong></span> <span class='ocrx_word' id='word_1_179' title='bbox 3035 1358 3322 1412; x_wconf 86' lang='lat' dir='ltr'><strong>ductorem</strong></span> <span class='ocrx_word' id='word_1_180' title='bbox 3382 1357 3530 1421; x_wconf 85' lang='lat' dir='ltr'><strong>fidei,</strong></span> <span class='ocrx_word' id='word_1_181' title='bbox 3563 1369 3731 1426; x_wconf 89' lang='lat' dir='ltr'><strong>atque</strong></span> 
     </span>
    </p>
   </div>
   <div class='ocr_carea' id='block_1_28' title="bbox 2149 1446 3806 1518">
    <p class='ocr_par' dir='ltr' id='par_1_28' title="bbox 2149 1446 3806 1518">
     <span class='ocr_line' id='line_1_28' title="bbox 2149 1446 3806 1518; baseline -0.001 -18"><span class='ocrx_word' id='word_1_182' title='bbox 2149 1449 2466 1518; x_wconf 87' lang='lat' dir='ltr'><strong>magistrum</strong></span> <span class='ocrx_word' id='word_1_183' title='bbox 2503 1446 2793 1502; x_wconf 81' lang='lat' dir='ltr'><strong>credentes</strong></span> <span class='ocrx_word' id='word_1_184' title='bbox 2823 1447 3190 1512; x_wconf 89' lang='lat' dir='ltr'><strong>veneramiui,</strong></span> <span class='ocrx_word' id='word_1_185' title='bbox 3225 1454 3282 1501; x_wconf 89' lang='lat' dir='ltr'><strong>et</strong></span> <span class='ocrx_word' id='word_1_186' title='bbox 3310 1446 3475 1507; x_wconf 87' lang='lat' dir='ltr'><strong>viam,</strong></span> <span class='ocrx_word' id='word_1_187' title='bbox 3507 1461 3628 1516; x_wconf 63' lang='lat' dir='ltr'><strong>qua:</strong></span> <span class='ocrx_word' id='word_1_188' title='bbox 3661 1446 3728 1499; x_wconf 89' lang='lat' dir='ltr'><strong>ad</strong></span> <span class='ocrx_word' id='word_1_189' title='bbox 3791 1447 3806 1453; x_wconf 78' lang='grc'><em>’</em></span> 
     </span>
    </p>
   </div>
   <div class='ocr_carea' id='block_1_29' title="bbox 2147 1537 3730 1608">
    <p class='ocr_par' dir='ltr' id='par_1_29' title="bbox 2147 1537 3730 1608">
     <span class='ocr_line' id='line_1_29' title="bbox 2147 1537 3730 1608; baseline -0.001 -14"><span class='ocrx_word' id='word_1_190' title='bbox 2147 1549 2408 1594; x_wconf 78' lang='lat' dir='ltr'><strong>:eternam</strong></span> <span class='ocrx_word' id='word_1_191' title='bbox 2441 1537 2592 1594; x_wconf 88' lang='lat' dir='ltr'><strong>ducit</strong></span> <span class='ocrx_word' id='word_1_192' title='bbox 2619 1539 2786 1592; x_wconf 84' lang='lat' dir='ltr'><strong>vitam</strong></span> <span class='ocrx_word' id='word_1_193' title='bbox 2814 1548 3212 1604; x_wconf 84' lang='lat' dir='ltr'><strong>ostentantem,</strong></span> <span class='ocrx_word' id='word_1_194' title='bbox 3244 1538 3562 1608; x_wconf 74' lang='lat' dir='ltr'><strong>sequimini.</strong></span> <span class='ocrx_word' id='word_1_195' title='bbox 3591 1538 3730 1593; x_wconf 77' lang='lat' dir='ltr'><strong>Nam</strong></span> 
     </span>
    </p>
   </div>
   <div class='ocr_carea' id='block_1_30' title="bbox 2146 1630 3733 1701">
    <p class='ocr_par' dir='ltr' id='par_1_30' title="bbox 2146 1630 3733 1701">
     <span class='ocr_line' id='line_1_30' title="bbox 2146 1630 3733 1701; baseline -0.002 -14"><span class='ocrx_word' id='word_1_196' title='bbox 2146 1642 2204 1687; x_wconf 85' lang='lat' dir='ltr'><strong>et</strong></span> <span class='ocrx_word' id='word_1_197' title='bbox 2224 1632 2328 1686; x_wconf 88' lang='lat' dir='ltr'><strong>hec</strong></span> <span class='ocrx_word' id='word_1_198' title='bbox 2363 1646 2530 1685; x_wconf 90' lang='lat' dir='ltr'><strong>unum</strong></span> <span class='ocrx_word' id='word_1_199' title='bbox 2558 1646 2748 1684; x_wconf 91' lang='lat' dir='ltr'><strong>eorum</strong></span> <span class='ocrx_word' id='word_1_200' title='bbox 2767 1640 2875 1693; x_wconf 88' lang='lat' dir='ltr'><strong>est,</strong></span> <span class='ocrx_word' id='word_1_201' title='bbox 2905 1648 3027 1701; x_wconf 82' lang='lat' dir='ltr'><strong>qua:</strong></span> <span class='ocrx_word' id='word_1_202' title='bbox 3049 1630 3116 1685; x_wconf 87' lang='lat' dir='ltr'><strong>ad</strong></span> <span class='ocrx_word' id='word_1_203' title='bbox 3149 1632 3382 1686; x_wconf 88' lang='lat' dir='ltr'><strong>salutem</strong></span> <span class='ocrx_word' id='word_1_204' title='bbox 3420 1631 3733 1686; x_wconf 72' lang='lat' dir='ltr'><strong>necvssaria</strong></span> 
     </span>
    </p>
   </div>
   <div class='ocr_carea' id='block_1_31' title="bbox 2149 1725 3739 1797">
    <p class='ocr_par' dir='ltr' id='par_1_31' title="bbox 2149 1725 3739 1797">
     <span class='ocr_line' id='line_1_31' title="bbox 2149 1725 3739 1797; baseline -0.001 -17"><span class='ocrx_word' id='word_1_205' title='bbox 2149 1735 2298 1790; x_wconf 81' lang='lat' dir='ltr'><strong>sunt,</strong></span> <span class='ocrx_word' id='word_1_206' title='bbox 2368 1725 2650 1795; x_wconf 88' lang='lat' dir='ltr'><strong>proprium</strong></span> <span class='ocrx_word' id='word_1_207' title='bbox 2693 1740 2856 1781; x_wconf 87' lang='lat' dir='ltr'><strong>nosse</strong></span> <span class='ocrx_word' id='word_1_208' title='bbox 2895 1737 3172 1796; x_wconf 83' lang='lat' dir='ltr'><strong>pastorem</strong></span> <span class='ocrx_word' id='word_1_209' title='bbox 3199 1765 3216 1792; x_wconf 96' lang='lat'><strong>,</strong></span> <span class='ocrx_word' id='word_1_210' title='bbox 3247 1735 3302 1780; x_wconf 92' lang='lat' dir='ltr'><strong>et</strong></span> <span class='ocrx_word' id='word_1_211' title='bbox 3339 1739 3739 1797; x_wconf 77' lang='lat' dir='ltr'><strong>recognoscere</strong></span> 
     </span>
    </p>
   </div>
   <div class='ocr_carea' id='block_1_32' title="bbox 2153 1816 3740 1888">
    <p class='ocr_par' dir='ltr' id='par_1_32' title="bbox 2153 1816 3740 1888">
     <span class='ocr_line' id='line_1_32' title="bbox 2153 1816 3740 1888; baseline 0.001 -19"><span class='ocrx_word' id='word_1_212' title='bbox 2153 1819 2478 1888; x_wconf 76' lang='lat' dir='ltr'><strong>principem.</strong></span> <span class='ocrx_word' id='word_1_213' title='bbox 2513 1829 2567 1873; x_wconf 90' lang='lat' dir='ltr'><strong>et</strong></span> <span class='ocrx_word' id='word_1_214' title='bbox 2611 1817 2750 1873; x_wconf 90' lang='lat' dir='ltr'><strong>scire</strong></span> <span class='ocrx_word' id='word_1_215' title='bbox 2785 1827 2948 1888; x_wconf 90' lang='lat' dir='ltr'><strong>atque</strong></span> <span class='ocrx_word' id='word_1_216' title='bbox 3000 1819 3273 1874; x_wconf 84' lang='lat' dir='ltr'><strong>honorare</strong></span> <span class='ocrx_word' id='word_1_217' title='bbox 3297 1816 3606 1872; x_wconf 83' lang='lat' dir='ltr'><strong>ductorem.</strong></span> <span class='ocrx_word' id='word_1_218' title='bbox 3628 1817 3740 1873; x_wconf 83' lang='lat' dir='ltr'><strong>Ubi</strong></span> 
     </span>
    </p>
   </div>
   <div class='ocr_carea' id='block_1_33' title="bbox 469 1906 3743 1984">
    <p class='ocr_par' dir='ltr' id='par_1_33' title="bbox 469 1906 3743 1984">
     <span class='ocr_line' id='line_1_33' title="bbox 469 1906 3743 1984; baseline 0.002 -17"><span class='ocrx_word' id='word_1_219' title='bbox 469 1914 808 1984; x_wconf 59' lang='lat' dir='ltr'><strong>principatus</strong></span> <span class='ocrx_word' id='word_1_220' title='bbox 830 1914 1126 1984; x_wconf 80' lang='lat' dir='ltr'><strong>quamdam</strong></span> <span class='ocrx_word' id='word_1_221' title='bbox 1159 1913 1264 1969; x_wconf 87' lang='lat' dir='ltr'><strong>etsi</strong></span> <span class='ocrx_word' id='word_1_222' title='bbox 1307 1915 1362 1970; x_wconf 90' lang='lat' dir='ltr'><strong>in</strong></span> <span class='ocrx_word' id='word_1_223' title='bbox 1417 1914 1687 1981; x_wconf 88' lang='lat' dir='ltr'><strong>minimis,</strong></span> <span class='ocrx_word' id='word_1_224' title='bbox 1742 1917 2039 1969; x_wconf 55' lang='lat' dir='ltr'><strong>instituam</strong></span> <span class='ocrx_word' id='word_1_225' title='bbox 2078 1908 2117 1962; x_wconf 80' lang='grc' dir='ltr'>Β</span> <span class='ocrx_word' id='word_1_226' title='bbox 2147 1909 2291 1963; x_wconf 53' lang='lat' dir='ltr'><strong>enim</strong></span> <span class='ocrx_word' id='word_1_227' title='bbox 2325 1917 2538 1962; x_wconf 75' lang='grc' dir='ltr'><strong>ηοιιεεῑ</strong></span> <span class='ocrx_word' id='word_1_228' title='bbox 2573 1907 2848 1977; x_wconf 66' lang='lat' dir='ltr'><strong>princeps.</strong></span> <span class='ocrx_word' id='word_1_229' title='bbox 2897 1908 2975 1962; x_wconf 74' lang='lat' dir='ltr'><strong>ibi</strong></span> <span class='ocrx_word' id='word_1_230' title='bbox 3026 1906 3408 1975; x_wconf 77' lang='lat' dir='ltr'><strong>inordinatio;</strong></span> <span class='ocrx_word' id='word_1_231' title='bbox 3454 1907 3549 1962; x_wconf 72' lang='lat' dir='ltr'><strong>Ubi</strong></span> <span class='ocrx_word' id='word_1_232' title='bbox 3587 1907 3743 1961; x_wconf 75' lang='grc' dir='ltr'>Ῐηοτ-</span> 
     </span>
    </p>
   </div>
   <div class='ocr_carea' id='block_1_34' title="bbox 472 2003 2046 2076">
    <p class='ocr_par' dir='ltr' id='par_1_34' title="bbox 472 2003 2046 2076">
     <span class='ocr_line' id='line_1_34' title="bbox 472 2003 2046 2076; baseline 0.002 -18"><span class='ocrx_word' id='word_1_233' title='bbox 472 2019 652 2059; x_wconf 76' lang='lat' dir='ltr'><strong>tamen</strong></span> <span class='ocrx_word' id='word_1_234' title='bbox 686 2020 746 2059; x_wconf 79' lang='lat' dir='ltr'><strong>ac</strong></span> <span class='ocrx_word' id='word_1_235' title='bbox 771 2003 1148 2058; x_wconf 82' lang='lat' dir='ltr'><strong>dulcissimam</strong></span> <span class='ocrx_word' id='word_1_236' title='bbox 1186 2005 1544 2076; x_wconf 82' lang='lat' dir='ltr'><strong>voluptatem.</strong></span> <span class='ocrx_word' id='word_1_237' title='bbox 1577 2007 1646 2061; x_wconf 80' lang='lat' dir='ltr'><strong>At</strong></span> <span class='ocrx_word' id='word_1_238' title='bbox 1673 2022 1770 2062; x_wconf 90' lang='lat' dir='ltr'><strong>nos</strong></span> <span class='ocrx_word' id='word_1_239' title='bbox 1792 2047 1807 2071; x_wconf 94' lang='lat'><strong>,</strong></span> <span class='ocrx_word' id='word_1_240' title='bbox 1841 2014 1896 2060; x_wconf 91' lang='lat' dir='ltr'><strong>et</strong></span> <span class='ocrx_word' id='word_1_241' title='bbox 1925 2023 2046 2076; x_wconf 84' lang='lat' dir='ltr'><strong>quae</strong></span> 
     </span>
    </p>
   </div>
   <div class='ocr_carea' id='block_1_35' title="bbox 469 2097 2045 2169">
    <p class='ocr_par' dir='ltr' id='par_1_35' title="bbox 469 2097 2045 2169">
     <span class='ocr_line' id='line_1_35' title="bbox 469 2097 2045 2169; baseline -0.001 -16"><span class='ocrx_word' id='word_1_242' title='bbox 469 2097 614 2168; x_wconf 88' lang='lat' dir='ltr'><strong>apud</strong></span> <span class='ocrx_word' id='word_1_243' title='bbox 649 2113 748 2154; x_wconf 91' lang='lat' dir='ltr'><strong>vos</strong></span> <span class='ocrx_word' id='word_1_244' title='bbox 794 2097 1134 2154; x_wconf 86' lang='lat' dir='ltr'><strong>habebamus</strong></span> <span class='ocrx_word' id='word_1_245' title='bbox 1164 2111 1276 2154; x_wconf 88' lang='lat' dir='ltr'><strong>non</strong></span> <span class='ocrx_word' id='word_1_246' title='bbox 1306 2100 1487 2169; x_wconf 85' lang='lat' dir='ltr'><strong>magni</strong></span> <span class='ocrx_word' id='word_1_247' title='bbox 1524 2097 1776 2165; x_wconf 78' lang='lat' dir='ltr'><strong>fecimus,</strong></span> <span class='ocrx_word' id='word_1_248' title='bbox 1829 2108 1885 2154; x_wconf 88' lang='lat' dir='ltr'><strong>ct</strong></span> <span class='ocrx_word' id='word_1_249' title='bbox 1924 2114 2045 2168; x_wconf 82' lang='lat' dir='ltr'><strong>quae</strong></span> 
     </span>
    </p>
   </div>
   <div class='ocr_carea' id='block_1_36' title="bbox 471 2192 2044 2263">
    <p class='ocr_par' dir='ltr' id='par_1_36' title="bbox 471 2192 2044 2263">
     <span class='ocr_line' id='line_1_36' title="bbox 471 2192 2044 2263; baseline 0 -16"><span class='ocrx_word' id='word_1_250' title='bbox 471 2209 619 2248; x_wconf 92' lang='lat' dir='ltr'><strong>nunc</strong></span> <span class='ocrx_word' id='word_1_251' title='bbox 677 2192 942 2248; x_wconf 86' lang='lat' dir='ltr'><strong>habemus</strong></span> <span class='ocrx_word' id='word_1_252' title='bbox 996 2201 1188 2248; x_wconf 77' lang='lat' dir='ltr'><strong>testem</strong></span> <span class='ocrx_word' id='word_1_253' title='bbox 1239 2193 1562 2249; x_wconf 85' lang='lat' dir='ltr'><strong>invocamus</strong></span> <span class='ocrx_word' id='word_1_254' title='bbox 1619 2192 1833 2258; x_wconf 90' lang='lat' dir='ltr'><strong>Deum,</strong></span> <span class='ocrx_word' id='word_1_255' title='bbox 1890 2208 2044 2263; x_wconf 75' lang='lat' dir='ltr'><strong>aeque</strong></span> 
     </span>
    </p>
   </div>
   <div class='ocr_carea' id='block_1_37' title="bbox 469 2285 2044 2356">
    <p class='ocr_par' dir='ltr' id='par_1_37' title="bbox 469 2285 2044 2356">
     <span class='ocr_line' id='line_1_37' title="bbox 469 2285 2044 2356; baseline 0.001 -17"><span class='ocrx_word' id='word_1_256' title='bbox 469 2285 956 2356; x_wconf 87' lang='lat' dir='ltr'><strong>parvifecissemus</strong></span> <span class='ocrx_word' id='word_1_257' title='bbox 980 2325 995 2351; x_wconf 91' lang='lat'><strong>,</strong></span> <span class='ocrx_word' id='word_1_258' title='bbox 1034 2285 1166 2354; x_wconf 83' lang='lat' dir='ltr'><strong>quin</strong></span> <span class='ocrx_word' id='word_1_259' title='bbox 1199 2287 1380 2355; x_wconf 89' lang='lat' dir='ltr'><strong>potius</strong></span> <span class='ocrx_word' id='word_1_260' title='bbox 1430 2287 1653 2356; x_wconf 89' lang='lat' dir='ltr'><strong>spretis,</strong></span> <span class='ocrx_word' id='word_1_261' title='bbox 1679 2288 2044 2356; x_wconf 87' lang='lat' dir='ltr'><strong>contemptis-</strong></span> 
     </span>
    </p>
   </div>
   <div class='ocr_carea' id='block_1_38' title="bbox 471 2377 2040 2448">
    <p class='ocr_par' dir='ltr' id='par_1_38' title="bbox 471 2377 2040 2448">
     <span class='ocr_line' id='line_1_38' title="bbox 471 2377 2040 2448; baseline 0.001 -18"><span class='ocrx_word' id='word_1_262' title='bbox 471 2393 580 2448; x_wconf 93' lang='lat' dir='ltr'><strong>que</strong></span> <span class='ocrx_word' id='word_1_263' title='bbox 635 2377 918 2441; x_wconf 90' lang='lat' dir='ltr'><strong>omnibus,</strong></span> <span class='ocrx_word' id='word_1_264' title='bbox 965 2377 1132 2432; x_wconf 90' lang='lat' dir='ltr'><strong>etiam</strong></span> <span class='ocrx_word' id='word_1_265' title='bbox 1168 2377 1214 2432; x_wconf 88' lang='lat' dir='ltr'><strong>si</strong></span> <span class='ocrx_word' id='word_1_266' title='bbox 1267 2378 1440 2433; x_wconf 74' lang='lat' dir='ltr'><strong>multo</strong></span> <span class='ocrx_word' id='word_1_267' title='bbox 1484 2377 1640 2448; x_wconf 89' lang='lat' dir='ltr'><strong>plura</strong></span> <span class='ocrx_word' id='word_1_268' title='bbox 1687 2378 2040 2443; x_wconf 85' lang='lat' dir='ltr'><strong>haberemus,</strong></span> 
     </span>
    </p>
   </div>
   <div class='ocr_carea' id='block_1_39' title="bbox 469 2469 2044 2540">
    <p class='ocr_par' dir='ltr' id='par_1_39' title="bbox 469 2469 2044 2540">
     <span class='ocr_line' id='line_1_39' title="bbox 469 2469 2044 2540; baseline 0.002 -17"><span class='ocrx_word' id='word_1_269' title='bbox 469 2472 535 2526; x_wconf 88' lang='lat' dir='ltr'><strong>ad</strong></span> <span class='ocrx_word' id='word_1_270' title='bbox 566 2484 665 2526; x_wconf 84' lang='lat' dir='ltr'><strong>vos</strong></span> <span class='ocrx_word' id='word_1_271' title='bbox 689 2486 855 2540; x_wconf 89' lang='lat' dir='ltr'><strong>quam</strong></span> <span class='ocrx_word' id='word_1_272' title='bbox 893 2470 1186 2525; x_wconf 82' lang='lat' dir='ltr'><strong>celerrime</strong></span> <span class='ocrx_word' id='word_1_273' title='bbox 1233 2469 1659 2533; x_wconf 88' lang='lat' dir='ltr'><strong>defecissentus,</strong></span> <span class='ocrx_word' id='word_1_274' title='bbox 1717 2471 1822 2526; x_wconf 90' lang='lat' dir='ltr'><strong>nisi</strong></span> <span class='ocrx_word' id='word_1_275' title='bbox 1883 2470 2044 2526; x_wconf 91' lang='lat' dir='ltr'><strong>nobis</strong></span> 
     </span>
    </p>
   </div>
   <div class='ocr_carea' id='block_1_40' title="bbox 467 2561 2042 2634">
    <p class='ocr_par' dir='ltr' id='par_1_40' title="bbox 467 2561 2042 2634">
     <span class='ocr_line' id='line_1_40' title="bbox 467 2561 2042 2634; baseline 0 -18"><span class='ocrx_word' id='word_1_276' title='bbox 467 2577 716 2617; x_wconf 85' lang='lat' dir='ltr'><strong>essemus</strong></span> <span class='ocrx_word' id='word_1_277' title='bbox 741 2561 953 2617; x_wconf 89' lang='lat' dir='ltr'><strong>conscii</strong></span> <span class='ocrx_word' id='word_1_278' title='bbox 989 2562 1223 2633; x_wconf 79' lang='lat' dir='ltr'><strong>elegisse</strong></span> <span class='ocrx_word' id='word_1_279' title='bbox 1257 2562 1509 2630; x_wconf 87' lang='lat' dir='ltr'><strong>meliora,</strong></span> <span class='ocrx_word' id='word_1_280' title='bbox 1540 2563 1648 2619; x_wconf 88' lang='lat' dir='ltr'><strong>nisi</strong></span> <span class='ocrx_word' id='word_1_281' title='bbox 1695 2563 2042 2634; x_wconf 72' lang='lat' dir='ltr'><strong>eaploratum</strong></span> 
     </span>
    </p>
   </div>
   <div class='ocr_carea' id='block_1_41' title="bbox 468 2654 2041 2711">
    <p class='ocr_par' dir='ltr' id='par_1_41' title="bbox 468 2654 2041 2711">
     <span class='ocr_line' id='line_1_41' title="bbox 468 2654 2041 2711; baseline 0.001 -3"><span class='ocrx_word' id='word_1_282' title='bbox 468 2654 803 2710; x_wconf 90' lang='lat' dir='ltr'><strong>haberemus</strong></span> <span class='ocrx_word' id='word_1_283' title='bbox 856 2654 1000 2710; x_wconf 89' lang='lat' dir='ltr'><strong>hanc</strong></span> <span class='ocrx_word' id='word_1_284' title='bbox 1056 2666 1302 2710; x_wconf 89' lang='lat' dir='ltr'><strong>sanctam</strong></span> <span class='ocrx_word' id='word_1_285' title='bbox 1361 2663 1418 2710; x_wconf 87' lang='lat' dir='ltr'><strong>et</strong></span> <span class='ocrx_word' id='word_1_286' title='bbox 1471 2655 1801 2711; x_wconf 87' lang='lat' dir='ltr'><strong>catholicam</strong></span> <span class='ocrx_word' id='word_1_287' title='bbox 1850 2655 2041 2711; x_wconf 84' lang='lat' dir='ltr'><strong>Eccie-</strong></span> 
     </span>
    </p>
   </div>
   <div class='ocr_carea' id='block_1_42' title="bbox 468 2746 2042 2818">
    <p class='ocr_par' dir='ltr' id='par_1_42' title="bbox 468 2746 2042 2818">
     <span class='ocr_line' id='line_1_42' title="bbox 468 2746 2042 2818; baseline -0.001 -15"><span class='ocrx_word' id='word_1_288' title='bbox 468 2747 610 2803; x_wconf 82' lang='lat' dir='ltr'><strong>siam</strong></span> <span class='ocrx_word' id='word_1_289' title='bbox 649 2746 738 2801; x_wconf 90' lang='lat' dir='ltr'><strong>illa</strong></span> <span class='ocrx_word' id='word_1_290' title='bbox 776 2747 1024 2811; x_wconf 89' lang='lat' dir='ltr'><strong>credere,</strong></span> <span class='ocrx_word' id='word_1_291' title='bbox 1058 2747 1150 2801; x_wconf 88' lang='lat' dir='ltr'><strong>illa</strong></span> <span class='ocrx_word' id='word_1_292' title='bbox 1185 2747 1422 2810; x_wconf 87' lang='lat' dir='ltr'><strong>tradere,</strong></span> <span class='ocrx_word' id='word_1_293' title='bbox 1467 2758 1522 2801; x_wconf 93' lang='lat' dir='ltr'><strong>et</strong></span> <span class='ocrx_word' id='word_1_294' title='bbox 1553 2747 1774 2813; x_wconf 88' lang='lat' dir='ltr'><strong>docere,</strong></span> <span class='ocrx_word' id='word_1_295' title='bbox 1822 2763 1944 2818; x_wconf 75' lang='lat' dir='ltr'><strong>qua:</strong></span> <span class='ocrx_word' id='word_1_296' title='bbox 1974 2747 2042 2802; x_wconf 89' lang='lat' dir='ltr'><strong>ad</strong></span> 
     </span>
    </p>
   </div>
   <div class='ocr_carea' id='block_1_43' title="bbox 469 2834 2043 2907">
    <p class='ocr_par' dir='ltr' id='par_1_43' title="bbox 469 2834 2043 2907">
     <span class='ocr_line' id='line_1_43' title="bbox 469 2834 2043 2907; baseline 0 -14"><span class='ocrx_word' id='word_1_297' title='bbox 469 2838 637 2893; x_wconf 82' lang='lat' dir='ltr'><strong>vitam</strong></span> <span class='ocrx_word' id='word_1_298' title='bbox 683 2845 944 2892; x_wconf 69' lang='lat' dir='ltr'><strong>aaternam</strong></span> <span class='ocrx_word' id='word_1_299' title='bbox 997 2834 1102 2892; x_wconf 88' lang='lat' dir='ltr'><strong>iter</strong></span> <span class='ocrx_word' id='word_1_300' title='bbox 1137 2834 1369 2891; x_wconf 88' lang='lat' dir='ltr'><strong>faciunt.</strong></span> <span class='ocrx_word' id='word_1_301' title='bbox 1401 2835 1458 2892; x_wconf 92' lang='lat' dir='ltr'><strong>Si</strong></span> <span class='ocrx_word' id='word_1_302' title='bbox 1494 2836 1664 2907; x_wconf 91' lang='lat' dir='ltr'><strong>igitur</strong></span> <span class='ocrx_word' id='word_1_303' title='bbox 1713 2837 1780 2892; x_wconf 91' lang='lat' dir='ltr'><strong>ad</strong></span> <span class='ocrx_word' id='word_1_304' title='bbox 1833 2853 1899 2893; x_wconf 88' lang='lat' dir='ltr'><strong>ea</strong></span> <span class='ocrx_word' id='word_1_305' title='bbox 1944 2854 2043 2894; x_wconf 84' lang='lat' dir='ltr'><strong>vos</strong></span> 
     </span>
    </p>
   </div>
   <div class='ocr_carea' id='block_1_44' title="bbox 469 2924 2043 2996">
    <p class='ocr_par' dir='ltr' id='par_1_44' title="bbox 469 2924 2043 2996">
     <span class='ocr_line' id='line_1_44' title="bbox 469 2924 2043 2996; baseline 0.002 -17"><span class='ocrx_word' id='word_1_306' title='bbox 469 2927 687 2990; x_wconf 83' lang='lat' dir='ltr'><strong>hortor,</strong></span> <span class='ocrx_word' id='word_1_307' title='bbox 741 2939 863 2994; x_wconf 65' lang='lat' dir='ltr'><strong>quae</strong></span> <span class='ocrx_word' id='word_1_308' title='bbox 895 2924 1059 2980; x_wconf 88' lang='lat' dir='ltr'><strong>saluti</strong></span> <span class='ocrx_word' id='word_1_309' title='bbox 1100 2932 1298 2980; x_wconf 69' lang='lat' dir='ltr'><strong>vestrae</strong></span> <span class='ocrx_word' id='word_1_310' title='bbox 1337 2925 1627 2996; x_wconf 88' lang='lat' dir='ltr'><strong>profutura</strong></span> <span class='ocrx_word' id='word_1_311' title='bbox 1681 2942 1789 2981; x_wconf 91' lang='lat' dir='ltr'><strong>non</strong></span> <span class='ocrx_word' id='word_1_312' title='bbox 1831 2927 2043 2993; x_wconf 87' lang='lat' dir='ltr'><strong>dubito,</strong></span> 
     </span>
    </p>
   </div>
   <div class='ocr_carea' id='block_1_45' title="bbox 469 3012 2043 3080">
    <p class='ocr_par' dir='ltr' id='par_1_45' title="bbox 469 3012 2043 3080">
     <span class='ocr_line' id='line_1_45' title="bbox 469 3012 2043 3080; baseline 0 -12"><span class='ocrx_word' id='word_1_313' title='bbox 469 3029 596 3069; x_wconf 90' lang='lat' dir='ltr'><strong>cum</strong></span> <span class='ocrx_word' id='word_1_314' title='bbox 646 3014 979 3080; x_wconf 83' lang='lat' dir='ltr'><strong>humilitate,</strong></span> <span class='ocrx_word' id='word_1_315' title='bbox 1021 3021 1078 3067; x_wconf 85' lang='lat' dir='ltr'><strong>et</strong></span> <span class='ocrx_word' id='word_1_316' title='bbox 1111 3012 1422 3068; x_wconf 84' lang='lat' dir='ltr'><strong>reverentia</strong></span> <span class='ocrx_word' id='word_1_317' title='bbox 1467 3014 1665 3068; x_wconf 87' lang='lat' dir='ltr'><strong>audire</strong></span> <span class='ocrx_word' id='word_1_318' title='bbox 1705 3013 1943 3078; x_wconf 85' lang='lat' dir='ltr'><strong>debetis,</strong></span> <span class='ocrx_word' id='word_1_319' title='bbox 1977 3029 2043 3068; x_wconf 89' lang='lat' dir='ltr'><strong>ac</strong></span> 
     </span>
    </p>
   </div>
   <div class='ocr_carea' id='block_1_46' title="bbox 467 3101 2041 3173">
    <p class='ocr_par' dir='ltr' id='par_1_46' title="bbox 467 3101 2041 3173">
     <span class='ocr_line' id='line_1_46' title="bbox 467 3101 2041 3173; baseline 0.001 -15"><span class='ocrx_word' id='word_1_320' title='bbox 467 3118 592 3158; x_wconf 89' lang='lat' dir='ltr'><strong>cum</strong></span> <span class='ocrx_word' id='word_1_321' title='bbox 631 3101 864 3173; x_wconf 86' lang='lat' dir='ltr'><strong>gaudio,</strong></span> <span class='ocrx_word' id='word_1_322' title='bbox 921 3111 978 3156; x_wconf 91' lang='lat' dir='ltr'><strong>et</strong></span> <span class='ocrx_word' id='word_1_323' title='bbox 1027 3102 1314 3158; x_wconf 89' lang='lat' dir='ltr'><strong>alacritate</strong></span> <span class='ocrx_word' id='word_1_324' title='bbox 1369 3103 1542 3159; x_wconf 91' lang='lat' dir='ltr'><strong>animi</strong></span> <span class='ocrx_word' id='word_1_325' title='bbox 1592 3104 1799 3160; x_wconf 91' lang='lat' dir='ltr'><strong>monita</strong></span> <span class='ocrx_word' id='word_1_326' title='bbox 1854 3112 2041 3160; x_wconf 85' lang='lat' dir='ltr'><strong>nostra</strong></span> 
     </span>
    </p>
   </div>
   <div class='ocr_carea' id='block_1_47' title="bbox 467 3196 1076 3265">
    <p class='ocr_par' dir='ltr' id='par_1_47' title="bbox 467 3196 1076 3265">
     <span class='ocr_line' id='line_1_47' title="bbox 467 3196 1076 3265; baseline 0.005 -16"><span class='ocrx_word' id='word_1_327' title='bbox 467 3198 752 3265; x_wconf 77' lang='lat' dir='ltr'><strong>suscipere</strong></span> <span class='ocrx_word' id='word_1_328' title='bbox 787 3196 1076 3252; x_wconf 87' lang='lat' dir='ltr'><strong>salutaria.</strong></span> 
     </span>
    </p>
   </div>
   <div class='ocr_carea' id='block_1_48' title="bbox 2155 1998 3742 2068">
    <p class='ocr_par' dir='ltr' id='par_1_48' title="bbox 2155 1998 3742 2068">
     <span class='ocr_line' id='line_1_48' title="bbox 2155 1998 3742 2068; baseline 0 -16"><span class='ocrx_word' id='word_1_329' title='bbox 2155 1999 2384 2060; x_wconf 67' lang='lat' dir='ltr'><strong>dihatio,</strong></span> <span class='ocrx_word' id='word_1_330' title='bbox 2415 1999 2488 2052; x_wconf 91' lang='lat' dir='ltr'><strong>ibi</strong></span> <span class='ocrx_word' id='word_1_331' title='bbox 2523 1999 2748 2066; x_wconf 90' lang='lat' dir='ltr'><strong>solutio,</strong></span> <span class='ocrx_word' id='word_1_332' title='bbox 2785 2007 2843 2054; x_wconf 92' lang='lat' dir='ltr'><strong>ut</strong></span> <span class='ocrx_word' id='word_1_333' title='bbox 2875 1998 3176 2068; x_wconf 89' lang='lat' dir='ltr'><strong>Gregorius</strong></span> <span class='ocrx_word' id='word_1_334' title='bbox 3198 1999 3578 2054; x_wconf 85' lang='lat' dir='ltr'><strong>Nazianzenus</strong></span> <span class='ocrx_word' id='word_1_335' title='bbox 3612 1999 3690 2052; x_wconf 86' lang='lat' dir='ltr'><strong>ait</strong></span> <span class='ocrx_word' id='word_1_336' title='bbox 3718 2014 3742 2065; x_wconf 89' lang='lat'><strong>;</strong></span> 
     </span>
    </p>
   </div>
   <div class='ocr_carea' id='block_1_49' title="bbox 2156 2090 3743 2152">
    <p class='ocr_par' dir='ltr' id='par_1_49' title="bbox 2156 2090 3743 2152">
     <span class='ocr_line' id='line_1_49' title="bbox 2156 2090 3743 2152; baseline 0.001 -9"><span class='ocrx_word' id='word_1_337' title='bbox 2156 2103 2208 2144; x_wconf 77' lang='lat' dir='ltr'><strong>rt</strong></span> <span class='ocrx_word' id='word_1_338' title='bbox 2237 2100 2383 2144; x_wconf 66' lang='lat' dir='ltr'><strong>certe</strong></span> <span class='ocrx_word' id='word_1_339' title='bbox 2415 2091 2530 2146; x_wconf 91' lang='lat' dir='ltr'><strong>sive</strong></span> <span class='ocrx_word' id='word_1_340' title='bbox 2563 2091 2801 2152; x_wconf 86' lang='lat' dir='ltr'><strong>divinas,</strong></span> <span class='ocrx_word' id='word_1_341' title='bbox 2838 2106 2934 2146; x_wconf 89' lang='lat' dir='ltr'><strong>seu</strong></span> <span class='ocrx_word' id='word_1_342' title='bbox 2967 2090 3236 2146; x_wconf 90' lang='lat' dir='ltr'><strong>humanas</strong></span> <span class='ocrx_word' id='word_1_343' title='bbox 3270 2107 3359 2146; x_wconf 89' lang='lat' dir='ltr'><strong>res</strong></span> <span class='ocrx_word' id='word_1_344' title='bbox 3390 2091 3743 2145; x_wconf 81' lang='lat' dir='ltr'><strong>considerate</strong></span> 
     </span>
    </p>
   </div>
   <div class='ocr_carea' id='block_1_50' title="bbox 2154 2180 3745 2246">
    <p class='ocr_par' dir='ltr' id='par_1_50' title="bbox 2154 2180 3745 2246">
     <span class='ocr_line' id='line_1_50' title="bbox 2154 2180 3745 2246; baseline 0.001 -12"><span class='ocrx_word' id='word_1_345' title='bbox 2154 2181 2457 2245; x_wconf 73' lang='lat' dir='ltr'><strong>volueritis,</strong></span> <span class='ocrx_word' id='word_1_346' title='bbox 2492 2180 2708 2246; x_wconf 87' lang='lat' dir='ltr'><strong>fratres,</strong></span> <span class='ocrx_word' id='word_1_347' title='bbox 2743 2180 3033 2235; x_wconf 86' lang='lat' dir='ltr'><strong>invenietis</strong></span> <span class='ocrx_word' id='word_1_348' title='bbox 3059 2197 3230 2234; x_wconf 88' lang='lat' dir='ltr'><strong>unum</strong></span> <span class='ocrx_word' id='word_1_349' title='bbox 3269 2181 3515 2235; x_wconf 90' lang='lat' dir='ltr'><strong>omnium</strong></span> <span class='ocrx_word' id='word_1_350' title='bbox 3532 2180 3745 2236; x_wconf 85' lang='lat' dir='ltr'><strong>debere</strong></span> 
     </span>
    </p>
   </div>
   <div class='ocr_carea' id='block_1_51' title="bbox 2153 2271 3746 2342">
    <p class='ocr_par' dir='ltr' id='par_1_51' title="bbox 2153 2271 3746 2342">
     <span class='ocr_line' id='line_1_51' title="bbox 2153 2271 3746 2342; baseline 0 -16"><span class='ocrx_word' id='word_1_351' title='bbox 2153 2287 2272 2326; x_wconf 57' lang='lat' dir='ltr'><strong>esse</strong></span> <span class='ocrx_word' id='word_1_352' title='bbox 2302 2271 2654 2342; x_wconf 69' lang='lat' dir='ltr'><strong>principium,</strong></span> <span class='ocrx_word' id='word_1_353' title='bbox 2689 2285 2792 2326; x_wconf 86' lang='lat' dir='ltr'><strong>nec</strong></span> <span class='ocrx_word' id='word_1_354' title='bbox 2848 2278 2998 2324; x_wconf 90' lang='lat' dir='ltr'><strong>recte</strong></span> <span class='ocrx_word' id='word_1_355' title='bbox 3022 2271 3184 2326; x_wconf 81' lang='lat' dir='ltr'><strong>aliter</strong></span> <span class='ocrx_word' id='word_1_356' title='bbox 3224 2287 3314 2327; x_wconf 84' lang='lat' dir='ltr'><strong>res</strong></span> <span class='ocrx_word' id='word_1_357' title='bbox 3341 2286 3500 2341; x_wconf 86' lang='lat' dir='ltr'><strong>posse</strong></span> <span class='ocrx_word' id='word_1_358' title='bbox 3527 2271 3746 2342; x_wconf 82' lang='lat' dir='ltr'><strong>guber-</strong></span> 
     </span>
    </p>
   </div>
   <div class='ocr_carea' id='block_1_52' title="bbox 2153 2364 3744 2435">
    <p class='ocr_par' dir='ltr' id='par_1_52' title="bbox 2153 2364 3744 2435">
     <span class='ocr_line' id='line_1_52' title="bbox 2153 2364 3744 2435; baseline 0.001 -16"><span class='ocrx_word' id='word_1_359' title='bbox 2153 2365 2310 2431; x_wconf 86' lang='lat' dir='ltr'><strong>nari;</strong></span> <span class='ocrx_word' id='word_1_360' title='bbox 2341 2381 2464 2418; x_wconf 90' lang='lat' dir='ltr'><strong>nam</strong></span> <span class='ocrx_word' id='word_1_361' title='bbox 2500 2373 2560 2420; x_wconf 88' lang='lat' dir='ltr'><strong>ut</strong></span> <span class='ocrx_word' id='word_1_362' title='bbox 2589 2379 2618 2418; x_wconf 90' lang='lat' dir='ltr'><strong>a</strong></span> <span class='ocrx_word' id='word_1_363' title='bbox 2651 2364 2857 2420; x_wconf 87' lang='lat' dir='ltr'><strong>divinis</strong></span> <span class='ocrx_word' id='word_1_364' title='bbox 2908 2365 3262 2435; x_wconf 86' lang='lat' dir='ltr'><strong>incipiamus,</strong></span> <span class='ocrx_word' id='word_1_365' title='bbox 3293 2366 3744 2421; x_wconf 82' lang='lat' dir='ltr'><strong>Christianorum</strong></span> 
     </span>
    </p>
   </div>
   <div class='ocr_carea' id='block_1_53' title="bbox 2154 2457 3744 2530">
    <p class='ocr_par' dir='ltr' id='par_1_53' title="bbox 2154 2457 3744 2530">
     <span class='ocr_line' id='line_1_53' title="bbox 2154 2457 3744 2530; baseline 0 -18"><span class='ocrx_word' id='word_1_366' title='bbox 2154 2457 2425 2527; x_wconf 82' lang='lat' dir='ltr'><strong>theologia</strong></span> <span class='ocrx_word' id='word_1_367' title='bbox 2461 2475 2629 2512; x_wconf 90' lang='lat' dir='ltr'><strong>unum</strong></span> <span class='ocrx_word' id='word_1_368' title='bbox 2659 2460 2750 2530; x_wconf 87' lang='lat' dir='ltr'><strong>qui</strong></span> <span class='ocrx_word' id='word_1_369' title='bbox 2791 2474 2956 2528; x_wconf 87' lang='lat' dir='ltr'><strong>supra</strong></span> <span class='ocrx_word' id='word_1_370' title='bbox 2987 2473 3179 2514; x_wconf 84' lang='lat' dir='ltr'><strong>omnes</strong></span> <span class='ocrx_word' id='word_1_371' title='bbox 3220 2468 3326 2523; x_wconf 88' lang='lat' dir='ltr'><strong>est,</strong></span> <span class='ocrx_word' id='word_1_372' title='bbox 3375 2457 3532 2513; x_wconf 83' lang='lat' dir='ltr'><strong>docet</strong></span> <span class='ocrx_word' id='word_1_373' title='bbox 3563 2457 3744 2512; x_wconf 88' lang='lat' dir='ltr'><strong>Deum</strong></span> 
     </span>
    </p>
   </div>
   <div class='ocr_carea' id='block_1_54' title="bbox 2151 2549 3747 2621">
    <p class='ocr_par' dir='ltr' id='par_1_54' title="bbox 2151 2549 3747 2621">
     <span class='ocr_line' id='line_1_54' title="bbox 2151 2549 3747 2621; baseline 0.002 -19"><span class='ocrx_word' id='word_1_374' title='bbox 2151 2563 2292 2614; x_wconf 71' lang='lat' dir='ltr'><strong>esse,</strong></span> <span class='ocrx_word' id='word_1_375' title='bbox 2323 2549 2415 2619; x_wconf 87' lang='lat' dir='ltr'><strong>qui</strong></span> <span class='ocrx_word' id='word_1_376' title='bbox 2451 2565 2578 2603; x_wconf 87' lang='lat' dir='ltr'><strong>cum</strong></span> <span class='ocrx_word' id='word_1_377' title='bbox 2610 2549 2662 2603; x_wconf 93' lang='lat' dir='ltr'><strong>in</strong></span> <span class='ocrx_word' id='word_1_378' title='bbox 2708 2551 2886 2606; x_wconf 89' lang='lat' dir='ltr'><strong>tribus</strong></span> <span class='ocrx_word' id='word_1_379' title='bbox 2916 2551 3166 2621; x_wconf 89' lang='lat' dir='ltr'><strong>personis</strong></span> <span class='ocrx_word' id='word_1_380' title='bbox 3208 2550 3280 2605; x_wconf 87' lang='lat' dir='ltr'><strong>sit</strong></span> <span class='ocrx_word' id='word_1_381' title='bbox 3311 2549 3390 2605; x_wconf 92' lang='lat' dir='ltr'><strong>uti</strong></span> <span class='ocrx_word' id='word_1_382' title='bbox 3431 2550 3594 2605; x_wconf 78' lang='lat' dir='ltr'><strong>illzesa</strong></span> <span class='ocrx_word' id='word_1_383' title='bbox 3621 2565 3747 2605; x_wconf 84' lang='lat' dir='ltr'><strong>ser-</strong></span> 
     </span>
    </p>
   </div>
   <div class='ocr_carea' id='block_1_55' title="bbox 2152 2640 3740 2712">
    <p class='ocr_par' dir='ltr' id='par_1_55' title="bbox 2152 2640 3740 2712">
     <span class='ocr_line' id='line_1_55' title="bbox 2152 2640 3740 2712; baseline 0.003 -18"><span class='ocrx_word' id='word_1_384' title='bbox 2152 2649 2314 2694; x_wconf 84' lang='lat' dir='ltr'><strong>vetur</strong></span> <span class='ocrx_word' id='word_1_385' title='bbox 2340 2640 2539 2700; x_wconf 83' lang='lat' dir='ltr'><strong>unitas,</strong></span> <span class='ocrx_word' id='word_1_386' title='bbox 2569 2641 2817 2712; x_wconf 83' lang='lat' dir='ltr'><strong>ejusdem</strong></span> <span class='ocrx_word' id='word_1_387' title='bbox 2843 2642 3153 2712; x_wconf 89' lang='lat' dir='ltr'><strong>similisque</strong></span> <span class='ocrx_word' id='word_1_388' title='bbox 3179 2641 3502 2698; x_wconf 74' lang='lat' dir='ltr'><strong>substantiae</strong></span> <span class='ocrx_word' id='word_1_389' title='bbox 3532 2642 3740 2698; x_wconf 70' lang='lat' dir='ltr'><strong>divinae</strong></span> 
     </span>
    </p>
   </div>
   <div class='ocr_carea' id='block_1_56' title="bbox 2154 2731 3740 2802">
    <p class='ocr_par' dir='ltr' id='par_1_56' title="bbox 2154 2731 3740 2802">
     <span class='ocr_line' id='line_1_56' title="bbox 2154 2731 3740 2802; baseline 0.004 -19"><span class='ocrx_word' id='word_1_390' title='bbox 2154 2731 2259 2784; x_wconf 73' lang='lat' dir='ltr'><strong>illa:</strong></span> <span class='ocrx_word' id='word_1_391' title='bbox 2293 2741 2576 2801; x_wconf 87' lang='lat' dir='ltr'><strong>ponuntur</strong></span> <span class='ocrx_word' id='word_1_392' title='bbox 2606 2747 2727 2786; x_wconf 89' lang='lat' dir='ltr'><strong>esse</strong></span> <span class='ocrx_word' id='word_1_393' title='bbox 2757 2747 3030 2802; x_wconf 74' lang='lat' dir='ltr'><strong>personae.</strong></span> <span class='ocrx_word' id='word_1_394' title='bbox 3057 2731 3357 2788; x_wconf 88' lang='lat' dir='ltr'><strong>Gentilium</strong></span> <span class='ocrx_word' id='word_1_395' title='bbox 3394 2747 3526 2788; x_wconf 83' lang='lat' dir='ltr'><strong>vero</strong></span> <span class='ocrx_word' id='word_1_396' title='bbox 3553 2747 3622 2788; x_wconf 79' lang='lat' dir='ltr'><strong>ex</strong></span> <span class='ocrx_word' id='word_1_397' title='bbox 3663 2734 3740 2790; x_wconf 88' lang='lat' dir='ltr'><strong>iis</strong></span> 
     </span>
    </p>
   </div>
   <div class='ocr_carea' id='block_1_57' title="bbox 2152 2825 3739 2898">
    <p class='ocr_par' dir='ltr' id='par_1_57' title="bbox 2152 2825 3739 2898">
     <span class='ocr_line' id='line_1_57' title="bbox 2152 2825 3739 2898; baseline 0.003 -18"><span class='ocrx_word' id='word_1_398' title='bbox 2152 2825 2526 2894; x_wconf 84' lang='lat' dir='ltr'><strong>sensibilibus,</strong></span> <span class='ocrx_word' id='word_1_399' title='bbox 2545 2836 2770 2897; x_wconf 84' lang='lat' dir='ltr'><strong>accepta</strong></span> <span class='ocrx_word' id='word_1_400' title='bbox 2789 2827 3037 2892; x_wconf 87' lang='lat' dir='ltr'><strong>scientia,</strong></span> <span class='ocrx_word' id='word_1_401' title='bbox 3065 2827 3180 2897; x_wconf 85' lang='lat' dir='ltr'><strong>ipsa</strong></span> <span class='ocrx_word' id='word_1_402' title='bbox 3211 2842 3431 2898; x_wconf 88' lang='lat' dir='ltr'><strong>quoque</strong></span> <span class='ocrx_word' id='word_1_403' title='bbox 3456 2828 3561 2882; x_wconf 91' lang='lat' dir='ltr'><strong>hoc</strong></span> <span class='ocrx_word' id='word_1_404' title='bbox 3585 2827 3739 2884; x_wconf 91' lang='lat' dir='ltr'><strong>idem</strong></span> 
     </span>
    </p>
   </div>
   <div class='ocr_carea' id='block_1_58' title="bbox 2152 2911 3740 2992">
    <p class='ocr_par' dir='ltr' id='par_1_58' title="bbox 2152 2911 3740 2992">
     <span class='ocr_line' id='line_1_58' title="bbox 2152 2911 3740 2992; baseline 0.003 -20"><span class='ocrx_word' id='word_1_405' title='bbox 2152 2916 2376 2989; x_wconf 77' lang='lat' dir='ltr'><strong>fatetur.</strong></span> <span class='ocrx_word' id='word_1_406' title='bbox 2409 2917 2640 2985; x_wconf 88' lang='lat' dir='ltr'><strong>Quidam</strong></span> <span class='ocrx_word' id='word_1_407' title='bbox 2667 2918 2810 2973; x_wconf 82' lang='lat' dir='ltr'><strong>enim</strong></span> <span class='ocrx_word' id='word_1_408' title='bbox 2863 2919 3004 2974; x_wconf 90' lang='lat' dir='ltr'><strong>inter</strong></span> <span class='ocrx_word' id='word_1_409' title='bbox 3045 2928 3274 2976; x_wconf 60' lang='lat' dir='ltr'><strong>caeteros</strong></span> <span class='ocrx_word' id='word_1_410' title='bbox 3301 2911 3493 2976; x_wconf 85' lang='lat' dir='ltr'><strong>eorum</strong></span> <span class='ocrx_word' id='word_1_411' title='bbox 3550 2921 3740 2992; x_wconf 80' lang='lat' dir='ltr'><strong>philo-</strong></span> 
     </span>
    </p>
   </div>
   <div class='ocr_carea' id='block_1_59' title="bbox 2151 3009 3736 3080">
    <p class='ocr_par' dir='ltr' id='par_1_59' title="bbox 2151 3009 3736 3080">
     <span class='ocr_line' id='line_1_59' title="bbox 2151 3009 3736 3080; baseline 0.003 -17"><span class='ocrx_word' id='word_1_412' title='bbox 2151 3009 2354 3079; x_wconf 81' lang='lat' dir='ltr'><strong>sopitos</strong></span> <span class='ocrx_word' id='word_1_413' title='bbox 2383 3011 2641 3077; x_wconf 89' lang='lat' dir='ltr'><strong>nobilior,</strong></span> <span class='ocrx_word' id='word_1_414' title='bbox 2661 3026 2823 3065; x_wconf 84' lang='lat' dir='ltr'><strong>unam</strong></span> <span class='ocrx_word' id='word_1_415' title='bbox 2854 3025 2975 3066; x_wconf 79' lang='lat' dir='ltr'><strong>esse</strong></span> <span class='ocrx_word' id='word_1_416' title='bbox 3017 3011 3246 3080; x_wconf 87' lang='lat' dir='ltr'><strong>primam</strong></span> <span class='ocrx_word' id='word_1_417' title='bbox 3281 3027 3524 3076; x_wconf 87' lang='lat' dir='ltr'><strong>causam,</strong></span> <span class='ocrx_word' id='word_1_418' title='bbox 3561 3029 3736 3068; x_wconf 87' lang='lat' dir='ltr'><strong>unum</strong></span> 
     </span>
    </p>
   </div>
   <div class='ocr_carea' id='block_1_60' title="bbox 2155 3099 3742 3172">
    <p class='ocr_par' dir='ltr' id='par_1_60' title="bbox 2155 3099 3742 3172">
     <span class='ocr_line' id='line_1_60' title="bbox 2155 3099 3742 3172; baseline 0.004 -19"><span class='ocrx_word' id='word_1_419' title='bbox 2155 3099 2403 3154; x_wconf 89' lang='lat' dir='ltr'><strong>onmium</strong></span> <span class='ocrx_word' id='word_1_420' title='bbox 2451 3116 2633 3154; x_wconf 90' lang='lat' dir='ltr'><strong>rerum</strong></span> <span class='ocrx_word' id='word_1_421' title='bbox 2693 3102 2892 3156; x_wconf 85' lang='lat' dir='ltr'><strong>asserit</strong></span> <span class='ocrx_word' id='word_1_422' title='bbox 2958 3100 3318 3170; x_wconf 86' lang='lat' dir='ltr'><strong>Creatorem;</strong></span> <span class='ocrx_word' id='word_1_423' title='bbox 3381 3114 3434 3157; x_wconf 90' lang='lat' dir='ltr'><strong>et</strong></span> <span class='ocrx_word' id='word_1_424' title='bbox 3481 3105 3742 3172; x_wconf 79' lang='lat' dir='ltr'><strong>quamvis</strong></span> 
     </span>
    </p>
   </div>
   <div class='ocr_carea' id='block_1_61' title="bbox 2151 3191 3739 3264">
    <p class='ocr_par' dir='ltr' id='par_1_61' title="bbox 2151 3191 3739 3264">
     <span class='ocr_line' id='line_1_61' title="bbox 2151 3191 3739 3264; baseline -0.001 -18"><span class='ocrx_word' id='word_1_425' title='bbox 2151 3191 2355 3248; x_wconf 88' lang='lat' dir='ltr'><strong>multos</strong></span> <span class='ocrx_word' id='word_1_426' title='bbox 2407 3193 2571 3247; x_wconf 88' lang='lat' dir='ltr'><strong>etiam</strong></span> <span class='ocrx_word' id='word_1_427' title='bbox 2619 3202 2745 3263; x_wconf 88' lang='lat' dir='ltr'><strong>post</strong></span> <span class='ocrx_word' id='word_1_428' title='bbox 2800 3194 2952 3248; x_wconf 91' lang='lat' dir='ltr'><strong>illum</strong></span> <span class='ocrx_word' id='word_1_429' title='bbox 3009 3195 3213 3263; x_wconf 87' lang='lat' dir='ltr'><strong>gradus</strong></span> <span class='ocrx_word' id='word_1_430' title='bbox 3249 3196 3459 3250; x_wconf 89' lang='lat' dir='ltr'><strong>entium</strong></span> <span class='ocrx_word' id='word_1_431' title='bbox 3517 3196 3739 3264; x_wconf 72' lang='lat' dir='ltr'><strong>credar,</strong></span> 
     </span>
    </p>
   </div>
   <div class='ocr_carea' id='block_1_62' title="bbox 536 3265 3737 3362">
    <p class='ocr_par' dir='ltr' id='par_1_62' title="bbox 536 3265 3737 3362">
     <span class='ocr_line' id='line_1_62' title="bbox 536 3265 3737 3362; baseline 0.002 -22"><span class='ocrx_word' id='word_1_432' title='bbox 536 3293 606 3342; x_wconf 85' lang='lat' dir='ltr'><strong>At</strong></span> <span class='ocrx_word' id='word_1_433' title='bbox 634 3303 886 3357; x_wconf 86' lang='lat' dir='ltr'><strong>magnum</strong></span> <span class='ocrx_word' id='word_1_434' title='bbox 918 3289 1059 3357; x_wconf 87' lang='lat' dir='ltr'><strong>apud</strong></span> <span class='ocrx_word' id='word_1_435' title='bbox 1091 3303 1188 3344; x_wconf 90' lang='lat' dir='ltr'><strong>vos</strong></span> <span class='ocrx_word' id='word_1_436' title='bbox 1218 3290 1534 3345; x_wconf 83' lang='lat' dir='ltr'><strong>scandalum</strong></span> <span class='ocrx_word' id='word_1_437' title='bbox 1564 3290 1818 3362; x_wconf 87' lang='lat' dir='ltr'><strong>genuisse</strong></span> <span class='ocrx_word' id='word_1_438' title='bbox 1849 3290 2040 3358; x_wconf 86' lang='lat' dir='ltr'><strong>dicitis</strong></span> <span class='ocrx_word' id='word_1_439' title='bbox 2066 3265 2113 3330; x_wconf 75' lang='lat' dir='ltr'><strong>C</strong></span> <span class='ocrx_word' id='word_1_440' title='bbox 2151 3301 2318 3340; x_wconf 88' lang='lat' dir='ltr'><strong>unum</strong></span> <span class='ocrx_word' id='word_1_441' title='bbox 2374 3285 2731 3356; x_wconf 87' lang='lat' dir='ltr'><strong>principium,</strong></span> <span class='ocrx_word' id='word_1_442' title='bbox 2769 3296 2826 3341; x_wconf 86' lang='lat' dir='ltr'><strong>et</strong></span> <span class='ocrx_word' id='word_1_443' title='bbox 2871 3286 3040 3340; x_wconf 85' lang='lat' dir='ltr'><strong>multa</strong></span> <span class='ocrx_word' id='word_1_444' title='bbox 3074 3286 3371 3358; x_wconf 88' lang='lat' dir='ltr'><strong>principia,</strong></span> <span class='ocrx_word' id='word_1_445' title='bbox 3412 3290 3594 3344; x_wconf 90' lang='lat' dir='ltr'><strong>omnia</strong></span> <span class='ocrx_word' id='word_1_446' title='bbox 3653 3302 3737 3345; x_wconf 85' lang='lat' dir='ltr'><strong>ta-</strong></span> 
     </span>
    </p>
   </div>
   <div class='ocr_carea' id='block_1_63' title="bbox 465 3378 2049 3455">
    <p class='ocr_par' dir='ltr' id='par_1_63' title="bbox 465 3378 2049 3455">
     <span class='ocr_line' id='line_1_63' title="bbox 465 3378 2049 3455; baseline 0.002 -21"><span class='ocrx_word' id='word_1_447' title='bbox 465 3378 800 3434; x_wconf 88' lang='lat' dir='ltr'><strong>additionem</strong></span> <span class='ocrx_word' id='word_1_448' title='bbox 825 3378 1145 3436; x_wconf 89' lang='lat' dir='ltr'><strong>Latinorum</strong></span> <span class='ocrx_word' id='word_1_449' title='bbox 1177 3383 1231 3437; x_wconf 92' lang='lat' dir='ltr'><strong>in</strong></span> <span class='ocrx_word' id='word_1_450' title='bbox 1264 3382 1678 3455; x_wconf 85' lang='lat' dir='ltr'><strong>Symbolo.Cur</strong></span> <span class='ocrx_word' id='word_1_451' title='bbox 1710 3384 1783 3440; x_wconf 87' lang='lat' dir='ltr'><strong>ita</strong></span> <span class='ocrx_word' id='word_1_452' title='bbox 1810 3383 2049 3440; x_wconf 80' lang='lat' dir='ltr'><strong>fratres?</strong></span> 
     </span>
    </p>
   </div>
   <div class='ocr_carea' id='block_1_64' title="bbox 463 3469 2046 3542">
    <p class='ocr_par' dir='ltr' id='par_1_64' title="bbox 463 3469 2046 3542">
     <span class='ocr_line' id='line_1_64' title="bbox 463 3469 2046 3542; baseline 0.005 -17"><span class='ocrx_word' id='word_1_453' title='bbox 463 3470 626 3526; x_wconf 88' lang='lat' dir='ltr'><strong>Certe</strong></span> <span class='ocrx_word' id='word_1_454' title='bbox 659 3469 704 3525; x_wconf 88' lang='lat' dir='ltr'><strong>si</strong></span> <span class='ocrx_word' id='word_1_455' title='bbox 739 3480 888 3526; x_wconf 85' lang='lat' dir='ltr'><strong>recte</strong></span> <span class='ocrx_word' id='word_1_456' title='bbox 932 3473 1288 3529; x_wconf 89' lang='lat' dir='ltr'><strong>considerare</strong></span> <span class='ocrx_word' id='word_1_457' title='bbox 1315 3475 1626 3542; x_wconf 84' lang='lat' dir='ltr'><strong>volueritis,</strong></span> <span class='ocrx_word' id='word_1_458' title='bbox 1677 3491 1785 3531; x_wconf 93' lang='lat' dir='ltr'><strong>non</strong></span> <span class='ocrx_word' id='word_1_459' title='bbox 1837 3477 2046 3534; x_wconf 87' lang='lat' dir='ltr'><strong>additio</strong></span> 
     </span>
    </p>
   </div>
   <div class='ocr_carea' id='block_1_65' title="bbox 465 3561 2043 3638">
    <p class='ocr_par' dir='ltr' id='par_1_65' title="bbox 465 3561 2043 3638">
     <span class='ocr_line' id='line_1_65' title="bbox 465 3561 2043 3638; baseline 0.007 -22"><span class='ocrx_word' id='word_1_460' title='bbox 465 3561 558 3617; x_wconf 89' lang='lat' dir='ltr'><strong>illa</strong></span> <span class='ocrx_word' id='word_1_461' title='bbox 587 3561 830 3624; x_wconf 86' lang='lat' dir='ltr'><strong>fuit,sed</strong></span> <span class='ocrx_word' id='word_1_462' title='bbox 857 3564 1148 3633; x_wconf 79' lang='lat' dir='ltr'><strong>expositio,</strong></span> <span class='ocrx_word' id='word_1_463' title='bbox 1200 3565 1296 3620; x_wconf 85' lang='lat' dir='ltr'><strong>sed</strong></span> <span class='ocrx_word' id='word_1_464' title='bbox 1343 3568 1677 3638; x_wconf 68' lang='lat' dir='ltr'><strong>esplanatio,</strong></span> <span class='ocrx_word' id='word_1_465' title='bbox 1714 3569 1808 3625; x_wconf 87' lang='lat' dir='ltr'><strong>sed</strong></span> <span class='ocrx_word' id='word_1_466' title='bbox 1861 3571 2043 3627; x_wconf 83' lang='lat' dir='ltr'><strong>decla-</strong></span> 
     </span>
    </p>
   </div>
   <div class='ocr_carea' id='block_1_66' title="bbox 467 3653 2045 3729">
    <p class='ocr_par' dir='ltr' id='par_1_66' title="bbox 467 3653 2045 3729">
     <span class='ocr_line' id='line_1_66' title="bbox 467 3653 2045 3729; baseline 0.008 -25"><span class='ocrx_word' id='word_1_467' title='bbox 467 3653 624 3707; x_wconf 84' lang='lat' dir='ltr'><strong>ratio.</strong></span> <span class='ocrx_word' id='word_1_468' title='bbox 671 3653 893 3708; x_wconf 75' lang='lat' dir='ltr'><strong>Additio</strong></span> <span class='ocrx_word' id='word_1_469' title='bbox 938 3671 1174 3726; x_wconf 86' lang='lat' dir='ltr'><strong>namque</strong></span> <span class='ocrx_word' id='word_1_470' title='bbox 1223 3657 1388 3711; x_wconf 90' lang='lat' dir='ltr'><strong>etiam</strong></span> <span class='ocrx_word' id='word_1_471' title='bbox 1419 3657 1572 3729; x_wconf 68' lang='lat' dir='ltr'><strong>juxta</strong></span> <span class='ocrx_word' id='word_1_472' title='bbox 1603 3659 1893 3716; x_wconf 90' lang='lat' dir='ltr'><strong>doctorum</strong></span> <span class='ocrx_word' id='word_1_473' title='bbox 1945 3677 2045 3716; x_wconf 91' lang='lat' dir='ltr'><strong>no-</strong></span> 
     </span>
    </p>
   </div>
   <div class='ocr_carea' id='block_1_67' title="bbox 461 3747 2043 3822">
    <p class='ocr_par' dir='ltr' id='par_1_67' title="bbox 461 3747 2043 3822">
     <span class='ocr_line' id='line_1_67' title="bbox 461 3747 2043 3822; baseline 0.002 -20"><span class='ocrx_word' id='word_1_474' title='bbox 461 3756 698 3803; x_wconf 87' lang='lat' dir='ltr'><strong>strorum</strong></span> <span class='ocrx_word' id='word_1_475' title='bbox 746 3747 1078 3802; x_wconf 87' lang='lat' dir='ltr'><strong>sententiam</strong></span> <span class='ocrx_word' id='word_1_476' title='bbox 1142 3748 1233 3802; x_wconf 89' lang='lat' dir='ltr'><strong>illa</strong></span> <span class='ocrx_word' id='word_1_477' title='bbox 1279 3758 1387 3815; x_wconf 91' lang='lat' dir='ltr'><strong>est,</strong></span> <span class='ocrx_word' id='word_1_478' title='bbox 1419 3765 1540 3819; x_wconf 64' lang='lat' dir='ltr'><strong>qua:</strong></span> <span class='ocrx_word' id='word_1_479' title='bbox 1591 3752 1866 3806; x_wconf 86' lang='lat' dir='ltr'><strong>contraria</strong></span> <span class='ocrx_word' id='word_1_480' title='bbox 1913 3752 2043 3822; x_wconf 85' lang='lat' dir='ltr'><strong>dog-</strong></span> 
     </span>
    </p>
   </div>
   <div class='ocr_carea' id='block_1_68' title="bbox 465 3837 2044 3914">
    <p class='ocr_par' dir='ltr' id='par_1_68' title="bbox 465 3837 2044 3914">
     <span class='ocr_line' id='line_1_68' title="bbox 465 3837 2044 3914; baseline 0.003 -21"><span class='ocrx_word' id='word_1_481' title='bbox 465 3853 608 3894; x_wconf 88' lang='lat' dir='ltr'><strong>mata</strong></span> <span class='ocrx_word' id='word_1_482' title='bbox 669 3839 1014 3895; x_wconf 77' lang='lat' dir='ltr'><strong>introducit:</strong></span> <span class='ocrx_word' id='word_1_483' title='bbox 1073 3837 1196 3910; x_wconf 59' lang='lat' dir='ltr'><strong>quas</strong></span> <span class='ocrx_word' id='word_1_484' title='bbox 1253 3856 1384 3896; x_wconf 87' lang='lat' dir='ltr'><strong>vero</strong></span> <span class='ocrx_word' id='word_1_485' title='bbox 1437 3842 1672 3909; x_wconf 93' lang='lat' dir='ltr'><strong>eadem,</strong></span> <span class='ocrx_word' id='word_1_486' title='bbox 1728 3843 2044 3914; x_wconf 81' lang='lat' dir='ltr'><strong>similiaque</strong></span> 
     </span>
    </p>
   </div>
   <div class='ocr_carea' id='block_1_69' title="bbox 463 3932 2043 4006">
    <p class='ocr_par' dir='ltr' id='par_1_69' title="bbox 463 3932 2043 4006">
     <span class='ocr_line' id='line_1_69' title="bbox 463 3932 2043 4006; baseline 0.003 -19"><span class='ocrx_word' id='word_1_487' title='bbox 463 3933 771 4004; x_wconf 85' lang='lat' dir='ltr'><strong>profitetur,</strong></span> <span class='ocrx_word' id='word_1_488' title='bbox 823 3932 1145 3997; x_wconf 87' lang='lat' dir='ltr'><strong>declaratio,</strong></span> <span class='ocrx_word' id='word_1_489' title='bbox 1181 3949 1291 3987; x_wconf 92' lang='lat' dir='ltr'><strong>non</strong></span> <span class='ocrx_word' id='word_1_490' title='bbox 1350 3933 1560 3988; x_wconf 90' lang='lat' dir='ltr'><strong>additio</strong></span> <span class='ocrx_word' id='word_1_491' title='bbox 1617 3945 1720 3990; x_wconf 87' lang='lat' dir='ltr'><strong>est.</strong></span> <span class='ocrx_word' id='word_1_492' title='bbox 1748 3934 1962 4006; x_wconf 79' lang='lat' dir='ltr'><strong>Quippe</strong></span> <span class='ocrx_word' id='word_1_493' title='bbox 1997 3937 2043 3992; x_wconf 90' lang='lat' dir='ltr'><strong>si</strong></span> 
     </span>
    </p>
   </div>
   <div class='ocr_carea' id='block_1_70' title="bbox 463 4024 2043 4099">
    <p class='ocr_par' dir='ltr' id='par_1_70' title="bbox 463 4024 2043 4099">
     <span class='ocr_line' id='line_1_70' title="bbox 463 4024 2043 4099; baseline 0.003 -20"><span class='ocrx_word' id='word_1_494' title='bbox 463 4041 653 4080; x_wconf 82' lang='lat' dir='ltr'><strong>verum</strong></span> <span class='ocrx_word' id='word_1_495' title='bbox 709 4040 820 4079; x_wconf 90' lang='lat' dir='ltr'><strong>non</strong></span> <span class='ocrx_word' id='word_1_496' title='bbox 869 4034 1036 4088; x_wconf 88' lang='lat' dir='ltr'><strong>esset,</strong></span> <span class='ocrx_word' id='word_1_497' title='bbox 1070 4025 1216 4096; x_wconf 91' lang='lat' dir='ltr'><strong>quod</strong></span> <span class='ocrx_word' id='word_1_498' title='bbox 1263 4024 1490 4093; x_wconf 90' lang='lat' dir='ltr'><strong>dicitur,</strong></span> <span class='ocrx_word' id='word_1_499' title='bbox 1537 4025 1796 4098; x_wconf 88' lang='lat' dir='ltr'><strong>fugienda</strong></span> <span class='ocrx_word' id='word_1_500' title='bbox 1853 4029 2043 4099; x_wconf 87' lang='lat' dir='ltr'><strong>utique</strong></span> 
     </span>
    </p>
   </div>
   <div class='ocr_carea' id='block_1_71' title="bbox 466 4117 2044 4186">
    <p class='ocr_par' dir='ltr' id='par_1_71' title="bbox 466 4117 2044 4186">
     <span class='ocr_line' id='line_1_71' title="bbox 466 4117 2044 4186; baseline 0.003 -15"><span class='ocrx_word' id='word_1_501' title='bbox 466 4121 580 4172; x_wconf 74' lang='lat' dir='ltr'><strong>haec</strong></span> <span class='ocrx_word' id='word_1_502' title='bbox 601 4119 808 4173; x_wconf 90' lang='lat' dir='ltr'><strong>additio</strong></span> <span class='ocrx_word' id='word_1_503' title='bbox 837 4118 997 4174; x_wconf 90' lang='lat' dir='ltr'><strong>foret.</strong></span> <span class='ocrx_word' id='word_1_504' title='bbox 1030 4118 1186 4185; x_wconf 90' lang='lat' dir='ltr'><strong>Quod</strong></span> <span class='ocrx_word' id='word_1_505' title='bbox 1219 4117 1264 4175; x_wconf 89' lang='lat' dir='ltr'><strong>si</strong></span> <span class='ocrx_word' id='word_1_506' title='bbox 1305 4135 1491 4175; x_wconf 84' lang='lat' dir='ltr'><strong>verum</strong></span> <span class='ocrx_word' id='word_1_507' title='bbox 1524 4129 1629 4186; x_wconf 87' lang='lat' dir='ltr'><strong>est,</strong></span> <span class='ocrx_word' id='word_1_508' title='bbox 1664 4129 1720 4175; x_wconf 88' lang='lat' dir='ltr'><strong>et</strong></span> <span class='ocrx_word' id='word_1_509' title='bbox 1764 4119 1888 4175; x_wconf 91' lang='lat' dir='ltr'><strong>fidei</strong></span> <span class='ocrx_word' id='word_1_510' title='bbox 1920 4137 2044 4176; x_wconf 84' lang='lat' dir='ltr'><strong>san-</strong></span> 
     </span>
    </p>
   </div>
   <div class='ocr_carea' id='block_1_72' title="bbox 462 4209 2037 4276">
    <p class='ocr_par' dir='ltr' id='par_1_72' title="bbox 462 4209 2037 4276">
     <span class='ocr_line' id='line_1_72' title="bbox 462 4209 2037 4276; baseline 0.001 -12"><span class='ocrx_word' id='word_1_511' title='bbox 462 4219 676 4265; x_wconf 86' lang='lat' dir='ltr'><strong>ctorum</strong></span> <span class='ocrx_word' id='word_1_512' title='bbox 704 4224 1034 4276; x_wconf 71' lang='lat' dir='ltr'><strong>consonans,</strong></span> <span class='ocrx_word' id='word_1_513' title='bbox 1071 4210 1144 4264; x_wconf 90' lang='lat' dir='ltr'><strong>ibi</strong></span> <span class='ocrx_word' id='word_1_514' title='bbox 1190 4212 1448 4266; x_wconf 86' lang='lat' dir='ltr'><strong>timemus</strong></span> <span class='ocrx_word' id='word_1_515' title='bbox 1489 4209 1764 4274; x_wconf 88' lang='lat' dir='ltr'><strong>timorem,</strong></span> <span class='ocrx_word' id='word_1_516' title='bbox 1811 4211 1904 4266; x_wconf 91' lang='lat' dir='ltr'><strong>ubi</strong></span> <span class='ocrx_word' id='word_1_517' title='bbox 1931 4228 2037 4266; x_wconf 90' lang='lat' dir='ltr'><strong>non</strong></span> 
     </span>
    </p>
   </div>
   <div class='ocr_carea' id='block_1_73' title="bbox 463 4301 2045 4375">
    <p class='ocr_par' dir='ltr' id='par_1_73' title="bbox 463 4301 2045 4375">
     <span class='ocr_line' id='line_1_73' title="bbox 463 4301 2045 4375; baseline 0.003 -22"><span class='ocrx_word' id='word_1_518' title='bbox 463 4311 546 4354; x_wconf 87' lang='lat' dir='ltr'><strong>cst</strong></span> <span class='ocrx_word' id='word_1_519' title='bbox 577 4302 763 4366; x_wconf 89' lang='lat' dir='ltr'><strong>timur,</strong></span> <span class='ocrx_word' id='word_1_520' title='bbox 814 4312 870 4355; x_wconf 89' lang='lat' dir='ltr'><strong>et</strong></span> <span class='ocrx_word' id='word_1_521' title='bbox 898 4301 1280 4372; x_wconf 89' lang='lat' dir='ltr'><strong>superstitioni</strong></span> <span class='ocrx_word' id='word_1_522' title='bbox 1310 4302 1504 4372; x_wconf 84' lang='lat' dir='ltr'><strong>magis,</strong></span> <span class='ocrx_word' id='word_1_523' title='bbox 1535 4317 1697 4373; x_wconf 87' lang='lat' dir='ltr'><strong>quam</strong></span> <span class='ocrx_word' id='word_1_524' title='bbox 1727 4303 1918 4375; x_wconf 90' lang='lat' dir='ltr'><strong>pietati</strong></span> <span class='ocrx_word' id='word_1_525' title='bbox 1961 4305 2045 4358; x_wconf 90' lang='lat' dir='ltr'><strong>in-</strong></span> 
     </span>
    </p>
   </div>
   <div class='ocr_carea' id='block_1_74' title="bbox 461 4393 2040 4467">
    <p class='ocr_par' dir='ltr' id='par_1_74' title="bbox 461 4393 2040 4467">
     <span class='ocr_line' id='line_1_74' title="bbox 461 4393 2040 4467; baseline 0.003 -20"><span class='ocrx_word' id='word_1_526' title='bbox 461 4393 770 4463; x_wconf 90' lang='lat' dir='ltr'><strong>dulgemus.</strong></span> <span class='ocrx_word' id='word_1_527' title='bbox 795 4393 960 4450; x_wconf 85' lang='lat' dir='ltr'><strong>Multa</strong></span> <span class='ocrx_word' id='word_1_528' title='bbox 989 4395 1207 4449; x_wconf 77' lang='lat' dir='ltr'><strong>Nicamo</strong></span> <span class='ocrx_word' id='word_1_529' title='bbox 1241 4393 1502 4465; x_wconf 83' lang='lat' dir='ltr'><strong>Symbolo</strong></span> <span class='ocrx_word' id='word_1_530' title='bbox 1528 4395 1770 4450; x_wconf 91' lang='lat' dir='ltr'><strong>secunda</strong></span> <span class='ocrx_word' id='word_1_531' title='bbox 1798 4396 2040 4467; x_wconf 81' lang='lat' dir='ltr'><strong>synodus</strong></span> 
     </span>
    </p>
   </div>
   <div class='ocr_carea' id='block_1_75' title="bbox 462 4484 2038 4556">
    <p class='ocr_par' dir='ltr' id='par_1_75' title="bbox 462 4484 2038 4556">
     <span class='ocr_line' id='line_1_75' title="bbox 462 4484 2038 4556; baseline 0.003 -17"><span class='ocrx_word' id='word_1_532' title='bbox 462 4485 676 4540; x_wconf 88' lang='lat' dir='ltr'><strong>addidit</strong></span> <span class='ocrx_word' id='word_1_533' title='bbox 728 4486 798 4539; x_wconf 92' lang='lat' dir='ltr'><strong>de</strong></span> <span class='ocrx_word' id='word_1_534' title='bbox 851 4486 1138 4542; x_wconf 90' lang='lat' dir='ltr'><strong>divinitate</strong></span> <span class='ocrx_word' id='word_1_535' title='bbox 1187 4484 1428 4556; x_wconf 82' lang='lat' dir='ltr'><strong>Spiritus</strong></span> <span class='ocrx_word' id='word_1_536' title='bbox 1470 4487 1666 4553; x_wconf 87' lang='lat' dir='ltr'><strong>sancti,</strong></span> <span class='ocrx_word' id='word_1_537' title='bbox 1696 4488 1764 4542; x_wconf 93' lang='lat' dir='ltr'><strong>de</strong></span> <span class='ocrx_word' id='word_1_538' title='bbox 1829 4489 2038 4544; x_wconf 87' lang='lat' dir='ltr'><strong>unitate</strong></span> 
     </span>
    </p>
   </div>
   <div class='ocr_carea' id='block_1_76' title="bbox 464 4577 2035 4650">
    <p class='ocr_par' dir='ltr' id='par_1_76' title="bbox 464 4577 2035 4650">
     <span class='ocr_line' id='line_1_76' title="bbox 464 4577 2035 4650; baseline 0.003 -19"><span class='ocrx_word' id='word_1_539' title='bbox 464 4577 742 4641; x_wconf 71' lang='lat' dir='ltr'><strong>Ecclesiae,</strong></span> <span class='ocrx_word' id='word_1_540' title='bbox 765 4577 834 4630; x_wconf 93' lang='lat' dir='ltr'><strong>de</strong></span> <span class='ocrx_word' id='word_1_541' title='bbox 856 4577 1204 4646; x_wconf 84' lang='lat' dir='ltr'><strong>baptismate,</strong></span> <span class='ocrx_word' id='word_1_542' title='bbox 1224 4578 1292 4632; x_wconf 92' lang='lat' dir='ltr'><strong>de</strong></span> <span class='ocrx_word' id='word_1_543' title='bbox 1319 4579 1642 4634; x_wconf 90' lang='lat' dir='ltr'><strong>remissione</strong></span> <span class='ocrx_word' id='word_1_544' title='bbox 1659 4589 2035 4650; x_wconf 89' lang='lat' dir='ltr'><strong>peccatorum,</strong></span> 
     </span>
    </p>
   </div>
   <div class='ocr_carea' id='block_1_77' title="bbox 465 4668 2040 4736">
    <p class='ocr_par' dir='ltr' id='par_1_77' title="bbox 465 4668 2040 4736">
     <span class='ocr_line' id='line_1_77' title="bbox 465 4668 2040 4736; baseline 0.005 -16"><span class='ocrx_word' id='word_1_545' title='bbox 465 4668 533 4720; x_wconf 88' lang='lat' dir='ltr'><strong>de</strong></span> <span class='ocrx_word' id='word_1_546' title='bbox 575 4669 980 4721; x_wconf 88' lang='lat' dir='ltr'><strong>resurrectione</strong></span> <span class='ocrx_word' id='word_1_547' title='bbox 1022 4677 1389 4736; x_wconf 91' lang='lat' dir='ltr'><strong>mortuorum,</strong></span> <span class='ocrx_word' id='word_1_548' title='bbox 1425 4670 1493 4725; x_wconf 90' lang='lat' dir='ltr'><strong>de</strong></span> <span class='ocrx_word' id='word_1_549' title='bbox 1544 4671 1655 4724; x_wconf 89' lang='lat' dir='ltr'><strong>vita</strong></span> <span class='ocrx_word' id='word_1_550' title='bbox 1705 4681 1929 4727; x_wconf 65' lang='lat' dir='ltr'><strong>atterna.</strong></span> <span class='ocrx_word' id='word_1_551' title='bbox 1965 4673 2040 4728; x_wconf 92' lang='lat' dir='ltr'><strong>De</strong></span> 
     </span>
    </p>
   </div>
   <div class='ocr_carea' id='block_1_78' title="bbox 462 4757 2042 4834">
    <p class='ocr_par' dir='ltr' id='par_1_78' title="bbox 462 4757 2042 4834">
     <span class='ocr_line' id='line_1_78' title="bbox 462 4757 2042 4834; baseline 0.007 -25"><span class='ocrx_word' id='word_1_552' title='bbox 462 4757 931 4828; x_wconf 89' lang='lat' dir='ltr'><strong>quibus&#39;primum</strong></span> <span class='ocrx_word' id='word_1_553' title='bbox 967 4760 1258 4815; x_wconf 90' lang='lat' dir='ltr'><strong>concilium</strong></span> <span class='ocrx_word' id='word_1_554' title='bbox 1292 4762 1496 4816; x_wconf 91' lang='lat' dir='ltr'><strong>nullam</strong></span> <span class='ocrx_word' id='word_1_555' title='bbox 1529 4763 1757 4818; x_wconf 89' lang='lat' dir='ltr'><strong>omnino</strong></span> <span class='ocrx_word' id='word_1_556' title='bbox 1784 4765 2042 4834; x_wconf 83' lang='lat' dir='ltr'><strong>expedite</strong></span> 
     </span>
    </p>
   </div>
   <div class='ocr_carea' id='block_1_79' title="bbox 465 4850 2044 4928">
    <p class='ocr_par' dir='ltr' id='par_1_79' title="bbox 465 4850 2044 4928">
     <span class='ocr_line' id='line_1_79' title="bbox 465 4850 2044 4928; baseline 0.006 -26"><span class='ocrx_word' id='word_1_557' title='bbox 465 4852 803 4906; x_wconf 86' lang='lat' dir='ltr'><strong>mentionem</strong></span> <span class='ocrx_word' id='word_1_558' title='bbox 855 4850 1078 4907; x_wconf 83' lang='lat' dir='ltr'><strong>fecerat.</strong></span> <span class='ocrx_word' id='word_1_559' title='bbox 1129 4853 1296 4906; x_wconf 76' lang='lat' dir='ltr'><strong>Multa</strong></span> <span class='ocrx_word' id='word_1_560' title='bbox 1348 4864 1612 4924; x_wconf 71' lang='lat' dir='ltr'><strong>praeterea</strong></span> <span class='ocrx_word' id='word_1_561' title='bbox 1673 4857 1766 4911; x_wconf 88' lang='lat' dir='ltr'><strong>alii</strong></span> <span class='ocrx_word' id='word_1_562' title='bbox 1823 4871 2044 4928; x_wconf 88' lang='lat' dir='ltr'><strong>quoque</strong></span> 
     </span>
    </p>
   </div>
   <div class='ocr_carea' id='block_1_80' title="bbox 463 4942 2044 5018">
    <p class='ocr_par' dir='ltr' id='par_1_80' title="bbox 463 4942 2044 5018">
     <span class='ocr_line' id='line_1_80' title="bbox 463 4942 2044 5018; baseline 0.006 -25"><span class='ocrx_word' id='word_1_563' title='bbox 463 4942 736 5003; x_wconf 83' lang='lat' dir='ltr'><strong>doctores,</strong></span> <span class='ocrx_word' id='word_1_564' title='bbox 766 4943 858 5010; x_wconf 86' lang='lat' dir='ltr'><strong>qui</strong></span> <span class='ocrx_word' id='word_1_565' title='bbox 919 4943 1028 4996; x_wconf 86' lang='lat' dir='ltr'><strong>illis</strong></span> <span class='ocrx_word' id='word_1_566' title='bbox 1073 4953 1458 5000; x_wconf 86' lang='lat' dir='ltr'><strong>successerunt</strong></span> <span class='ocrx_word' id='word_1_567' title='bbox 1509 4944 1714 5012; x_wconf 87' lang='lat' dir='ltr'><strong>Latini,</strong></span> <span class='ocrx_word' id='word_1_568' title='bbox 1769 4962 1930 5018; x_wconf 90' lang='lat' dir='ltr'><strong>quam</strong></span> <span class='ocrx_word' id='word_1_569' title='bbox 1968 4949 2044 5002; x_wconf 91' lang='lat' dir='ltr'><strong>illi</strong></span> 
     </span>
    </p>
   </div>
   <div class='ocr_carea' id='block_1_81' title="bbox 463 5033 2040 5107">
    <p class='ocr_par' dir='ltr' id='par_1_81' title="bbox 463 5033 2040 5107">
     <span class='ocr_line' id='line_1_81' title="bbox 463 5033 2040 5107; baseline 0.005 -19"><span class='ocrx_word' id='word_1_570' title='bbox 463 5033 745 5098; x_wconf 86' lang='lat' dir='ltr'><strong>fecerant,</strong></span> <span class='ocrx_word' id='word_1_571' title='bbox 786 5034 1103 5100; x_wconf 89' lang='lat' dir='ltr'><strong>tradidere;</strong></span> <span class='ocrx_word' id='word_1_572' title='bbox 1155 5052 1276 5104; x_wconf 68' lang='lat' dir='ltr'><strong>quae</strong></span> <span class='ocrx_word' id='word_1_573' title='bbox 1315 5046 1496 5092; x_wconf 89' lang='lat' dir='ltr'><strong>tamen</strong></span> <span class='ocrx_word' id='word_1_574' title='bbox 1544 5055 1652 5094; x_wconf 92' lang='lat' dir='ltr'><strong>non</strong></span> <span class='ocrx_word' id='word_1_575' title='bbox 1710 5039 2040 5107; x_wconf 88' lang='lat' dir='ltr'><strong>additiones,</strong></span> 
     </span>
    </p>
   </div>
   <div class='ocr_carea' id='block_1_82' title="bbox 465 5126 2039 5202">
    <p class='ocr_par' dir='ltr' id='par_1_82' title="bbox 465 5126 2039 5202">
     <span class='ocr_line' id='line_1_82' title="bbox 465 5126 2039 5202; baseline 0.006 -23"><span class='ocrx_word' id='word_1_576' title='bbox 465 5127 562 5181; x_wconf 68' lang='lat' dir='ltr'><strong>sed</strong></span> <span class='ocrx_word' id='word_1_577' title='bbox 591 5126 993 5180; x_wconf 84' lang='lat' dir='ltr'><strong>declarationes</strong></span> <span class='ocrx_word' id='word_1_578' title='bbox 1045 5128 1285 5183; x_wconf 71' lang='lat' dir='ltr'><strong>fuerunt.</strong></span> <span class='ocrx_word' id='word_1_579' title='bbox 1327 5129 1439 5186; x_wconf 88' lang='lat' dir='ltr'><strong>Cur</strong></span> <span class='ocrx_word' id='word_1_580' title='bbox 1471 5131 1635 5202; x_wconf 84' lang='lat' dir='ltr'><strong>igitur</strong></span> <span class='ocrx_word' id='word_1_581' title='bbox 1673 5141 1729 5187; x_wconf 91' lang='lat' dir='ltr'><strong>et</strong></span> <span class='ocrx_word' id='word_1_582' title='bbox 1755 5133 2039 5189; x_wconf 74' lang='lat' dir='ltr'><strong>catholica:</strong></span> 
     </span>
    </p>
   </div>
   <div class='ocr_carea' id='block_1_83' title="bbox 464 5216 2042 5290">
    <p class='ocr_par' dir='ltr' id='par_1_83' title="bbox 464 5216 2042 5290">
     <span class='ocr_line' id='line_1_83' title="bbox 464 5216 2042 5290; baseline 0.006 -19"><span class='ocrx_word' id='word_1_583' title='bbox 464 5216 722 5272; x_wconf 73' lang='lat' dir='ltr'><strong>Ecclesiae</strong></span> <span class='ocrx_word' id='word_1_584' title='bbox 756 5233 860 5270; x_wconf 88' lang='lat' dir='ltr'><strong>non</strong></span> <span class='ocrx_word' id='word_1_585' title='bbox 889 5218 1106 5274; x_wconf 90' lang='lat' dir='ltr'><strong>licuerit</strong></span> <span class='ocrx_word' id='word_1_586' title='bbox 1150 5221 1255 5275; x_wconf 88' lang='lat' dir='ltr'><strong>hoc</strong></span> <span class='ocrx_word' id='word_1_587' title='bbox 1289 5221 1433 5276; x_wconf 91' lang='lat' dir='ltr'><strong>idem</strong></span> <span class='ocrx_word' id='word_1_588' title='bbox 1484 5223 1685 5290; x_wconf 88' lang='lat' dir='ltr'><strong>facere,</strong></span> <span class='ocrx_word' id='word_1_589' title='bbox 1716 5224 1878 5279; x_wconf 88' lang='lat' dir='ltr'><strong>simili</strong></span> <span class='ocrx_word' id='word_1_590' title='bbox 1933 5228 2042 5280; x_wconf 84' lang='lat' dir='ltr'><strong>hae-</strong></span> 
     </span>
    </p>
   </div>
   <div class='ocr_carea' id='block_1_84' title="bbox 465 5309 2043 5388">
    <p class='ocr_par' dir='ltr' id='par_1_84' title="bbox 465 5309 2043 5388">
     <span class='ocr_line' id='line_1_84' title="bbox 465 5309 2043 5388; baseline 0.007 -26"><span class='ocrx_word' id='word_1_591' title='bbox 465 5309 760 5364; x_wconf 81' lang='lat' dir='ltr'><strong>reticorum</strong></span> <span class='ocrx_word' id='word_1_592' title='bbox 786 5311 1108 5365; x_wconf 84' lang='lat' dir='ltr'><strong>necessitate</strong></span> <span class='ocrx_word' id='word_1_593' title='bbox 1151 5313 1581 5383; x_wconf 76' lang='lat' dir='ltr'><strong>urgenteiNam</strong></span> <span class='ocrx_word' id='word_1_594' title='bbox 1614 5316 1757 5385; x_wconf 90' lang='lat' dir='ltr'><strong>quod</strong></span> <span class='ocrx_word' id='word_1_595' title='bbox 1814 5332 2043 5388; x_wconf 82' lang='lat' dir='ltr'><strong>respon-</strong></span> 
     </span>
    </p>
   </div>
   <div class='ocr_carea' id='block_1_85' title="bbox 463 5403 2042 5474">
    <p class='ocr_par' dir='ltr' id='par_1_85' title="bbox 463 5403 2042 5474">
     <span class='ocr_line' id='line_1_85' title="bbox 463 5403 2042 5474; baseline 0.006 -18"><span class='ocrx_word' id='word_1_596' title='bbox 463 5403 596 5457; x_wconf 85' lang='lat' dir='ltr'><strong>dere</strong></span> <span class='ocrx_word' id='word_1_597' title='bbox 650 5404 858 5469; x_wconf 86' lang='lat' dir='ltr'><strong>soletis,</strong></span> <span class='ocrx_word' id='word_1_598' title='bbox 919 5413 1050 5458; x_wconf 91' lang='lat' dir='ltr'><strong>tunc</strong></span> <span class='ocrx_word' id='word_1_599' title='bbox 1083 5405 1337 5474; x_wconf 87' lang='lat' dir='ltr'><strong>quidem,</strong></span> <span class='ocrx_word' id='word_1_600' title='bbox 1397 5406 1645 5473; x_wconf 87' lang='lat' dir='ltr'><strong>licuisse,</strong></span> <span class='ocrx_word' id='word_1_601' title='bbox 1705 5424 1852 5466; x_wconf 88' lang='lat' dir='ltr'><strong>nunc</strong></span> <span class='ocrx_word' id='word_1_602' title='bbox 1909 5425 2042 5466; x_wconf 86' lang='lat' dir='ltr'><strong>vero</strong></span> 
     </span>
    </p>
   </div>
   <div class='ocr_carea' id='block_1_86' title="bbox 463 5497 2041 5572">
    <p class='ocr_par' dir='ltr' id='par_1_86' title="bbox 463 5497 2041 5572">
     <span class='ocr_line' id='line_1_86' title="bbox 463 5497 2041 5572; baseline 0.004 -23"><span class='ocrx_word' id='word_1_603' title='bbox 463 5504 754 5566; x_wconf 85' lang='lat' dir='ltr'><strong>postquam</strong></span> <span class='ocrx_word' id='word_1_604' title='bbox 788 5497 945 5552; x_wconf 87' lang='lat' dir='ltr'><strong>tertia</strong></span> <span class='ocrx_word' id='word_1_605' title='bbox 995 5497 1238 5567; x_wconf 87' lang='lat' dir='ltr'><strong>synodus</strong></span> <span class='ocrx_word' id='word_1_606' title='bbox 1286 5514 1505 5554; x_wconf 89' lang='lat' dir='ltr'><strong>omnem</strong></span> <span class='ocrx_word' id='word_1_607' title='bbox 1537 5501 1876 5556; x_wconf 85' lang='lat' dir='ltr'><strong>additionem</strong></span> <span class='ocrx_word' id='word_1_608' title='bbox 1913 5517 2041 5572; x_wconf 81' lang='lat' dir='ltr'><strong>pro-</strong></span> 
     </span>
    </p>
   </div>
   <div class='ocr_carea' id='block_1_87' title="bbox 466 5588 2040 5661">
    <p class='ocr_par' dir='ltr' id='par_1_87' title="bbox 466 5588 2040 5661">
     <span class='ocr_line' id='line_1_87' title="bbox 466 5588 2040 5661; baseline 0.006 -21"><span class='ocrx_word' id='word_1_609' title='bbox 466 5588 663 5649; x_wconf 83' lang='lat' dir='ltr'><strong>ltibuit.</strong></span> <span class='ocrx_word' id='word_1_610' title='bbox 704 5605 770 5644; x_wconf 88' lang='lat' dir='ltr'><strong>ne</strong></span> <span class='ocrx_word' id='word_1_611' title='bbox 817 5590 990 5660; x_wconf 72' lang='lat' dir='ltr'><strong>ipsam</strong></span> <span class='ocrx_word' id='word_1_612' title='bbox 1022 5591 1246 5661; x_wconf 89' lang='lat' dir='ltr'><strong>quidem</strong></span> <span class='ocrx_word' id='word_1_613' title='bbox 1301 5593 1586 5648; x_wconf 87' lang='lat' dir='ltr'><strong>veritatem</strong></span> <span class='ocrx_word' id='word_1_614' title='bbox 1618 5593 1824 5650; x_wconf 90' lang='lat' dir='ltr'><strong>addere</strong></span> <span class='ocrx_word' id='word_1_615' title='bbox 1847 5595 2040 5661; x_wconf 91' lang='lat' dir='ltr'><strong>licere,</strong></span> 
     </span>
    </p>
   </div>
   <div class='ocr_carea' id='block_1_88' title="bbox 463 5681 2036 5759">
    <p class='ocr_par' dir='ltr' id='par_1_88' title="bbox 463 5681 2036 5759">
     <span class='ocr_line' id='line_1_88' title="bbox 463 5681 2036 5759; baseline 0.006 -28"><span class='ocrx_word' id='word_1_616' title='bbox 463 5681 628 5734; x_wconf 76' lang='lat' dir='ltr'><strong>stulta</strong></span> <span class='ocrx_word' id='word_1_617' title='bbox 657 5698 787 5737; x_wconf 84' lang='lat' dir='ltr'><strong>sane</strong></span> <span class='ocrx_word' id='word_1_618' title='bbox 818 5693 872 5737; x_wconf 91' lang='lat' dir='ltr'><strong>et</strong></span> <span class='ocrx_word' id='word_1_619' title='bbox 924 5699 1058 5737; x_wconf 84' lang='lat' dir='ltr'><strong>vana</strong></span> <span class='ocrx_word' id='word_1_620' title='bbox 1096 5685 1235 5739; x_wconf 83' lang='lat' dir='ltr'><strong>ratio</strong></span> <span class='ocrx_word' id='word_1_621' title='bbox 1257 5695 1360 5741; x_wconf 85' lang='lat' dir='ltr'><strong>est.</strong></span> <span class='ocrx_word' id='word_1_622' title='bbox 1394 5686 1597 5758; x_wconf 79' lang='lat' dir='ltr'><strong>Legite,</strong></span> <span class='ocrx_word' id='word_1_623' title='bbox 1623 5686 1668 5742; x_wconf 84' lang='lat' dir='ltr'><strong>si</strong></span> <span class='ocrx_word' id='word_1_624' title='bbox 1700 5686 1850 5756; x_wconf 86' lang='lat' dir='ltr'><strong>libet,</strong></span> <span class='ocrx_word' id='word_1_625' title='bbox 1871 5701 2036 5759; x_wconf 86' lang='lat' dir='ltr'><strong>quam</strong></span> 
     </span>
    </p>
   </div>
   <div class='ocr_carea' id='block_1_89' title="bbox 533 5860 1070 5929">
    <p class='ocr_par' dir='ltr' id='par_1_89' title="bbox 533 5860 1070 5929">
     <span class='ocr_line' id='line_1_89' title="bbox 533 5860 1070 5929; baseline 0.004 -15"><span class='ocrx_word' id='word_1_626' title='bbox 533 5863 551 5922; x_wconf 54' lang='grc' dir='ltr'><strong><em>β</em></strong></span> <span class='ocrx_word' id='word_1_627' title='bbox 584 5860 774 5917; x_wconf 69' lang='lat' dir='ltr'><strong>Matth.</strong></span> <span class='ocrx_word' id='word_1_628' title='bbox 806 5877 936 5929; x_wconf 77' lang='lat' dir='ltr'><strong>xm,</strong></span> <span class='ocrx_word' id='word_1_629' title='bbox 972 5865 1070 5917; x_wconf 64' lang='lat' dir='ltr'><strong>ii.</strong></span> 
     </span>
    </p>
   </div>
   <div class='ocr_carea' id='block_1_90' title="bbox 2150 3376 3743 3447">
    <p class='ocr_par' dir='ltr' id='par_1_90' title="bbox 2150 3376 3743 3447">
     <span class='ocr_line' id='line_1_90' title="bbox 2150 3376 3743 3447; baseline 0.006 -17"><span class='ocrx_word' id='word_1_630' title='bbox 2150 3392 2275 3431; x_wconf 90' lang='lat' dir='ltr'><strong>men</strong></span> <span class='ocrx_word' id='word_1_631' title='bbox 2312 3377 2415 3431; x_wconf 79' lang='lat' dir='ltr'><strong>sub</strong></span> <span class='ocrx_word' id='word_1_632' title='bbox 2461 3378 2642 3447; x_wconf 91' lang='lat' dir='ltr'><strong>primo</strong></span> <span class='ocrx_word' id='word_1_633' title='bbox 2687 3377 2782 3432; x_wconf 88' lang='lat' dir='ltr'><strong>illo</strong></span> <span class='ocrx_word' id='word_1_634' title='bbox 2811 3376 3122 3434; x_wconf 88' lang='lat' dir='ltr'><strong>constituit.</strong></span> <span class='ocrx_word' id='word_1_635' title='bbox 3157 3379 3313 3435; x_wconf 76' lang='lat' dir='ltr'><strong>Alius</strong></span> <span class='ocrx_word' id='word_1_636' title='bbox 3358 3396 3489 3436; x_wconf 88' lang='lat' dir='ltr'><strong>vero</strong></span> <span class='ocrx_word' id='word_1_637' title='bbox 3545 3383 3743 3440; x_wconf 81' lang='lat' dir='ltr'><strong>multis</strong></span> 
     </span>
    </p>
   </div>
   <div class='ocr_carea' id='block_1_91' title="bbox 2148 3468 3735 3544">
    <p class='ocr_par' dir='ltr' id='par_1_91' title="bbox 2148 3468 3735 3544">
     <span class='ocr_line' id='line_1_91' title="bbox 2148 3468 3735 3544; baseline 0.006 -21"><span class='ocrx_word' id='word_1_638' title='bbox 2148 3468 2254 3523; x_wconf 91' lang='lat' dir='ltr'><strong>hoc</strong></span> <span class='ocrx_word' id='word_1_639' title='bbox 2314 3469 2457 3523; x_wconf 89' lang='lat' dir='ltr'><strong>idem</strong></span> <span class='ocrx_word' id='word_1_640' title='bbox 2492 3485 2747 3526; x_wconf 87' lang='lat' dir='ltr'><strong>asserens</strong></span> <span class='ocrx_word' id='word_1_641' title='bbox 2779 3471 2982 3538; x_wconf 86' lang='lat' dir='ltr'><strong>verbis,</strong></span> <span class='ocrx_word' id='word_1_642' title='bbox 3036 3481 3395 3544; x_wconf 85' lang='lat' dir='ltr'><strong>mutuataque</strong></span> <span class='ocrx_word' id='word_1_643' title='bbox 3422 3477 3637 3529; x_wconf 78' lang='lat' dir='ltr'><strong>laniem</strong></span> <span class='ocrx_word' id='word_1_644' title='bbox 3704 3494 3735 3532; x_wconf 87' lang='lat' dir='ltr'><strong>a</strong></span> 
     </span>
    </p>
   </div>
   <div class='ocr_carea' id='block_1_92' title="bbox 2146 3559 3734 3638">
    <p class='ocr_par' dir='ltr' id='par_1_92' title="bbox 2146 3559 3734 3638">
     <span class='ocr_line' id='line_1_92' title="bbox 2146 3559 3734 3638; baseline 0.006 -25"><span class='ocrx_word' id='word_1_645' title='bbox 2146 3559 2384 3630; x_wconf 88' lang='lat' dir='ltr'><strong>quodam</strong></span> <span class='ocrx_word' id='word_1_646' title='bbox 2412 3561 2724 3631; x_wconf 88' lang='lat' dir='ltr'><strong>antiquiore</strong></span> <span class='ocrx_word' id='word_1_647' title='bbox 2757 3563 3029 3618; x_wconf 88' lang='lat' dir='ltr'><strong>sententia</strong></span> <span class='ocrx_word' id='word_1_648' title='bbox 3058 3580 3072 3615; x_wconf 91' lang='lat'><strong>:</strong></span> <span class='ocrx_word' id='word_1_649' title='bbox 3104 3563 3223 3619; x_wconf 84' lang='lat' dir='ltr'><strong>Non</strong></span> <span class='ocrx_word' id='word_1_650' title='bbox 3258 3574 3361 3627; x_wconf 88' lang='lat' dir='ltr'><strong>est,</strong></span> <span class='ocrx_word' id='word_1_651' title='bbox 3399 3567 3600 3638; x_wconf 85' lang='lat' dir='ltr'><strong>inquit.</strong></span> <span class='ocrx_word' id='word_1_652' title='bbox 3628 3569 3734 3622; x_wconf 84' lang='lat' dir='ltr'><strong>bo-</strong></span> 
     </span>
    </p>
   </div>
   <div class='ocr_carea' id='block_1_93' title="bbox 2147 3652 3734 3730">
    <p class='ocr_par' dir='ltr' id='par_1_93' title="bbox 2147 3652 3734 3730">
     <span class='ocr_line' id='line_1_93' title="bbox 2147 3652 3734 3730; baseline 0.008 -26"><span class='ocrx_word' id='word_1_653' title='bbox 2147 3667 2251 3705; x_wconf 89' lang='lat' dir='ltr'><strong>nus</strong></span> <span class='ocrx_word' id='word_1_654' title='bbox 2304 3652 2602 3707; x_wconf 88' lang='lat' dir='ltr'><strong>multorum</strong></span> <span class='ocrx_word' id='word_1_655' title='bbox 2647 3653 3027 3724; x_wconf 87' lang='lat' dir='ltr'><strong>principatus;</strong></span> <span class='ocrx_word' id='word_1_656' title='bbox 3063 3671 3207 3712; x_wconf 89' lang='lat' dir='ltr'><strong>unus</strong></span> <span class='ocrx_word' id='word_1_657' title='bbox 3240 3658 3521 3730; x_wconf 89' lang='lat' dir='ltr'><strong>princeps,</strong></span> <span class='ocrx_word' id='word_1_658' title='bbox 3581 3678 3734 3717; x_wconf 86' lang='lat' dir='ltr'><strong>unus</strong></span> 
     </span>
    </p>
   </div>
   <div class='ocr_carea' id='block_1_94' title="bbox 2147 3745 3735 3823">
    <p class='ocr_par' dir='ltr' id='par_1_94' title="bbox 2147 3745 3735 3823">
     <span class='ocr_line' id='line_1_94' title="bbox 2147 3745 3735 3823; baseline 0.007 -27"><span class='ocrx_word' id='word_1_659' title='bbox 2147 3758 2240 3797; x_wconf 81' lang='lat' dir='ltr'><strong>rex</strong></span> <span class='ocrx_word' id='word_1_660' title='bbox 2268 3754 2409 3798; x_wconf 89' lang='lat' dir='ltr'><strong>esto.</strong></span> <span class='ocrx_word' id='word_1_661' title='bbox 2437 3745 2630 3816; x_wconf 85' lang='lat' dir='ltr'><strong>Neque</strong></span> <span class='ocrx_word' id='word_1_662' title='bbox 2659 3746 2806 3800; x_wconf 91' lang='lat' dir='ltr'><strong>enim</strong></span> <span class='ocrx_word' id='word_1_663' title='bbox 2835 3746 3026 3801; x_wconf 86' lang='lat' dir='ltr'><strong>volunt</strong></span> <span class='ocrx_word' id='word_1_664' title='bbox 3049 3750 3196 3804; x_wconf 89' lang='lat' dir='ltr'><strong>entia</strong></span> <span class='ocrx_word' id='word_1_665' title='bbox 3233 3751 3373 3806; x_wconf 89' lang='lat' dir='ltr'><strong>male</strong></span> <span class='ocrx_word' id='word_1_666' title='bbox 3408 3754 3735 3823; x_wconf 88' lang='lat' dir='ltr'><strong>gubernari,</strong></span> 
     </span>
    </p>
   </div>
   <div class='ocr_carea' id='block_1_95' title="bbox 2145 3837 3734 3917">
    <p class='ocr_par' dir='ltr' id='par_1_95' title="bbox 2145 3837 3734 3917">
     <span class='ocr_line' id='line_1_95' title="bbox 2145 3837 3734 3917; baseline 0.009 -28"><span class='ocrx_word' id='word_1_667' title='bbox 2145 3837 2299 3906; x_wconf 87' lang='lat' dir='ltr'><strong>quasi</strong></span> <span class='ocrx_word' id='word_1_668' title='bbox 2337 3838 2478 3891; x_wconf 71' lang='lat' dir='ltr'><strong>uitale</strong></span> <span class='ocrx_word' id='word_1_669' title='bbox 2502 3838 2794 3908; x_wconf 84' lang='lat' dir='ltr'><strong>gubernari</strong></span> <span class='ocrx_word' id='word_1_670' title='bbox 2823 3838 3139 3904; x_wconf 80' lang='lat' dir='ltr'><strong>videantur,</strong></span> <span class='ocrx_word' id='word_1_671' title='bbox 3177 3843 3282 3897; x_wconf 87' lang='lat' dir='ltr'><strong>nisi</strong></span> <span class='ocrx_word' id='word_1_672' title='bbox 3321 3859 3464 3900; x_wconf 85' lang='lat' dir='ltr'><strong>unus</strong></span> <span class='ocrx_word' id='word_1_673' title='bbox 3501 3847 3591 3910; x_wconf 86' lang='lat' dir='ltr'><strong>sit,</strong></span> <span class='ocrx_word' id='word_1_674' title='bbox 3631 3851 3734 3917; x_wconf 84' lang='lat' dir='ltr'><strong>qui</strong></span> 
     </span>
    </p>
   </div>
   <div class='ocr_carea' id='block_1_96' title="bbox 2146 3931 3734 4008">
    <p class='ocr_par' dir='ltr' id='par_1_96' title="bbox 2146 3931 3734 4008">
     <span class='ocr_line' id='line_1_96' title="bbox 2146 3931 3734 4008; baseline 0.008 -25"><span class='ocrx_word' id='word_1_675' title='bbox 2146 3931 2328 3999; x_wconf 68' lang='lat' dir='ltr'><strong>prazsit</strong></span> <span class='ocrx_word' id='word_1_676' title='bbox 2372 3931 2663 3985; x_wconf 90' lang='lat' dir='ltr'><strong>universis.</strong></span> <span class='ocrx_word' id='word_1_677' title='bbox 2707 3933 2766 3985; x_wconf 86' lang='lat' dir='ltr'><strong>in</strong></span> <span class='ocrx_word' id='word_1_678' title='bbox 2805 3931 2972 3987; x_wconf 88' lang='lat' dir='ltr'><strong>rebus</strong></span> <span class='ocrx_word' id='word_1_679' title='bbox 3003 3944 3186 3989; x_wconf 88' lang='lat' dir='ltr'><strong>autem</strong></span> <span class='ocrx_word' id='word_1_680' title='bbox 3235 3936 3511 4000; x_wconf 87' lang='lat' dir='ltr'><strong>humanis.</strong></span> <span class='ocrx_word' id='word_1_681' title='bbox 3561 3952 3734 4008; x_wconf 79' lang='lat' dir='ltr'><strong>atque</strong></span> 
     </span>
    </p>
   </div>
   <div class='ocr_carea' id='block_1_97' title="bbox 2144 4021 3732 4100">
    <p class='ocr_par' dir='ltr' id='par_1_97' title="bbox 2144 4021 3732 4100">
     <span class='ocr_line' id='line_1_97' title="bbox 2144 4021 3732 4100; baseline 0.008 -26"><span class='ocrx_word' id='word_1_682' title='bbox 2144 4021 2398 4076; x_wconf 89' lang='lat' dir='ltr'><strong>civilibus</strong></span> <span class='ocrx_word' id='word_1_683' title='bbox 2421 4021 2582 4076; x_wconf 91' lang='lat' dir='ltr'><strong>iidem</strong></span> <span class='ocrx_word' id='word_1_684' title='bbox 2614 4021 2739 4092; x_wconf 82' lang='lat' dir='ltr'><strong>ipsi,</strong></span> <span class='ocrx_word' id='word_1_685' title='bbox 2795 4039 3033 4094; x_wconf 89' lang='lat' dir='ltr'><strong>quorum</strong></span> <span class='ocrx_word' id='word_1_686' title='bbox 3073 4026 3412 4082; x_wconf 90' lang='lat' dir='ltr'><strong>mentionem</strong></span> <span class='ocrx_word' id='word_1_687' title='bbox 3470 4030 3732 4100; x_wconf 89' lang='lat' dir='ltr'><strong>fecimus,</strong></span> 
     </span>
    </p>
   </div>
   <div class='ocr_carea' id='block_1_98' title="bbox 2143 4114 3731 4184">
    <p class='ocr_par' dir='ltr' id='par_1_98' title="bbox 2143 4114 3731 4184">
     <span class='ocr_line' id='line_1_98' title="bbox 2143 4114 3731 4184; baseline 0.009 -16"><span class='ocrx_word' id='word_1_688' title='bbox 2143 4114 2434 4184; x_wconf 61' lang='lat' dir='ltr'><strong>ceterique</strong></span> <span class='ocrx_word' id='word_1_689' title='bbox 2460 4130 2672 4182; x_wconf 82' lang='lat' dir='ltr'><strong>omnes,</strong></span> <span class='ocrx_word' id='word_1_690' title='bbox 2705 4125 2757 4170; x_wconf 93' lang='lat' dir='ltr'><strong>et</strong></span> <span class='ocrx_word' id='word_1_691' title='bbox 2793 4127 2920 4171; x_wconf 90' lang='lat' dir='ltr'><strong>ante</strong></span> <span class='ocrx_word' id='word_1_692' title='bbox 2950 4133 3048 4173; x_wconf 90' lang='lat' dir='ltr'><strong>eos</strong></span> <span class='ocrx_word' id='word_1_693' title='bbox 3073 4118 3324 4175; x_wconf 90' lang='lat' dir='ltr'><strong>Salvator</strong></span> <span class='ocrx_word' id='word_1_694' title='bbox 3349 4132 3538 4178; x_wconf 86' lang='lat' dir='ltr'><strong>noster</strong></span> <span class='ocrx_word' id='word_1_695' title='bbox 3560 4123 3731 4182; x_wconf 74' lang='lat' dir='ltr'><strong>Iesus</strong></span> 
     </span>
    </p>
   </div>
   <div class='ocr_carea' id='block_1_99' title="bbox 2136 4205 3733 4284">
    <p class='ocr_par' dir='ltr' id='par_1_99' title="bbox 2136 4205 3733 4284">
     <span class='ocr_line' id='line_1_99' title="bbox 2136 4205 3733 4284; baseline 0.008 -22"><span class='ocrx_word' id='word_1_696' title='bbox 2136 4205 2391 4262; x_wconf 84' lang='lat' dir='ltr'><strong>Christus</strong></span> <span class='ocrx_word' id='word_1_697' title='bbox 2415 4208 2712 4278; x_wconf 81' lang='lat' dir='ltr'><strong>legitimam</strong></span> <span class='ocrx_word' id='word_1_698' title='bbox 2741 4211 3117 4265; x_wconf 89' lang='lat' dir='ltr'><strong>monarchiam</strong></span> <span class='ocrx_word' id='word_1_699' title='bbox 3145 4213 3358 4269; x_wconf 74' lang='lat' dir='ltr'><strong>caeteris</strong></span> <span class='ocrx_word' id='word_1_700' title='bbox 3384 4215 3733 4284; x_wconf 85' lang='lat' dir='ltr'><strong>gubernandi</strong></span> 
     </span>
    </p>
   </div>
   <div class='ocr_carea' id='block_1_100' title="bbox 2142 4299 3736 4377">
    <p class='ocr_par' dir='ltr' id='par_1_100' title="bbox 2142 4299 3736 4377">
     <span class='ocr_line' id='line_1_100' title="bbox 2142 4299 3736 4377; baseline 0.004 -24"><span class='ocrx_word' id='word_1_701' title='bbox 2142 4301 2320 4354; x_wconf 90' lang='lat' dir='ltr'><strong>modis</strong></span> <span class='ocrx_word' id='word_1_702' title='bbox 2357 4310 2714 4369; x_wconf 88' lang='lat' dir='ltr'><strong>anteponunt.</strong></span> <span class='ocrx_word' id='word_1_703' title='bbox 2765 4299 3011 4364; x_wconf 77' lang='lat' dir='ltr'><strong>Reddite,</strong></span> <span class='ocrx_word' id='word_1_704' title='bbox 3068 4302 3246 4372; x_wconf 88' lang='lat' dir='ltr'><strong>inquit</strong></span> <span class='ocrx_word' id='word_1_705' title='bbox 3295 4304 3408 4372; x_wconf 89' lang='lat' dir='ltr'><strong>ille,</strong></span> <span class='ocrx_word' id='word_1_706' title='bbox 3438 4320 3557 4377; x_wconf 71' lang='lat' dir='ltr'><strong>quae</strong></span> <span class='ocrx_word' id='word_1_707' title='bbox 3604 4317 3736 4362; x_wconf 78' lang='lat' dir='ltr'><strong>sunt</strong></span> 
     </span>
    </p>
   </div>
   <div class='ocr_carea' id='block_1_101' title="bbox 2141 4389 3741 4468">
    <p class='ocr_par' dir='ltr' id='par_1_101' title="bbox 2141 4389 3741 4468">
     <span class='ocr_line' id='line_1_101' title="bbox 2141 4389 3741 4468; baseline 0.006 -23"><span class='ocrx_word' id='word_1_708' title='bbox 2141 4389 2368 4445; x_wconf 70' lang='lat' dir='ltr'><strong>Ca&#39;saris</strong></span> <span class='ocrx_word' id='word_1_709' title='bbox 2401 4390 2618 4456; x_wconf 77' lang='lat' dir='ltr'><strong>Cwsari,</strong></span> <span class='ocrx_word' id='word_1_710' title='bbox 2648 4399 2701 4445; x_wconf 89' lang='lat' dir='ltr'><strong>et</strong></span> <span class='ocrx_word' id='word_1_711' title='bbox 2731 4408 2847 4460; x_wconf 78' lang='lat' dir='ltr'><strong>qua:</strong></span> <span class='ocrx_word' id='word_1_712' title='bbox 2876 4391 2976 4446; x_wconf 84' lang='lat' dir='ltr'><strong>Dei</strong></span> <span class='ocrx_word' id='word_1_713' title='bbox 3009 4393 3114 4447; x_wconf 88' lang='lat' dir='ltr'><strong>Deo</strong></span> <span class='ocrx_word' id='word_1_714' title='bbox 3136 4396 3152 4425; x_wconf 72' lang='grc' dir='ltr'><strong>ι</strong></span> <span class='ocrx_word' id='word_1_715' title='bbox 3179 4410 3194 4460; x_wconf 88' lang='grc'><strong>;</strong></span> <span class='ocrx_word' id='word_1_716' title='bbox 3253 4398 3408 4465; x_wconf 83' lang='lat' dir='ltr'><strong>quasi</strong></span> <span class='ocrx_word' id='word_1_717' title='bbox 3439 4413 3581 4453; x_wconf 88' lang='lat' dir='ltr'><strong>unus</strong></span> <span class='ocrx_word' id='word_1_718' title='bbox 3611 4403 3741 4468; x_wconf 85' lang='lat' dir='ltr'><strong>qui-</strong></span> 
     </span>
    </p>
   </div>
   <div class='ocr_carea' id='block_1_102' title="bbox 2141 4476 3732 4558">
    <p class='ocr_par' dir='ltr' id='par_1_102' title="bbox 2141 4476 3732 4558">
     <span class='ocr_line' id='line_1_102' title="bbox 2141 4476 3732 4558; baseline 0.007 -24"><span class='ocrx_word' id='word_1_719' title='bbox 2141 4483 2264 4535; x_wconf 88' lang='lat' dir='ltr'><strong>dem</strong></span> <span class='ocrx_word' id='word_1_720' title='bbox 2307 4483 2378 4536; x_wconf 90' lang='lat' dir='ltr'><strong>sit</strong></span> <span class='ocrx_word' id='word_1_721' title='bbox 2416 4483 2558 4537; x_wconf 85' lang='lat' dir='ltr'><strong>Deus</strong></span> <span class='ocrx_word' id='word_1_722' title='bbox 2609 4484 2663 4537; x_wconf 93' lang='lat' dir='ltr'><strong>in</strong></span> <span class='ocrx_word' id='word_1_723' title='bbox 2693 4483 2866 4547; x_wconf 69' lang='lat' dir='ltr'><strong>uelis,</strong></span> <span class='ocrx_word' id='word_1_724' title='bbox 2899 4491 2956 4538; x_wconf 90' lang='lat' dir='ltr'><strong>et</strong></span> <span class='ocrx_word' id='word_1_725' title='bbox 2987 4500 3126 4540; x_wconf 90' lang='lat' dir='ltr'><strong>unus</strong></span> <span class='ocrx_word' id='word_1_726' title='bbox 3142 4476 3427 4557; x_wconf 51' lang='lat' dir='ltr'><strong>&#39;princeps</strong></span> <span class='ocrx_word' id='word_1_727' title='bbox 3456 4490 3508 4543; x_wconf 94' lang='lat' dir='ltr'><strong>in</strong></span> <span class='ocrx_word' id='word_1_728' title='bbox 3535 4494 3732 4558; x_wconf 87' lang='lat' dir='ltr'><strong>terris;</strong></span> 
     </span>
    </p>
   </div>
   <div class='ocr_carea' id='block_1_103' title="bbox 2146 4575 3736 4651">
    <p class='ocr_par' dir='ltr' id='par_1_103' title="bbox 2146 4575 3736 4651">
     <span class='ocr_line' id='line_1_103' title="bbox 2146 4575 3736 4651; baseline 0.008 -22"><span class='ocrx_word' id='word_1_729' title='bbox 2146 4575 2237 4630; x_wconf 88' lang='lat' dir='ltr'><strong>hic</strong></span> <span class='ocrx_word' id='word_1_730' title='bbox 2289 4591 2418 4630; x_wconf 89' lang='lat' dir='ltr'><strong>vero</strong></span> <span class='ocrx_word' id='word_1_731' title='bbox 2471 4578 2565 4646; x_wconf 91' lang='lat' dir='ltr'><strong>qui</strong></span> <span class='ocrx_word' id='word_1_732' title='bbox 2618 4576 2761 4632; x_wconf 87' lang='lat' dir='ltr'><strong>inter</strong></span> <span class='ocrx_word' id='word_1_733' title='bbox 2817 4577 3180 4649; x_wconf 87' lang='lat' dir='ltr'><strong>philosophos</strong></span> <span class='ocrx_word' id='word_1_734' title='bbox 3239 4582 3478 4651; x_wconf 87' lang='lat' dir='ltr'><strong>primum</strong></span> <span class='ocrx_word' id='word_1_735' title='bbox 3512 4585 3736 4642; x_wconf 85' lang='lat' dir='ltr'><strong>obtinet</strong></span> 
     </span>
    </p>
   </div>
   <div class='ocr_carea' id='block_1_104' title="bbox 2145 4667 3738 4746">
    <p class='ocr_par' dir='ltr' id='par_1_104' title="bbox 2145 4667 3738 4746">
     <span class='ocr_line' id='line_1_104' title="bbox 2145 4667 3738 4746; baseline 0.008 -24"><span class='ocrx_word' id='word_1_736' title='bbox 2145 4669 2348 4732; x_wconf 92' lang='lat' dir='ltr'><strong>locum,</strong></span> <span class='ocrx_word' id='word_1_737' title='bbox 2384 4667 2519 4722; x_wconf 89' lang='lat' dir='ltr'><strong>illud</strong></span> <span class='ocrx_word' id='word_1_738' title='bbox 2546 4669 2860 4738; x_wconf 67' lang='lat' dir='ltr'><strong>reipublicae</strong></span> <span class='ocrx_word' id='word_1_739' title='bbox 2897 4687 3070 4740; x_wconf 84' lang='lat' dir='ltr'><strong>genus</strong></span> <span class='ocrx_word' id='word_1_740' title='bbox 3105 4683 3214 4727; x_wconf 87' lang='lat' dir='ltr'><strong>non</strong></span> <span class='ocrx_word' id='word_1_741' title='bbox 3245 4675 3407 4730; x_wconf 93' lang='lat' dir='ltr'><strong>modo</strong></span> <span class='ocrx_word' id='word_1_742' title='bbox 3436 4681 3738 4746; x_wconf 83' lang='lat' dir='ltr'><strong>generibus</strong></span> 
     </span>
    </p>
   </div>
   <div class='ocr_carea' id='block_1_105' title="bbox 2144 4761 3736 4838">
    <p class='ocr_par' dir='ltr' id='par_1_105' title="bbox 2144 4761 3736 4838">
     <span class='ocr_line' id='line_1_105' title="bbox 2144 4761 3736 4838; baseline 0.007 -23"><span class='ocrx_word' id='word_1_743' title='bbox 2144 4761 2379 4827; x_wconf 65' lang='lat' dir='ltr'><strong>caeteris,</strong></span> <span class='ocrx_word' id='word_1_744' title='bbox 2413 4761 2507 4815; x_wconf 81' lang='lat' dir='ltr'><strong>sed</strong></span> <span class='ocrx_word' id='word_1_745' title='bbox 2539 4761 2702 4816; x_wconf 86' lang='lat' dir='ltr'><strong>etiam</strong></span> <span class='ocrx_word' id='word_1_746' title='bbox 2751 4765 3081 4832; x_wconf 78' lang='lat' dir='ltr'><strong>optimatum</strong></span> <span class='ocrx_word' id='word_1_747' title='bbox 3130 4768 3464 4838; x_wconf 85' lang='lat' dir='ltr'><strong>principatui</strong></span> <span class='ocrx_word' id='word_1_748' title='bbox 3500 4781 3736 4838; x_wconf 83' lang='lat' dir='ltr'><strong>antepo-</strong></span> 
     </span>
    </p>
   </div>
   <div class='ocr_carea' id='block_1_106' title="bbox 2144 4854 3730 4924">
    <p class='ocr_par' dir='ltr' id='par_1_106' title="bbox 2144 4854 3730 4924">
     <span class='ocr_line' id='line_1_106' title="bbox 2144 4854 3730 4924; baseline 0.007 -16"><span class='ocrx_word' id='word_1_749' title='bbox 2144 4854 2248 4918; x_wconf 92' lang='lat' dir='ltr'><strong>nit,</strong></span> <span class='ocrx_word' id='word_1_750' title='bbox 2291 4863 2346 4908; x_wconf 89' lang='lat' dir='ltr'><strong>et</strong></span> <span class='ocrx_word' id='word_1_751' title='bbox 2389 4854 2577 4909; x_wconf 87' lang='lat' dir='ltr'><strong>divino</strong></span> <span class='ocrx_word' id='word_1_752' title='bbox 2631 4869 2796 4924; x_wconf 86' lang='lat' dir='ltr'><strong>quam</strong></span> <span class='ocrx_word' id='word_1_753' title='bbox 2855 4857 3196 4911; x_wconf 87' lang='lat' dir='ltr'><strong>simillimum</strong></span> <span class='ocrx_word' id='word_1_754' title='bbox 3259 4876 3382 4916; x_wconf 84' lang='lat' dir='ltr'><strong>esse</strong></span> <span class='ocrx_word' id='word_1_755' title='bbox 3429 4862 3586 4918; x_wconf 88' lang='lat' dir='ltr'><strong>dicit.</strong></span> <span class='ocrx_word' id='word_1_756' title='bbox 3622 4863 3730 4919; x_wconf 87' lang='lat' dir='ltr'><strong>Ubi</strong></span> 
     </span>
    </p>
   </div>
   <div class='ocr_carea' id='block_1_107' title="bbox 2145 4948 3731 5023">
    <p class='ocr_par' dir='ltr' id='par_1_107' title="bbox 2145 4948 3731 5023">
     <span class='ocr_line' id='line_1_107' title="bbox 2145 4948 3731 5023; baseline 0.01 -24"><span class='ocrx_word' id='word_1_757' title='bbox 2145 4962 2310 5013; x_wconf 91' lang='lat' dir='ltr'><strong>unus,</strong></span> <span class='ocrx_word' id='word_1_758' title='bbox 2342 4948 2433 5017; x_wconf 91' lang='lat' dir='ltr'><strong>qui</strong></span> <span class='ocrx_word' id='word_1_759' title='bbox 2471 4949 2768 5002; x_wconf 89' lang='lat' dir='ltr'><strong>virtutibus</strong></span> <span class='ocrx_word' id='word_1_760' title='bbox 2802 4960 3055 5017; x_wconf 54' lang='lat' dir='ltr'><strong>caeteros</strong></span> <span class='ocrx_word' id='word_1_761' title='bbox 3112 4957 3428 5023; x_wconf 87' lang='lat' dir='ltr'><strong>antecellat,</strong></span> <span class='ocrx_word' id='word_1_762' title='bbox 3466 4960 3731 5016; x_wconf 84' lang='lat' dir='ltr'><strong>omnibus</strong></span> 
     </span>
    </p>
   </div>
   <div class='ocr_carea' id='block_1_108' title="bbox 2147 5039 3732 5112">
    <p class='ocr_par' dir='ltr' id='par_1_108' title="bbox 2147 5039 3732 5112">
     <span class='ocr_line' id='line_1_108' title="bbox 2147 5039 3732 5112; baseline 0.009 -20"><span class='ocrx_word' id='word_1_763' title='bbox 2147 5039 2482 5092; x_wconf 90' lang='lat' dir='ltr'><strong>dominetur.</strong></span> <span class='ocrx_word' id='word_1_764' title='bbox 2543 5039 2699 5095; x_wconf 84' lang='lat' dir='ltr'><strong>Alius</strong></span> <span class='ocrx_word' id='word_1_765' title='bbox 2745 5053 2931 5096; x_wconf 90' lang='lat' dir='ltr'><strong>autem</strong></span> <span class='ocrx_word' id='word_1_766' title='bbox 2987 5043 3153 5112; x_wconf 88' lang='lat' dir='ltr'><strong>hujus</strong></span> <span class='ocrx_word' id='word_1_767' title='bbox 3200 5049 3420 5102; x_wconf 89' lang='lat' dir='ltr'><strong>auditor</strong></span> <span class='ocrx_word' id='word_1_768' title='bbox 3469 5053 3732 5108; x_wconf 87' lang='lat' dir='ltr'><strong>omnibus</strong></span> 
     </span>
    </p>
   </div>
   <div class='ocr_carea' id='block_1_109' title="bbox 2147 5132 3738 5215">
    <p class='ocr_par' dir='ltr' id='par_1_109' title="bbox 2147 5132 3738 5215">
     <span class='ocr_line' id='line_1_109' title="bbox 2147 5132 3738 5215; baseline 0.006 -28"><span class='ocrx_word' id='word_1_769' title='bbox 2147 5132 2351 5204; x_wconf 71' lang='lat' dir='ltr'><strong>poiitire</strong></span> <span class='ocrx_word' id='word_1_770' title='bbox 2378 5135 2716 5190; x_wconf 79' lang='lat' dir='ltr'><strong>enumeratis</strong></span> <span class='ocrx_word' id='word_1_771' title='bbox 2765 5136 3094 5206; x_wconf 84' lang='lat' dir='ltr'><strong>generibus,</strong></span> <span class='ocrx_word' id='word_1_772' title='bbox 3135 5142 3388 5196; x_wconf 88' lang='lat' dir='ltr'><strong>eumdem</strong></span> <span class='ocrx_word' id='word_1_773' title='bbox 3439 5143 3582 5197; x_wconf 82' lang='lat' dir='ltr'><strong>hunc</strong></span> <span class='ocrx_word' id='word_1_774' title='bbox 3635 5161 3738 5215; x_wconf 79' lang='lat' dir='ltr'><strong>gn-</strong></span> 
     </span>
    </p>
   </div>
   <div class='ocr_carea' id='block_1_110' title="bbox 2149 5225 3741 5304">
    <p class='ocr_par' dir='ltr' id='par_1_110' title="bbox 2149 5225 3741 5304">
     <span class='ocr_line' id='line_1_110' title="bbox 2149 5225 3741 5304; baseline 0.006 -23"><span class='ocrx_word' id='word_1_775' title='bbox 2149 5225 2422 5281; x_wconf 87' lang='lat' dir='ltr'><strong>bernandi</strong></span> <span class='ocrx_word' id='word_1_776' title='bbox 2451 5225 2676 5281; x_wconf 88' lang='lat' dir='ltr'><strong>modum</strong></span> <span class='ocrx_word' id='word_1_777' title='bbox 2701 5238 2829 5280; x_wconf 85' lang='lat' dir='ltr'><strong>ante</strong></span> <span class='ocrx_word' id='word_1_778' title='bbox 2851 5244 3044 5283; x_wconf 82' lang='lat' dir='ltr'><strong>omnes</strong></span> <span class='ocrx_word' id='word_1_779' title='bbox 3071 5234 3378 5296; x_wconf 84' lang='lat' dir='ltr'><strong>constituit.</strong></span> <span class='ocrx_word' id='word_1_780' title='bbox 3403 5235 3741 5304; x_wconf 79' lang='lat' dir='ltr'><strong>perfectissi-</strong></span> 
     </span>
    </p>
   </div>
   <div class='ocr_carea' id='block_1_111' title="bbox 2152 5321 3732 5394">
    <p class='ocr_par' dir='ltr' id='par_1_111' title="bbox 2152 5321 3732 5394">
     <span class='ocr_line' id='line_1_111' title="bbox 2152 5321 3732 5394; baseline 0.006 -22"><span class='ocrx_word' id='word_1_781' title='bbox 2152 5333 2301 5373; x_wconf 89' lang='lat' dir='ltr'><strong>mum</strong></span> <span class='ocrx_word' id='word_1_782' title='bbox 2332 5333 2558 5387; x_wconf 80' lang='lat' dir='ltr'><strong>regnum</strong></span> <span class='ocrx_word' id='word_1_783' title='bbox 2589 5321 2892 5390; x_wconf 89' lang='lat' dir='ltr'><strong>appellans.</strong></span> <span class='ocrx_word' id='word_1_784' title='bbox 2935 5323 3089 5378; x_wconf 85' lang='lat' dir='ltr'><strong>llunc</strong></span> <span class='ocrx_word' id='word_1_785' title='bbox 3119 5325 3283 5394; x_wconf 88' lang='lat' dir='ltr'><strong>igitur</strong></span> <span class='ocrx_word' id='word_1_786' title='bbox 3315 5341 3344 5379; x_wconf 90' lang='lat' dir='ltr'><strong>a</strong></span> <span class='ocrx_word' id='word_1_787' title='bbox 3383 5324 3494 5381; x_wconf 84' lang='lat' dir='ltr'><strong>Deo</strong></span> <span class='ocrx_word' id='word_1_788' title='bbox 3525 5328 3732 5381; x_wconf 90' lang='lat' dir='ltr'><strong>bonum</strong></span> 
     </span>
    </p>
   </div>
   <div class='ocr_carea' id='block_1_112' title="bbox 2149 5409 3741 5480">
    <p class='ocr_par' dir='ltr' id='par_1_112' title="bbox 2149 5409 3741 5480">
     <span class='ocr_line' id='line_1_112' title="bbox 2149 5409 3741 5480; baseline 0.006 -15"><span class='ocrx_word' id='word_1_789' title='bbox 2149 5419 2208 5465; x_wconf 90' lang='lat' dir='ltr'><strong>et</strong></span> <span class='ocrx_word' id='word_1_790' title='bbox 2259 5409 2583 5480; x_wconf 85' lang='lat' dir='ltr'><strong>perfectum,</strong></span> <span class='ocrx_word' id='word_1_791' title='bbox 2633 5423 2690 5466; x_wconf 87' lang='lat' dir='ltr'><strong>ct</strong></span> <span class='ocrx_word' id='word_1_792' title='bbox 2742 5416 3116 5468; x_wconf 84' lang='lat' dir='ltr'><strong>necessarium</strong></span> <span class='ocrx_word' id='word_1_793' title='bbox 3175 5418 3427 5472; x_wconf 89' lang='lat' dir='ltr'><strong>ordinem</strong></span> <span class='ocrx_word' id='word_1_794' title='bbox 3481 5419 3533 5472; x_wconf 91' lang='lat' dir='ltr'><strong>in</strong></span> <span class='ocrx_word' id='word_1_795' title='bbox 3568 5419 3741 5476; x_wconf 83' lang='lat' dir='ltr'><strong>rebus</strong></span> 
     </span>
    </p>
   </div>
   <div class='ocr_carea' id='block_1_113' title="bbox 2147 5501 3736 5576">
    <p class='ocr_par' dir='ltr' id='par_1_113' title="bbox 2147 5501 3736 5576">
     <span class='ocr_line' id='line_1_113' title="bbox 2147 5501 3736 5576; baseline 0.008 -20"><span class='ocrx_word' id='word_1_796' title='bbox 2147 5501 2467 5570; x_wconf 85' lang='lat' dir='ltr'><strong>fluentibus,</strong></span> <span class='ocrx_word' id='word_1_797' title='bbox 2491 5512 2655 5573; x_wconf 90' lang='lat' dir='ltr'><strong>atque</strong></span> <span class='ocrx_word' id='word_1_798' title='bbox 2717 5507 2954 5561; x_wconf 89' lang='lat' dir='ltr'><strong>terrenis</strong></span> <span class='ocrx_word' id='word_1_799' title='bbox 2993 5510 3364 5576; x_wconf 86' lang='lat' dir='ltr'><strong>servabimus,</strong></span> <span class='ocrx_word' id='word_1_800' title='bbox 3395 5511 3639 5568; x_wconf 87' lang='lat' dir='ltr'><strong>fratres:</strong></span> <span class='ocrx_word' id='word_1_801' title='bbox 3678 5517 3736 5568; x_wconf 90' lang='lat' dir='ltr'><strong>in</strong></span> 
     </span>
    </p>
   </div>
   <div class='ocr_carea' id='block_1_114' title="bbox 2148 5599 3739 5664">
    <p class='ocr_par' dir='ltr' id='par_1_114' title="bbox 2148 5599 3739 5664">
     <span class='ocr_line' id='line_1_114' title="bbox 2148 5599 3739 5664; baseline 0.007 -14"><span class='ocrx_word' id='word_1_802' title='bbox 2148 5607 2477 5651; x_wconf 74' lang='lat' dir='ltr'><strong>aeternarum</strong></span> <span class='ocrx_word' id='word_1_803' title='bbox 2505 5612 2635 5653; x_wconf 82' lang='lat' dir='ltr'><strong>vero</strong></span> <span class='ocrx_word' id='word_1_804' title='bbox 2667 5599 2998 5664; x_wconf 91' lang='lat' dir='ltr'><strong>animarum,</strong></span> <span class='ocrx_word' id='word_1_805' title='bbox 3026 5610 3082 5655; x_wconf 93' lang='lat' dir='ltr'><strong>et</strong></span> <span class='ocrx_word' id='word_1_806' title='bbox 3106 5612 3310 5657; x_wconf 71' lang='lat' dir='ltr'><strong>sanctae</strong></span> <span class='ocrx_word' id='word_1_807' title='bbox 3347 5603 3437 5659; x_wconf 89' lang='lat' dir='ltr'><strong>Dei</strong></span> <span class='ocrx_word' id='word_1_808' title='bbox 3474 5604 3739 5662; x_wconf 67' lang='lat' dir='ltr'><strong>Ecclesiae</strong></span> 
     </span>
    </p>
   </div>
   <div class='ocr_carea' id='block_1_115' title="bbox 2147 5689 3732 5767">
    <p class='ocr_par' dir='ltr' id='par_1_115' title="bbox 2147 5689 3732 5767">
     <span class='ocr_line' id='line_1_115' title="bbox 2147 5689 3732 5767; baseline 0.006 -24"><span class='ocrx_word' id='word_1_809' title='bbox 2147 5689 2544 5761; x_wconf 87' lang='lat' dir='ltr'><strong>gubernatione</strong></span> <span class='ocrx_word' id='word_1_810' title='bbox 2599 5692 3065 5749; x_wconf 86' lang='lat' dir='ltr'><strong>contemnemus?</strong></span> <span class='ocrx_word' id='word_1_811' title='bbox 3115 5693 3384 5752; x_wconf 88' lang='lat' dir='ltr'><strong>lndecens</strong></span> <span class='ocrx_word' id='word_1_812' title='bbox 3437 5706 3586 5754; x_wconf 88' lang='lat' dir='ltr'><strong>certe</strong></span> <span class='ocrx_word' id='word_1_813' title='bbox 3621 5709 3732 5767; x_wconf 89' lang='lat' dir='ltr'><strong>est,</strong></span> 
     </span>
    </p>
   </div>
  </div>
