4086 6414
2917 281 2925 287 ”
2945 281 2960 288 '
3005 285 3108 305 ’.τ’-τ-

367 343 476 402 1.39
1432 349 1529 412 DE
1568 351 1855 414 VERBIS
1893 351 2574 416 CONSECRATIONIS.
3529 353 3672 415 490*

366 472 422 518 et
448 461 517 519 ab
557 461 708 520 omni
735 461 948 522 ratione
971 465 1236 524 alienum.
1264 467 1364 526 Hic
1391 469 1541 526 enim
1567 472 1803 528 maxime
1828 487 1944 527 om-
1974 477 2020 535 Α
2049 470 2380 542 pontiﬁcalis
2407 469 2682 528 sententia
2721 467 2938 524 roboris
2993 467 3274 524 habuisset
3302 507 3318 531 ,
3369 483 3477 522 non
3522 469 3632 524 illis

365 555 518 610 nium
556 564 641 612 est
665 561 802 612 ordo
831 558 1157 616 servandus.
1211 559 1500 631 Siquidem
1537 572 1804 634 perpetua
1857 564 1945 618 di-
2054 550 2332 619 attulisset
2377 565 2794 627 detrimentum,
2827 561 2932 616 nisi
2980 559 3223 616 Romano
3255 560 3477 631 pra-soli
3505 561 3640 616 sub-

363 647 551 717 gniora
584 656 710 702 sunt
760 648 945 715 ﬂuxis,
993 653 1394 707 momentaneis
1417 695 1432 720 ,
1497 662 1663 724 atque
1699 655 1942 714 caducis.
2053 654 2154 710 diti
2188 655 2546 710 exstitissent.
2580 653 2839 708 Photium
2892 653 3091 708 deinde
3126 652 3636 722 Constantinopoli-

364 737 504 794 lline
551 739 837 808 legislator
866 751 1076 805 noster,
1110 754 1167 798 et
1201 741 1467 800 Dominus
1494 745 1656 801 Jesus
1686 746 1942 804 Christus
2053 754 2234 801 tanam
2286 746 2474 802 sedem
2526 755 2888 812 occupantem
2914 785 2928 808 ,
2968 746 3061 814 qui
3104 744 3457 800 sanetissimo
3511 743 3634 800 viro

361 846 580 886 omnem
609 830 905 886 humanam
923 831 1272 902 sapientiam,
1300 836 1459 906 cujus
1488 839 1604 907 ipse
1643 837 1802 892 dator
1835 848 1943 906 est,
2051 837 2262 908 lgnatio
2307 840 2484 909 ejecto
2524 837 2828 894 Ecclesiam
2880 836 2985 893 sibi
3041 837 3254 891 viribus
3321 838 3636 909 subegerat,

360 921 653 987 excedens,
685 924 954 993 optimum
979 925 1318 995 gubernandi
1347 929 1568 984 modum
1589 943 1701 984 suae
1720 931 1944 1001 reliquit
2052 943 2238 985 nonne
2287 929 2547 985 Nicolaus
2595 929 2873 984 Romanus
2902 929 3152 999 pontifex
3187 929 3432 984 fidelium
3479 945 3632 984 com-

361 1011 639 1080 Ecclcsias,
661 1028 785 1069 eum
817 1015 1001 1081 Petro,
1029 1025 1083 1070 et
1112 1029 1210 1086 per
1230 1031 1356 1071 eum
1387 1018 1802 1075 successoribus
1823 1021 1944 1092 ejus
2050 1020 2311 1079 munione
2338 1020 2594 1090 privavit,
2629 1029 2687 1076 et
2719 1021 2990 1076 'restituto
3044 1019 3248 1092 lgnatio
3275 1021 3346 1076 ab
3385 1021 3634 1077 Ecclesia

361 1105 896 1174 prinq‘patumillius
919 1107 1165 1163 tradidit.
1199 1108 1274 1162 Tu
1308 1125 1386 1172 es,
1412 1109 1614 1178 inquit,
1645 1109 1858 1178 Petrus,
1889 1123 1942 1166 et
2053 1113 2297 1182 repulit?
2331 1113 2448 1180 Qua
2506 1112 2720 1167 ratione
2751 1113 2803 1168 id
2849 1113 2963 1182 egit
3009 1113 3286 1179 Nieolaus,
3335 1113 3444 1169 nisi
3501 1113 3633 1183 quia

359 1212 514 1264 super
563 1196 700 1250 hanc
731 1207 938 1266 petram
969 1199 1242 1266 aediﬁcabo
1277 1200 1573 1256 Ecclesium
1619 1205 1847 1259 meam'.
1875 1205 1944 1260 Et
2051 1220 2220 1273 super
2257 1219 2452 1260 omnes
2483 1203 2756 1257 Ecclesiae
2804 1211 3129 1272 potestatem
3168 1202 3430 1258 habebat.
3475 1203 3634 1258 Post-

359 1302 590 1341 rursus:
620 1287 733 1341 Tibi
764 1290 898 1343 dabo
921 1289 1090 1344 claves
1111 1293 1259 1361 regni
1281 1293 1529 1347 caelorum
1547 1295 1588 1349 '.
1608 1295 1675 1348 Et
1705 1296 1938 1350 iterum:
2053 1310 2217 1364 quam
2251 1309 2381 1348 vero
2411 1295 2492 1348 vir
2535 1303 2758 1350 sanctus
2815 1295 3056 1364 lgnatius
3079 1293 3147 1348 ad
3198 1292 3490 1348 Dominum
3533 1294 3634 1349 ini-

358 1378 526 1434 Pasce
551 1395 667 1433 oves
702 1396 868 1444 meas,
889 1397 1046 1450 pasce
1083 1399 1245 1452 agnos
1272 1399 1409 1438 meos
1431 1385 1472 1442 ³.
1497 1385 1564 1439 Et
1586 1386 1753 1440 alibi:
1793 1387 1859 1440 Et
1885 1396 1942 1440 tu
2051 1386 2228 1454 gravit
2258 1423 2274 1447 ,
2333 1400 2515 1439 nonne
2600 1384 2965 1453 imperatores
3033 1383 3631 1453 Constantinopolitani

357 1472 646 1542 aliquando
672 1489 950 1528 conversus
985 1476 1240 1544 conﬁrma
1288 1481 1480 1546 fratres
1506 1489 1622 1534 tuo;
1643 1481 1683 1534 ι,
1714 1480 1826 1536 Nec
1854 1497 1941 1537 me
2053 1475 2260 1540 multis,
2292 1491 2355 1529 ac
2389 1477 2599 1530 crebris
2632 1477 2889 1547 precibus
2931 1477 2984 1530 in
3021 1476 3266 1531 favorem
3299 1475 3480 1530 Photii
3522 1477 3630 1531 Ro-
3697 1515 3704 1522 .

359 1565 562 1632 putetis
588 1563 788 1618 fratres
846 1580 1042 1619 novam
1094 1567 1268 1635 legem
1321 1568 1696 1636 introducere,
1734 1587 1942 1626 novum
2051 1581 2215 1620 mane
2241 1566 2484 1633 pontifici
2519 1566 2977 1635 interpellarunt?
3015 1566 3208 1621 Nonne
3237 1566 3501 1631 Joannes,
3532 1564 3630 1634 qui

359 1655 553 1724 dogma
585 1655 804 1711 docere.
841 1657 1095 1726 Repetite
1138 1659 1400 1714 memoria
1426 1699 1440 1722 ,
1480 1662 1573 1731 qui
1607 1663 1812 1732 priscas
1859 1664 1942 1727 Ιιῖ-
2050 1665 2174 1725 post
2214 1656 2520 1718 Nicolaum,
2565 1666 2620 1712 et
2651 1656 2952 1714 Adrianum
2983 1656 3311 1712 universalis
3369 1655 3632 1710 Ecclesia:

356 1747 621 1809 stet-iens,
656 1748 750 1816 qui
803 1749 1160 1803 conciliorum
1208 1760 1332 1804 acla'
1381 1751 1626 1823 legistis,
1669 1764 1937 1823 quantum
2049 1747 2426 1817 gubernacula
2459 1758 2796 1818 susceperat,
2833 1750 2885 1801 in
2927 1748 3351 1817 patriarcbalem
3385 1745 3629 1801 restituit

357 1853 575 1906 semper
605 1839 885 1894 Romanus
916 1839 1158 1908 pontifex
1182 1857 1348 1910 super
1381 1859 1597 1897 omnem
1635 1845 1935 1900 Ecclesiain
1964 1835 2013 1892 Β
2046 1837 2251 1900 sedem.
2283 1838 2620 1908 palliumque
2653 1839 2728 1893 illi
2781 1840 2950 1899 misit,
2983 1839 3035 1896 in
3083 1854 3192 1908 quo
3224 1839 3457 1907 refulget
3491 1853 3628 1906 pon-

356 1931 738 1984 auctoritatem
809 1932 1027 1986 habuit.
1087 1932 1419 1990 Οωιεειξηιιε
1494 1952 1633 2006 papa
1703 1938 1935 2007 primam
2049 1927 2211 1981 titicis
2242 1925 2500 1996 dignitas.
2552 1927 2689 1993 Quid
2739 1928 2956 1982 tandem
2996 1929 3110 1982 hch
3154 1926 3628 1996 omniaprmsefe-

357 2020 690 2089 Ephesinatn
724 2021 994 2091 synodum
1029 2022 1178 2077 solus
1198 2025 1532 2092 reprobaﬁt,
1563 2025 1936 2096 irritavitquc,

2047 2026 2203 2082 runt,
2240 2017 2458 2082 fratres,
2487 2019 2592 2073 nisi
2629 2034 2896 2073 summam
2933 2036 3055 2075 esse
3092 2019 3322 2074 Romani
3352 2019 3625 2088 pontificis

356 2111 610 2181 quamvis
643 2111 824 2166 omnis
869 2110 1163 2168 Orientalis
1187 2113 1456 2178 Ecclesia,
1484 2124 1538 2169 et
1567 2115 1670 2185 ipsi
1710 2118 1938 2186 patriar-

2045 2124 2210 2179 super
2270 2124 2488 2165 omnem
2545 2110 2842 2166 Ecclesiam
2895 2113 3304 2176 auctoritatem,
3344 2126 3615 2166 summam

355 2204 473 2257 chte
517 2203 804 2258 unanimes
860 2203 914 2257 in
964 2219 1028 2258 ea
1081 2207 1486 2262 convenissent.
1529 2207 1728 2263 Leonis
1759 2208 1933 2278 Magni
2046 2202 2413 2270 pOIeSlalem?
2443 2201 2568 2256 H330
2598 2202 2764 2271 igitur
2793 2204 2974 2257 omnia
2999 2207 3325 2271 cogitanleS,
3346 2202 3463 2256 haec
3495 2187 3621 2257 cui“

354 2293 644 2360 epistolam
682 2293 874 2348 Patres
897 2292 1376 2350 Chalcedonenses
1409 2313 1640 2352 numero
1665 2301 1934 2364 sexcenti,
2044 2293 2212 2347 animi
2248 2294 2550 2349 attentione
2579 2293 2994 2349 considerantes
3023 2309 3244 2348 onmem
3284 2309 3475 2348 vanam
3507 2293 3626 2364 opi-

355 2393 412 2438 et
461 2384 681 2453 triginta
725 2385 969 2456 episcopi
1000 2386 1175 2442 instar
1214 2388 1356 2444 sacri
1397 2389 1677 2460 Evangelii
1715 2407 1936 2460 recepe-
2047 2387 2264 2440 nionem
2295 2385 2478 2440 exuite
2512 2425 2528 2450 ,
2561 2402 2724 2441 omne
2751 2387 3088 2460 itnmeritum
3125 2385 3312 2440 odium
3339 2385 3623 2455 deponite,

357 2487 510 2543 runt,
531 2493 762 2547 eamque
796 2479 1117 2534 orthodoxa:
1161 2479 1286 2535 ﬁdei
1319 2481 1630 2537 columnam
1681 2484 1936 2539 nomina.
2044 2491 2205 2532 omne
2237 2476 2370 2530 illud
2405 2476 2471 2532 dc
2508 2477 2720 2532 Latinis
2753 2492 2860 2531 non
2889 2487 3101 2532 rectum
3131 2475 3397 2547 judicium
3423 2476 3478 2530 in
3513 2490 3628 2529 tne-

357 2576 524 2634 runt;
570 2582 784 2621 necnon
820 2569 973 2639 juxta
1005 2569 1123 2640 ejus
1152 2571 1506 2638 sententiam,
1548 2587 1691 2636 eam,
1722 2575 1788 2628 de
1829 2589 1936 2643 qua
2043 2570 2151 2624 lius
2181 2578 2420 2635 mutate;
2451 2570 2846 2640 amplectimini
2891 2570 3215 2635 veritatem;
3252 2569 3621 2638 integritatem

354 2659 638 2728 agebatur,
688 2661 1058 2715 terminarunt
1103 2663 1482 2731 quaestionem.
1516 2663 1685 2718 [idem
1743 2665 1948 2724 Patres
1981 2645 1984 2650 ’
2045 2658 2168 2712 fidei
2212 2675 2320 2714 una
2345 2674 2470 2714 cum
2503 2658 2775 2714 catholica
2806 2667 2860 2713 et
2886 2667 3075 2713 sancta
3110 2659 3352 2712 Romana
3379 2656 3624 2712 Ecclesia

353 2750 1415 2823 AlexandrinoConstantinopolitanum
1448 2771 1546 2826 per
1571 2756 1936 2812 imitationem
2047 2749 2146 2820 ipsi
2200 2767 2421 2821 quoque
2470 2751 2689 2805 maximi
2730 2751 3111 2806 existimantes
3140 2749 3428 2804 nobiscum
3491 2763 3626 2802 con-

356 2841 584 2895 sccundi
633 2841 853 2896 concilii
910 2854 1351 2913 przeposuerunt,
1379 2861 1482 2902 nec
1514 2854 1697 2901 tamen
1740 2847 1937 2904 fecisse
2048 2843 2248 2898 venite.
2288 2843 2481 2898 Missos
2532 2843 2692 2897 facite
2725 2857 2819 2897 eos
2879 2841 2971 2914 qui
3022 2840 3398 2896 contentionis
3443 2839 3628 2909 potius

355 2947 416 2987 se
476 2932 683 3003 aliquid
727 2945 1084 3003 censuerunt,
1119 2939 1222 2992 nisi
1275 2939 1377 2993 hoc
1410 2939 1555 2994 idem
1581 2937 1691 2993 Leo
1738 2940 1940 2994 conilr-
2046 2937 2240 3003 gratia,
2272 2949 2435 3002 quam
2463 2933 2714 2988 veritatis
2754 2949 2895 2988 vana
2938 2933 3245 3001 loquentes,
3284 2946 3382 2985 vos
3406 2946 3436 2984 a
3475 2939 3623 2986 recta

357 3034 534 3078 uiaret
557 3042 570 3078 :
591 3025 736 3095 quod
767 3037 823 3081 ut
845 3027 1227 3092 impetrarent,
1253 3029 1440 3085 multis
1457 3041 1512 3085 et
1540 3031 1933 3101 legationibus,
2049 3027 2154 3081 title
2179 3026 2470 3081 seducunt.
2499 3027 2785 3084 Pastorem
2824 3026 3081 3080 Ecclesiae
3112 3026 3372 3080 Romanae
3406 3023 3629 3077 univer-

354 3123 411 3168 ct
441 3116 693 3184 precibus
722 3118 1148 3184 contendertuit,
1169 3120 1376 3188 quibus
1398 3128 1580 3176 tamen
1600 3122 1683 3176 vir
1713 3132 1938 3178 sanctus
1980 3171 2024 3188 ί,
2047 3119 2213 3174 salem
2274 3119 2513 3179 Patrem,
2547 3126 2711 3187 atque
2740 3119 3060 3187 magistrum
3107 3118 3438 3173 existimate.
3473 3120 3630 3175 nunc

355 3222 603 3263 annuere
629 3210 938 3274 recusavit;
989 3219 1044 3264 et
1078 3211 1180 3265 nisi
1212 3222 1400 3281 postea
1453 3214 1521 3269 ab
1547 3214 1656 3269 alio
1689 3215 1934 3269 Romano
1961 3187 2007 3245 (ἶ
2043 3212 2188 3265 enim
2225 3211 2458 3275 honore,
2490 3210 2651 3264 laude
2710 3224 2773 3263 ac
2807 3210 3164 3265 veneratione
3207 3212 3627 3280 prosequimini.

354 3301 622 3356 Pontifice
652 3316 976 3356 concessum
1003 3303 1330 3366 exstitisset,
1359 3307 1566 3362 nullius
1589 3308 1785 3362 fuisset
1806 3322 1936 3361 sane
2038 3301 2152 3356 Nos
2193 3315 2326 3354 vero
2351 3315 2670 3370 quanquam
2708 3299 3053 3367 immeritos,
3101 3309 3281 3355 tamen
3325 3303 3495 3372 gratia
3531 3299 3628 3357 Dei

355 3395 801 3452 momenti.Ante
828 3400 974 3452 hunc
1001 3399 1355 3454 Innocentius
1386 3400 1672 3455 Romanus
1693 3399 1934 3469 pontifex
2041 3408 2140 3463 per
2166 3392 2526 3461 apostolicam
2557 3391 2744 3445 sedem
2779 3399 2833 3444 et
2862 3407 3140 3446 summum
3176 3392 3489 3462 pontificem
3522 3393 3630 3448 Do-

357 3480 651 3536 Arcadium
701 3491 758 3538 ει
796 3485 1096 3541 Ευάηχὶῃη]
1170 3503 1345 3558 reges,
1403 3489 1547 3560 quod
1575 3489 1840 3545 Jonnncm
1879 3505 1939 3546 os
2045 3485 2254 3538 minum
2283 3493 2553 3547 nostrum,
2587 3483 2742 3537 vobis
2765 3484 2819 3537 in
2858 3484 3225 3552 patriarcham
3257 3485 3498 3555 legitime
3526 3484 3626 3540 da-

357 3587 583 3626 aurcum
617 3574 801 3644 inique.
826 3576 893 3630 de
919 3576 1160 3632 Ecclesia
1196 3581 1933 3649 pepulissem,anathemate
2045 3584 2185 3638 tum,
2221 3585 2279 3629 ut
2303 3590 2401 3644 par
2424 3583 2528 3639 est,
2559 3575 2848 3643 suscipite.
2899 3575 3102 3628 Monita
3144 3584 3331 3630 nostra
3367 3584 3622 3646 tanquam

356 3663 539 3729 feriit,
600 3675 654 3720 et
711 3667 1150 3724 Christianorum
1217 3674 1608 3727 communione
1683 3673 1938 3743 privavit.
2045 3679 2299 3737 paternas
2327 3667 2742 3722 adhortationes
2766 3666 2973 3722 audite.
3013 3665 3272 3721 Eamdem
3307 3681 3520 3721 mecum
3572 3681 3629 3722 et

357 3757 515 3824 Quod
547 3769 697 3814 certe
736 3775 844 3814 non
893 3761 1132 3826 fecisset,
1171 3763 1278 3817 nisi
1305 3778 1469 3828 supra
1500 3779 1718 3820 omnem
1752 3764 1938 3819 Eccle-
2045 3761 2368 3816 sententiam
2423 3768 2477 3813 et
2507 3758 2666 3813 fidem
2701 3759 2887 3822 colite,
2927 3766 2986 3812 ut
3022 3758 3077 3812 in
3107 3758 3302 3812 eodem
3343 3759 3540 3827 spiritu
3569 3769 3626 3814 et

357 3851 492 3904 siam
551 3850 834 3906 habuisset
894 3852 1211 3923 imperium.
1244 3853 1456 3925 Quippe
1505 3855 1551 3909 si
1591 3870 1701 3910 non
1750 3855 1944 3911 luisset

2047 3862 2231 3908 tuente
2261 3851 2572 3917 credentes,
2597 3850 2854 3920 idemque
2887 3851 2952 3905 de
2987 3851 3090 3904 fido
3120 3849 3424 3905 sentientes
3451 3865 3628 3918 quan-

359 3941 682 3996 universalis
714 3954 922 4014 pastor,
953 3955 1009 4000 et
1064 3946 1330 4015 pontifex,
1374 3957 1429 4001 et
1473 3946 1782 4002 communis
1831 3961 1946 4000 om-
2043 3943 2137 3998 diu
2171 3945 2271 3998 hac
2303 3943 2587 4013 fungimur
2623 3943 2731 3997 vita
2763 3943 3002 3997 invicem
3035 3943 3353 4012 diligamus,
3390 3943 3627 3997 invicem

358 4031 510 4084 nium
567 4032 1006 4089 Christianorum
1040 4036 1221 4101 Pater,
1283 4045 1333 4091 ct
1393 4037 1674 4108 magister.
1711 4035 1766 4091 Si
1805 4035 1949 4092 Con-
1977 4080 1994 4092 .
2045 4036 2418 4090 consolemur.
2454 4035 2587 4089 Post
2633 4049 2764 4089 vero
2796 4033 2962 4103 hujus
2997 4034 3248 4087 mortalis
3283 4033 3507 4089 sarcinae
3536 4033 3631 4087 de-

359 4126 840 4195 stantinopolitana
873 4129 1008 4183 urbs
1064 4137 1118 4182 et
1162 4128 1527 4198 imperatores
1592 4128 1698 4197 illi,
1727 4129 1794 4183 de
1828 4129 1950 4200 ejus
2044 4127 2376 4199 positionem
2405 4126 2656 4182 eamdem
2683 4128 2738 4181 in
2761 4125 2980 4182 Christo
2999 4125 3226 4196 gloriam
3257 4125 3627 4188 obtineanms,

359 4234 522 4289 grege
541 4235 649 4273 non
675 4219 926 4286 fuissent,
960 4219 1070 4275 rion
1095 4229 1515 4291 separasscteos
1540 4222 1664 4277 talis
1694 4219 1947 4291 pontifex
2043 4228 2101 4275 et
2129 4219 2500 4274 desideratum
2527 4221 2690 4273 tinem
2723 4216 2933 4288 adepti,
2972 4218 3082 4272 vita
3116 4217 3366 4272 fruamur
3397 4227 3627 4275 aeterna.

359 4310 429 4365 ab
475 4311 704 4377 unitate,
762 4321 818 4365 et
858 4312 1247 4368 communione
1303 4311 1569 4368 ﬁdelium.
1616 4311 1766 4367 Nihil
1797 4310 1946 4366 enim
2044 4309 2240 4366 Amen.

435 4450 451 4482 ‘
479 4452 670 4508 Matth.
707 4470 818 4520 xvi,
876 4453 962 4507 18.
1034 4455 1054 4484 ³
1084 4452 1223 4508 Ibid.
1262 4455 1350 4510 i9.
1430 4455 1451 4485 ³
1481 4453 1640 4508 Joan.
1676 4467 1820 4521 xxvr,
1862 4450 2048 4509 15-”.

1034 4455 1054 4484 ³
1084 4452 1223 4508 ibid.
1262 4455 1350 4510 i9.
1430 4455 1451 4485 ³
1481 4453 1640 4508 Joan.
1676 4467 1820 4521 xxvr,
1862 4450 2056 4509 15-”.
2131 4450 2154 4483 ⁸
2188 4448 2323 4507 Luc.
2355 4464 2491 4518 χχιι,
2527 4448 2619 4504 52.

394 4584 3598 4610 mw

1137 4654 1977 4833 ementium
2065 4716 2858 4830 CONFESSIO
3657 4771 3671 4898 ς-

833 4926 934 4984 DE
967 4925 1255 4985 VERBIS
1291 4923 1985 4987 CONSECRATIONIS
2016 4925 2118 4985 ΕΤ
2155 4919 3188 4997 TRANSSUBSTANTIATIONE,

723 5052 778 5113 Α
832 5049 1375 5118 BESSARIONE
1434 5048 1873 5114 EXPOSITA
1924 5046 2030 5111 IN
2087 5045 2492 5111 CONCILIO
2547 5044 3100 5109 FLORENTINO
3160 5041 3272 5125 (1).

1417 5171 1715 5247 (litatum,
1741 5172 1986 5223 Humum
2009 5167 2260 5232 Italicum,
2287 5170 2328 5234 ι,
2364 5183 2417 5231 n,
2441 5167 2577 5231 243.)

1952 5307 2028 5321 κ

434 5425 528 5481 Die
559 5421 862 5488 Dominica,
886 5418 1076 5490 quinta
1105 5417 1235 5490 Julii
1274 5416 1322 5472 Μ
1343 5408 1514 5472 CCCC
1539 5414 1858 5484 XXXVII“,
1888 5417 1945 5474 in
2050 5414 2394 5487 providentia
2432 5425 2568 5482 papa
2607 5419 2827 5483 quarto,
2871 5412 3235 5482 praesentibus
3281 5413 3631 5470 reverendis—

362 5517 606 5590 generali
657 5512 1118 5584 congregatione,
1155 5509 1480 5581 praesidente
1513 5509 1568 5563 in
1603 5509 1793 5564 eadem
1821 5526 1947 5565 san-
2051 5507 2206 5563 simis
2250 5504 2678 5574 reverendisque
2727 5503 2980 5559 Patribns
3028 5513 3083 5558 et
3140 5503 3380 5559 dominis
3426 5515 3630 5561 sanctae

362 5611 610 5666 ctissime
659 5608 885 5663 domino
934 5612 1125 5659 nostro
1173 5602 1398 5657 domino
1455 5602 1720 5672 Eugenio,
1758 5600 1945 5656 divina
2051 5601 2312 5656 Romana:
2337 5595 2596 5652 Ecclesia:
2622 5594 3629 5664 cardinalibus.patriarchis,archie-

437 5726 514 5796 (i)
571 5724 744 5795 Hujus
791 5723 1068 5796 versionis
1120 5720 1524 5796 autographum
1571 5719 1624 5773 in
1680 5718 1938 5774 thesauro
2051 5714 2384 5796 authentieis
2441 5712 2644 5796 litteris
2697 5711 2945 5796 ortionis,
2995 5711 3419 5796 Latinos-inter
3466 5723 3632 5796 atque

366 5782 707 5853 serenissimi
740 5796 920 5866 Magni.
955 5793 1188 5850 Etruria:
1237 5782 1400 5848 Ducis
1428 5797 1767 5856 asscrvatur,
1815 5806 1939 5846 cum
2049 5795 2266 5845 bra‘ctis
2298 5785 2454 5841 factae
2486 5785 2541 5840 in
2572 5782 2810 5838 concilio
2851 5782 3195 5838 Florentino.
3237 5784 3388 5842 lianc
3427 5787 3635 5842 versio-
