4086 6460
389 353 497 418 493

1385 359 1482 420 DE
1537 362 1772 423 SACRA
1785 365 1830 423 Μ
1847 366 2042 425 ENTO
2101 365 2304 425 EUCll
2319 366 2416 424 AR
2432 367 2442 421 ἶ
2457 365 2566 424 3Τὶ

3550 371 3670 436 498-

388 484 516 526 eum
588 469 1070 526 revercudissimis
1125 473 1556 544 reverendisque
1609 477 1866 533 Patribus
1917 477 2313 547 etAquisitus
2368 477 2420 529 in
2463 477 2620 530 fidem
2673 487 2727 532 et
2788 479 3164 536 testimOuium
3223 483 3653 552 praemissorum.

387 562 632 616 dominis
685 562 926 631 praefatis
962 576 1026 618 ac
1055 565 1382 618 connotario
1415 581 1536 622 meo
1581 571 1962 638 suprascripto

387 667 632 722 praesens
681 653 1132 722 iuterfuLenque
1173 655 1254 710 sic
1305 653 1422 710 fieri
1478 658 1588 712 vidi
1641 669 1696 712 et
1744 660 1967 715 audivi:

387 745 512 798 ideo
543 745 646 798 hoc
674 757 916 814 praesens
948 746 1228 813 publicum
1263 751 1715 816 instrumentum,
1755 767 1850 822 per
1883 753 1968 806 in-

389 843 684 903 terpretem
717 835 879 903 hujus
914 837 1056 890 sacri
1091 837 1400 908 ycumenici
1453 840 1672 896 concilii
1723 843 1970 899 subseri-

387 936 562 993 ptum,
599 941 706 978 una
735 939 858 977 cum
896 925 1048 980 dicto
1077 929 1401 984 connotario
1451 931 1794 1002 subscripsi,
1827 947 1883 989 et
1911 909 1968 992 in

389 1017 532 1069 hanc
579 1017 856 1085 publicam
912 1017 1142 1071 formam
1199 1018 1409 1090 redegi,
1445 1020 1600 1093 signo
1649 1034 1708 1078 et
1743 1027 1966 1084 nomine

391 1109 530 1163 meis
559 1109 738 1164 solitis
770 1119 824 1164 et
879 1111 1164 1167 consuetis
1210 1112 1422 1183 signavi
1484 1124 1707 1186 rogatus
1772 1127 1828 1173 et
1874 1135 1966 1175 re-

411 1266 2434 1296 _____________________________________________

2149 571 2262 639 Ego
2312 570 2606 636 Julianus,
2655 571 2798 626 tituli
2850 573 3061 627 Sanctae
3107 573 3323 628 Sabinae
3371 573 3657 646 presbyter

2082 663 2400 726 cardinalis,
2442 662 2633 718 Sancti
2668 665 2860 732 Angeli
2909 666 3211 734 vulgariter
3259 675 3611 734 nuncupatus
3642 705 3659 732 ,

2075 769 2320 822 praesens
2357 755 2438 809 fui
2470 756 2727 810 omnibus
2753 757 3063 824 praedictis;
3099 767 3154 812 et
3197 773 3530 827 recognosco
3567 759 3658 812 lit-

2076 855 2248 899 teram
2295 847 2556 916 scriptam
2608 864 2774 902 manu
2809 849 3019 912 praefati
3067 850 3278 905 Nicolai
3313 850 3612 920 Sagudinei
3640 893 3656 918 ,

2075 938 2385 992 communis
2415 938 2730 1008 interpretis
2761 937 3080 993 Latinorum
3111 951 3167 995 et
3194 939 3510 996 Grmcorum
3555 958 3569 994 :
3600 953 3659 996 et

2073 1031 2142 1084 ad
2193 1039 2514 1100 perpetuam
2565 1031 2646 1086 rei
2699 1032 3023 1086 memoriam
3054 1031 3280 1103 propria
3315 1047 3478 1086 manu
3519 1031 3658 1087 sub-

2073 1137 2285 1191 scripsi.
2589 1139 2591 1142 ·

3348 1285 3628 1300 ﬂ

1377 1455 2654 1616 BESSARIONIS

1581 1724 1940 1792 EPISCOPI
1985 1722 2468 1806 TUSCULANI,

619 1872 954 1938 SANCTE.
1003 1873 1374 1938 ROMANIE
1430 1873 1838 1938 ECCLESLE
1885 1877 2392 1958 CARDlNALlS,
2435 1883 2867 1946 CPOLITANI
2914 1883 3456 1947 PATRIARCHJE

877 2045 1058 2156 DE
1139 2045 2102 2164 SACRAMENTO
2181 2049 3200 2166 EUCHARISTl/E

901 2251 1023 2312 ET
1069 2250 1376 2328 QUIBUS
1425 2251 1747 2353 VERBIS
1777 2249 2126 2316 CHRISTI
2164 2251 2482 2317 CORPUS
2523 2253 3116 2320 CONFICIATUR.

1083 2401 1271 2465 (Claud.
1309 2401 1555 2463 Sainctes,
1592 2403 1826 2467 Liturgiaa
1847 2401 1944 2454 SS.
1966 2403 2194 2456 Patrum.
2221 2406 2544 2468 Antwerpim.
2580 2405 2963 2468 1562.1.attne.)

1971 2559 2044 2578 ..ο

459 2679 692 2739 Sacrum
727 2679 1084 2750 divinumque
1118 2687 1204 2736 est
1235 2681 1600 2739 Eucharistiae
1627 2685 1975 2756 mysterium,
2009 2699 2051 2756 Β
2083 2689 2554 2764 praesumpsissem
2575 2731 2590 2754 ,
2625 2687 2727 2742 nisi
2762 2704 2848 2743 me
2878 2699 2933 2744 et
2959 2687 3108 2760 juste
3141 2689 3486 2758 precantium
3515 2693 3664 2762 peti-

383 2791 486 2845 per
518 2773 662 2843 quod
709 2773 805 2826 ﬁlii
841 2771 974 2838 Dei,
1006 2781 1064 2828 et
1097 2773 1380 2841 hzeredes,
1436 2783 1498 2830 et
1525 2775 1843 2833 cohaeredes
1867 2819 1880 2840 ,
1914 2791 1972 2833 et

386 2867 639 2939 ejusdem
678 2881 804 2921 cum
847 2863 1085 2921 Domino
1122 2867 1371 2938 corporis
1410 2867 1682 2924 efficimur
1716 2887 1842 2926 cum
1883 2871 1971 2927 di-

387 2977 494 3032 gne
528 2975 597 3014 co
631 2961 1051 3029 participamus.
1089 2955 1198 3015 Sed
1237 2962 1411 3030 quaeri
1444 2963 1589 3018 inter
1619 2965 1970 3022 Christianos

387 3052 529 3106 solet
553 3095 568 3116 ,
605 3053 810 3122 quibus
850 3053 1200 3124 potissimum
1243 3053 1470 3118 verbis,
1507 3055 1654 3110 intra
1695 3057 1972 3113 solemnes

387 3145 680 3200 Mssarum
724 3145 864 3200 ritus
895 3185 909 3208 ,
952 3159 1366 3205 sacrosanctum
1409 3147 1624 3203 Domini
1666 3165 1868 3219 corpus
1918 3159 1976 3204 et

389 3235 618 3303 sanguis
679 3237 1025 3292 conficiatur.
1089 3239 1198 3293 Alii
1258 3240 1406 3294 enim
1461 3239 1567 3294 hoc
1623 3239 1804 3294 facere
1866 3239 1974 3295 alia

391 3329 778 3384 existimantes
803 3371 817 3394 ,
881 3329 1062 3385 Latini
1120 3331 1476 3386 Ambrosium
1507 3375 1519 3398 ,
1565 3333 1972 3402 Augustinum,

392 3417 722 3490 Gregorium
750 3460 766 3484 .
809 3420 1060 3491 aliosque
1098 3421 1356 3477 doctores
1396 3438 1528 3477 suos
1568 3425 1790 3488 secuti,
1848 3439 1972 3478 eum

387 3511 642 3566 doctrina
671 3553 684 3574 ,
723 3523 838 3566 tum
871 3513 996 3567 vita:
1030 3516 1320 3570 sanctitate
1355 3525 1712 3585 praestantes,
1745 3517 1834 3571 illa
1865 3517 1978 3572 Do-

395 3603 534 3657 mini
577 3605 742 3657 verba
784 3605 834 3658 id
880 3605 1062 3660 facere
1121 3607 1570 3662 manifestissime
1623 3615 1976 3676 asseverant,

391 3691 505 3748 Hoc
543 3703 618 3746 est
659 3709 850 3764 corpus
891 3711 1102 3761 meum;
1143 3705 1218 3764 et,
1267 3695 1369 3751 llic
1422 3708 1498 3752 est
1536 3701 1757 3770 sanguis
1791 3717 1974 3767 meus,

391 3799 700 3853 vanamque
741 3801 971 3854 prorsus
1006 3787 1127 3842 sine
1165 3786 1234 3843 iis
1275 3805 1398 3845 esse
1439 3791 1752 3846 orationem
1791 3807 1977 3847 sacer-

391 3874 539 3955 dotis
569 3881 890 3946 Opinantur.
926 3879 1110 3936 Graeci
1147 3895 1280 3935 vero
1306 3921 1320 3944 ,
1357 3885 1661 3951 prwsertim
1699 3872 1978 3937 recentio-

395 3981 486 4022 res
513 4007 528 4032 ,
565 3983 694 4022 cum
723 3969 928 4026 Jacobo
965 3969 1132 4026 fratre
1169 3973 1420 4038 Domini,
1455 3973 1656 4029 Basilio
1697 3984 1752 4030 et
1797 3975 1976 4048 Chry-

391 4073 638 4117 sostomo
677 4066 980 4120 sentientes
1004 4065 1352 4137 {singularis
1392 4070 1624 4138 exempli
1667 4078 1720 4123 et
1762 4071 1975 4125 sancti-

397 4156 819 4223 moniaawiris,
877 4173 986 4212 non
1046 4159 1156 4214 illis
1212 4159 1516 4214 Salvatoris
1565 4161 1742 4214 nostri
1791 4161 1977 4216 verbis

397 4249 609 4304 ChriSti
653 4263 852 4318 corpus
890 4263 946 4306 et
987 4251 1310 4322 sanguinem
1355 4251 1556 4306 confici
1601 4258 1835 4321 putant,
1879 4253 1976 4306 sed

392 4343 722 4410 quibusdam
766 4358 888 4412 qtue
926 4353 1240 4413 sequuntur
1277 4343 1540 4412 precibus
1600 4343 1972 4397 sacerdotum.

393 4435 607 4500 Quibus
655 4435 710 4488 in
757 4435 1044 4489 Missarum
1087 4433 1326 4498 ofﬁciis,
1369 4449 1492 4503 qua:
1532 4434 1978 4504 singuli‘quique

393 4539 590 4579 eorum
634 4539 1042 4595 composuere,
1080 4523 1174 4578 diu
1215 4535 1337 4592 post
1371 4523 1755 4584 recitationem
1789 4525 1979 4578 verbo-

393 4631 513 4670 rum
571 4607 838 4678 Domini,
899 4631 1020 4684 quae
1069 4629 1232 4684 supra
1286 4615 1748 4678 memoravimus,
1799 4615 1978 4668 adhuc

395 4723 591 4774 panem
635 4716 688 4762 ct
727 4709 918 4761 vinum
958 4708 1140 4762 oblata
1177 4705 1288 4760 Deo
1321 4719 1550 4764 munera
1584 4706 1894 4774 appellant,
1923 4716 1980 4761 et

395 4801 661 4870 Spiritum
705 4809 957 4856 sanctum
982 4845 995 4868 ,
1041 4809 1100 4855 ut
1135 4807 1301 4869 super
1341 4818 1402 4857 ea
1435 4801 1768 4868 descendat,
1806 4801 1976 4854 bene-

393 4895 544 4947 dicat
565 4935 579 4954 .
611 4893 920 4949 sanctificet
943 4936 956 4958 ,
985 4909 1050 4948 ac
1084 4909 1286 4972 corpus
1317 4903 1371 4948 et
1403 4895 1727 4963 sanguinem
1757 4890 1978 4946 Domini

392 4987 634 5052 cllieiat,
679 4989 944 5043 invocant
984 4997 1039 5044 et
1081 5002 1402 5059 precantur.
1444 4987 1581 5042 Cum
1627 4986 1750 5045 talis
1791 4987 1976 5053 itaque

2077 2785 2291 2848 tiones,
2339 2797 2405 2837 ac
2443 2781 2646 2852 cupido
2681 2781 2936 2836 utilitatis
2972 2791 3296 2836 nostrorum
3328 2783 3615 2838 hominum
3639 2823 3656 2848 ,

2077 2895 2314 2951 quorum
2368 2877 2562 2933 salutis
2594 2885 2650 2932 et
2679 2878 2866 2946 gloria:
2898 2893 3118 2947 semper
3151 2877 3506 2932 avidissimus
3541 2876 3616 2930 fui
3643 2919 3655 2934 .

2083 2973 2149 3026 ad
2205 2969 2260 3026 id
2308 2970 2416 3024 mei
2465 2969 2643 3038 ipsius
2687 2968 2920 3022 oblitum
2964 2966 3394 3038 compulissent,
3435 2975 3492 3022 et
3537 2967 3662 3044 illos

2085 3063 2232 3119 inter
2268 3077 2326 3117 se
2359 3059 2667 3115 concordes
2698 3060 2932 3114 reddere
2957 3098 2970 3122 ,
3006 3057 3192 3113 divino
3225 3059 3401 3115 fretus
3431 3058 3660 3123 auxilio,

2077 3170 2379 3226 sperarem.
2410 3151 2485 3210 Ut
2522 3153 2690 3223 igitur
2723 3161 2875 3207 recte
2915 3162 3106 3207 nostra
3143 3152 3408 3221 procedat
3444 3151 3622 3204 oratio
3644 3193 3658 3214 ,

2084 3254 2140 3300 et
2174 3246 2375 3298 veritas
2413 3244 2494 3298 rei
2539 3259 2701 3314 quam
2750 3243 3050 3312 quaerimus
3091 3241 3308 3298 facilius
3345 3241 3656 3306 elucescat,

2080 3337 2264 3407 aliqua
2302 3339 2470 3392 altius
2505 3335 2803 3405 repetenda
2835 3343 2995 3398 sunt,
3045 3343 3340 3403 antequam
3389 3333 3656 3389 institutae

2081 3429 2407 3499 quaestionis
2441 3427 2640 3482 seriem
2678 3428 3085 3496 aggrediamur.

2150 3519 2292 3574 Ante
2322 3517 2720 3588 omniaigitur
2761 3516 3050 3571 sciendum
3095 3525 3215 3580 est,
3253 3525 3360 3570 tam
3409 3515 3513 3568 hoc
3563 3528 3658 3568 sa-

2080 3623 2432 3668 crosanctum
2471 3611 2916 3676 communionis,
2954 3609 3024 3664 de
3056 3625 3168 3681 quo
3205 3611 3456 3681 agimus,
3495 3625 3662 3679 quam

2079 3716 2276 3760 caetera
2309 3703 2572 3759 Ecclesia:
2606 3687 2950 3759 sacramenta
3003 3703 3125 3756 ideo
3172 3707 3514 3756 sacramenta
3559 3713 3656 3754 vo-

2079 3789 2282 3862 citari,
2314 3797 2577 3865 quoniam
2613 3793 2762 3848 aliud
2799 3793 2856 3847 in
2893 3807 2950 3847 se
2987 3793 3193 3847 habent
3223 3793 3372 3863 quod
3415 3791 3660 3856 videtur,

2077 3885 2226 3940 aliud
2259 3887 2404 3956 quod
2437 3901 2546 3940 non
2580 3885 2832 3954 corporis
2861 3885 3064 3950 oculis,
3099 3885 3194 3938 sed
3225 3885 3342 3938 solo
3373 3881 3654 3937 intellectu

2081 3979 2592 4047 comprehenditur.
2643 3978 2774 4043 Quae
2818 3977 3100 4039 videntur,
3153 3975 3438 4030 sensibilia
3489 3983 3657 4040 sunt;

2082 4085 2204 4139 qua:
2241 4086 2374 4123 vero
2411 4069 2692 4124 intellectu
2731 4069 3134 4137 percipiuntur,
3169 4065 3477 4135 spiritalia:
3513 4065 3672 4135 unde

2080 4163 2310 4232 spiritus
2362 4171 2418 4216 et
2471 4163 2580 4215 vita
2638 4161 2922 4214 dicuntur.
2969 4158 3133 4212 Verba
3177 4168 3356 4211 autem
3392 4171 3510 4223 qua!
3551 4156 3664 4210 dixi

2080 4255 2222 4308 vobis
2249 4293 2264 4318 ,
2302 4254 2481 4323 inquit
2513 4253 2775 4307 Dominus
2799 4293 2813 4316 ,
2859 4253 3078 4320 spiritus
3121 4258 3242 4304 sunt
3287 4259 3336 4304 et
3383 4251 3514 4304 vita.
3551 4247 3664 4332 H0:

2083 4361 2202 4397 rum
2275 4361 2371 4414 pra
2395 4355 2543 4397 terea
2610 4355 3084 4396 sacramentorum
3147 4341 3362 4410 singula
3426 4355 3661 4409 qumque

2080 4435 2299 4490 duobus
2326 4435 2670 4503 accipiuntur
2701 4433 2879 4486 modis
2907 4451 2920 4486 :
2951 4441 3046 4486 aut
3075 4433 3223 4486 enim
3253 4442 3660 4486 sacramentum

2080 4530 2295 4598 signum
2355 4539 2476 4587 est,
2539 4536 2634 4578 attt
2669 4525 2718 4578 id
2781 4524 2926 4593 quod
2986 4523 3347 4594 significatur.
3415 4525 3662 4578 Primum

2081 4620 2301 4688 quidem
2336 4619 2554 4686 signum
2590 4615 2972 4670 tantummodo
3005 4625 3060 4669 et
3093 4625 3180 4670 est
3215 4627 3266 4670 et
3299 4615 3518 4671 dicitur.
3559 4615 3665 4669 Se-

2081 4711 2321 4763 cundum
2375 4725 2504 4760 vero
2554 4725 2639 4762 res
2673 4717 2755 4762 est
2783 4751 2797 4774 ,
2834 4723 2954 4777 quae
2983 4721 3056 4761 eo
3087 4709 3247 4777 signo
3277 4705 3620 4776 signiﬁcatur
3645 4723 3664 4761 :

2081 4804 2274 4858 Omnis
2305 4806 2453 4857 enim
2496 4793 2805 4874 theologica
2841 4803 3094 4857 doelrina
3119 4845 3131 4864 ,
3169 4809 3303 4854 teste
3331 4801 3664 4869 Augustino,

2082 4895 2253 4966 signis
2285 4907 2499 4950 constat
2537 4907 2590 4950 et
2627 4902 2812 4950 rebus.
2847 4896 3026 4971 Et_res
3065 4895 3287 4963 quidem
3339 4903 3505 4958 sunt,
3543 4907 3666 4960 quae

2083 4997 2140 5043 ut
2190 4989 2510 5058 significate
2562 4973 2933 5070 accipiuntur,
2987 4989 3141 5058 signa
3201 5001 3364 5048 vero,
3421 5000 3656 5056 quorum

395 5089 653 5148 tantaque
695 5081 764 5133 sit
803 5080 870 5135 de
923 5097 982 5136 re
1017 5082 1253 5138 maxima
1290 5082 1439 5135 inter
1468 5081 1695 5134 Latinos
1726 5079 1975 5134 Graecos-
2011 5059 2054 5112 Ῑ)
2084 5082 2263 5132 omnis
2309 5081 2364 5133 in
2413 5061 2771 5150 significando
2816 5089 2900 5132 est
2947 5095 3102 5133 usus.
3155 5079 3267 5132 Etsi
3313 5078 3460 5132 enim
3493 5091 3658 5128 ouine

391 5187 498 5241 quc
544 5171 856 5234 dissensio,
892 5173 935 5226 si
970 5172 1191 5240 quidem
1231 5171 1375 5225 inter
1423 5183 1723 5240 praesentes
1766 5179 1975 5224 tantum

395 5279 458 5317 ac
497 5277 696 5317 nosme
734 5265 913 5317 aetatis
949 5266 1095 5319 viros
1129 5263 1507 5318 controversia
1546 5261 1723 5326 foret,
1761 5261 1978 5315 facilith

392 5354 460 5409 de
504 5355 572 5409 iis
623 5365 810 5423 posset
860 5353 1044 5425 quivis
1089 5371 1188 5423 pro
1229 5371 1326 5406 sua
1363 5353 1624 5422 opinione
1655 5353 1973 5406 disserere:

391 5463 514 5502 cum
554 5465 686 5503 vero
722 5451 865 5502 inter
901 5462 1220 5501 communes
1270 5445 1523 5500 Ecclesiae
1555 5447 1841 5504 doctores.
1879 5459 1976 5497 ve-

395 5549 650 5608 teresque
696 5551 750 5596 et
801 5539 1179 5594 sanctissimos
1217 5536 1404 5592 Patres
1437 5549 1657 5591 nostros
1688 5535 1972 5590 contentio

390 5635 633 5704 agitetur
671 5634 742 5702 (ii
783 5647 910 5692 sunt
952 5633 1098 5686 t-nim
1133 5633 1226 5700 qui
1273 5641 1321 5686 et
1357 5630 1653 5684 dissentire
1699 5629 1971 5690 invicem,

390 5709 444 5779 et
473 5737 531 5780 ut
561 5727 652 5779 alii
686 5741 904 5794 quoque
933 5725 1266 5780 dissentiunt
1289 5764 1303 5790 ,
1335 5723 1516 5779 facere
1548 5721 1830 5792 videntur)
1857 5721 1974 5789 ipse

389 5835 478 5874 me
512 5821 659 5874 inter
691 5832 788 5874 eos
839 5819 1132 5874 arbitrium
1187 5818 1530 5872 conatituere
1574 5814 1718 5869 haud
1767 5823 1974 5870 tenuere

2079 5172 2295 5240 signum
2333 5187 2420 5225 res
2451 5173 2520 5223 sit
2552 5171 2728 5241 {nam
2772 5155 2917 5238 quod
2963 5187 3073 5224 non
3121 5181 3206 5224 est
3257 5183 3377 5227 res.
3413 5179 3468 5222 ιιι
3513 5169 3654 5220 idem

2077 5259 2414 5328 Augustinus
2447 5259 2652 5327 inqtitt,
2685 5260 2822 5340 nihil
2852 5259 3078 5312 omnino
3103 5271 3188 5314 est
3211 5301 3225 5324 ,
3247 5271 3302 5313 et
3334 5257 3412 5312 sic
3438 5257 3656 5326 signum

2076 5367 2195 5404 esse
2235 5367 2338 5402 nun
2387 5351 2644 5419 pwtcst),
2689 5351 2790 5402 faue.
2837 5359 3020 5404 tamen
3067 5354 3196 5412 loco
3242 5351 3456 5418 signum
3505 5346 3654 5400 acci-

2078 5443 2244 5510 pitur,
2302 5459 2408 5494 non
2461 5451 2518 5494 ut
2566 5459 2650 5495 res
2685 5443 2989 5510 significata
3016 5484 3030 5506 ,
3066 5441 3158 5494 sed
3196 5451 3254 5494 ut
3289 5441 3506 5508 signum
3541 5452 3654 5490 rem

2084 5535 2253 5602 ipsum
2307 5533 2658 5602 significans,
2705 5543 2978 5602 quatenus
3025 5533 3234 5586 scilicet
3281 5532 3496 5600 signum
3537 5539 3656 5596 est,

2081 5637 2137 5677 ct
2185 5641 2294 5678 non
2348 5636 2624 5693 quatenus
2679 5641 2766 5677 res
2809 5623 2990 5692 aliqua
3040 5633 3142 5678 est.
3181 5621 3656 5689 Quemadmodum

2082 5733 2208 5770 cum
2269 5717 2658 5770 ascendentem
2714 5715 2994 5768 cernimus
3047 5713 3300 5781 fumum,
3361 5728 3471 5766 non
3519 5727 3662 5781 qua-

2087 5819 2246 5863 tenus
2283 5807 2587 5862 substantia
2616 5807 2798 5876 aliqua
2833 5805 2951 5862 sive
2983 5821 3069 5860 res
3105 5815 3187 5860 est
3209 5846 3223 5874 ,
3261 5804 3354 5862 scd
3390 5815 3666 5874 quatenus
