4086 6450
487 334 605 437 tas

1450 378 1956 445 BESSARIONIS
1995 384 2053 446 S.
2094 387 2168 447 R.
2210 387 2280 451 E.
2326 385 2795 454 CARDINALIS

3635 399 3738 463 496

487 495 671 548 solum
723 503 810 560 est
868 493 1084 565 signum
1132 492 1310 566 ignis,
1347 495 1566 567 signum
1618 511 1740 551 esse
1789 496 2067 562 dicimus,
2100 503 2142 564 Α
2174 500 2610 566 cramentaliter,
2663 515 2721 560 et
2770 520 2880 561 non
2933 506 3320 577 spiritualiter,
3376 509 3414 565 ii
3472 518 3602 564 sunt
3651 516 3740 582 qui

485 587 618 658 quia
650 587 957 642 substantia
991 603 1046 642 et
1083 588 1396 658 res-aliqua
1431 597 1539 643 est.
1574 588 1712 643 Nam
1748 605 1912 644 omne
1943 589 2065 658 qui-

485 670 614 733 dem
650 679 866 750 signum
904 695 991 735 res
1024 681 1202 750 aliqua
1236 690 1356 745 est,
1397 697 1506 749 non
1547 690 1734 736 tamen
1767 683 1948 758 omnis
1983 695 2068 753 res

485 772 715 828 alterius
743 773 819 828 rei
851 782 933 828 est
964 771 1205 841 signum.
1239 773 1379 828 Sunt
1402 772 1550 827 enim
1584 788 1674 826 res
1702 773 1898 842 aliqua:
1929 773 2068 826 dun-

485 876 636 922 taxat
677 878 737 922 ut
788 867 1144 937 signiﬁcata“,
1180 882 1291 923 non
1330 876 1514 922 autem
1550 875 1610 922 ut
1646 867 1803 935 signa
1853 867 2064 935 aliquid

488 958 641 1015 aliud
671 959 1037 1030 signiﬁcantia
1059 1001 1072 1024 ,
1098 959 1244 1030 quod
1277 959 1332 1013 in
1363 958 1489 1014 aliis
1520 957 1881 1014 sacramentis
1910 957 2068 1012 facile

483 1048 881 1119 comprehendi
918 1055 1123 1118 poteSt.

561 1141 780 1196 Etenim
816 1141 870 1195 in
897 1149 1244 1196 sacramento
1270 1138 1620 1209 baptismatis
1647 1135 1857 1192 ablutio
1882 1135 2070 1189 carnis

482 1249 583 1305 per
615 1248 814 1304 aquam
855 1235 928 1288 ita
966 1243 1051 1288 est
1084 1240 1531 1294 sacramentum,
1583 1241 1644 1284 ut
1690 1230 1956 1284 duntaxat
1997 1225 2070 1281 si-

483 1343 652 1395 gnum
702 1328 771 1381 sit
821 1324 1126 1380 ablutionis
1170 1335 1546 1392 peccatorum.
1602 1322 1724 1391 Ipsa
1756 1319 1906 1374 enim
1945 1332 2072 1387 pec-

483 1429 737 1475 catorum
773 1415 1032 1472 remissio
1073 1430 1163 1469 rcs
1214 1423 1301 1468 est
1351 1413 1699 1483 signiﬁcata,
1744 1411 1884 1470 nihil
1928 1409 2072 1464 ultra

489 1511 838 1582 signiﬁcans.
903 1507 1020 1562 Hoc
1082 1505 1227 1559 idem
1290 1504 1344 1558 in
1401 1503 1633 1572 reliquis
1687 1500 2070 1568 sacramentis.

489 1604 636 1675 Ergo
670 1614 723 1658 et
762 1603 815 1656 in
855 1597 1648 1660 sacramento.Eucharistiae,
1700 1596 1936 1648 alterum
1985 1602 2073 1646 est

490 1697 674 1752 solum
715 1694 933 1763 signum
964 1731 979 1758 ,
1018 1703 1077 1746 ut
1113 1688 1270 1761 panis
1299 1698 1356 1743 et
1391 1688 1503 1742 vini
1541 1685 1778 1762 visibilis
1809 1683 2024 1754 species
2057 1700 2069 1734 :

490 1787 726 1841 alterum
775 1800 861 1840 res
902 1779 1210 1851 signiﬁcata
1235 1817 1250 1841 ,
1301 1788 1362 1832 ut
1407 1777 1588 1855 ipsum
1625 1791 1818 1829 verum
1854 1773 2070 1827 Domini

2171 590 2398 663 indigne
2428 597 2841 652 communicant
2873 616 2886 652 ε
2919 612 3149 657 sumunt
3178 603 3327 657 enim
3380 619 3574 658 verum
3627 621 3747 660 cor

2168 697 2272 752 pus
2303 681 2513 740 Christi
2539 726 2552 748 ,
2585 702 2695 741 non
2731 697 2911 744 tamen
2945 692 3279 746 sacramenti
3311 691 3572 748 effectum
3610 696 3750 749 acci-

2171 770 2360 839 piunt,
2396 787 2498 828 nec
2523 774 2748 830 Christo
2819 779 3113 834 uniuntur.
3154 780 3232 836 De
3278 781 3346 836 iis
3388 782 3571 852 inquit
3613 785 3750 852 Apo-

2170 861 2383 926 stolus,
2417 865 2861 933 quodjudicium
2909 869 3016 924 sibi
3046 871 3386 926 manducant
3433 883 3488 928 et
3530 873 3746 930 bibunt.

2169 950 2291 1006 Non
2321 955 2472 1010 enim
2517 957 2792 1027 judicium
2838 968 2894 1014 ct
2942 963 3474 1020 condemnationem
3519 967 3753 1022 mandu-

2176 1057 2370 1104 carent
2425 1057 2481 1100 et
2525 1047 2818 1112 biberent.
2871 1053 2915 1108 si
2967 1054 3296 1122 spiritaliter
3345 1060 3751 1114 communicas-

2171 1144 2328 1198 sent,
2377 1137 2488 1192 imo
2512 1140 2621 1209 jam
2671 1139 2894 1197 Christo
2944 1146 3263 1201 unircntur.
3321 1147 3592 1203 Suntalii
3625 1153 3751 1218 qui,

2173 1228 2275 1281 etsi
2309 1244 2418 1283 non
2454 1230 2594 1286 ﬁunt
2627 1237 3107 1291 sacramentaliter
3154 1240 3476 1310 participes,
3529 1243 3752 1311 spirita-

2173 1319 2302 1373 liter
2334 1332 2516 1376 tamcn
2560 1326 3012 1390 communicant,
3058 1331 3530 1398 quemadmodum
3581 1335 3626 1388 si
3674 1337 3753 1390 vel

2176 1411 2357 1466 infans
2386 1424 2513 1483 post
2542 1414 2877 1484 baptismum
2901 1460 2916 1480 ,
2952 1421 3038 1475 vel
3069 1432 3229 1478 aetate
3262 1434 3591 1492 provectus,
3623 1441 3756 1484 non-

2175 1502 2338 1569 dum,
2373 1504 2444 1558 ob
2473 1505 2716 1573 aliquam
2761 1507 3142 1566 inevitabilem
3194 1515 3628 1580 necessitatem,
3678 1533 3758 1570 re-

2175 1606 2333 1665 cepto
2379 1597 2587 1653 Christi
2633 1615 2865 1670 corpore
2891 1645 2905 1667 ,
2941 1606 3230 1673 repentina
3267 1619 3444 1664 morte
3475 1609 3754 1668 deﬁciant.

2176 1686 2326 1742 Nihil
2384 1689 2534 1742 enim
2592 1689 2777 1746 minus
2829 1697 3166 1766 sacramenti
3222 1701 3528 1770 participes
3583 1703 3756 1767 ﬁunt,

2177 1794 2343 1847 quam
2400 1781 2447 1835 si
2505 1787 2947 1851 communionem
3011 1790 3342 1859 cepissent:
3405 1793 3550 1866 ﬁunt
3613 1798 3756 1852 enim

487 1895 692 1947 corpus
745 1889 802 1934 et
849 1875 1094 1946 sanguis,
1148 1872 1295 1944 quod
1349 1886 1413 1926 ex
1470 1865 1844 1924 immaculatis
1896 1865 2071 1920 beata:
2107 1863 2147 1917 Β
2177 1869 2424 1923 membra
2453 1868 2660 1926 Christi
2688 1883 2745 1927 et
2777 1876 2929 1942 regni
2965 1878 3210 1934 caelestis
3243 1881 3516 1938 hazrcdes.

489 1972 735 2044 Virginis
782 1969 1147 2039 sanguinihus
1191 1963 1512 2033 assumpsit.
1550 1962 1753 2017 Verum
1799 1959 1904 2025 hoc
1946 1973 2076 2030 pro-

493 2067 670 2134 prium
697 2064 866 2119 habet
901 2071 1099 2132 praeter
1119 2059 1225 2113 alia
1255 2057 1503 2111 divinum
1537 2054 1643 2109 hoc
1669 2061 2072 2110 sacramenth

493 2155 893 2219 Eucharistiaa,
941 2151 1091 2222 quod
1141 2152 1196 2206 in
1244 2166 1311 2204 eo
1358 2164 1447 2203 res
1490 2146 1796 2218 signiﬁcata
1846 2144 2076 2198 alterius

491 2255 662 2308 etiam
698 2251 774 2303 rei
809 2249 1024 2318 signum
1058 2253 1166 2300 est.
1204 2242 1386 2313 Ipsum
1432 2240 1581 2295 enim
1623 2255 1816 2294 verum
1855 2235 2076 2290 Domini

491 2355 697 2410 corpus
726 2349 782 2412 et
811 2337 1071 2407 sanguis,
1108 2349 1233 2389 cum
1270 2348 1356 2387 res
1386 2334 1459 2387 sit
1495 2331 1652 2400 signo
1685 2330 1844 2399 panis
1876 2336 1930 2382 et
1963 2325 2075 2380 vini

491 2432 803 2502 signiﬁcata
832 2469 844 2491 ,
878 2438 937 2483 ut
966 2443 1089 2483 mox
1126 2424 1520 2488 ostendemus,
1572 2431 1658 2477 est
1708 2431 1889 2476 tamen
1940 2419 2076 2473 alte-
2113 2420 2115 2422 ’

492 2525 612 2578 rius
662 2522 742 2576 rei
776 2521 995 2590 signum
1021 2559 1035 2582 ,
1071 2533 1198 2572 cum
1235 2515 1512 2586 signiﬁcet
1547 2512 1840 2584 mymicurn
1869 2508 2074 2565 Christi

491 2628 733 2684 corpus,
765 2625 823 2668 et
857 2611 1120 2681 Ecclesiae
1155 2613 1210 2663 in
1249 2607 1460 2679 Spiritu
1511 2613 1708 2678 sancto
1759 2602 2029 2657 unitatem
2059 2617 2072 2655 :

497 2709 620 2770 hoc.
653 2720 784 2761 vero
821 2720 928 2759 non
976 2701 1216 2773 amplius
1247 2700 1413 2754 aliam
1459 2713 1575 2776 rem
1616 2694 1932 2766 signiﬁcat,
1981 2691 2074 2746 sed

494 2809 708 2856 tantum
758 2795 1123 2867 signiﬁcatur.
1165 2791 1246 2846 ιω
1289 2790 1348 2845 ﬁt
1401 2798 1461 2844 ut
1513 2788 1751 2867 visibilis
1798 2784 1961 2840 simul
2015 2799 2078 2838 ac

493 2892 779 2950 sensibilis
813 2890 1028 2962 species
1063 2887 1223 2958 panis
1250 2894 1303 2940 et
1343 2885 1457 2938 vini
1479 2924 1493 2948 ,
1526 2866 1760 2958 duplicis
1795 2879 1875 2934 rei
1911 2871 2078 2963 signi-

497 2984 712 3041 ticatrix
763 2984 835 3038 sit
865 2997 880 3036 :
931 2979 1212 3051 signiﬁcat
1237 2975 1384 3030 enim
1417 2985 1472 3030 et
1504 2990 1694 3030 verum
1728 2986 1933 3042 corpus
1969 2970 2075 3023 Do-

498 3077 673 3141 mini,
707 3084 765 3151 et
800 3088 889 3128 res
921 3070 1232 3141 signiﬁcata
1265 3077 1320 3122 et
1348 3069 1568 3138 signum
1612 3081 1832 3121 sacrum
1878 3076 1995 3130 est,
2025 3071 2081 3118 et

495 3171 794 3240 mysticum
826 3163 1088 3244 Ecclesiae
1119 3178 1342 3243 corpus.
1387 3159 1569 3226 Quare
1618 3160 1775 3230 panis
1804 3169 1859 3215 ct
1892 3159 2078 3243 vinum
2108 3201 2152 3260 α

495 3243 712 3330 signum
747 3265 833 3311 est
863 3241 1161 3315 duntaxat,
1197 3251 1374 3320 ipsum
1412 3263 1598 3305 autem
1634 3264 1822 3303 verum
1871 3241 2078 3303 Christi

499 3365 706 3426 corpus
753 3359 808 3404 et
845 3346 1107 3433 sanguis,
1147 3344 1429 3414 quod‘sub
1462 3341 1653 3396 umbra
1688 3342 1892 3412 tegitur
1920 3340 2079 3411 panis

495 3455 555 3501 ct
598 3443 750 3510 vini,
797 3431 1169 3512 signiﬁcatum
1217 3436 1441 3506 quidem
1476 3451 1504 3489 a
1541 3451 1681 3505 pane
1716 3443 1771 3488 et
1804 3432 1935 3488 vino
1958 3471 1974 3497 ,
2007 3431 2080 3487 si-

502 3534 776 3610 gniﬁcans
806 3517 990 3605 autem
1024 3530 1314 3605 mysticum
1350 3526 1610 3584 Ecclesiae
1641 3541 1841 3596 corpus
1866 3567 1879 3592 ,
1909 3533 1966 3580 ct
1992 3538 2082 3578 res

502 3634 588 3681 est
625 3633 681 3680 et
710 3623 929 3701 signum
962 3639 976 3676 :
1011 3621 1306 3695 mysticum
1337 3634 1467 3674 vero
1501 3635 1565 3673 ex
1607 3627 1841 3686 utroque
1875 3613 2084 3684 signiti—

499 3729 682 3785 catum
709 3759 724 3782 .
757 3734 846 3775 res
884 3723 1095 3782 tantum
1132 3723 1217 3769 est
1239 3755 1252 3782 ,
1285 3729 1385 3768 nec
1415 3713 1556 3769 ultra
1591 3713 1820 3767 alterius
1843 3711 2082 3788 signum.

499 3811 780 3886 Praeterea
811 3808 960 3887 quod
995 3819 1208 3886 tantum
1237 3807 1451 3874 signum
1481 3813 1564 3860 est
1585 3844 1599 3870 ,
1630 3803 1863 3857 duarum
1900 3815 2084 3854 rerum

497 3915 584 3959 est
638 3903 905 3972 signum,
963 3898 1079 3974 veri
1142 3897 1357 3953 scilicet
1415 3904 1472 3952 et
1532 3895 1747 3968 mystici
1807 3892 2082 3962 corporis.

499 3997 657 4064 Quod
713 3979 900 4048 autem
960 4006 1051 4046 res
1107 3999 1226 4055 est,
1283 3999 1340 4044 et
1383 4003 1494 4042 non
1549 3985 1786 4056 aniplius
1835 3986 2084 4059 signum.

501 4093 739 4142 duorum
786 4065 1075 4140 sacrorum
1111 4083 1399 4162 signorum
1434 4095 1522 4134 res
1551 4091 1671 4146 est,
1708 4077 1811 4157 hoc
1844 4085 1928 4152 οτι
1958 4074 2086 4128 visi-

501 4181 633 4236 bilis
663 4159 866 4252 speciei
901 4179 1058 4246 panis
1089 4159 1156 4230 et
1177 4175 1292 4229 vini
1322 4212 1338 4238 ,
1371 4181 1427 4228 et
1460 4173 1575 4228 veri
1609 4171 1662 4243 in
1710 4173 1792 4224 eis
1839 4169 2086 4224 contenti

501 4261 1027 4344 corporis'DOmini.
1061 4269 1259 4325 Verum
1294 4277 1480 4322 autem
1516 4279 1718 4334 corpus
1744 4272 1801 4317 et
1831 4261 2083 4331 sanguis,

499 4366 548 4422 si
580 4364 648 4421 ad
681 4365 920 4420 alterum
955 4361 1195 4432 aSpicias
1227 4356 1486 4411 invisible
1515 4361 1966 4416 sacramentum,
1999 4369 2088 4407 res

499 4457 624 4527 est;
660 4459 704 4514 si
735 4459 802 4512 ad
839 4455 1131 4526 mysticum
1176 4465 1413 4522 corpus,
1455 4457 1541 4503 est
1584 4445 1822 4516 signum.
1873 4445 2090 4521 Rursus

2248 1959 2374 2024 Haec
2411 1963 2576 2033 igitur
2605 1979 2732 2020 cum
2779 1969 3037 2024 omnibus
3086 1973 3377 2029 manifesta
3429 1976 3544 2031 sint
3596 1978 3760 2050 (quis

2178 2054 2324 2108 enim
2372 2067 2574 2126 neget,
2607 2074 2672 2112 ex
2725 2059 2808 2113 his
2856 2061 2952 2129 qui
2999 2065 3457 2127 communionem
3496 2080 3758 2136 sumunt,

2177 2145 2315 2200 alios
2343 2149 2568 2218 quidem
2597 2151 2804 2205 nullam
2833 2154 3062 2222 gratiam
3088 2197 3104 2221 ,
3135 2158 3244 2220 imo
3293 2174 3430 2214 vero
3459 2176 3565 2230 pro
3590 2166 3758 2233 gratia

2171 2236 2444 2305 judicium
2472 2251 2524 2295 et
2553 2257 2774 2311 poenam
2799 2285 2811 2306 ,
2847 2245 2985 2301 alios
3016 2263 3148 2304 vero
3177 2251 3415 2320 gratiam
3443 2253 3759 2324 largissime

2180 2333 2504 2402 consequi:
2569 2335 2842 2404 quosdam
2903 2338 3071 2394 etiam
3131 2341 3254 2396 sine
3316 2346 3759 2411 communione,

2179 2420 2482 2478 dummodo
2517 2424 2569 2478 id
2603 2441 2712 2480 non
2744 2437 3067 2500 contemptu
3092 2472 3108 2498 ,
3141 2432 3228 2486 vel
3259 2433 3597 2505 negligentia
3623 2478 3638 2503 ,
3669 2439 3760 2495 sed

2161 2517 2508 2572 necessitate
2539 2516 2666 2584 ﬁat,
2701 2519 2946 2575 divinam
2973 2524 3174 2578 mereri
3213 2527 3443 2596 gratiam
3470 2529 3569 2598 ?):
3602 2546 3726 2586 cum
3748 2572 3762 2598 ι

2181 2605 2437 2677 inquam,
2502 2608 2618 2664 hac
2657 2610 2797 2664 adeo
2835 2611 2982 2666 clara
3021 2622 3076 2668 et
3116 2617 3412 2686 perspicua
3449 2620 3603 2684 sint,
3667 2623 3763 2676 tri-

2181 2698 2440 2767 partitam
2500 2700 2644 2757 hanc
2687 2701 3004 2758 divinorum
3050 2719 3524 2764 sacramentorum
3575 2713 3761 2767 distri-

2185 2789 2471 2846 butionem
2512 2808 2698 2848 veram
2734 2803 2792 2850 et
2821 2795 3190 2850 necessariam
3217 2811 3339 2852 esse
3382 2802 3656 2870 probant,
3698 2820 3758 2859 ex

2181 2873 2279 2938 his
2323 2886 2484 2953 sequi
2518 2887 2740 2941 videtur
2778 2889 2982 2944 Christi
3035 2907 3254 2962 quoque
3302 2908 3507 2960 corpus
3561 2895 3759 2966 duplex

2181 2990 2340 3039 esse,
2375 2992 2566 3054 verum
2604 2978 2840 3033 alterum
2869 3019 2885 3044 ,
2923 2982 3157 3036 alterum
3197 2983 3515 3051 mysticum.
3562 2985 3632 3040 Et
3669 3002 3762 3039 ve-

2184 3083 2304 3123 rum
2339 3068 2560 3138 quidem
2591 3079 2676 3126 est
2699 3113 2713 3137 ,
2746 3073 2892 3142 quod
2927 3075 2983 3129 in
3020 3074 3124 3129 hoc
3164 3075 3354 3130 divino
3397 3075 3760 3131 Eucharistia:

2183 3173 2530 3226 sacramento
2559 3176 2931 3236 consecratur
2967 3180 3134 3238 atque
3169 3169 3460 3225 conﬁcitur
3493 3171 3601 3226 sub
3640 3171 3760 3226 visi-

2191 3252 2287 3308 bili
2347 3258 2528 3324 specie
2583 3255 2740 3324 panis
2785 3253 2842 3311 et
2889 3259 3026 3314 vini.
3067 3259 3183 3318 Hoc
3222 3261 3369 3317 idem
3409 3273 3493 3318 est
3527 3279 3657 3318 cum
3696 3278 3762 3318 eo

2184 3361 2415 3416 corpore
2455 3347 2601 3424 quod
2642 3346 2749 3415 fuit
2783 3364 2849 3404 ex
2885 3351 3043 3406 beata
3066 3351 3289 3422 Virgine
3318 3353 3563 3422 Spiritus
3594 3355 3762 3410 sancti

2186 3441 2609 3511 obumbratione
2660 3433 3028 3511 conceptum:
3070 3445 3144 3498 De
3195 3461 3306 3515 quo
3341 3447 3459 3516 ipse
3502 3446 3764 3502 Dominus

2186 3533 2242 3587 in
2274 3532 2617 3587 exhibitione
2664 3535 3036 3611 sacramenti,
3074 3551 3199 3601 cum
3244 3539 3404 3593 nobis
3445 3539 3761 3595 sensibilem

2187 3619 2380 3696 panem
2419 3627 2716 3696 vinumque
2752 3629 3126 3709 ostendisset,
3161 3630 3280 3685 ait:
3317 3631 3426 3685 Hoc
3457 3639 3535 3686 est
3571 3647 3760 3702 corpus

2185 3732 2396 3780 meum;
2429 3726 2516 3782 et,
2551 3717 2649 3771 llic
2683 3728 2762 3772 est
2798 3723 3014 3792 sanguis
3051 3737 3238 3788 meus;
3270 3722 3471 3778 deinde
3507 3724 3760 3788 addidit,

2187 3811 2333 3880 quod
2360 3825 2458 3881 pro
2484 3810 2640 3865 vobis
2671 3811 2928 3877 traditur,
2948 3822 3003 3868 et
3036 3817 3128 3884 qui
3161 3831 3260 3885 pro
3286 3815 3441 3871 vobis
3467 3817 3768 3872 etl‘unditnr

2191 3906 2244 3956 in
2282 3905 2669 3959 remissionem
2703 3915 3080 3971 peccatorum.
3114 3906 3404 3977 Mysticnm
3439 3919 3623 3964 autem
3652 3911 3767 3980 ejus

2191 4009 2398 4063 corpus
2427 4005 2513 4051 est
2547 3996 2812 4063 Ecclesia,
2840 4005 2895 4051 et
2925 3999 3278 4068 congregatio
3311 4000 3585 4060 ﬁdelium.
3621 4001 3766 4056 Hanc

2189 4085 2340 4137 enim
2377 4099 2579 4155 negare
2611 4099 2810 4153 corpus
2833 4084 3037 4140 Christi
3071 4101 3233 4139 nemo
3261 4086 3442 4153 ausit,
3473 4087 3766 4155 prmscrtim

2193 4175 2423 4230 audiens
2488 4178 2815 4245 Apostolum
2881 4177 3209 4243 dicentem,
3278 4177 3546 4233 Ecclesia:
3607 4187 3768 4248 caput

2192 4267 2471 4323 Christum
2500 4283 2641 4322 esse.
2673 4267 2850 4338 Caput
2876 4269 3021 4324 enim
3050 4271 3172 4324 sine
3227 4270 3489 4325 membris
3536 4286 3646 4324 non
3688 4255 3770 4325 cs-

2191 4375 2275 4415 set
2303 4372 2490 4429 caput.
2518 4360 2865 4430 Quapropter
2887 4361 3129 4414 membra
3155 4361 3359 4414 Christi
3394 4375 3497 4415 nos
3527 4376 3719 4416 sumus
3750 4398 3766 4424 ,

2191 4461 2248 4506 et
2323 4460 2491 4520 caput
2551 4461 2800 4505 nostrum
2859 4459 2944 4505 est
3010 4450 3286 4506 Christus.
3347 4448 3504 4505 Unde
3576 4452 3772 4506 clamat

502 4553 745 4622 primum
795 4548 1056 4626 quidem,
1100 4548 1246 4617 quod
1286 4545 1506 4615 signum
1559 4540 1944 4595 tantummodo
1974 4549 2091 4603 est,
2120 4543 2172 4603 Ι)
2198 4542 2493 4612 Apostolus
2526 4559 2542 4596 :
2587 4539 2688 4606 Yos
2725 4545 2847 4596 estis
2883 4558 3072 4612 corpus
3109 4542 3304 4608 Christi
3347 4551 3396 4595 et
3451 4543 3682 4596 membra
3710 4556 3772 4594 ea:

505 4645 686 4706 oculis
721 4641 954 4705 subest;
987 4639 1293 4700 secundum
1315 4675 1331 4697 ,
1367 4633 1513 4704 quod
1553 4649 1639 4688 res
1673 4642 1756 4686 est
1786 4639 1840 4684 et
1871 4629 2085 4700 signum

506 4736 696 4809 animo
748 4732 1074 4796 exceditur;
1133 4729 1400 4793 tertium,
1458 4725 1602 4796 quod
1665 4739 1753 4778 res
1802 4723 1917 4777 sola
1969 4732 2090 4786 est,

507 4804 679 4897 corde
726 4823 1053 4895 percipitur.
1105 4821 1186 4876 Ad
1246 4821 1360 4874 haec
1415 4818 1653 4894 primum
1705 4815 1929 4885 quidem
1982 4829 2090 4867 non

509 4920 674 4992 modo
706 4918 1013 4992 signiﬁcat,
1050 4915 1149 4971 sed
1183 4915 1348 4969 etiam
1381 4912 1632 4965 continet
1665 4908 1995 4964 secundum.
2030 4905 2092 4994 In

510 5011 698 5082 specie
741 5008 888 5082 enim
938 5005 1093 5084 panis
1140 5015 1196 5068 et
1224 5003 1339 5075 vini
1373 5001 1573 5056 veritas
1605 4999 1851 5070 corporis
1882 5007 1938 5051 et
1969 5012 2094 5049 san-

419 5113 428 5173 ξ
513 5103 697 5173 guinis
730 5099 1070 5168 continetur,
1106 5111 1232 5172 cum
1269 5094 1324 5158 in
1363 5091 1454 5146 illa
1486 5091 1794 5146 substantia
1831 5089 1990 5157 panis
2018 5088 2096 5140 vi-

515 5197 683 5267 nique
737 5201 1004 5266 mutetur.
1055 5189 1301 5248 Tertium
1353 5200 1488 5241 vero
1543 5199 1861 5253 quanquam
1922 5181 2097 5251 signi-

411 5272 426 5349 ἑ
517 5292 678 5350 ﬁcet.
739 5300 847 5340 non
902 5295 1084 5337 tamen
1134 5280 1403 5336 continet.
1458 5275 1581 5329 ch
1635 5290 1759 5329 cum
1809 5273 2096 5327 verissima

518 5383 630 5449 sint
659 5423 673 5449 ,
709 5379 846 5434 illud
879 5378 1044 5432 etiam
1087 5374 1360 5444 sequitur,
1396 5385 1458 5424 ex
1505 5369 1571 5422 iis
1615 5367 1709 5437 qui
1760 5365 1932 5421 divini
1977 5381 2099 5419 cor-

517 5474 669 5556 poris
699 5471 996 5544 participes
1041 5468 1216 5530 ﬁunt,
1264 5463 1404 5517 alios
1450 5461 1675 5531 quidem
1722 5469 2096 5514 sacramenta-

517 5551 644 5634 iiter
675 5562 1151 5634 spiritualiterque
1183 5556 1482 5626 participes
1527 5553 1640 5606 ﬁeri
1666 5590 1681 5617 ,
1733 5551 1925 5621 quales
1967 5558 2099 5602 sunt

518 5658 611 5730 qui
645 5657 808 5726 digne
839 5637 1289 5738 cmnmunioncm
1325 5648 1642 5716 accipiunt,
1677 5644 1814 5698 alios
1849 5656 1980 5696 vero
2012 5657 2096 5697 sa~

594 5841 604 5882 ⁸
642 5840 656 5892 ί
688 5830 814 5898 αὐτ.
853 5855 946 5908 an,
982 5838 1072 5892 9.7.
1117 5838 1132 5866 ’
1176 5836 1194 5894 ι
1229 5835 1356 5892 Cor.
1401 5851 1449 5903 κ,
1513 5833 1591 5888 16.
1631 5833 1646 5860 ³
1681 5828 1817 5888 ibid.
1864 5825 1949 5878 i7.

2196 4643 2352 4704 parte.
2386 4634 2426 4687 ‘.
2460 4633 2527 4688 Et
2566 4649 2796 4689 rursus:
2833 4634 3001 4690 Panis
3039 4650 3197 4704 quem
3231 4634 3562 4702 frangimus,
3601 4649 3770 4687 nonne

2193 4727 2603 4779 communicatio
2650 4726 2884 4794 corporis
2938 4725 3147 4802 Domini
3196 4735 3274 4779 est
3309 4725 3382 4778 ’Ἰ
3425 4726 3492 4778 Ει
3531 4728 3767 4779 iterum:

2200 4801 2347 4872 Unus
2400 4820 2589 4887 panis,
2627 4818 2738 4882 ait,
2774 4827 2822 4872 et
2878 4833 3041 4870 unum
3081 4833 3270 4887 corpus
3319 4817 3474 4870 multi
3517 4833 3698 4870 sumus
3729 4815 3770 4866 ³.

2203 4912 2267 4964 Et
2293 4911 2528 4965 reddens
2584 4911 2704 4983 ejus
2751 4908 3023 4964 rationem
3069 4909 3261 4963 addit:
3313 4908 3502 4964 Omnes
3540 4911 3681 4962 enim
3710 4921 3772 4960 ea:

2200 5020 2307 5076 uno
2342 5018 2480 5069 pune
2514 5003 2928 5072 participamus.
2973 4999 3105 5068 Qua:
3135 5001 3300 5054 verba
3333 5002 3460 5053 dum
3498 5012 3771 5068 exponere

2195 5076 2840 5162 nititurChrysostomus
2874 5102 3084 5155 noster,
3120 5090 3192 5144 ita
3228 5091 3408 5160 inquit
3437 5109 3449 5143 :
3478 5090 3616 5156 Quid
3649 5089 3768 5142 dico

2194 5182 2885 5253 cmnmnnionem?ipsum
2934 5181 3069 5236 illud
3118 5197 3322 5252 corpus
3370 5197 3586 5236 sumus.
3632 5180 3768 5254 Quid

2194 5275 2348 5330 enim
2383 5281 2466 5327 est
2510 5273 2686 5341 panis,
2731 5272 2836 5325 nisi
2874 5287 3069 5340 corpus
3099 5271 3338 5326 Christi?
3379 5288 3490 5326 non
3529 5273 3768 5342 corpora

2203 5367 2396 5430 multa,
2454 5365 2550 5418 sed
2608 5377 2810 5431 corpus
2851 5377 3046 5415 unum.
3097 5360 3570 5427 Quemadmodum
3629 5360 3769 5415 enim

2208 5455 2392 5526 panis,
2445 5469 2509 5508 ex
2561 5452 2747 5506 multis
2790 5461 3049 5506 constans
3083 5453 3305 5522 granis,
3345 5454 3415 5508 ita
3445 5452 3772 5524 cotnpo.~itus

2204 5559 2308 5610 est,
2337 5556 2397 5600 ut
2435 5559 2702 5615 nusquam
2759 5558 2926 5613 grana
2963 5541 3281 5610 vidcantur;
3312 5554 3365 5597 et
3395 5557 3526 5600 sunt
3555 5543 3766 5613 quidem

2205 5653 2395 5709 grana,
2419 5637 2511 5692 sed
2544 5644 2770 5706 propter
2799 5634 3244 5704 conjunctiot‘tem
3276 5637 3427 5691 nullo
3455 5632 3771 5696 discrimine
