4086 6404
447 373 552 438 497

1447 373 1547 434 DE
1597 371 2106 435 SACRAMENTO
2153 374 2718 442 EUCHARISTL‘E.

3617 383 3726 445 49b

449 495 846 548 discernuntur
883 509 898 546 :
930 488 1024 566 ita.
1058 503 1156 546 nos
1193 505 1415 560 quoque
1447 500 1505 546 et
1541 491 1778 546 invicem
1826 492 1880 545 in
1921 485 2023 560 [aL
2052 481 2100 541 A
2130 490 2400 546 vinitatis.
2436 495 2592 561 Quod
2643 493 2892 563 apertius
2934 503 2992 550 et
3041 491 3342 566 Gregorius
3367 491 3526 558 dicit,
3573 501 3722 565 quod

445 585 528 657 et]
555 585 778 642 Christo
820 582 1230 655 conjungimur.
1268 583 1641 638 Damasccnus
1688 601 1905 654 quoque
1939 583 2030 637 ubi

449 678 518 734 de
549 675 916 732 sacrosanctis
943 676 1220 746 mysteriis
1256 684 1454 732 tractat
1483 695 1496 730 :
1527 677 1890 736 Honoremus,
1931 676 2029 738 ait,

447 771 650 828 Christi
687 785 890 840 corpus
942 769 1091 824 omni
1139 770 1308 824 animi
1353 771 1708 840 corporisque
1765 770 2030 840 puritate,

449 865 652 936 duplex
686 865 892 920 ctenim
921 877 1024 920 est.
1061 867 1400 935 Augustinus
1439 867 1629 928 etiam,
1667 864 2035 920 Occidentalis

449 956 711 1012 Ecclesia:
737 957 927 1012 iumen
965 973 978 1009 :
1017 955 1532 1022 Quemadmodum,
1569 955 1770 1024 inquit,
1798 971 1864 1008 ex
1897 953 2036 1008 ιιιιιι-

451 1050 524 1104 tis
575 1049 764 1121 granis
811 1065 953 1102 unus
995 1048 1288 1102 conﬁcitur
1334 1048 1526 1116 panis,
1577 1056 1632 1101 et
1684 1063 1751 1102 ex
1801 1049 2036 1102 racemis

449 1141 642 1198 multis
661 1155 807 1196 unus
831 1141 973 1196 calix
999 1140 1352 1209 exprimitur,
1379 1140 1459 1195 sic
1484 1155 1548 1194 ex
1577 1140 1762 1195 multis
1787 1140 2037 1195 ﬁdelibus

451 1249 622 1288 unum
673 1247 880 1304 corpus
913 1233 1202 1304 mysticum
1257 1235 1582 1302 intcgratur.
1625 1233 1922 1288 Enimvero
1964 1235 2039 1288 si-

451 1337 544 1385 cut
576 1342 644 1384 ex
681 1329 870 1386 multis
909 1329 1172 1384 Inemltris
1199 1340 1252 1383 et
1303 1331 1549 1399 partibus
1602 1333 2038 1400 unumquodque

451 1437 655 1491 corpus
683 1429 922 1486 constat,
948 1421 1017 1475 ita
1047 1420 1309 1477 Ecclesia:
1339 1423 1523 1476 unitas
1552 1438 1616 1476 ex
1643 1424 1878 1477 diversis
1911 1439 2038 1492 perv

453 1514 608 1569 sonis
641 1512 960 1578 conﬁcitur,
1001 1513 1258 1568 videlicet
1287 1521 1355 1567 'ex
1385 1513 1653 1582 praescitis
1676 1556 1688 1578 ,
1751 1515 2038 1582 praedesti-

451 1606 616 1670 natis,
641 1605 876 1666 vocatis.
899 1605 1237 1674 justiﬁcatis,
1263 1615 1318 1659 et
1348 1605 1692 1675 gloriﬁcatis.
1719 1605 1862 1670 Quos
1889 1607 2035 1659 enim

451 1699 714 1766 prwsciuit
751 1697 912 1758 Deus.
955 1699 1045 1751 Iros
1073 1707 1121 1749 et
1151 1699 1579 1767 prmdestinurit;
1635 1709 1683 1751 et
1741 1713 1868 1767 quos
1897 1713 2034 1768 prte-

451 1789 756 1853 destinavit,
790 1790 882 1842 Iros
919 1790 1156 1854 voravit;
1187 1799 1236 1842 et
1263 1807 1389 1860 quos
1421 1791 1652 1851 vocavit,
1687 1793 1778 1844 llos
1809 1799 1858 1843 et
1873 1791 2038 1861 justi-

449 1881 630 1952 ﬁcavit
657 1897 676 1945 ;
706 1891 752 1934 et
775 1898 902 1950 quos
919 1882 1264 1949 justiﬁcauit,
1295 1883 1385 1934 hos
1422 1891 1469 1935 et
1495 1881 1834 1952 gloriﬁcavit,
1863 1883 2043 1951 inquit

450 1973 748 2042 Apostolus
773 1973 814 2026 ί.
853 1971 1112 2027 Είῐὶρὶρης
1147 1988 1274 2028 vero
1309 1975 1473 2044 hujus
1504 1975 1719 2046 mystici
1766 1975 2040 2042 corporis,

449 2074 540 2122 est
571 2065 751 2135 ipsum
782 2079 972 2118 verum
1007 2065 1210 2118 Christi
1253 2081 1452 2132 corpus
1481 2077 1534 2120 et
1573 2068 1694 2136 ejus
1735 2065 2043 2121 communi-

459 2159 631 2222 catio,
669 2159 714 2214 si
748 2157 914 2227 digne
943 2158 1053 2212 ﬁat.
1086 2157 1243 2223 Quod
1280 2158 1594 2228 signiiiCalrt
1625 2162 1785 2216 verba
1821 2163 2040 2216 illorum

451 2249 550 2322 qui
597 2250 790 2305 dicunt
821 2267 837 2305 :
879 2250 1114 2305 Oramus
1156 2261 1216 2305 ut
1248 2253 1351 2306 hoc
1383 2267 1585 2321 corpus
1619 2263 1770 2306 tuum
1825 2265 2044 2324 praestet

458 2343 922 2414 participantibus
974 2344 1332 2399 sobrietatem
1365 2345 1602 2410 anim-.12,
1659 2348 2040 2402 remissionem

453 2447 850 2508 peccatorum,
893 2440 1340 2494 communionem
1400 2449 1603 2493 tecum.
1676 2441 1818 2507 Quid
1893 2443 2040 2496 enim

453 2529 604 2583 aiiud
631 2537 718 2584 est
747 2531 1088 2594 communio,
1115 2547 1278 2601 quam
1305 2533 1484 2586 unitas
1517 2549 1639 2586 cum
1673 2533 1913 2598 Christo,
1948 2552 2045 2589 an-

457 2627 620 2676 nexio
658 2622 1030 2677 membrorum
1068 2625 1134 2678 ad
1171 2634 1354 2692 caput,
1388 2627 1771 2682 convenientia
1805 2627 2042 2695 partium

456 2713 524 2766 ad
558 2714 774 2768 totum?
808 2715 954 2770 unde
979 2725 1034 2768 et
1068 2717 1384 2770 communio
1421 2727 1652 2773 vocatur
1687 2719 1907 2788 proprie
1940 2720 2045 2776 hoc

457 2815 889 2862 sacramentum.
922 2807 986 2862 Et
1016 2809 1238 2878 synaxis
1273 2809 1419 2880 apud
1453 2809 1774 2883 Dionysium
1815 2813 2042 2881 dicitur,

457 2903 562 2956 hoc
587 2912 670 2957 est
698 2901 958 2956 collectio.
983 2903 1203 2972 Colligit
1226 2905 1372 2959 enim
1405 2921 1524 2974 qua;
1555 2905 1700 2974 apud
1723 2921 1780 2960 se
1815 2905 2044 2972 distant,

455 3006 512 3048 ct
547 2995 717 3050 multa
768 3011 939 3049 unum
997 2996 1148 3062 facit,
1179 3008 1230 3051 et
1274 2998 1562 3054 dissimilia
1616 3010 1814 3070 aequat,
1871 3009 1928 3054 et
1989 3001 2046 3055 in

459 3101 629 3140 unum
663 3099 851 3155 sparsa
890 3087 1126 3141 reducit.
1169 3085 1538 3152 Quamobrem
1575 3089 1718 3145 idem
1754 3093 2045 3147 Damasce-

457 3194 563 3234 nus
601 3195 668 3233 eo
698 3196 808 3250 quo
839 3195 1004 3250 supra
1053 3183 1482 3237 memoravimus
1523 3184 1666 3250 loco,
1717 3186 2046 3241 Communio
2078 3156 2122 3216 α

459 3267 660 3336 inquit,
695 3268 920 3334 dicitur,
958 3279 1016 3324 et
1049 3278 1134 3324 est
1164 3271 1311 3334 ideo,
1341 3273 1466 3342 quia
1500 3289 1596 3340 per
1625 3290 1744 3329 eam
1793 3291 2045 3332 commu-

458 3358 708 3414 nienmus
732 3375 858 3414 cum
888 3361 1130 3427 Christo,
1163 3371 1218 3417 et
1245 3365 1430 3420 carnis
1460 3365 1884 3440 divinitatisque
1928 3371 2048 3442 ejus

457 3453 760 3522 participes
805 3469 1021 3520 sumus,
1069 3463 1126 3509 et
1167 3457 1401 3513 invicem
1451 3460 1840 3530 conjungimur
1884 3474 2049 3533 atque

459 3545 704 3601 nnimur.
758 3545 894 3601 Cum
943 3548 1090 3602 enim
1145 3565 1210 3604 ex
1263 3566 1372 3605 uno
1441 3567 1582 3622 pane
1631 3555 2046 3624 participamus,

457 3651 650 3692 omnes
679 3653 849 3692 unum
892 3638 1098 3695 Christi
1133 3655 1360 3712 corpus,
1407 3655 1464 3698 et
1500 3661 1644 3700 unus
1698 3647 1943 3718 sanguis,
1994 3657 2050 3704 et

459 3729 733 3794 membra,
762 3731 902 3787 alter
926 3733 1177 3796 alterius,
1205 3735 1455 3804 ejusdem
1510 3751 1634 3790 cum
1666 3738 1893 3792 Christo
1923 3753 2050 3792 cor-

461 3823 612 3893 poris
640 3822 928 3879 etlicimur.
963 3826 1030 3879 Et
1061 3841 1256 3882 rursus
1283 3828 1490 3883 ibidem
1517 3845 1530 3881 :
1557 3829 1659 3883 Per
1689 3829 1896 3883 Christi
1931 3843 2053 3884 cor-

461 3931 567 3983 pus
590 3924 646 3970 et
674 3918 1004 3988 sanguinem
1047 3921 1289 3990 purgati,
1328 3919 1552 3974 nnimur
1583 3923 1804 3991 corpori
1835 3922 2048 3977 Domini

462 4019 518 4062 et
549 4009 772 4078 spiritui
808 4010 950 4080 ejus,
989 4021 1048 4065 et
1085 4027 1286 4082 corpus
1335 4013 1539 4069 Christi
1577 4015 1866 4069 etlicimur.
1897 4015 2051 4071 Unde

461 4111 520 4154 et
551 4101 800 4164 Messias,
833 4118 932 4157 seu
973 4112 1030 4158 et
1066 4103 1356 4168 Mediator,
1390 4117 1446 4159 et
1471 4107 1612 4172 lapis
1651 4108 1936 4174 angularis
1967 4108 2052 4162 di-

463 4196 608 4249 citur
644 4192 932 4260 Dominus,
957 4198 1110 4267 quasi
1137 4199 1480 4269 conjungcns
1499 4209 1742 4254 extrema
1769 4211 1824 4256 et
1854 4203 2052 4258 uuiens

465 4289 662 4345 divisa.
718 4291 985 4346 Mediator
1018 4295 1184 4348 unius
1213 4308 1324 4346 non
1362 4303 1484 4361 est,
1522 4294 1616 4348 sed
1651 4295 1926 4363 duorum,
1965 4297 2048 4348 in-

465 4385 588 4453 quit
635 4383 840 4440 Paulus
885 4393 941 4439 et
986 4386 1130 4454 lapis
1179 4387 1457 4456 angularis
1492 4387 1730 4442 duorum
1779 4389 2048 4458 parietum
2101 4435 2114 4444 .

2139 603 2288 641 mine
2332 588 2554 656 quidem
2617 589 3011 659 participamus
3047 590 3250 659 corpus
3303 601 3360 644 et
3398 591 3722 659 sanguinem

2141 679 2244 734 sub
2271 681 2562 749 speciebus
2590 681 2747 750 panis
2781 693 2838 736 et
2869 682 2979 736 vini
3010 722 3026 748 ,
3083 691 3216 737 tunc
3249 695 3431 736 autem
3463 682 3612 740 clara
3643 685 3724 736 vi—

2146 773 2324 839 sione,
2360 783 2416 827 et
2451 774 2595 828 sicut
2625 790 2756 830 vere
2788 785 2892 839 est,
2922 773 3236 830 videbimus
3262 775 3418 828 illud.

2211 865 2537 921 Cavendum
2573 879 2763 921 autem
2795 907 2810 932 ,
2852 883 2922 922 ne
2957 869 3084 937 quis
3114 877 3408 937 propterea
3441 866 3588 935 quod
3623 882 3724 920 eu-

2143 957 2419 1014 charistia:
2466 961 2789 1030 mysterium
2825 961 2994 1031 ﬁgura
3025 976 3146 1015 esse
3171 959 3395 1024 dicitur,
3417 960 3600 1013 dicere
3629 967 3724 1012 aut

2143 1053 2371 1106 omnino
2411 1054 2688 1123 suspicari
2729 1055 2951 1119 audeat,
2986 1070 3094 1108 non
3127 1069 3254 1108 esse
3281 1069 3476 1108 verum
3503 1052 3720 1106 Domini

2141 1161 2368 1215 corpus.
2391 1147 2545 1200 Absit
2569 1157 2717 1200 tanta
2743 1146 3081 1216 blasphemia
3105 1161 3134 1198 a
3159 1145 3398 1200 ﬁdelium
3427 1146 3726 1200 mentibus.

2146 1238 2261 1292 lloc
2293 1239 2456 1292 modo
2509 1251 2566 1294 et
2612 1241 2851 1308 pretiosa
2889 1253 3038 1293 mors
3067 1239 3190 1309 ejus
3229 1254 3340 1291 non
3388 1249 3536 1292 esset
3594 1255 3724 1290 vera

2145 1347 2315 1396 mors,
2367 1331 2512 1400 quod
2551 1332 2752 1398 partim
2789 1331 3094 1386 ablutionis
3133 1331 3464 1384 delictorum
3492 1339 3724 1382 nostro-

2143 1439 2290 1488 rum,
2332 1424 2532 1492 partim
2566 1421 2983 1491 justiﬁcationis
3013 1430 3221 1476 nostrae
3252 1423 3422 1490 ﬁgura
3477 1421 3567 1474 sit.
3621 1421 3728 1473 Vas

2129 1515 2384 1581 ﬁlumque
2415 1513 2706 1566 electionis
2749 1521 2836 1566 cst
2865 1511 2960 1581 qui
2993 1512 3129 1565 dicit
3159 1529 3172 1565 :
3215 1511 3450 1564 Christus
3491 1519 3728 1562 mortuus

2144 1615 2221 1658 est
2254 1622 2350 1675 pro
2379 1605 2608 1674 peccatis
2655 1607 2870 1666 nostris,
2904 1613 2954 1657 et
3003 1603 3296 1656 resurrexit
3335 1609 3550 1670 propter
3569 1601 3731 1669 justi.-

2143 1699 2452 1766 ﬁcationem
2481 1708 2718 1752 nostram
2737 1699 2777 1750 ’.
2815 1699 2880 1751 Et
2911 1698 3108 1751 Petrus
3134 1717 3142 1748 :
3171 1695 3413 1751 Christus
3444 1712 3629 1763 passus
3651 1701 3728 1747 est

2076 1823 2118 1876 Β
2147 1811 2240 1864 pro
2269 1795 2414 1848 nobis
2463 1795 2766 1864 relinquens
2815 1793 2962 1846 nobis
2994 1791 3294 1862 exentpfum
3321 1790 3340 1820 ³
3384 1788 3528 1842 Mors
3561 1787 3730 1856 igitur

2146 1885 2350 1940 Christi
2388 1887 2588 1940 mortis
2641 1895 2848 1941 nostrae
2896 1885 3200 1940 secundum
3234 1891 3518 1951 peccatum
3565 1889 3618 1934 et
3645 1893 3728 1932 re-

2147 1979 2420 2034 surrectio
2468 1978 2591 2048 ejus
2633 1979 2760 2033 vitze
2827 1987 3027 2033 nostrae
3087 1992 3188 2046 per
3233 1974 3728 2044 justiﬁcatiouem.

2141 2073 2295 2142 juxta
2335 2073 2730 2140 primariorum
2755 2071 3132 2139 apostolorum
3165 2068 3520 2131 sententiam,
3545 2082 3729 2120 cxem-

2146 2163 2294 2232 plum
2330 2173 2384 2216 et
2423 2165 2596 2231 ﬁgura
2644 2163 2766 2217 fuit.
2799 2163 2908 2216 Nec
2942 2170 3120 2214 tamen
3168 2159 3306 2214 adeo
3340 2173 3490 2212 mors
3534 2165 3588 2210 et
3639 2171 3727 2211 re-

2148 2255 2420 2310 surrectio
2457 2256 2574 2324 ejus
2611 2273 2718 2307 non
2755 2255 2858 2309 fuit
2901 2269 3028 2307 vera
3069 2267 3217 2306 mors
3245 2261 3298 2306 et
3343 2249 3678 2305 resurrectio
3711 2267 3726 2303 :

2145 2355 2231 2399 est
2265 2346 2433 2414 igitur
2459 2345 2816 2398 eucharistia:
2857 2354 3290 2406 sacramentum,
3335 2350 3392 2395 et
3421 2342 3645 2404 veritas,
3673 2347 3730 2393 et

2151 2439 2357 2508 ﬁgura;
2390 2455 2456 2492 ex
2479 2453 2588 2508 quo
2620 2437 2756 2491 nihil
2793 2435 3018 2490 absurdi
3052 2437 3208 2505 sequi
3241 2434 3486 2488 videtur.
3511 2431 3728 2485 Etenim

2149 2533 2329 2600 ipsum
2377 2547 2600 2600 quoque
2651 2531 2984 2586 sacramenti
3037 2545 3234 2584 nomen
3285 2529 3423 2582 nihil
3461 2527 3736 2596 significat

2148 2622 2296 2676 aliud
2330 2638 2492 2690 quam
2529 2621 2754 2692 ﬁguram
2781 2621 3018 2690 alicujus
3050 2629 3102 2674 et
3125 2621 3341 2690 signum
3364 2620 3614 2673 alterius.
3647 2617 3734 2672 Si-

2156 2715 2379 2782 quidem
2419 2724 2826 2768 sacramentum
2866 2723 3066 2767 tectum
3110 2713 3390 2782 mysteriis
3433 2721 3736 2766 secretum-

2150 2821 2258 2875 que
2289 2821 2410 2860 cSSe
2445 2805 2626 2870 decet,
2659 2815 2716 2859 et
2757 2804 2906 2858 aliud
2941 2805 3291 2858 extrinsecus
3326 2818 3437 2872 pra:
3476 2818 3532 2856 se
3562 2801 3733 2864 ferre,

2152 2901 2299 2956 aliud
2333 2902 2540 2957 habere
2575 2902 2722 2971 quod
2757 2902 3098 2970 intelligatur
3135 2901 3489 2954 intrinsecus.
3541 2899 3727 2953 Nemi-

2151 3011 2278 3049 nem
2308 3004 2490 3048 autem
2531 2980 2864 3047 conturbare
2911 2991 3074 3046 debet
3110 3005 3308 3044 nomen
3347 2989 3488 3044 istud
3526 2990 3734 3058 ﬁgurae,

2153 3103 2256 3143 nec
2289 3088 2341 3142 id
2398 3087 2544 3156 quod
2578 3087 2654 3140 ait
2693 3085 3071 3139 Damasccuus
3121 3083 3278 3152 panis
3315 3094 3371 3136 et
3397 3081 3588 3134 vinum
3621 3097 3734 3135 non

2153 3190 2238 3236 est
2268 3180 2368 3234 nisi
2406 3178 2576 3248 ﬁgura
2613 3179 2864 3247 corporis
2897 3190 2948 3230 ct
2977 3177 3260 3245 sanguinis
3284 3174 3514 3230 Christi.
3541 3173 3734 3230 Absit!

2152 3275 2248 3330 sed
2281 3255 2459 3345 ipsum
2487 3289 2688 3344 corpus
2723 3270 2938 3326 Domini
2974 3271 3287 3324 deiﬁcatum
3311 3310 3326 3332 ,
3363 3267 3480 3336 ipso
3508 3265 3738 3319 Domino

2151 3369 2392 3430 dicente.
2424 3365 2534 3421 Hoc
2573 3375 2650 3422 est
2696 3347 2888 3436 corpus
2921 3382 3091 3419 meum
3117 3403 3132 3426 ,
3162 3374 3216 3417 et
3249 3377 3380 3424 non,
3418 3361 3584 3427 ﬁgura
3617 3375 3740 3414 cor-

2151 3457 2304 3529 poris
2339 3457 2442 3510 mei
2469 3476 2481 3521 ;
2516 3469 2592 3520 ct,
2624 3456 2718 3510 Hic
2744 3465 2818 3508 est
2861 3455 3078 3524 sanguis
3111 3469 3274 3514 meus,
3319 3459 3374 3504 et
3406 3466 3538 3512 non,
3569 3449 3738 3516 figura

2153 3551 2440 3623 sanguinis
2473 3549 2600 3603 mei.
2638 3549 2825 3603 Primo
2860 3548 3004 3600 enim
3043 3547 3200 3615 panis
3231 3553 3286 3598 et
3321 3543 3432 3596 vini
3486 3542 3734 3597 nomine.

2153 3657 2261 3695 non
2315 3642 2489 3710 ipsam
2531 3638 2805 3694 visibilem
2856 3637 3096 3706 speciem
3143 3635 3299 3705 panis
3342 3646 3394 3686 et
3439 3633 3575 3694 vini,
3638 3632 3738 3687 sed.

2153 3735 2594 3793 substantialiter
2631 3741 3052 3788 transmutatam
3091 3731 3144 3783 in
3175 3742 3376 3797 corpus
3422 3736 3478 3780 et
3509 3727 3739 3794 sangui-

2155 3848 2280 3888 nem
2319 3829 2598 3897 intelligit.
2635 3827 2843 3882 Deinde
2901 3825 3130 3894 ﬁguram
3177 3823 3284 3877 hoc
3325 3821 3449 3876 loco
3485 3819 3742 3889 intelligit

2157 3927 2407 3980 umbram
2441 3924 2588 3977 illam
2614 3963 2628 3988 ,
2655 3937 2778 3991 quin
2807 3921 2938 3974 nihil
2965 3917 3114 3972 aliud
3163 3928 3529 3987 praeterquam
3567 3913 3739 3982 ﬁgura

2155 4024 2258 4080 cst,
2291 4015 2621 4083 simpliciter
2655 4011 2802 4066 aliud
2852 4011 3202 4078 signiﬁcans,
3249 4007 3456 4061 nullam
3511 4005 3738 4058 cumino

2157 4106 2396 4162 faciendi
2418 4107 2528 4159 vim
2561 4112 2616 4160 et
2650 4113 2975 4174 potestatem
3009 4101 3236 4154 habens.
3265 4097 3739 4166 Quemadmodum

2156 4210 2498 4254 sacramenta
2531 4196 2732 4250 veteris
2781 4193 2950 4262 legis,
2984 4193 3120 4247 Νυκὶ
3174 4192 3512 4246 Tcstamenti
3555 4203 3742 4242 sacra-

2157 4303 2470 4346 mentorum
2502 4289 2673 4360 ﬁgura
2708 4287 2951 4348 fuerunt,
2978 4295 3036 4339 ut
3063 4283 3414 4337 circumcisio
3443 4280 3743 4350 baptisma-

2159 4385 2251 4448 tis,
2283 4386 2506 4452 sanguis
2548 4383 2829 4436 bircorum
2865 4390 2920 4432 et
2958 4380 3260 4432 vitulorum
3311 4373 3582 4428 Dominisi
3617 4388 3741 4426 sau-

465 4475 754 4534 vinculum
791 4487 848 4532 et
877 4479 1196 4547 conjunctio
1226 4487 1329 4534 est.
1365 4480 1495 4535 Post
1524 4482 1636 4537 haec
1670 4482 1802 4535 illud
1831 4497 2050 4551 quoque
2077 4490 2134 4552 Β
2161 4477 2344 4550 guinis
2390 4479 2444 4530 in
2495 4490 2623 4529 arca
2670 4473 2854 4528 crUeis
2885 4471 3076 4530 effusi.
3114 4484 3171 4526 et
3218 4485 3445 4540 serpens
3494 4469 3744 4540 pendens

469 4571 634 4624 tertio
664 4570 786 4626 loco
817 4570 1130 4625 addendum
1182 4581 1285 4636 est,
1345 4575 1491 4642 quod
1553 4573 1780 4627 verbum
1835 4573 2051 4626 Domini

467 4677 672 4732 corpus
711 4673 768 4718 et
803 4664 1005 4718 veritas
1033 4673 1118 4718 est
1153 4677 1206 4719 ct
1240 4667 1432 4733 ﬁgura.
1465 4665 1746 4735 Siquidem
1772 4676 2052 4719 ostensum

467 4765 574 4816 est,
605 4757 1074 4824 quemadmodum
1108 4757 1266 4827 panis
1313 4767 1368 4811 et
1407 4757 1520 4812 vini
1559 4757 1794 4812 visibilis
1821 4758 2052 4826 Species,

455 4845 644 4916 ﬁgura
679 4865 775 4902 seu
809 4848 1024 4919 signum
1051 4859 1132 4904 est
1165 4850 1280 4905 veri
1314 4861 1370 4905 et
1401 4851 1453 4904 in
1488 4851 1571 4905 eis
1597 4852 1841 4905 contenti
1877 4850 2060 4905 Domi—

469 4941 578 4994 nici
619 4943 868 5011 corporis
898 4953 952 4996 et
983 4943 1146 4996 etiam
1184 4943 1397 5014 mystici
1435 4945 1720 5012 corporis,
1757 4945 1826 4998 ita
1857 4959 2059 5012 corpus

471 5045 662 5086 verum
689 5036 916 5102 figuram
939 5031 1150 5101 mystici
1169 5043 1226 5086 et
1254 5033 1612 5086 ecclesiastici
1640 5033 1887 5100 corporis
1915 5047 2059 5084 esse.

470 5125 552 5180 Ad
593 5126 710 5179 haec
745 5141 935 5178 verum
965 5125 1184 5179 Domini
1233 5141 1436 5194 corpus
1467 5126 1612 5195 quod
1647 5125 1698 5178 in
1736 5125 1895 5178 altari
1927 5140 2060 5178 con-

469 5232 743 5282 secratur,
789 5219 1099 5274 futurorum
1131 5219 1358 5289 ﬁguram
1395 5219 1503 5273 dici
1530 5260 1545 5284 ,
1593 5219 1962 5274 Damascenus
1993 5234 2056 5273 co

471 5331 581 5384 quo
609 5331 777 5384 supra
830 5316 1262 5370 memoravimus
1296 5316 1442 5380 loco,
1477 5323 1732 5369 testatur.
1768 5311 2062 5382 Signiﬁca-

475 5411 606 5471 tiva,
651 5408 854 5476 inquit,
892 5407 1208 5462 futurorum
1244 5407 1530 5473 dicuntur,
1578 5423 1686 5460 non
1717 5407 1844 5476 quia
1871 5421 2060 5460 verum

473 5505 588 5556 sint
649 5495 852 5571 corpus
897 5505 1230 5571 sanguisque
1277 5499 1482 5554 Christi
1535 5515 1738 5564 verus,
1787 5499 1882 5555 sed
1937 5501 2063 5570 quia

475 5611 626 5650 nunc
651 5595 874 5665 quidem
901 5611 998 5664 per
1021 5595 1109 5647 illa
1134 5593 1443 5648 divinitatis
1468 5591 1772 5662 participes
1793 5591 2065 5647 efﬁcimur

479 5697 612 5744 tunc
642 5703 776 5743 vero
809 5703 908 5757 per
940 5687 1278 5742 intellectum
1315 5687 1432 5740 sola
1459 5685 1669 5740 visione
1701 5685 1950 5739 fruemur
1981 5685 2066 5740 di-

553 5869 570 5902 ¹
605 5867 765 5925 Rom.
801 5883 917 5937 VL”,
951 5869 1038 5926 30.
1118 5867 1172 5924 Ἰ
1211 5867 1338 5924 Cor.
1387 5881 1475 5933 xv,
1506 5865 1561 5920 5.

1639 5864 1704 5917 ³1
1737 5861 1880 5918 Petr.
1922 5877 1978 5932 ll,
2015 5863 2106 5918 Ἡ.

2162 4574 2216 4627 in
2246 4587 2434 4626 eremo
2463 4569 2713 4639 corporis
2745 4567 2961 4622 Domini
2996 4567 3047 4620 in
3080 4583 3243 4620 cruce
3281 4564 3597 4634 pendentis.
3642 4563 3746 4616 Vo-

2160 4683 2280 4720 rum
2318 4665 2410 4719 illa
2439 4664 2661 4733 quidem
2706 4661 2893 4730 ﬁgura:
2942 4669 3154 4713 tantum
3181 4670 3360 4720 erant.
3407 4667 3463 4712 ct
3510 4659 3740 4712 aliorum

2160 4760 2545 4831 signiﬁcativa,
2594 4773 2705 4810 non
2753 4755 3030 4816 cﬁ‘ectiva,
3079 4763 3133 4808 et
3187 4767 3470 4807 sacrorum
3521 4751 3744 4820 quidem

2161 4847 2566 4914 signiﬁcativa,
2621 4861 2730 4898 non
2785 4845 2902 4913 ipsa
2958 4859 3136 4898 sacra.
3199 4843 3394 4896 Nostra
3447 4857 3579 4896 vero
3639 4855 3746 4894 non

2163 4941 2328 4994 modo
2363 4940 2728 5008 signiﬁt-ativa
2763 4947 2817 4990 et
2868 4935 3056 5006 ﬁgura:
3101 4935 3297 4989 salutis
3332 4944 3499 4998 sunt,
3555 4949 3744 4987 verum

2163 5033 2327 5086 etiam
2355 5031 2636 5086 salutifera
2657 5071 2670 5094 ,
2702 5029 2808 5084 hoc
2856 5037 2942 5082 est
2997 5026 3250 5080 cﬂ'ectiva
3274 5025 3488 5090 salutis,
3519 5023 3746 5091 ipsaque

2165 5142 2322 5180 sacra
2356 5137 2412 5179 et
2453 5141 2624 5180 sacrae
2672 5139 2954 5178 sacrarum
2987 5137 3172 5192 rerum
3207 5119 3409 5188 ﬁgurae.
3447 5117 3560 5170 Hoc
3595 5115 3742 5169 enim

2168 5221 2400 5274 interest
2453 5216 2599 5270 inter
2649 5217 2853 5270 veteris
2883 5223 2936 5267 et
2977 5229 3130 5267 nova:
3178 5213 3314 5280 legis
3357 5218 3744 5270 sacramenta,

2162 5312 2310 5382 quod
2349 5311 2439 5364 illa
2477 5310 2703 5379 quidem
2741 5307 3008 5362 duntaxat
3053 5305 3440 5375 significabant
3487 5302 3744 5366 Salutem,

2163 5405 2279 5458 [nec
2308 5403 2473 5458 etiam
2505 5402 2771 5471 praebent,
2808 5411 2861 5455 et
2897 5399 2986 5452 illa
3042 5397 3264 5466 quidem
3297 5409 3408 5447 non
3441 5407 3620 5458 sacra,
3647 5392 3744 5447 sed

2163 5510 2446 5552 sacrarum
2503 5490 2884 5548 tantummodo
2932 5503 3114 5542 rerum
3166 5485 3526 5557 signiﬁcativa
3574 5503 3590 5542 :
3630 5483 3748 5539 haec

2162 5603 2346 5645 alitem
2383 5599 2439 5643 et
2486 5584 2847 5658 signiﬁcativa
2894 5595 3175 5636 sacrarum
3211 5593 3394 5631 rerum
3445 5585 3610 5646 atque
3667 5574 3748 5630 ef-

2165 5685 2362 5741 fcctiva
2409 5691 2560 5740 sunt.
2617 5677 2756 5736 llinc
2803 5686 3028 5734 sanctus
3077 5671 3318 5728 llilarius
3369 5673 3492 5728 ait:
3530 5671 3746 5744 Corpus
