4086 6478
372 374 480 438 490

1338 370 1840 433 BESSARlONIS
1881 372 1941 433 S.
1986 369 2060 430 Ιὶ.
2105 372 2173 432 Ε.
2223 374 2692 434 CARDINALIS

3524 370 3725 446 ξω-

372 490 578 546 Clarii-ii
614 501 726 559 quo
759 488 812 542 in
859 487 1016 542 altari
1061 484 1461 556 participamus
1486 527 1499 550 ,
1531 486 1701 556 ﬁgura
1745 484 1965 555 quidem
1996 487 2041 543 Α
2075 483 2207 541 Nam
2247 488 2291 542 si
2328 487 2583 543 humanae
2617 504 2814 558 preces
2867 490 2974 546 hoc
3004 497 3252 560 possent,
3284 488 3466 558 potius
3503 489 3671 544 viro-

371 593 478 648 cst,
506 593 785 651 quatenus
818 581 978 651 panis
1007 590 1063 635 et
1091 580 1278 633 vinum
1328 580 1701 635 exterioribus
1735 591 1964 647 apparet

375 675 633 730 sensibus
658 713 672 735 ,
706 673 927 726 ‘veritas
967 681 1146 725 autem
1182 678 1287 735 est,
1340 682 1612 737 quatenus
1659 685 1865 739 corpus
1909 665 1967 723 ει

377 768 600 835 sanguis
634 767 684 817 iu
720 766 952 817 veritate
982 768 1147 817 Corde
1178 763 1447 815 creditur.
1481 762 1549 816 Et
1580 760 1961 831 Augustinus:

376 862 578 915 Christi
615 876 814 925 corpus
859 858 1057 924 inquit,
1093 867 1148 911 et
1182 857 1383 911 veritas
1416 866 1468 909 et
1506 855 1679 913 llaura
1713 865 1798 909 est
1831 875 1843 908 :
1877 869 1973 908 vc—

383 954 516 1005 riias
555 952 804 1019 quidem,
842 951 895 1003 in
930 948 1200 1016 quantum
1246 950 1449 1001 virtute
1483 949 1710 1016 spiritus
1732 964 1800 1002 ex
1835 946 1970 1002 sul)—

381 1044 578 1097 s‘taniia
614 1044 770 1111 panis
815 1053 873 1097 et
921 1043 1031 1094 vini
1064 1055 1269 1111 corpus
1297 1040 1570 1102 efﬁcitur;
1621 1043 1791 1109 ﬁgura
1841 1054 1973 1094 vero

380 1144 464 1189 Esi,
495 1136 624 1187 illud
667 1137 810 1203 qu=id
845 1133 1213 1188 exterioribus
1242 1136 1497 1189 sensibus
1523 1135 1825 1207 subjaceat.
1859 1132 1972 1188 Nos

372 1226 571 1296 itaque
601 1228 829 1296 figuram
857 1228 961 1281 hoc
986 1221 1111 1281 loco
1140 1228 1211 1282 ita
1245 1228 1571 1297 accipimus,
1615 1242 1735 1295 qua!
1759 1225 1978 1280 scilicet

385 1319 565 1388 quoad
590 1320 895 1374 sensibiles
932 1322 1146 1388 species
1176 1321 1335 1389 panis
1379 1330 1434 1374 et
1468 1319 1581 1372 viui
1609 1360 1622 1382 ,
1659 1318 1806 1373 aliud
1837 1317 1980 1372 dun-

386 1421 536 1466 taxat
557 1412 827 1478 signiﬁcet
853 1412 1030 1482 quoad
1055 1428 1249 1466 verum
1274 1427 1478 1481 corpus
1497 1410 1728 1476 Christi,
1750 1421 1805 1465 et
1828 1409 1979 1465 aliud

387 1501 698 1567 signiﬁcet,
748 1511 804 1555 et
855 1510 1035 1558 tamen
1088 1505 1296 1556 veritas
1349 1503 1439 1556 sit.
1504 1501 1979 1568 Quemadmodum

393 1588 767 1648 Damasceuus
810 1609 1075 1664 quoque,
1114 1595 1277 1648 sicuti
1319 1595 1482 1664 paulo
1534 1607 1661 1648 aute
1712 1608 1984 1647 memora-

390 1685 596 1748 vimus,
625 1696 841 1740 veteres
876 1697 1099 1740 secutus
1142 1688 1418 1748 doctores,
1454 1702 1647 1741 verum
1698 1700 1899 1755 corpus
1927 1695 1985 1739 ct

393 1776 716 1845 sanguinem
744 1775 1278 1849 Christi'ﬁgurativa
1313 1780 1625 1834 futurorum
1658 1778 1980 1834 nominavit.

2076 595 2195 633 rum
2230 580 2504 635 bonorum
2548 599 2758 651 preces,
2794 583 2898 638 etsi
2935 597 3043 636 non
3078 581 3453 647 sacerdotum,
3488 594 3667 651 quam

2078 688 2373 741 pravorum
2402 676 2751 728 sacerdotum
2786 677 2886 729 hoc
2908 675 3159 729 divinum
3193 689 3335 744 opus
3355 673 3669 729 edicerent.

2075 765 2242 835 Atqui
2277 766 2541 820 indecens
2569 776 2737 832 essnt,
2766 776 2933 837 atque
2957 768 3025 821 ab
3049 767 3290 822 humana
3313 767 3490 821 salute
3521 765 3673 820 alie-

2019 908 2031 915 .
2078 873 2233 919 num,
2279 860 2602 913 existimare
2652 868 2865 914 tantum
2902 870 3311 915 sacramentum
3344 874 3373 914 a
3403 874 3463 915 re
3495 859 3675 914 dubia

2080 947 2432 1017 dependere:
2482 952 2684 1022 quippe
2731 951 2961 1006 dubium
2995 960 3162 1022 atque
3210 951 3525 1022 ambiguum
3562 957 3677 1012 est,

2082 1058 2150 1095 an
2201 1058 2394 1111 preces
2431 1059 2496 1098 ac
2540 1044 2972 1112 supplicationes
3007 1055 3211 1098 nostra:
3265 1043 3379 1098 Deo
3428 1048 3679 1110 accepta

2084 1133 2195 1195 sint
2227 1133 2425 1188 futura!
2469 1152 2481 1188 :
2518 1148 2586 1188 ex
2619 1148 2730 1204 quo
2759 1132 2933 1201 ﬁeret,
2982 1143 3041 1189 ut
3073 1142 3130 1188 et
3179 1133 3328 1189 salus
3363 1131 3524 1188 nobis
3556 1131 3680 1186 vir-

2086 1233 2204 1280 tute
2257 1225 2420 1295 hujus
2454 1225 2704 1295 mySterii
2734 1234 3055 1295 exspectata
3101 1225 3269 1280 dubia
3321 1224 3484 1279 foret.
3514 1223 3681 1290 Quod

2085 1332 2156 1371 ne
2192 1318 2429 1382 accidat,
2468 1318 2580 1372 imo
2612 1318 2761 1372 salus
2796 1326 3009 1380 nostra,
3039 1331 3205 1384 quam
3241 1315 3406 1384 digne
3451 1315 3685 1384 partici-

2088 1409 2345 1477 pantihus
2388 1408 2492 1461 hoc
2543 1416 2948 1465 sacramentum
2987 1409 3198 1479 pragbet
3233 1447 3249 1474 ,
3304 1418 3458 1463 certa
3510 1416 3688 1475 atque

2091 1499 2316 1555 indubia
2340 1504 2432 1565 sit,
2459 1517 2688 1558 necesse
2715 1510 2800 1557 est
2834 1500 3141 1557 Dominicis
3172 1500 3356 1557 verbis
3386 1500 3689 1556 duntaxat.

2090 1601 2147 1647 et
2169 1593 2333 1648 nullis
2357 1595 2480 1649 aliis
2502 1603 2717 1650 tantum
2743 1596 2939 1651 conlici
2965 1603 3402 1650 sacramentum.
3429 1594 3511 1648 Ad
3544 1594 3687 1655 haec,

2094 1685 2355 1755 precibus
2407 1686 2630 1756 quidem
2663 1689 2873 1742 nostris
2902 1701 3013 1741 non
3049 1686 3392 1756 perﬁcimus,
3426 1685 3523 1741 sed
3562 1694 3690 1740 tau-

2096 1780 2382 1832 tummodo
2436 1794 2693 1848 rogamus
2753 1788 2818 1835 ut
2878 1778 3197 1851 perﬁciatur
3248 1788 3688 1840 sacramentum.

396 1844 676 1921 Ubiienim
724 1865 1010 1938 ﬁguratior:
1035 1844 1213 1934 vdixit,
1248 1877 1304 1924 et
1334 1870 1579 1943 .ﬁguram
1626 1868 1745 1923 sine
1792 1867 1984 1927 diseri-
2018 1844 2060 1902 θ
2091 1868 2271 1926 Verba
2306 1886 2437 1925 vero
2462 1844 2587 1941 quae
2618 1872 2723 1927 hoc
2748 1844 2999 1929 divinum
3025 1888 3230 1939 corpus
3254 1880 3581 1943 cperantur,
3606 1870 3696 1928 of-

398 1958 549 2012 mine
578 1958 764 2013 dicere
796 1960 1085 2039 potuisset.
1116 1960 1221 2017 Sed
1260 1961 1329 2014 de
1355 1962 1421 2015 iis
1449 1962 1602 2028 satis,
1633 1971 1691 2017 ut
1724 1961 1986 2027 arbitror,

397 2053 788 2118 disseruimus,
814 2069 961 2109 nunc
982 2054 1127 2124 quod
1160 2054 1433 2123 reliquum
1461 2063 1549 2107 est
1580 2054 1986 2125 aggrediamur.

403 2140 524 2194 Erit
554 2153 735 2195 autem
769 2150 951 2196 nostra
986 2144 1164 2197 omnis
1206 2147 1386 2198 oratio
1416 2145 1710 2213 tripartita.
1740 2142 1989 2198 Primum

405 2232 553 2286 enim
604 2233 932 2287 conabimur
981 2236 1273 2290 ostendere
1323 2236 1727 2291 divinissimum
1789 2251 1992 2306 corpus

404 2322 609 2377 Christi
642 2334 696 2376 et
727 2325 1068 2394 sanguinem,
1100 2326 1265 2381 nullis
1296 2326 1420 2381 aliis
1454 2327 1659 2392 verbis,
1684 2337 1776 2381 aut
1805 2342 1992 2383 sacer-

410 2414 600 2468 dotum
650 2417 908 2485 precibus
943 2417 1162 2483 conﬁci,
1201 2434 1364 2489 quam
1402 2418 1469 2473 iis
1486 2435 1626 2491 -quae
1677 2435 1841 2489 supra
1877 2433 1994 2474 me-

411 2509 752 2564 moravimus
796 2512 1011 2566 Domini
1062 2512 1283 2566 verbis:
1324 2510 1432 2565 Hoc
1457 2521 1530 2566 est
1564 2529 1752 2580 corpus
1782 2524 1994 2574 meum;

412 2612 491 2670 et,
524 2603 619 2657 llic
650 2614 722 2657 est
749 2606 966 2675 sanguis
1000 2620 1163 2658 meus.
1207 2603 1337 2659 Post
1372 2604 1488 2658 hac
1532 2616 1849 2659 sanctorum
1895 2602 2000 2657 Ec-

415 2697 596 2751 clesia:
643 2696 933 2751 doctorum
986 2712 1048 2751 ac
1099 2696 1331 2750 Patrum‘
1374 2706 1692 2751 nostrorum
1746 2710 1909 2749 unam
1943 2704 2001 2749 et

416 2790 662 2842 eamdem
702 2804 823 2843 esse
854 2789 1187 2843 sententiam
1235 2789 1665 2849 declarabimus.
1714 2789 2001 2842 Postremo

419 2896 541 2949 quae
570 2881 695 2934 huic
713 2881 959 2950 opinioni
986 2880 1268 2935 adversari
1292 2880 1568 2947 videntur,
1588 2880 1725 2934 duce
1748 2878 2000 2943 Domino,

421 2976 582 3041 cujus
609 2984 698 3027 res
727 2974 938 3041 agitur,
972 2972 1358 3027 dissolvomus.

493 3064 651 3131 Quod
690 3065 856 3133 igitur
885 3066 1222 3134 impossibile
1253 3065 1324 3119 sit
1350 3065 1475 3120 aliis
1505 3077 1668 3135 quam
1705 3062 2007 3119 Dominicis

2092 1958 2335 2016 ﬁcientia
2368 1964 2705 2017 sacramenti
2753 1979 2875 2018 esse
2926 1962 3153 2028 debent,
3194 1979 3305 2019 non
3339 1974 3400 2018 ut
3419 1962 3694 2019 conficia-

2095 2063 2185 2108 tur
2216 2051 2599 2121 deprceantia.
2633 2054 2777 2124 Ergo
2801 2070 2913 2109 non
2946 2056 3156 2111 nostris
3185 2055 3371 2110 verbis
3403 2071 3526 2125 qua:
3577 2071 3694 2111 non

2076 2144 2419 2213 conﬁciunt,
2453 2148 2548 2201 sed
2596 2158 2657 2202 ut
2688 2148 3018 2204 conﬁciatur
3046 2158 3230 2214 orant,
3281 2158 3494 2205 tantum
3546 2163 3697 2219 opus

2097 2237 2483 2305 tribuendum,
2514 2240 2610 2295 sed
2640 2241 2825 2296 verbis
2877 2240 3181 2299 Dominicis
3215 2255 3343 2297 vere
3389 2241 3697 2297 conﬁcient.

2096 2331 2269 2398 tibus,
2301 2345 2369 2385 eo
2402 2331 2566 2387 modo
2609 2349 2721 2403 quo
2756 2334 3021 2389 Dominus
3054 2333 3172 2405 ipse
3204 2349 3304 2404 per
3333 2333 3529 2389 eadem
3567 2349 3698 2388 ver-

2099 2425 2193 2491 ba,
2227 2435 2287 2479 ut
2320 2424 2526 2496 legitur
2557 2427 2609 2481 in
2643 2426 2946 2497 Evangelia
2969 2466 2985 2494 ,
3015 2426 3385 2484 consecravit.
3418 2424 3695 2481 Praeterea

2101 2516 2270 2571 verba
2316 2515 2537 2572 Domini
2600 2518 2961 2586 proferuntur
2994 2534 3025 2572 a
3070 2518 3395 2584 sacerdote,
3429 2525 3697 2586 tanquam

2102 2617 2432 2679 potestatem
2471 2608 2714 2665 habente
2758 2626 2823 2666 ea
2875 2610 3200 2682 perﬁciendi
3231 2625 3355 2681 quae
3379 2610 3499 2679 ipsa
3524 2609 3698 2665 verba

2103 2699 2436 2771 signiﬁcant.
2492 2702 2759 2758 Precibus
2806 2718 2938 2759 vero
2999 2703 3116 2758 suis
3170 2711 3494 2773 potestatem
3558 2701 3701 2773 petit

2104 2794 2249 2849 idem
2285 2795 2544 2853 sacerdos
2573 2807 2834 2867 tanquam
2889 2798 3136 2874 nondum
3188 2797 3421 2852 habens.
3468 2796 3696 2850 Atenim

2106 2888 2307 2944 melius
2354 2890 2676 2959 certiusque
2719 2905 2809 2943 res
2857 2890 2927 2945 ab
2957 2905 3024 2945 eo
3050 2897 3379 2960 potestatem
3429 2887 3698 2950 habente.

2108 2994 2271 3052 quam
2301 2995 2331 3034 a
2362 2979 2607 3034 nondum
2646 2980 2911 3044 habente,
2944 2980 3038 3034 sed
3068 2990 3128 3035 ut
3157 2995 3277 3036 eam
3328 2978 3551 3042 habet,
3608 2993 3702 3031 ro-

2110 3081 2292 3140 gante,
2322 3069 2629 3141 perﬁcitur,
2653 3071 2984 3140 faciliusque
3009 3072 3059 3125 id
3086 3071 3197 3140 agit
3222 3070 3451 3140 quijam
3490 3074 3701 3137 potest,

424 3158 612 3214 verbis
646 3159 1005 3212 Eucharistim
1036 3166 1438 3213 sacramentum
1470 3157 1666 3213 conﬁci
1700 3158 2003 3213 evidentiso
2027 3189 2074 3252 ο
2114 3176 2276 3232 quam
2311 3161 2405 3233 qui
2443 3178 2604 3231 posse
2635 3177 2693 3216 se
2742 3171 2946 3231 sperat.
2980 3160 3100 3215 Non
3155 3161 3323 3231 igitur
3354 3160 3702 3229 supplicibus

427 3256 566 3308 sime
603 3264 655 3305 et
692 3250 814 3306 luce
864 3251 1066 3305 clarius
1098 3262 1348 3320 apparet.
1384 3250 1683 3305 Enimvero
1713 3265 1876 3311 nemo
1922 3258 2007 3304 est

429 3363 592 3417 quem
629 3346 834 3409 lateat,
882 3344 1343 3414 quemadmodum
1378 3346 1537 3416 panis
1567 3353 1623 3400 et.
1664 3346 1778 3400 vini
1811 3359 2012 3416 corpus

431 3448 487 3494 et
513 3438 835 3508 sanguinem
856 3437 1061 3491 Christi
1087 3441 1138 3492 in
1175 3438 1399 3493 instanti
1431 3439 1570 3493 facta
1598 3437 1981 3516 transsuhstan
2008 3472 2013 3475 -

434 3531 670 3591 tialitas.
702 3529 1006 3595 humanam
1038 3545 1255 3585 omnem
1300 3530 1617 3585 facultatem
1648 3530 1889 3597 excedit,
1925 3530 2015 3585 in-

435 3638 682 3691 gensque
732 3638 871 3692 opus
931 3632 1053 3687 est,
1100 3631 1157 3677 et
1208 3632 1355 3677 certe
1411 3622 1656 3677 divinum
1695 3641 1708 3677 :
1743 3623 1816 3677 ita
1849 3621 2017 3677 etiam

437 3718 604 3785 hujus
630 3716 955 3771 sacramenti
987 3714 1275 3770 eﬁicientia
1305 3716 1496 3778 verba,
1532 3716 1706 3771 instar
1728 3713 1905 3785 ipsius
1927 3729 2018 3769 sa-

439 3806 743 3868 cramenti,
776 3805 991 3859 exitiiize
1022 3806 1305 3876 cujusdam
1355 3806 1580 3860 virtutis
1625 3820 1747 3860 esse
1793 3804 2020 3860 debere.

438 3898 638 3951 Christi
689 3912 818 3951 vero
862 3898 1066 3955 divinis
1102 3897 1285 3952 verbis
1314 3936 1328 3959 ,
1371 3898 1511 3951 nihil
1545 3913 1667 3952 esse
1714 3897 2017 3967 potentius,

443 3992 580 4058 nihil
604 3990 879 4046 eﬁicacius
904 4006 1024 4046 esse
1045 4006 1207 4061 posse
1238 3989 1586 4045 manifestum
1614 3999 1718 4046 est.
1749 3988 2027 4057 Quamob-

446 4100 558 4147 rem
613 4084 769 4139 fateri
823 4098 1049 4139 necesse
1097 4096 1213 4146 est.
1245 4082 1545 4138 Dominicis
1580 4083 1687 4138 illis
1719 4083 1930 4147 verbis,
1971 4091 2027 4138 et

446 4176 614 4252 pullis
639 4178 761 4232 aliis
775 4177 1021 4245 divinum
1048 4176 1156 4231 hoc
1179 4185 1584 4231 sacramentum
1608 4175 1805 4230 confici
1843 4188 2024 4244 posse.

446 4269 559 4323 Nec
587 4261 731 4321 cnim
768 4268 1109 4329 divinissima
1147 4282 1246 4338 per
1286 4267 1532 4321 divinam
1565 4266 1863 4334 potentiam
1896 4279 2029 4319 con-

449 4366 482 4436 ti
523 4363 536 4416 i
582 4360 864 4431 negaverit
909 4361 1205 4430 quispiam.
1260 4374 1365 4415 nec
1414 4359 1600 4413 verbis
1630 4356 1840 4412 Christi
1889 4357 2030 4414 nihil

450 4457 678 4526 pmniuo
704 4456 982 4512 efﬁcacius
1011 4471 1157 4521 esse,
1202 4470 1326 4509 cum
1381 4468 1488 4507 non
1526 4456 1687 4507 modo
1721 4454 1908 4516 homo,
1944 4465 2032 4505 vc-

2115 3254 2491 3320 sacerdotum,
2541 3257 2635 3310 sed
2675 3254 3036 3309 euuutiativis
3085 3253 3302 3308 Domini
3338 3254 3523 3308 verbis
3553 3251 3701 3308 eﬂici
3757 3264 3761 3269 ’

2115 3346 2458 3401 credendum
2488 3355 2575 3402 est
2607 3347 2723 3401 haec
2752 3361 2909 3401 sacra
2955 3345 3235 3417 mysteria.
3273 3342 3408 3399 Item
3439 3345 3589 3399 (Ιιιιη-
3614 3358 3704 3398 τοι

2116 3447 2206 3510 gat
2237 3440 2503 3494 sacerdos
2523 3480 2536 3497 .
2566 3445 2662 3492 aut
2687 3436 2825 3508 petit
2851 3436 3104 3490 obtinere
3152 3442 3486 3505 potestatem
3529 3430 3707 3487 conii-

2119 3533 2303 3588 ciendi
2334 3533 2604 3605 mysterii,
2630 3543 2725 3587 aut
2751 3546 2897 3597 non;
2928 3530 2973 3585 si
3008 3529 3168 3599 petit,
3195 3544 3303 3583 non
3330 3526 3498 3597 igitur
3526 3527 3707 3580 inerat

2120 3626 2425 3683 sacerdods
2466 3625 2724 3695 precibus
2760 3640 2823 3678 ea
2860 3623 3105 3692 potentia
3141 3621 3286 3692 (.quis
3311 3619 3461 3675 enim
3494 3625 3710 3688 peteret

2122 3718 2270 3790 quod
2296 3719 2409 3788 jam
2436 3717 2652 3785 tenet?)
2692 3714 2848 3783 Quod
2884 3714 2931 3769 si
2963 3711 3068 3768 non
3098 3713 3258 3782 petit,
3291 3711 3498 3767 frustra
3526 3721 3706 3780 rogat.

2122 3810 2474 3880 Quapropter
2501 3826 2607 3869 non
2643 3810 2791 3878 ipsas
2815 3806 3167 3863 sacerdotum
3214 3820 3427 3877 preces,
3456 3803 3554 3859 sed
3610 3804 3710 3857 Do-

2125 3905 2261 3960 mini
2291 3902 2458 3958 verba
2490 3901 2882 3957 eucharistiam
2920 3899 3197 3954 conﬁcere
3223 3896 3576 3952 manifestum
3602 3905 3706 3950 est.

2126 3993 2282 4050 Adde
2310 3993 2457 4064 quod
2484 3992 2777 4046 verborum
2811 4005 2929 4059 quae
2958 3989 3075 4043 haec
3099 3988 3359 4061 mysteria
3385 3988 3709 4049 conﬁciunt,

2127 4087 2277 4142 nulla
2336 4085 2632 4141 diversitas
2660 4125 2674 4148 ,
2726 4082 2879 4137 nulla
2917 4081 3155 4135 mutatio
3203 4095 3327 4135 esse
3357 4079 3523 4133 debet
3554 4095 3567 4129 :
3605 4089 3712 4131 una
3748 4149 3756 4155 .

2129 4180 2277 4236 enim
2313 4177 2581 4248 cujusque
2610 4184 2667 4231 et
2715 4175 3073 4230 immutabilis
3108 4173 3282 4227 forma
3317 4180 3421 4237 est,
3454 4185 3561 4237 qua
3592 4184 3713 4222 muv

2131 4281 2242 4328 tata
2272 4280 2446 4326 totum
2482 4269 2646 4324 etiam
2680 4276 2945 4321 mutatur.
2978 4264 3136 4323 Unde
3180 4262 3469 4318 Mattlneus
3498 4269 3554 4315 et
3579 4260 3718 4320 Man

2133 4364 2317 4421 cus'et
2361 4362 2578 4425 Lucas,
2610 4370 2665 4414 et
2713 4376 2837 4415 cum
2885 4358 2954 4412 iis
2995 4355 3279 4426 apostolus
3314 4353 3554 4414 Paulus,
3589 4362 3713 4405 cum

2137 4458 2304 4530 hujus
2346 4452 2778 4512 consecrationis
2834 4454 3171 4505 mentionem
3221 4446 3473 4512 faciunt,
3509 4459 3631 4514 quae
3688 4456 3715 4494 a

454 4566 574 4623 rum
621 4552 787 4605 etiam
822 4550 965 4604 Deus
994 4551 1083 4611 sit,
1116 4560 1442 4618 creatorque
1475 4549 1748 4610 omnimn,
1787 4547 1881 4617 qui
1913 4547 2032 4601 solo
2067 4557 2107 4612 ε)
2139 4551 2422 4608 Salvatorc
2444 4555 2603 4601 nocte
2631 4560 2736 4612 qua
2762 4540 3080 4600 tradebatur
3111 4540 3354 4610 pert‘eCta
3378 4547 3485 4602 est,
3527 4529 3727 4590 eadem

453 4653 591 4721 putu
625 4652 821 4695 cuncta
873 4642 1167 4710 produxit,
1220 4643 1312 4711 qui
1362 4642 1534 4696 verbo
1589 4656 1765 4709 aegros
1799 4639 2033 4703 curavit,

456 4743 704 4797 mortuos
735 4732 1017 4799 suscitavit
1042 4773 1057 4793 ,
1089 4741 1395 4802 cieteraque
1433 4732 1695 4787 miracula
1730 4733 1877 4792 fecit.
1913 4747 2037 4801 qua:

458 4807 512 4895 in
542 4822 843 4891 Evangeliis
872 4824 1195 4878 recitantur.
1221 4825 1488 4880 Praeterea
1522 4829 1773 4883 humanae
1824 4840 2034 4895 preces,

459 4923 593 4988 tunc
639 4914 785 4984 quod
838 4923 996 4967 orant
1037 4915 1300 4970 facillime
1339 4926 1792 4987 consequuntur,
1832 4934 1955 4973 cum
1984 4916 2038 4971 id

461 5006 670 5072 merita:
725 5007 855 5066 sint,
905 5017 959 5061 et
1007 5022 1036 5059 a
1084 5007 1444 5063 benetneritis
1498 5010 1821 5066 ell'unditur.
1873 5009 2040 5079 Atqui

463 5099 621 5171 panis
654 5108 709 5153 et
741 5098 850 5152 vitii
887 5099 940 5151 in
973 5114 1174 5166 corpus
1198 5109 1252 5155 et
1277 5103 1596 5172 sanguinem
1625 5102 2037 5170 transmutatio,

465 5207 574 5261 non
637 5193 941 5260 petentium
992 5192 1227 5254 meritis,
1267 5192 1361 5246 sed
1397 5194 1518 5261 ejus
1556 5195 1801 5263 potentia
1851 5195 1943 5264 qui
1978 5209 2044 5248 ex

466 5282 642 5343 nihilo
679 5293 875 5336 cuncta
922 5282 1222 5350 produxit,
1264 5298 1364 5353 per
1395 5285 1736 5338 sacerdotem
1786 5294 2044 5355 tanquam

470 5388 569 5444 per
624 5374 1051 5437 instrumentum
1104 5375 1382 5444 quoddam
1436 5374 1693 5430 eﬁicitur.
1742 5374 1897 5432 Unde.
1935 5393 2047 5432 non

470 5466 653 5527 minus
700 5465 770 5521 ab
821 5464 1061 5536 indignis
1107 5465 1492 5521 sacerdotibus
1538 5475 1701 5534 atque
1750 5468 2046 5535 perversis,

470 5574 633 5627 quam
661 5574 690 5613 a
734 5558 893 5612 bonis
925 5560 1240 5627 sanctisque
1267 5567 1647 5613 consecratur.
1684 5558 1760 5614 Ex
1787 5577 1897 5631 quo
1932 5578 2051 5616 ma-

476 5654 735 5704 nifestum
780 5662 886 5717 est,
918 5667 1026 5704 non
1059 5650 1273 5707 orantis
1302 5652 1681 5717 sanctitatem,
1730 5655 1824 5708 sed
1870 5654 2049 5724 ipsum

480 5747 768 5801 hominum
803 5749 1041 5819 propriis
1071 5749 1186 5803 suis
1206 5746 1412 5813 verbis,
1433 5764 1462 5802 a
1494 5748 1779 5805 sacerdote
1806 5749 2053 5817 prolatis,

481 5851 676 5913 panem
706 5847 762 5890 et
788 5837 973 5897 vinum
1007 5837 1061 5891 in
1102 5836 1384 5907 proprium
1417 5851 1617 5905 corpus
1664 5843 2052 5897 transmittare.

2139 4644 2305 4699 verba
2324 4655 2517 4697 omnes
2537 4638 2727 4693 eodem
2752 4635 2915 4690 modo
2946 4638 3307 4704 pronuntiant
3343 4648 3357 4683 :
3386 4630 3637 4701 quamvis
3663 4634 3720 4682 et

2138 4737 2193 4792 in
2226 4732 2610 4803 superioribus
2641 4729 2782 4783 etin
2831 4725 3195 4797 sequentibus
3245 4724 3449 4778 diversi
3500 4721 3720 4776 diverso

2140 4829 2307 4885 modo
2359 4832 2487 4880 sunt
2530 4823 2745 4878 locuti-
2775 4819 2877 4877 llic
2928 4819 3135 4888 pariter
3166 4832 3361 4873 omnes
3408 4816 3719 4871 dixerunt:

2142 4920 2251 4976 Hoc
2274 4928 2348 4974 est
2376 4934 2566 4987 corpus
2593 4932 2800 4980 meum;
2835 4924 2910 4977 ct,
2937 4912 3031 4967 Hic
3057 4921 3134 4965 est.
3161 4913 3377 4982 sanguis
3409 4924 3569 4963 meus.
3592 4906 3721 4961 Pre-

2143 5028 2236 5069 ces
2259 5026 2389 5067 vero
2423 5022 2476 5065 et
2500 5009 2932 5079 supplicationes
2962 5004 3334 5068 sacerdotum,
3361 5002 3565 5072 quibus
3591 5014 3724 5053 non-

2145 5102 2284 5157 nulli
2313 5099 2635 5155 existimant
2660 5098 2764 5151 hoc
2804 5095 3126 5169 mysterium
3154 5091 3373 5157 conﬁci,
3421 5091 3554 5144 alias
3581 5084 3720 5156 apud

2148 5194 2285 5249 alios
2320 5201 2376 5246 ct
2405 5192 2583 5257 longe
2617 5192 2838 5259 quidem
2871 5187 3119 5241 diversas
3153 5201 3274 5240 esse
3309 5184 3584 5238 videmus.
3617 5176 3723 5233 Alii

2148 5285 2297 5341 enim
2329 5282 2573 5354 optando
2595 5321 2608 5346 ,
2643 5281 2736 5334 alii
2768 5277 3091 5346 imperando
3133 5277 3184 5331 id
3219 5285 3407 5345 agunt.
3442 5271 3721 5342 Siquidem

2148 5374 2406 5430 Clemens
2439 5381 2494 5428 et
2521 5371 2761 5426 Jacobus
2787 5388 2802 5424 :
2826 5369 3122 5440 Rogamus,
3155 5366 3451 5433 inquiunt,
3493 5372 3553 5417 ut
3604 5359 3726 5415 mit-

2154 5476 2234 5521 tas
2268 5466 2536 5536 Spiritum
2571 5472 2818 5517 sanctum
2853 5469 3009 5514 tuum
3048 5474 3218 5529 super
3245 5458 3351 5512 hoc
3374 5454 3724 5512 sacriﬁcium.

2154 5558 2249 5629 qui
2280 5556 2481 5613 eiliciat
2505 5556 2653 5610 hunc
2687 5568 2880 5624 panem
2916 5568 3117 5623 corpus
3145 5550 3349 5606 Christi
3383 5549 3484 5608 tui.
3508 5558 3564 5602 et
3584 5542 3726 5615 quod

2156 5650 2215 5704 in
2251 5649 2355 5703 hoc
2381 5648 2553 5703 calice
2581 5656 2700 5714 est,
2734 5646 3058 5715 sanguinem
3094 5641 3302 5699 Christi
3347 5640 3447 5695 tui.
3493 5637 3725 5695 Jacobus

2155 5754 2289 5796 vero
2325 5758 2340 5797 :
2377 5741 2673 5812 Rogamus,
2708 5737 2906 5809 inquit,
2945 5745 3005 5791 ut
3037 5733 3279 5806 Spiritus
3304 5741 3530 5790 sanctus
3572 5728 3729 5783 adve-

2160 5834 2321 5901 niens
2357 5844 2570 5901 sancta,
2604 5833 2746 5889 bona
2780 5840 2945 5901 atque
2981 5828 3218 5902 gloriosa
3259 5829 3378 5898 ejus
3440 5818 3725 5895 praesentia
