4086 6414
437 372 542 441 5ῦῖ

1399 372 1534 440 _DE
1577 367 2090 431 SACRMIENTO
2133 369 2704 432 EUCIIARISTLE.

3601 372 3705 438 {(2

433 495 780 556 sanctiﬁcct,
827 500 883 546 et
935 487 1096 544 faciat
1129 487 1280 542 lin-nc
1308 487 1530 558 quidem
1587 503 1784 558 panem
1814 501 2016 557 corpus
2045 490 2090 546 A
2123 502 2230 541 non
2259 491 2314 544 in
2347 503 2468 556 ens,
2497 492 2592 546 sed
2625 491 2680 546 in
2725 507 2833 547 non
2865 505 2966 548 eus
3000 501 3328 549 mutaretur.
3361 491 3518 547 lianc
3570 505 3700 544 vero

433 591 608 644 sancti
641 584 846 641 Chriszi
878 584 979 646 tui,
1011 592 1066 636 et
1109 581 1333 636 calicem
1371 582 1518 635 hunc
1553 583 1852 654 pretiosum
1887 596 2015 634 san-

433 681 654 750 guinem
705 676 912 732 Christi
967 675 1068 732 tui.
1122 676 1190 730 At
1229 691 1454 744 magnus
1503 675 1696 729 doctor
1734 675 2010 738 Basilius;

439 772 740 842 Rogamus,
777 768 978 836 inquit,
1015 776 1072 820 ut
1119 767 1310 820 veniat
1339 766 1582 834 Spiritus
1612 775 1840 820 sanctus
1889 774 2016 818 tuus

433 879 604 932 super
633 877 756 924 nos,
790 873 846 912 et
881 875 1050 928 super
1077 859 1193 912 haec
1229 857 1510 926 proposita
1539 871 1766 910 munera
1791 895 1806 918 ,
1841 863 1898 909 et
1925 855 2019 910 be-

434 959 656 1012 nedicat
685 971 770 1020 ea,
823 955 1132 1008 sanctiﬁcat
1163 963 1216 1004 et
1252 953 1437 1016 faciat,
1473 953 1622 1006 hunc
1656 951 1880 1020 quidem
1915 965 2018 1020 pa-

432 1065 583 1110 nem,
620 1063 796 1117 ipsum
827 1046 1128 1114 pretiosum
1161 1059 1387 1112 corpus,
1411 1051 1466 1098 et
1499 1045 1686 1096 vinum
1719 1043 2018 1112 pretiosum

435 1141 760 1211 sanguinem
817 1137 1056 1202 Domini,
1107 1146 1164 1190 et
1212 1135 1329 1196 Dei,
1381 1144 1439 1190 et
1489 1135 1796 1190 Salvatoris
1845 1133 2018 1188 nostri

433 1236 564 1293 Jesu
604 1231 832 1294 Christi,
865 1233 957 1300 qui
989 1231 1200 1282 eﬁ‘usus
1228 1238 1312 1284 est
1347 1243 1446 1298 pro
1479 1229 1670 1282 mundi
1709 1228 1838 1282 vita.
1869 1227 2023 1282 Diri-

437 1340 542 1378 nus
577 1332 760 1376 autem
803 1319 1234 1389 Chrysostomus
1267 1337 1280 1373 :
1315 1318 1542 1382 Emitte,
1595 1318 1694 1384 ait,
1748 1317 2020 1388 Spiritum

439 1427 616 1476 tuum,
649 1424 706 1469 et
761 1415 910 1468 hunc
951 1427 1146 1480 panem
1201 1413 1508 1480 pretiosum
1558 1427 1764 1480 corpus
1813 1411 2018 1466 Christi

441 1505 540 1566 tui,
583 1503 729 1572 quod
765 1518 895 1556 vero
919 1501 972 1555 in
1006 1501 1110 1555 hoc
1143 1503 1312 1555 calce
1339 1513 1448 1564 est,
1475 1501 1776 1570 pretiosum
1803 1503 2023 1571 sangui-

435 1613 562 1650 nem
601 1595 808 1651 Christi
841 1595 946 1648 tui.
976 1603 1352 1648 transmutans
1395 1610 1458 1647 ea
1507 1593 1718 1661 Spiritu
1765 1602 1859 1647 tuo
1896 1609 2023 1647 san-

435 1700 548 1742 cto.
585 1689 720 1742 Cum
759 1688 930 1754 igitur
961 1695 1110 1740 tanta
1151 1685 1222 1738 sit
1271 1685 1324 1738 in
1380 1686 1447 1739 iis
1493 1683 1805 1740 differentia
1857 1695 2022 1754 atque

433 1779 692 1842 uarietas,
721 1777 887 1830 Verba
915 1787 1098 1830 autem
1126 1769 1456 1830 sacramenti
1482 1774 1800 1840 cllicientia,
1824 1775 2019 1829 immu-

439 1873 624 1928 tabilia
655 1887 776 1927 esse
821 1871 1084 1936 debeant,
1142 1869 1394 1939 profecto
1441 1885 1550 1922 non
1601 1869 1694 1924 illa
1746 1885 1868 1938 quae
1914 1870 2018 1924 alia

440 1965 584 2034 apud
617 1965 757 2018 alios
785 1975 934 2024 sunt,
963 1963 1058 2016 sed
1094 1961 1210 2016 haec
1242 1961 1456 2016 Domini
1489 1961 1684 2022 verba,
1719 1976 1840 2029 quae
1875 1960 2020 2030 apud

439 2073 634 2112 OlllltCS
667 2059 860 2110 eadem
889 2063 1020 2108 sunt
1047 2093 1062 2118 ,
1111 2063 1166 2108 et
1205 2058 1272 2106 ab
1329 2053 1587 2108 omnibus
1625 2052 1822 2107 eodem
1858 2052 2020 2108 modo

435 2149 819 2220 proteruntur,
850 2148 986 2202 tanti
1016 2146 1260 2218 mysterii
1299 2144 1532 2200 formam
1566 2159 1711 2208 esse,
1743 2153 1800 2198 et
1827 2145 1892 2198 iis
1925 2145 2022 2198 tri-

437 2241 722 2298 buendum
748 2256 868 2296 esse
923 2239 1248 2312 perﬁciendi
1313 2239 1617 2307 potentiam
1672 2238 2018 2291 manifestum

434 2345 520 2388 est
555 2352 566 2386 :
604 2349 701 2401 per
725 2348 788 2387 ea
833 2333 979 2386 enim
1023 2331 1076 2384 lit
1113 2337 1174 2384 ut
1207 2329 1450 2397 sitquod
1481 2339 1586 2382 est.
1627 2327 1766 2382 Illud
1799 2341 2020 2396 queque

434 2425 900 2480 considerandum
931 2433 1038 2487 est,
1072 2438 1136 2476 ea
1170 2436 1290 2475 esse
1317 2421 1555 2492 alicujus
1589 2421 1666 2474 rei
1705 2419 2016 2484 efﬁcientia,

435 2534 534 2586 per
563 2534 684 2586 qua:
733 2533 822 2570 res
869 2517 958 2570 illa
1011 2517 1077 2569 ad
1117 2531 1240 2569 esse
1271 2513 1620 2584 producitur,
1672 2514 1740 2568 ab
1789 2513 2020 2580 aliisque

434 2611 820 2676 distinguitur.
873 2608 1049 2676 Hujus
1099 2615 1282 2660 autem
1328 2606 1505 2660 divini
1560 2606 1808 2676 mysterii
1871 2605 2020 2658 nulla

435 2704 536 2756 alia
574 2711 736 2770 quam
770 2704 935 2753 Verba
991 2699 1208 2754 Domini
1235 2699 1530 2769 efﬁcientia
1580 2713 1701 2752 esse
1739 2696 2018 2752 vidi-utar.

435 2796 578 2864 Ergo
625 2796 740 2862 ipsa
783 2793 1089 2856 duntaxat,
1144 2803 1200 2846 et
1251 2808 1358 2846 non
1413 2792 1783 2860 sacerdotales
1829 2795 2021 2860 preces

439 2899 648 2941 tantum
681 2903 820 2955 opus
850 2886 1122 2940 coniicere
1152 2884 1382 2939 dicenda
1411 2894 1559 2938 sunt.
1588 2883 1762 2953 llojus
1795 2883 2022 2936 rationis

439 2980 612 3048 prima
643 2979 866 3048 quidem
907 2993 1036 3047 pars
1079 2992 1264 3046 pertse
1301 2978 1416 3045 ipsa
1451 2989 1580 3030 nota
1614 2987 1721 3038 est,
1753 2991 1926 3045 quare
1959 2990 2020 3030 ea

437 3073 641 3139 omissa
673 3071 942 3124 minorem
995 3069 1375 3140 probabimus.
1409 3066 1590 3136 Ipsum
1625 3078 1776 3124 certe
1827 3085 2023 3125 conse-

2125 583 2426 635 terminum
2465 583 2764 652 dupliciter
2795 585 3152 640 considerare
3207 600 3500 650 possumus
3547 600 3561 636 :
3605 583 3707 635 ali-

2120 672 2342 741 quando
2376 673 2596 742 quidem
2635 673 2812 742 ipsum
2855 690 3058 743 corpus
3093 684 3146 728 et
3195 675 3518 743 sanguinem
3547 665 3701 728 intel-
3729 703 3780 760 ί

2121 767 2375 835 ligentes.
2409 769 2460 820 in
2491 783 2612 836 qua:
2657 767 3100 838 substantialitas
3139 769 3232 830 ﬁt;
3267 776 3322 819 ct
3372 768 3476 820 huc
3530 769 3668 832 signi

2121 861 2318 914 ﬁcatur
2351 876 2476 916 cum
2509 861 2733 926 dicitur,
2781 880 2970 928 corpus
3018 873 3066 916 et
3107 867 3358 932 sanguis;
3407 863 3703 930 aliquando

2122 969 2252 1008 vero
2285 953 2336 1006 id
2365 953 2803 1008 considerantes.
2843 963 2904 1008 ut
2942 955 3056 1010 lure
3106 955 3704 1009 transsnbstantialitas

2123 1045 2490 1100 determinata
2520 1056 2574 1100 et
2601 1047 2958 1115 particularis
2985 1048 3056 1101 sit
3089 1057 3145 1100 et
3183 1063 3309 1100 una.
3340 1046 3707 1112 ριιειιηςιιὶηιος

2123 1138 2254 1192 dum
2289 1139 2356 1192 iis
2383 1139 2549 1192 etiam
2585 1155 2706 1207 quae
2743 1155 2840 1206 per
2872 1150 3044 1193 artem
3083 1139 3252 1205 ﬁunt,
3285 1149 3432 1202 sunt,
3466 1153 3572 1190 una
3603 1151 3702 1190 cu—

2119 1229 2321 1298 jusque
2353 1229 2531 1282 forma
2571 1237 2626 1282 et
2661 1229 2880 1297 species
2909 1239 2992 1282 est
3024 1246 3038 1284 :
3077 1229 3148 1282 ita
3179 1232 3344 1282 etiam
3377 1228 3540 1280 unius
3575 1241 3706 1294 ope-

2125 1320 2358 1374 rationis
2412 1335 2557 1373 unus
2607 1321 2842 1374 effectus
2891 1329 2994 1386 est,
3031 1331 3259 1390 propter
3295 1321 3441 1389 quod
3483 1319 3706 1372 additur

2123 1431 2316 1467 meum.
2354 1413 2604 1466 Tertium
2645 1429 2775 1468 vero
2817 1424 2983 1482 atque
3021 1425 3381 1482 postremum,
3415 1427 3514 1482 per
3560 1411 3706 1480 quod

2125 1506 2321 1560 modus
2345 1505 2986 1562 transsubstantialitatis
3023 1505 3370 1574 exprimitur,
3413 1506 3546 1559 satis
3582 1512 3709 1573 apte

2120 1599 2453 1669 exprimitur
2487 1613 2586 1668 per
2620 1599 2850 1654 verbum
2883 1607 2980 1654 est.
3024 1599 3182 1666 Quod
3219 1598 3366 1652 enim
3396 1598 3450 1651 in
3477 1597 3708 1650 instanti

2135 1693 2215 1759 ﬁt,
2257 1695 2370 1761 jam
2407 1707 2518 1746 non
2576 1691 2847 1758 futurum,
2907 1691 3000 1747 sed
3035 1692 3191 1760 quasi
3251 1689 3550 1744 factum-et
3602 1689 3709 1758 iam

2049 1787 2284 1890 Bplane
2331 1785 2647 1851 exsistens,
2705 1801 2816 1840 non
2855 1785 3221 1851 imperativo,
3275 1799 3386 1838 non
3440 1782 3706 1852 Optatiro,

2123 1895 2234 1932 non
2267 1877 2513 1944 cujusvis
2548 1878 2778 1933 alterius
2813 1877 2959 1932 modi
2997 1879 3168 1933 verbo
3189 1921 3203 1944 ,
3238 1893 3342 1932 nec
3371 1875 3558 1930 futuro
3587 1875 3712 1944 qui-

2124 1969 2248 2022 dem
2289 1979 2558 2039 tempore,
2591 1985 2712 2039 qua;
2743 1969 2912 2026 dubia
2941 1981 3088 2035 sunt,
3127 1985 3228 2024 nec
3275 1968 3330 2022 id
3393 1966 3543 2038 quod
3601 1977 3705 2033 est,

2123 2064 2218 2119 sed
2250 2063 2398 2131 quod
2431 2061 2680 2118 futurum
2715 2073 2820 2130 est,
2843 2062 2989 2130 quod
3019 2065 3183 2116 etiam
3217 2078 3325 2116 non
3351 2060 3470 2115 ﬁeri
3503 2067 3710 2129 posset,

2124 2156 2418 2226 signiﬁcat,
2464 2157 2559 2210 sed
2610 2157 2732 2226 ipso
2759 2156 2928 2210 verbo
2961 2164 3034 2210 est
3086 2155 3350 2223 temporis
3395 2152 3705 2220 ['irresentis,

2121 2260 2176 2303 et
2213 2249 2360 2302 modi
2393 2247 2700 2313 indicativi,
2733 2247 2878 2316 quod
2917 2246 3095 2314 ipsum
3120 2247 3232 2315 jam
3257 2259 3380 2298 esse
3411 2243 3706 2311 Signiﬁcat,

2121 2340 2458 2395 sullicienter
2509 2339 2876 2417 exprimitur:
2926 2337 3038 2391 imo
3097 2353 3230 2391 vero
3289 2337 3554 2390 duntaxat
3603 2335 3712 2388 hoc

2125 2433 2290 2487 modo
2319 2431 2554 2502 exprimi
2593 2439 2773 2500 potest
2803 2439 2859 2484 et
2885 2445 2996 2484 non
3027 2431 3209 2484 aliter.
3238 2429 3362 2482 Haec
3391 2428 3561 2498 igitur
3591 2441 3712 2480 om»

2123 2525 2236 2590 nia,
2276 2524 2415 2577 adeo
2450 2523 2504 2576 in
2553 2522 2656 2576 hac
2692 2521 2926 2574 naturali
2962 2519 3586 2575 traussnbstan:ialitatc
3613 2529 3710 2568 ne-

2121 2613 2384 2678 ci-ssaria,
2432 2627 2556 2665 cum
2599 2610 2768 2664 nullis
2814 2609 2938 2664 aliis
2987 2618 3352 2679 praeterquam
3411 2606 3712 2659 υοιηὶηἰρίε

2125 2705 2308 2759 verbis
2335 2705 2749 2768 contineantur,
2781 2702 2946 2756 sicuti
2994 2709 3274 2754 ostensum
3307 2707 3414 2764 est,
3459 2696 3709 2767 profecto

2121 2798 2440 2851 existimare
2474 2796 2723 2865 cegimur
2781 2803 2947 2864 atque
2976 2792 3154 2858 fateri,
3192 2793 3280 2845 illa
3313 2791 3430 2860 ipsa
3471 2791 3712 2846 ellicicn-

2121 2893 2195 2944 tia
2229 2905 2354 2944 esse
2396 2899 2506 2942 tam
2565 2894 2702 2943 sacri
2749 2887 3033 2959 mysterii,
3077 2887 3281 2956 quibus
3322 2885 3458 2938 nihil
3499 2884 3706 2950 deﬁcit,

2123 2986 2262 3038 nihil
2291 2992 2566 3052 superest,
2600 2991 2656 3036 et
2685 2997 2791 3034 non
2845 2995 3034 3048 preces
3079 2981 3352 3034 humanas
3382 2977 3582 3046 quibus
3613 2977 3716 3028 aii-

2123 3093 2230 3148 qua
2276 3077 2478 3130 desunt
2511 3092 2632 3145 qua:
2683 3073 2856 3142 magis
2903 3071 3213 3128 necessaria
3262 3074 3465 3124 forent.
3511 3071 3715 3124 Practer

437 3165 698 3220 elationis
743 3179 902 3232 opus“.
940 3171 995 3216 θι
1026 3179 1124 3231 per
1157 3163 1632 3216 consecrationem
1661 3161 1898 3228 θίιῖείιιιτ
1928 3179 2016 3216 Sil-
2047 3179 2088 3232 C
2123 3171 2238 3224 haec
2273 3171 2478 3234 omnia,
2513 3183 2636 3222 cum
2669 3167 2772 3220 hoc
2821 3165 3234 3220 immaculatum
3269 3163 3599 3218 sacriﬁcium
3655 3163 3712 3215 in

436 3272 588 3310 crum
632 3253 950 3325 mysterium
983 3253 1037 3306 in
1086 3264 1331 3305 extrema
1381 3251 1693 3320 prolatione
1728 3255 2020 3306 verborum

409 3347 853 3410 .conlicieutium
884 3387 897 3410 ,
949 3360 1294 3413 quaecunque
1325 3343 1413 3396 illa
1467 3343 1559 3408 sit,
1607 3353 1664 3396 et
1699 3344 1754 3397 in
1795 3343 2022 3398 instanti

447 3439 526 3494 ﬁt.
560 3439 846 3506 Siquidem
885 3437 1044 3506 panis
1075 3444 1130 3488 et
1181 3435 1290 3487 vini
1341 3435 1650 3489 substantia
1689 3435 1740 3488 in
1773 3450 1872 3490 sua
1901 3451 2024 3506 per-

443 3543 626 3584 manet
659 3539 879 3592 natura,
913 3530 1090 3582 donec
1119 3527 1302 3580 omnia
1353 3527 1444 3580 illa
1475 3543 1820 3596 quaecunque
1870 3541 2022 3590 sunt,

444 3637 564 3693 qum
595 3631 998 3692 sacramentum
1047 3619 1340 3688 perﬁciunt
1370 3618 1535 3672 verba
1579 3619 1836 3672 dicantur
1863 3639 1875 3673 :
1905 3622 2026 3689 qui-

443 3719 546 3770 bus
579 3717 742 3768 tlietis
770 3729 892 3767 mox
922 3714 1270 3767 consecratio
1318 3713 1400 3774 lit,
1426 3711 2025 3766 transsubstantialitas

440 3811 746 3882 perficitur.
777 3817 1194 3860 consummatur
1225 3814 1658 3858 sacramentum.
1690 3805 1846 3870 Quod
1879 3815 1930 3858 et
1959 3805 2026 3858 dc

439 3900 772 3968 baptismate
805 3900 1002 3950 beatus
1029 3894 1370 3965 Augustinus
1401 3892 1478 3945 ait
1517 3913 1529 3946 ;
1574 3891 1786 3965 Aufer,
1824 3893 2024 3960 inquit,

441 4001 640 4050 verba.
678 4001 735 4046 et
783 3990 914 4060 quid
953 4004 1094 4057 aqua
1143 3989 1245 4040 nisi
1281 3986 1464 4056 aqua?
1498 3985 1741 4039 Accedat
1793 3985 2023 4038 verbum

443 4087 738 4140 elrmeuto.
775 4093 830 4136 et
881 4081 1118 4134 cﬁicitur
1175 4088 1606 4132 sacramentum.
1668 4077 1820 4132 Unde
1878 4087 2026 4132 tanta

445 4181 690 4246 potentia
721 4190 877 4242 aqua:
908 4181 964 4224 ut
993 4187 1116 4226 cum
1147 4169 1389 4239 tetigerit
1421 4185 1645 4237 corpus.
1680 4183 1876 4238 purget
1907 4187 2059 4232 cor,-

440 4271 550 4322 nisi
581 4283 646 4321 cx
679 4283 744 4320 eo
779 4268 868 4334 qni
908 4268 1076 4318 vcrlso
1115 4265 1218 4317 hoc
1263 4263 1429 4317 facit?
1457 4262 1594 4317 Cum
1651 4265 1817 4332 igitur
1847 4264 2026 4316 mani-

439 4337 644 4416 fcstuia
697 4359 788 4422 sit,
839 4373 936 4428 per
975 4358 1142 4412 verba
1191 4355 1298 4410 hoc
1346 4367 1748 4410 sacramentum
1803 4355 2024 4416 conﬁci,

439 4460 601 4514 decet
643 4472 766 4526 quae
797 4458 860 4508 ad
895 4456 1036 4508 hanc
1065 4469 1132 4506 ex
1178 4453 1484 4507 substantia
1541 4453 1592 4504 in
1658 4452 2022 4517 substantiam

2123 3262 2208 3314 sui
2239 3259 2562 3314 memoriam
2602 3257 2717 3310 ﬁeri
2750 3257 2980 3334 jusserit
3027 3256 3336 3312 Dominus:
3379 3252 3494 3323 Hoc
3535 3253 3709 3321 enim,

2125 3355 2308 3424 inquit
2341 3395 2354 3414 ,
2399 3353 2562 3406 facite
2605 3351 2660 3404 in
2706 3365 2884 3403 meam
2922 3349 3505 3412 commemorationem
3536 3387 3552 3410 ,
3593 3361 3715 3402 cer-

2127 3454 2178 3499 te
2221 3444 2544 3514 expressior
2587 3443 2706 3512 ejus
2765 3446 3027 3496 memoria
3071 3443 3168 3506 tit,
3213 3457 3336 3496 cum
3382 3441 3530 3493 illius
3571 3455 3702 3494 ver-

2127 3537 2194 3591 ba
2260 3551 2326 3590 ex
2387 3535 2762 3589 sacratissimo
2817 3534 2910 3586 illo
2952 3547 3046 3586 ore
3105 3534 3309 3601 prolata
3371 3533 3713 3602 repetimus,

2127 3644 2288 3698 quam
2331 3627 2376 3679 si
2413 3627 2516 3678 alia
2555 3639 2898 3693 qua-cunque
2947 3623 3272 3677 referamus.
3301 3621 3456 3688 Quod
3501 3623 3709 3692 conﬁr-

2134 3727 2249 3770 inat
2289 3715 2577 3786 apostolus
2637 3713 2860 3778 Paulus,
2908 3713 3036 3766 dum
3099 3713 3234 3768 dicit
3295 3701 3510 3766 Domini
3567 3729 3716 3772 more

2131 3819 2236 3862 tem
2279 3809 2333 3860 in
2381 3808 2486 3860 hoc
2542 3806 2816 3860 sacriﬁcio
2871 3805 3210 3856 adnuntiari.
3253 3805 3370 3867 Quo
3407 3803 3554 3854 enim
3597 3819 3716 3866 tuo;

2128 3901 2198 3954 d0
2261 3897 2576 3952 annuntiari
2642 3897 2960 3965 expressius
3015 3903 3194 3961 potest
3224 3910 3384 3960 quam
3421 3895 3549 3946 dum
3587 3911 3712 3962 cor:

2131 4007 2234 4059 pus
2261 4001 2314 4044 ct
2345 3989 2576 4056 sanguis
2608 3988 2730 4056 ejus
2765 3985 3002 4054 propriis
3032 3985 3152 4052 ejus
3189 3983 3375 4036 verbis
3395 3999 3555 4050 quam
3585 3984 3710 4050 qui-

2130 4080 2324 4136 busvis
2373 4079 2498 4131 aliis
2542 4085 2750 4129 tantum
2784 4073 2980 4128 conﬁci
3012 4082 3446 4128 sacramentum.
3481 4072 3714 4132 Verum:

2133 4183 2312 4226 tamen
2363 4183 2699 4224 concurrere
2747 4167 2963 4221 Patrem
3022 4180 3086 4218 ac
3143 4165 3716 4234 Spiritum-Sanctum

2133 4265 2270 4337 Filio
2301 4263 2353 4316 in
2391 4263 2492 4316 hoc
2521 4261 2706 4313 divino
2739 4274 2904 4327 apere
2943 4255 3587 4312 transsubstantialitatis
3619 4239 3718 4325 paf

2133 4358 2217 4409 nis
2245 4365 2301 4408 et
2324 4355 2436 4408 vini
2486 4354 2538 4406 iu
2573 4366 2778 4420 corpus
2808 4359 2862 4403 et
2895 4350 3220 4419 sanguinem
3251 4348 3480 4412 Chrisi,
3525 4349 3604 4400 las
3633 4357 3718 4426 est

2132 4447 2158 4503 it
2203 4448 2460 4502 ﬁdelibus
2501 4445 2678 4499 credi.
2737 4444 2931 4498 Omnia
2975 4444 3120 4496 enim
3144 4456 3303 4507 Opera
3349 4445 3402 4493 in
3441 4442 3722 4514 creaturis.

440 4551 983 4610 transmutationcm,
1026 4547 1450 4602 similitudinem
1483 4547 1724 4615 aliquam
1761 4546 2020 4610 habeant,
2057 4519 2100 4570 Β
2133 4541 2384 4609 Trinitati
2447 4539 2762 4594 communia
2815 4545 2980 4600 sunt,
3047 4535 3296 4602 nihilque
3355 4535 3413 4587 lit
3465 4534 3715 4597 omnino,

436 4647 600 4715 eique
627 4645 932 4698 erinl'ormia
969 4641 1103 4695 sint.
1133 4640 1292 4712 Unde
1327 4643 1585 4707 quoniam
1626 4638 1678 4691 in
1719 4641 1816 4690 liae
1851 4647 2028 4691 trans-

413 4740 743 4810 -mutatione
785 4738 888 4788 tria
922 4735 1037 4787 haec
1065 4749 1188 4787 esse
1215 4747 1444 4786 necesse
1476 4741 1580 4792 cst,
1643 4732 1939 4784 terminum
1995 4747 2024 4784 a

439 4847 570 4898 quo,
600 4829 894 4883 terminum
929 4827 994 4879 ad
1039 4840 1200 4895 quem
1243 4825 1356 4892 ipsa
1393 4825 1782 4878 transmutatio
1823 4823 1918 4888 lit,
1973 4833 2025 4877 et

440 4923 660 4976 modum
700 4922 872 4989 ipsius
899 4917 1380 4972 transmutationis
1403 4957 1416 4976 ,
1448 4933 1566 4985 qua:
1603 4917 1788 4970 omnia
1821 4917 1910 4970 illa
1951 4916 2024 4970 si-

439 5015 730 5084 gn;ﬁcant;
773 5012 898 5066 talia
926 5027 1058 5064 vero
1088 5025 1210 5065 esse
1243 5009 1408 5062 verba
1457 5007 1674 5066 Domini
1703 5007 1862 5062 facile
1897 5023 2024 5076 pro-

441 5110 623 5167 batur,
655 5107 708 5158 in
748 5105 818 5158 iis
841 5103 988 5156 enim
1024 5101 1344 5155 continetur
1390 5098 1661 5151 terminus
1698 5113 1726 5150 a
1764 5113 1894 5167 quo,
1927 5114 2025 5166 per

441 5198 672 5252 \crbum
711 5195 862 5264 Hoc;
895 5209 1020 5248 nam
1051 5192 1156 5246 nisi
1187 5192 1242 5246 in
1275 5205 1338 5244 ea
1367 5199 1514 5242 esset
1541 5189 1808 5252 terminus
1833 5204 1860 5241 a
1890 5205 2020 5257 quo,

441 5304 550 5342 non
585 5296 734 5344 esset
771 5285 1196 5348 transmutatio;
1230 5291 1284 5334 at
1330 5282 1382 5335 in
1417 5296 1480 5334 ea
1511 5281 1577 5332 de
1609 5279 1916 5332 substantia
1969 5282 2021 5334 in

441 5381 808 5444 substantiam
843 5373 1230 5431 transmutatio
1287 5372 1346 5426 ﬁt
1381 5389 1394 5425 :
1443 5371 1591 5424 hunc
1623 5369 1792 5438 igitur
1839 5371 2026 5423 termi-

441 5487 574 5527 num
639 5471 916 5542 signiﬁcat
970 5467 1105 5522 illud
1140 5465 1274 5522 Hoc.
1317 5461 1492 5518 Simili
1553 5461 1716 5513 modo
1757 5462 2027 5514 terminus

443 5569 508 5619 al
551 5581 710 5634 quem
743 5568 930 5620 iisdem
960 5559 1146 5616 verbis
1165 5559 1344 5624 inest;
1377 5569 1503 5609 nam
1535 5555 1654 5608 sine
1695 5569 1761 5606 eo
1791 5555 2026 5608 termino

444 5667 554 5718 non
589 5666 732 5712 esset
767 5651 1182 5738 trausmqtatio,
1225 5647 1324 5705 sed
1375 5647 1560 5718 potius
1611 5647 1917 5715 corruptio,
1981 5649 2026 5702 si

515 5835 532 5868 ⁸
569 5835 728 5902 item.
765 5853 836 5909 ιι,
865 5835 954 5896 56.
1031 5841 1052 5884 .'
1087 5837 1254 5894 Hebr.
1283 5856 1318 5908 ι,
1355 5837 1410 5891 2:
1475 5839 1493 5868 ³
1529 5835 1666 5892 ibid.
1711 5836 1761 5891 5.

1836 5836 1854 5866 ⁸
1885 5837 2036 5892 Joan.
2095 5853 2134 5904 ι,
2181 5837 2232 5891 5.

2127 4635 2484 4688 nisicri-ante
2522 4631 2683 4691 Filio,
2734 4628 3080 4696 beneplacito
3131 4627 3330 4688 Patris,
3373 4635 3428 4678 et
3475 4625 3722 4698 Spiritus

2125 4727 2302 4780 sancti
2340 4725 2640 4776 \oluntate.
2680 4721 2762 4775 Ex
2795 4722 2905 4790 ipso
2941 4723 3103 4780 enim,
3142 4731 3188 4771 et
3231 4735 3326 4788 per
3353 4719 3550 4788 ipsum,
3584 4727 3629 4770 et
3665 4719 3720 4784 iq

2127 4819 2240 4888 ipso
2271 4817 2448 4870 omnia
2481 4815 2520 4872 ί,
2559 4815 2718 4883 juxta
2767 4813 3076 4881 3|.lOnltilllltl
3109 4811 3360 4872 Paulum.
3394 4811 3457 4876 Et
3486 4826 3716 4876 rursus;

2135 4906 2237 4962 Per
2289 4923 2444 4978 quem
2491 4913 2542 4958 et
2588 4902 2782 4974 stacqu
2827 4903 2949 4972 fecit
2981 4904 3024 4956 ¹.
3077 4902 3144 4956 lit
3189 4903 3388 4956 iterum
3427 4923 3439 4956 :
3487 4901 3720 4978 l’ortuus

2133 5003 2310 5055 omnia
2337 5000 2488 5054 uerbo
2523 5003 2798 5066 potestatis
2824 5013 2933 5050 suo:
2967 4998 3007 5050 ³.
3041 4997 3102 5051 Et
3141 4995 3383 5060 Joannes
3412 4995 3716 5068 evangelis-

2134 5106 2206 5156 ta.
2233 5093 2426 5149 Omnia
2464 5109 2558 5163 per
2583 5095 2754 5160 ipsum
2787 5095 2931 5162 facta
2955 5105 3076 5148 sum
3107 5092 3129 5124 ⁸
3189 5092 3254 5146 Et
3277 5092 3459 5145 idem:
3489 5087 3717 5156 Spiritus

2133 5197 2204 5240 est
2239 5187 2330 5256 qui
2367 5202 2393 5238 υ
2419 5185 2598 5252 viﬁcut
2633 5185 2674 5238 ³.
2701 5185 2766 5239 Ει
2801 5185 3042 5239 Paulus:
3079 5185 3138 5238 Si
3169 5188 3308 5239 enim
3343 5183 3572 5253 Spiritus
3601 5185 3718 5251 ejuq

2129 5281 2218 5348 qui
2260 5281 2588 5331 resuscituvit
2619 5277 2804 5330 Jcsum
2851 5277 3118 5334 Christum
3161 5295 3192 5330 α
3227 5278 3470 5336 mortuis,
3513 5275 3714 5342 habitat

2127 5378 2180 5426 iu
2219 5373 2382 5430 nobis.
2421 5371 2512 5442 qui
2559 5373 2830 5426 suscitavit
2872 5371 3054 5424 Jesum
3089 5371 3357 5426 Christum
3405 5387 3436 5422 a
3467 5369 3712 5442 mortuis,

2128 5463 2410 5530 uiviﬁcubit
2449 5471 2498 5514 et
2532 5463 2780 5530 mortalia
2811 5481 3034 5530 corpora
3077 5471 3259 5516 nostra
3287 5477 3380 5532 per
3405 5461 3712 5514 inhabitan-

2129 5569 2229 5610 tem
2266 5557 2320 5609 iu
2346 5557 2490 5608 nobis
2529 5555 2786 5623 Spiritum
2815 5557 2928 5624 ejus
2954 5557 2994 5608 ⁸.
3021 5556 3086 5608 Et
3117 5555 3316 5608 iterum
3343 5570 3356 5606 :
3388 5551 3580 5606 Omnia
3611 5569 3712 5606 au-

2131 5662 2230 5705 tem
2263 5649 2372 5702 [nec
2401 5657 2654 5718 operatur
2679 5649 2816 5702 idem
2845 5658 3004 5718 atque
3033 5663 3166 5701 unus
3193 5645 3428 5716 Spiritus
3473 5645 3710 5718 dividens

2323 5837 2340 5868 '
2375 5837 2532 5912 Joan.
2568 5849 2640 5902 γι,
2677 5833 2766 5910 Gl.
2848 5835 2866 5862 “
2902 5831 3062 5888 noni.
3107 5845 3222 5910 riu,
3259 5829 3348 5904 li.
