4086 6414
413 373 522 439 503

1381 361 1888 427 BESSARIONIS
1930 360 1992 423 s.
2035 361 2105 424 tt.
2147 359 2216 424 E.
2255 310 2718 427 CARDINAiIs'

2885 291 3278 324 ια’*θγμξοδῠξνιο

3583 362 3686 426 504

414 487 704 556 unicuique
748 491 904 556 prout
937 483 1047 538 vult
1076 485 1118 536 ⁸.
1154 481 1217 536 Ει
1267 481 1458 536 David.
1495 480 1693 534 Emitte
1733 477 1996 548 Spiritum
2025 487 2072 540 Α
2103 492 2246 548 quae,
2278 477 2384 533 etsi
2411 477 2478 532 ad
2509 493 2635 534 esse
2663 478 2744 533 rei
2772 475 3004 532 minime
3033 457 3352 534 necessaria
3377 475 3512 543 sint,
3544 479 3686 532 mul-

417 589 566 632 tuum
587 586 634 631 et
664 575 989 629 creabantur
1019 576 1059 626 '.
1090 571 1225 626 lllud
1259 587 1391 625 sane
1423 569 1750 640 simpliciter
1804 577 1998 624 tenen-

417 671 573 733 dum,
603 677 658 722 et
685 683 783 736 pro
815 666 1054 736 generali
1084 665 1315 734 quadam
1352 661 1538 730 regula
1563 660 1994 724 observandum,

415 763 613 818 divina:
655 759 942 814 Trinitatis
988 758 1363 826 Operationcs,
1397 755 1441 808 si
1491 755 1616 824 quis
1662 753 1998 834 intrinsecus

414 869 533 908 eam
566 853 736 921 ipsam
762 858 994 918 spectet,
1027 849 1322 902 distinctas
1350 848 1578 900 omnino
1611 861 1676 898 ac
1716 855 1998 914 separatas

413 960 558 1008 esse,
590 943 886 1012 aliquando
914 943 1080 997 etiam
1105 941 1256 995 nullo
1277 940 1440 994 modo
1473 939 1708 994 invicem
1747 954 1997 991 commu-

415 1038 626 1099 nicare,
659 1034 1128 1106 quemadmodum
1175 1047 1233 1086 se
1264 1031 1472 1084 habent
1521 1045 1784 1098 generare
1814 1035 1868 1081 et
1903 1042 1999 1094 ge-

412 1126 622 1190 nerari,
658 1126 869 1193 spirare
903 1131 962 1176 et
987 1121 1209 1190 spirari,
1243 1131 1302 1174 et
1329 1119 1435 1172 alia
1482 1118 1730 1187 quaedam
1772 1115 1994 1170 similia.

412 1217 770 1271 Extrinsecus
795 1230 946 1279 vero,
972 1225 1026 1269 et
1045 1225 1318 1283 quatenus
1344 1211 1410 1265 ad
1431 1221 1738 1264 creaturam
1765 1217 1995 1277 spectat,

416 1325 525 1363 una
573 1318 658 1363 est
690 1308 961 1378 operatio.
996 1317 1051 1362 et
1099 1307 1242 1360 idem
1293 1319 1432 1373 opus
1471 1302 1651 1356 Patris
1693 1309 1744 1354 et
1795 1301 1914 1354 Filii
1945 1308 1996 1352 ct

417 1400 658 1468 Spiritus
691 1398 891 1458 sancti.
935 1397 1188 1465 nihilque
1219 1403 1306 1450 est
1343 1409 1538 1448 eorum
1571 1407 1694 1460 qtue
1730 1391 1783 1444 in
1835 1390 1997 1443 nobis

414 1491 572 1555 fiunt;
626 1489 770 1558 quod
813 1505 922 1543 non
957 1503 1025 1542 ex
1059 1497 1170 1541 tota
1204 1485 1481 1540 Trinitate
1516 1491 1754 1546 emanet,
1783 1498 1890 1535 una
1919 1491 1998 1534 ta-

413 1595 538 1634 men
595 1580 953 1650 operatione,
1002 1594 1118 1634 una
1163 1576 1448 1649 potentia,
1519 1590 1625 1630 una
1689 1575 1989 1628 voluntate.

411 1672 594 1737 Quare
621 1688 764 1727 unus
784 1672 952 1726 etiam
988 1670 1192 1726 dicitur
1221 1677 1461 1731 creator,
1501 1676 1556 1722 et
1587 1681 1757 1720 unum
1791 1665 1996 1734 princi-

411 1767 564 1831 pium
599 1778 792 1817 eorum
824 1763 1096 1823 omnium.
1129 1777 1250 1830 qua!
1278 1769 1425 1823 sunt,
1458 1775 1582 1829 qua:
1624 1757 1992 1822 flunt,Trini-

2103 579 2221 625 tum
2265 578 2448 625 tamen
2477 570 2772 626 conferunt
2793 570 2859 624 ad
2889 563 3146 626 decorem
3181 569 3688 641 perfectionemque

2104 661 2350 732 mysterii
2375 680 2390 728 ς
2423 676 2490 716 ex
2511 663 2718 732 quibus
2750 663 2794 717 si
2824 663 2956 733 quid
2986 661 3287 732 aliquando
3312 663 3460 733 justa
3494 675 3687 715 neces-

2103 755 2266 809 sitate
2301 757 2780 824 prmtermittatur,
2809 756 2958 810 nulla
2997 758 3211 826 jactura
3245 755 3314 810 sit
3349 770 3362 808 :
3405 754 3690 824 hujusmo-

2101 846 2156 901 di
2189 857 2318 900 sunt
2353 848 2671 918 mysterium
2709 865 2878 919 super
2904 849 3061 903 altari
3097 847 3397 915 conficere,
3428 848 3690 903 sacerdo-

2103 939 2303 993 talibus
2347 939 2591 993 vestibus
2625 939 2801 1003 lndui,
2836 940 3206 1002 sacerdotem,
3258 939 3426 993 multa
3472 947 3529 994 et
3563 948 3690 993 ante

2101 1029 2269 1082 verba
2309 1029 2524 1082 Domini
2565 1040 2621 1082 et
2655 1028 2778 1098 p‘ost
2806 1029 2860 1083 in
2894 1029 3114 1084 laudem
3163 1028 3282 1088 Dei.
3329 1031 3382 1082 in
3417 1029 3689 1083 narratio-

2103 1136 2227 1173 nem
2257 1137 2482 1189 Opt‘l’lllll
2515 1136 2764 1184 suorum,
2800 1121 2854 1175 in
2890 1121 3344 1190 impetrationem
3378 1119 3502 1174 vitae
3529 1130 3688 1175 aeter-

2101 1228 2206 1272 n:e,
2259 1213 2455 1281 partim
2502 1230 2528 1265 a
2581 1213 2985 1278 sacerdotibus,
3016 1214 3215 1283 partim
3248 1230 3278 1267 a
3308 1213 3514 1284 populo
3555 1213 3684 1267 dici.

2107 1301 2260 1356 Unde
2294 1314 2349 1357 et
2379 1305 2484 1356 alia
2517 1304 2660 1367 apud
2693 1304 2831 1359 alios
2854 1305 3139 1369 dicuntur,
3169 1307 3390 1376 etapud
3421 1304 3688 1375 quosdam

2103 1395 2284 1462 plura,
2327 1396 2470 1463 apud
2509 1395 2645 1449 alios
2673 1396 2952 1465 pauciora.
2983 1395 3124 1452 llinc
3148 1398 3404 1466 estquod
3433 1397 3687 1461 Basilius,

2099 1485 2288 1540 Jacobi
2317 1527 2332 1550 ,
2372 1486 2804 1557 Chrysostomus
2818 1504 2949 1541 vero
2973 1488 3159 1542 Basilii
3184 1490 3382 1544 missas
3403 1489 3688 1544 breviores

2101 1577 2374 1643 fecerunt,
2430 1578 2575 1648 quod
2628 1594 2735 1632 non
2771 1581 3084 1634 necessaria
3129 1581 3314 1636 forent
3349 1582 3533 1635 omnia
3567 1595 3689 1648 quae

2099 1673 2446 1728 dicebantur.
2509 1673 2680 1728 Nemo
2751 1677 2901 1728 enim
2959 1675 3340 1731 necessarium
3387 1674 3688 1745 quidquam

2101 1753 2394 1819 detrahere
2440 1767 2899 1836 praesumpsisset.
2932 1767 3089 1834 Quod
3137 1767 3182 1822 si
3226 1767 3352 1837 quis
3389 1783 3539 1823 nunc
3577 1782 3685 1822 non

411 1829 496 1908 ias
563 1869 688 1908 esse
745 1854 1016 1908 creditur.
1061 1829 1276 1920 Quibus
1321 1861 1506 1906 autem
1565 1850 1751 1906 verbis
1808 1850 1992 1920 potius
2023 1829 2068 1890 Β
2102 1869 2200 1924 per
2231 1829 2608 1926 contemptum
2662 1829 3112 1926 Ecclesitefqua:
3159 1829 3560 1925 ita-ordinavit,
3591 1873 3692 1913 nec

412 1946 730 1999 consentire
761 1945 920 1999 decet
947 1945 1160 2000 Patrem
1182 1952 1238 2000 et
1261 1943 1531 2014 Spiritum
1556 1953 1808 1998 sanctum
1829 1958 1996 2012 quam

413 2039 561 2100 Filii,
598 2039 692 2106 qui
727 2038 975 2108 ejusdem
1007 2049 1093 2094 est
1122 2049 1361 2103 naturae,
1384 2037 1748 2107 ejusdemque
1781 2050 1904 2091 cum
1929 2050 1996 2090 eo

413 2129 787 2184 substantiae?
835 2130 1182 2186 Manifestum
1219 2129 1327 2183 hoc
1357 2128 1618 2184 omnibus
1649 2137 1732 2182 est
1758 2136 1995 2182 conten-

412 2224 545 2278 dere
591 2224 928 2278 nolentibus.
962 2224 1059 2278 Est
1089 2232 1272 2277 autem
1305 2221 1371 2276 ad
1421 2221 1534 2276 haec
1565 2220 1911 2276 necessarius
1941 2229 1998 2275 et

411 2315 649 2369 idoneus
683 2325 738 2370 et
759 2315 1036 2370 suﬂiciens
1067 2315 1340 2369 minister.
1371 2314 1661 2370 Sufficiens
1687 2323 1871 2368 autem
1911 2321 1996 2366 est

411 2407 506 2475 qui
541 2415 866 2476 potestatem
893 2422 988 2476 per
1013 2411 1488 2463 consecrationem
1517 2403 1706 2461 habuit
1733 2415 1789 2461 et
1811 2420 1996 2460 sacer-

413 2502 512 2553 dos
543 2500 717 2555 faclus
750 2510 855 2555 est.
885 2501 997 2555 Nec
1025 2502 1170 2556 enim
1195 2518 1223 2555 a
1243 2516 1578 2570 quocunque
1609 2500 1819 2568 prolata
1845 2499 1995 2570 ejus-

414 2593 562 2646 modi
620 2593 788 2648 verba
819 2594 1035 2649 efﬁcere
1088 2607 1317 2664 possunt
1361 2595 1507 2664 quod
1550 2595 1840 2663 quaeritur,
1885 2593 1996 2647 imo

411 2699 544 2737 vero
571 2685 711 2738 nihil
751 2686 978 2740 omnino
1019 2694 1274 2756 possunt,
1312 2688 1415 2739 nisi
1453 2700 1481 2738 a
1532 2684 1820 2740 secerdote
1868 2699 1996 2753 pro-

413 2775 684 2828 ferantur.
718 2775 848 2846 Ejus
874 2777 951 2830 rei
987 2777 1126 2831 ratio
1178 2787 1261 2831 est
1295 2777 1440 2844 quod
1481 2777 1554 2830 ita
1586 2774 1699 2829 Deo
1733 2775 1995 2844 placitum

413 2873 520 2927 est,
549 2866 622 2918 ita
663 2865 963 2930 ordinavit,
1003 2867 1146 2920 hanc
1180 2868 1308 2922 tulit
1340 2867 1537 2936 legem.
1573 2865 1993 2936 Transgressori

415 2956 585 3025 igitur
622 2950 757 3026 legis
781 2968 838 3012 et
879 2957 1181 3012 voluntatis
1210 2959 1330 3028 ejus
1361 2958 1585 3028 dignum
1616 2964 1870 3027 paratum
1910 2966 1995 3013 est

413 3052 691 3106 meritum.
726 3063 794 3101 ne
817 3049 945 3118 quid
973 3048 1151 3103 facere
1186 3049 1380 3118 possit.
1405 3048 1637 3118 Oportet
1675 3056 1858 3104 autem
1907 3065 1994 3104 sa-

2102 1955 2363 2016 tanquam
2404 1963 2602 2002 novam
2638 1948 3054 2005 introducendo
3090 1949 3350 2017 baeresin,
3391 1951 3485 2005 sed
3519 1950 3687 2004 inevi-

2102 2036 2256 2112 tabin
2315 2037 2499 2106 aliqua
2542 2035 2879 2092 necessitate
2937 2046 3186 2105 coactus,
3237 2038 3357 2094 sola
3408 2037 3690 2092 Dominica

2099 2127 2266 2180 verba
2304 2143 2428 2182 cum
2461 2127 2657 2182 debita
2699 2128 3008 2184 intentione
3039 2129 3360 2200 protulerit,
3390 2128 3508 2199 ipsa
3541 2129 3687 2184 dun-

2101 2229 2250 2276 taxat
2277 2235 2400 2290 quae
2433 2208 2695 2275 ille'dixit
2720 2229 2778 2276 et
2800 2220 2952 2286 fecit,
2973 2220 3168 2276 dicens
3193 2229 3248 2276 et
3269 2220 3497 2286 faciens,
3527 2222 3688 2274 dum-

2101 2311 2264 2366 modo
2327 2312 2588 2368 sacerdos
2644 2312 2754 2379 sit,
2809 2313 3353 2382 convenicntemque
3407 2313 3690 2366 materiam

2099 2404 2321 2470 habeat,
2363 2403 2612 2474 profecto
2645 2407 2834 2459 verum
2869 2404 3078 2460 Christi
3104 2420 3307 2476 corpus
3335 2407 3693 2475 sanguinem-

2098 2512 2205 2566 que
2257 2497 2506 2566 perfecit.
2532 2497 2734 2552 Contra
2769 2513 2904 2553 vero
2935 2498 2979 2554 si
3013 2499 3140 2568 quis
3171 2501 3368 2554 caitera
3401 2498 3606 2562 omnia,
3637 2506 3692 2550 et

2097 2588 2203 2642 alia
2239 2603 2380 2656 pene
2427 2586 2636 2643 infinita
2666 2588 2976 2660 proferens,
3023 2591 3189 2645 verba
3225 2590 3444 2645 Domini
3490 2591 3694 2645 omise-

2111 2683 2209 2748 rit,
2246 2681 2383 2737 lusit
2414 2697 2660 2752 Operam,
2702 2694 2760 2737 ut
2797 2684 2976 2750 aiunt,
3010 2685 3260 2754 nihilque
3287 2685 3516 2756 peregit.

2168 2772 2324 2839 Quod
2375 2774 2420 2829 si
2473 2774 2616 2831 forte
2654 2777 2927 2848 quispiam
2988 2779 3060 2832 iis
3121 2777 3349 2831 minime
3397 2786 3693 2832 contentus

2097 2866 2491 2922 auctoritatem
2545 2878 2773 2938 quaerat,
2825 2880 2882 2925 et
2937 2870 3072 2941 quid
3133 2871 3388 2926 doctores
3439 2869 3695 2926 Ecclesiae

2098 2960 2377 3013 senserint
2422 2961 2622 3017 audire
2667 2962 2971 3028 desideret,
3021 2963 3076 3017 in
3116 2963 3313 3034 primis
3350 2962 3698 3019 videatAnt-

2099 3052 2342 3106 brosium
2393 3063 2553 3109 actate
2584 3055 2809 3124 quidem
2866 3055 3268 3126 praecedentem
3303 3067 3552 3120 caeteros,
3603 3038 3691 3110 sa-

415 3139 694 3191 cerdotem
745 3153 870 3192 cum
901 3138 1084 3193 debila
1134 3140 1446 3194 intentione
1477 3140 1543 3193 ad
1567 3156 1629 3194 ca
1664 3155 1784 3208 qua:
1812 3141 1994 3194 Domi-
2022 3170 2066 3227 ο
2101 3146 2304 3216 pientia
2332 3163 2463 3202 vero
2482 3163 2545 3202 ac
2571 3149 2696 3202 vita:
2715 3151 3004 3204 sanctitate
3036 3150 3194 3213 nulli,
3219 3150 3302 3204 vel
3329 3149 3693 3204 Orientalium

418 3248 527 3286 nus
555 3230 836 3286 mandavit
862 3232 1150 3286 accedere.
1186 3233 1473 3302 Siquidem
1512 3233 1792 3289 mandavit
1837 3235 1995 3289 nobis

416 3333 479 3377 ut
525 3325 578 3378 in
628 3324 750 3393 ejus
781 3326 1360 3378 commemorationem
1417 3326 1533 3381 haec
1579 3341 1886 3395 ageremus,
1938 3335 1996 3379 ut

412 3418 655 3472 sciamus
677 3431 878 3486 corpus
903 3418 1021 3484 ejus
1047 3427 1102 3472 ct
1128 3418 1448 3489 sanguinem
1478 3421 1999 3485 (instrumentalitcr

413 3509 520 3577 ipsi
558 3509 842 3577 facientes,
889 3526 1014 3565 cum
1067 3511 1182 3566 hsce
1234 3516 1551 3582 Operamur)
1598 3525 1830 3568 mortem
1879 3516 1999 3584 ejus

413 3603 772 3658 annuntiare.
815 3603 872 3658 Si
921 3605 1046 3674 quis
1098 3605 1246 3658 enim
1291 3606 1376 3660 vel
1421 3607 1588 3661 verba
1628 3608 1867 3670 Domini,
1912 3609 1997 3662 vel

417 3696 522 3748 alia
562 3695 844 3764 quaelibet,
889 3695 1094 3766 quibus
1134 3697 1418 3752 existimet
1466 3697 1779 3768 hujusmodi
1812 3714 2000 3752 sacra-

421 3799 669 3843 mentum
707 3789 926 3852 confiri,
973 3789 1315 3857 pronuntiet,
1349 3805 1456 3843 non
1496 3791 1562 3843 ad
1587 3805 1651 3844 ea
1687 3806 1809 3857 quas
1853 3791 1999 3844 dicta

341 3930 357 3948 ,
420 3889 552 3932 sunt
583 3880 898 3944 intendens,
935 3896 1105 3950 seque
1142 3880 1194 3934 id
1233 3896 1394 3949 agere
1423 3881 1574 3950 quod
1610 3881 1701 3936 ille
1729 3883 2000 3953 jussitar-

419 3968 676 4033 bitrctur,
708 3969 843 4023 nihil
886 3973 1113 4024 omnino
1143 3971 1286 4039 agit;
1323 3971 1419 4025 sed
1453 3986 1553 4025 suo
1583 3971 1879 4025 frustratus
1901 3971 1999 4026 de-

417 4063 625 4116 siderio
662 4062 892 4116 fallitur.
927 4063 1209 4117 Materiam
1251 4073 1512 4132 pratterra
1569 4064 1633 4117 ad
1670 4064 1783 4117 hanc
1817 4073 1998 4134 aptam

416 4162 474 4206 et
506 4156 927 4207 convcnienlctn
987 4168 1107 4208 esse
1146 4168 1370 4208 necesse
1417 4163 1522 4208 est.
1576 4153 1809 4224 Oportet
1849 4155 2000 4209 enim

419 4260 614 4314 panem
644 4260 709 4299 ex
737 4246 1038 4308 frumento,
1074 4247 1260 4297 vinum
1295 4258 1360 4298 ex
1397 4246 1509 4298 vite
1541 4244 1680 4300 ﬁeri.
1719 4245 1836 4299 Nisi
1862 4247 2003 4300 enim

414 4354 642 4406 granum
671 4337 943 4402 frumenti,
977 4337 1117 4391 dicit
1167 4335 1449 4400 Dominus,
1495 4337 1688 4391 cadens
1719 4339 1772 4391 in
1805 4347 2003 4392 terram

417 4439 683 4483 mortuum
713 4431 891 4500 fuerit,
918 4431 1120 4484 nullum
1153 4427 1584 4500 fructumaﬁ'eret
1615 4430 1656 4483 ⁸.
1680 4429 1747 4484 Et
1768 4445 1998 4484 rursus:

2105 3237 2185 3293 vel
2215 3236 2677 3303 Occidentalium,
2710 3241 3026 3296 cedentem.
3049 3241 3219 3297 llicin
3251 3257 3508 3298 sermone
3533 3257 3692 3311 quem

2100 3329 2170 3385 de
2205 3332 2568 3387 sacramentis
2599 3332 2842 3402 scripsit,
2882 3334 2953 3388 ita
2980 3332 3161 3404 inquit
3193 3350 3209 3391 :
3241 3332 3532 3399 Quomodo
3547 3334 3693 3388 enim

2101 3423 2262 3493 panis
2315 3433 2496 3494 potest
2549 3439 2670 3479 esse
2708 3439 2914 3495 corpus
2967 3425 3223 3481 Christi?
3266 3427 3478 3493 Quibus
3510 3425 3693 3480 verbis

2102 3526 2199 3572 aut
2225 3534 2460 3587 quorum
2510 3518 2696 3573 verbis
2733 3517 3237 3573 hazctsacrameuta
3286 3516 3698 3589 perficiuntur?

2104 3610 2172 3664 Et
2200 3609 2401 3663 addit’:
2433 3609 2574 3678 Ipsis
2605 3607 2821 3663 Domini
2859 3609 3032 3664 nostri
3065 3609 3196 3664 Jesu
3244 3607 3475 3664 Christi.
3520 3609 3584 3662 Et
3617 3608 3696 3662 in-

2103 3701 2187 3756 fra
2223 3719 2236 3755 :
2277 3703 2412 3754 Cum
2448 3713 2630 3754 autem
2672 3701 2776 3755 hoc
2830 3710 3237 3756 sacramentum
3287 3700 3524 3770 perficit,
3582 3715 3695 3754 non

2103 3793 2343 3863 propriis
2374 3793 2559 3847 verbis
2587 3792 2870 3856 sacerdos,
2906 3792 3000 3847 sed
3042 3792 3218 3862 ipsius
3245 3791 3448 3846 Christi
3478 3792 3690 3858 utitur:

2105 3885 2269 3940 verba
2317 3885 2466 3940 enim
2514 3884 2725 3941 Christi
2775 3885 2882 3941 hoc
2916 3893 3326 3940 sacramentum
3372 3884 3694 3939 conficiunt.

2105 3977 2172 4032 Et
2200 3989 2323 4047 post
2350 3993 2524 4045 pauca
2553 3997 2566 4034 :
2594 3978 2735 4034 Ante
2759 3982 3237 4035 consecrationem
3271 3979 3428 4050 panis
3446 3989 3552 4043 est,
3575 3992 3698 4030 ver-

2103 4070 2191 4125 bis
2220 4081 2404 4126 autetn
2445 4071 2650 4126 Christi
2701 4070 2890 4138 dictis,
2929 4088 3052 4126 mox
3085 4085 3285 4140 corpus
3328 4071 3530 4126 Christi
3565 4080 3652 4125 est
3683 4089 3696 4123 :

2106 4164 2338 4234 Accipite
2376 4164 2548 4229 cnim,
2587 4165 2790 4233 inquit,
2848 4167 3100 4219 comedite
3138 4181 3200 4218 ea:
3253 4182 3312 4218 eo
3359 4181 3558 4227 omnes,
3605 4164 3701 4217 Ιροο

2104 4264 2180 4308 est
2214 4271 2402 4324 corpus
2425 4272 2625 4310 meum.
2657 4255 2925 4312 Similiter
2953 4257 3006 4310 in
3041 4256 3213 4311 calice
3250 4267 3378 4310 ante
3412 4256 3576 4310 verba
3595 4255 3701 4308 Do-

2107 4347 2242 4401 mini
2275 4348 2466 4402 vinum
2507 4355 2594 4401 est
2626 4361 2768 4416 aqua
2805 4347 3060 4412 mistum,
3102 4346 3308 4402 Christi
3351 4347 3538 4401 verbis
3565 4362 3700 4416 0pc-

2109 4437 2362 4493 rantibus
2388 4440 2616 4509 sanguis
2640 4439 2900 4494 eflicitur.
2946 4440 3163 4494 Rursus
3194 4441 3340 4495 idem
3372 4439 3701 4495 Ambrosius

416 4523 530 4592 Ego
552 4539 669 4576 sum
705 4525 822 4576 vitis
849 4539 970 4577 vera
991 4523 1034 4574 ⁸.
1068 4522 1222 4588 Quod
1254 4522 1296 4577 si
1333 4523 1494 4578 aliter
1527 4522 1804 4583 sacerdos,
1836 4523 1997 4576 etiam

2112 4548 2238 4588 cum
2275 4533 2448 4587 multa
2474 4533 2628 4603 signa
2653 4543 2708 4588 et
2747 4533 3015 4587 miracula
3045 4542 3560 4595 commemorasset,
3578 4547 3702 4602 qua:

414 4630 542 4668 cum
568 4613 754 4667 debita
794 4614 1124 4677 attentione,
1168 4614 1252 4667 vel
1292 4614 1408 4684 ipsa
1463 4615 1628 4669 verba
1663 4614 1880 4668 Domini
1916 4615 1999 4669 vel

416 4706 524 4758 alia
556 4720 896 4773 utra-cunque
936 4707 1277 4774 pronuntiet,
1299 4722 1472 4760 vanus
1500 4717 1583 4761 est
1605 4706 1784 4762 omnis
1801 4707 1997 4775 labor;

419 4812 516 4850 nec
565 4797 708 4850 enim
743 4813 981 4866 unquam
1010 4814 1074 4854 ex
1129 4798 1340 4854 hordeo
1386 4801 1611 4855 miliove
1645 4811 1739 4855 aut
1769 4800 1876 4855 alio
1913 4816 1998 4856 se-

415 4889 624 4943 minum
659 4905 859 4959 genere
915 4891 1071 4958 panis
1101 4892 1299 4954 factus,
1329 4907 1507 4967 neque
1542 4893 1718 4948 sicera
1750 4901 1846 4947 aut
1883 4893 1991 4958 lac,

327 5021 331 5024 .
415 4990 510 5035 aut
549 4980 658 5034 mel
694 4981 746 5033 in
783 4995 984 5050 corpus
1015 4993 1070 5038 et
1102 4985 1426 5052 sanguinem
1462 4983 1676 5040 Domini
1717 4996 1995 5041 transmu-

415 5081 638 5129 taretur.
676 5073 792 5128 Hoc
827 5089 1069 5131 canones
1099 5077 1500 5145 apostolorum,
1527 5078 1634 5133 hoc
1659 5082 1997 5150 posteriores

411 5167 667 5223 doctores
701 5168 990 5223 affirmant.
1049 5170 1418 5234 Quamobrem
1443 5171 1588 5228 hoc?
1609 5174 1876 5240 Quoniam
1904 5175 1995 5232 ille

413 5262 596 5329 opifex
642 5274 828 5314 rerum
875 5263 948 5315 ita
981 5264 1178 5329 voluit,
1208 5263 1281 5318 ita
1311 5264 1632 5319 constituit:
1683 5267 1992 5337 transgredi

383 5359 598 5412 .autem
639 5359 696 5407 et
723 5356 896 5408 vitare
921 5355 1220 5425 quidquam
1251 5373 1445 5412 eorum
1481 5375 1603 5429 qua:
1643 5360 1734 5416 ille
1769 5361 1996 5416 ordina-

421 5441 518 5506 vit,
553 5443 709 5500 nefas
739 5455 842 5501 est.
883 5447 1007 5502 llaec
1032 5465 1164 5519 ergo
1193 5448 1260 5503 ad
1291 5451 1433 5505 sacri
1470 5453 1718 5522 mysterii
1743 5470 2000 5508 consum-

422 5537 719 5590 mationem
763 5543 1073 5595 necessaria
1110 5557 1338 5611 prorsus
1380 5553 1531 5608 sunt,
1568 5555 1625 5600 et
1659 5546 1780 5601 sine
1805 5547 2005 5614 quibus

424 5625 558 5680 n‘hil
595 5632 822 5686 omnino
850 5632 968 5688 fleri
1004 5646 1204 5704 potest.
1239 5635 1381 5692 Sunt
1407 5649 1590 5693 autem
1614 5637 1720 5692 alia
1755 5638 2008 5708 quaedam

497 5817 514 5848 ¹
547 5815 566 5869 1
597 5817 722 5873 Cor.
755 5833 848 5885 xu,
886 5815 974 5872 ll.
1053 5815 1071 5846 ²
1097 5815 1239 5872 Psal.
1275 5831 1393 5882 cui,
1424 5813 1514 5870 50.

1595 5815 1615 5846 ³
1643 5815 1802 5871 Joan.
1837 5829 1930 5882 xu,
1961 5813 2051 5869 24.

2109 4626 2229 4681 solo
2267 4627 2484 4683 Domini
2517 4626 2687 4682 verbo
2715 4627 2852 4682 facta
2885 4627 3062 4694 fuere,
3086 4628 3520 4697 universumque
3542 4640 3702 4679 mun-

2108 4717 2240 4773 dum
2274 4719 2444 4774 verbo
2469 4717 2662 4774 eodem
2692 4734 2759 4773 ex
2787 4719 2961 4772 nihilo
2978 4734 3096 4774 esse
3121 4717 3474 4788 productum,
3501 4718 3703 4771 multa-

2108 4827 2220 4882 que
2259 4810 2367 4866 alia
2421 4811 2795 4876 orationibus,
2831 4820 2887 4866 et
2928 4811 3417 4866 benedictionibus
3442 4809 3704 4864 humanis

2104 4903 2252 4958 facta
2295 4903 2656 4970 ostendisset,
2719 4889 3002 4975 pesti-emo
3046 4904 3162 4958 hac
3191 4903 3347 4958 addit
3382 4923 3394 4958 :
3443 4901 3498 4957 Si
3531 4901 3703 4971 igitur

2106 5005 2324 5051 tantum
2380 4997 2559 5064 potuit
2603 4997 2840 5050 humana
2877 4997 3190 5051 benedictio
3222 4995 3287 5050 ad
3322 5003 3702 5050 transmutan-

2102 5088 2228 5142 dam
2261 5104 2447 5143 rerum
2479 5098 2756 5152 naturam,
2791 5088 2922 5157 quid
2949 5089 3018 5141 de
3053 5088 3156 5142 hac
3184 5087 3374 5142 divina
3407 5100 3703 5141 consecra-

2101 5178 2251 5232 tione
2282 5177 2552 5242 dicemus,
2573 5177 2664 5230 ubi
2694 5181 2810 5247 ipsa
2833 5177 2998 5231 verba
3021 5177 3322 5232 Salvatoris
3343 5185 3648 5245 operantur
3677 5174 3700 5226 2

2101 5271 2216 5325 lloc
2245 5273 2392 5324 enim
2428 5281 2835 5323 sacramentum
2866 5268 3014 5338 quod
3046 5268 3273 5338 accipis,
3303 5269 3473 5321 verbo
3489 5264 3700 5320 Christi

2101 5361 2412 5418 conficitur.
2456 5361 2590 5416 Aliis
2643 5361 2865 5432 quidem
2912 5361 3050 5415 locis
3100 5361 3244 5415 idem
3291 5361 3488 5414 doctor
3521 5357 3701 5412 multo

2109 5454 2263 5524 plura
2315 5455 2368 5508 in
2435 5453 2579 5508 hanc
2633 5452 2966 5508 sententiam
3025 5452 3477 5507 manifestissime
3538 5451 3699 5506 dicit.

2110 5548 2454 5617 Augustinus
2475 5562 2605 5601 vero
2633 5545 3015 5602 sanctissimus
3037 5553 3093 5601 et
3120 5545 3234 5614 ipse
3267 5545 3482 5611 doctor,
3517 5542 3702 5598 Divini

2115 5639 2368 5707 corporis
2412 5637 2785 5707 consecratio,
2825 5638 3027 5708 inquit,
3061 5637 3400 5716 a.catholica
3454 5636 3704 5692 Ecclesia

2127 5813 2145 5844 ⁸
2171 5813 2327 5873 Joan.
2379 5831 2466 5884 av,
2504 5818 2555 5873 l.
