4086 6440
390 406 496 469 505
1401 400 1498 461 DE
1542 398 1964 461 SACRAMEN'

2091 399 2651 463 EUCHARISTDE.
3560 410 3667 475 505

381 525 630 583 creditur
665 541 773 581 non
810 523 987 597 magis
1017 537 1046 578 a
1074 523 1244 591 bono,
1278 536 1390 577 non
1421 521 1607 576 minus
1636 535 1667 575 a
1707 519 1854 575 malo
1886 536 1977 575 sae
2008 530 2055 586 Α
2085 518 2261 589 ipsum
2296 520 2474 590 inquit
2502 520 2842 576 Salvatorem
2880 524 2996 577 haec
3023 521 3308 592 perﬁcere,
3342 521 3518 594 ipsum
3550 541 3670 579 om-

381 620 609 676 cerdote
641 618 841 675 conﬁci
875 638 888 675 :
927 633 1108 687 neque
1143 617 1292 671 enim
1341 614 1542 671 merito
1574 614 1977 679 consecrantis,
2083 612 2171 665 nia
2196 614 2412 681 operari
2443 633 2454 668 :
2494 630 2595 668 nec
2632 615 2782 669 addit
2812 615 3069 685 precibus
3095 616 3523 672 sacerdotum‘id
3546 616 3667 672 ﬁeri

379 713 476 767 sed
505 711 782 767 Creatoris
807 709 1041 766 efficitur
1063 709 1258 765 verbo.
1288 707 1355 762 Et
1380 707 1517 763 alibi
1557 725 1570 762 :
1602 705 1975 773 Credendum,

378 800 585 857 Christi
636 802 825 857 verbis
878 810 1287 857 sacramentum
1336 798 1534 855 conﬁci
1577 798 1781 866 :cujus
1826 797 1976 851 enim

378 893 623 964 potentia
654 894 809 960 prius
841 902 1023 947 creata
1054 901 1185 947 sunt
1220 907 1283 947 ea
1317 908 1439 962 qua:
1466 900 1616 953 sunt,
1646 890 1813 961 hujus
1828 902 1975 945 certe

378 984 550 1038 verbo
578 983 644 1038 ad
677 984 876 1039 melius
900 990 1206 1039 mutantur.
1236 984 1384 1039 ldem
1412 983 1467 1037 in
1498 982 1533 1035 2
1560 983 1627 1036 de
1654 981 1834 1035 verbis
1866 979 1974 1033 Do-

379 1076 559 1132 mini:
597 1076 738 1130 Ante
794 1076 963 1131 verba
1020 1076 1260 1142 Domini,
1323 1075 1521 1145 inquit,
1560 1090 1702 1143 qua),
1736 1074 1848 1128 Hoc
1896 1082 1976 1127 ert

379 1187 568 1240 corpus
605 1187 804 1233 meum,
840 1170 1059 1236 dicunt,
1092 1172 1253 1241 panis
1286 1168 1493 1225 dicitur
1519 1167 1667 1237 quod
1700 1168 1970 1233 offertur;

380 1263 566 1318 verbis
626 1271 813 1317 autem
864 1263 975 1317 illis
1020 1263 1208 1330 dictis,
1248 1278 1359 1317 non
1394 1262 1630 1330 amplius
1661 1260 1840 1329 panis,
1875 1260 1971 1313 sed

327 1346 587 1425 '-corpus
646 1367 891 1411 vocatur.
943 1357 1010 1411 Et
1055 1373 1247 1413 rursus
1302 1358 1356 1411 in
1402 1353 1750 1425 expositione
1802 1369 1972 1423 super

378 1448 645 1503 Joanmm
690 1457 917 1503 vocatur
966 1464 1167 1517 corpus
1194 1459 1250 1503 et
1277 1446 1812 1515 caroChristi,quod
1843 1458 1972 1499 caro

379 1540 669 1594 continere
702 1556 810 1593 non
840 1550 1051 1609 potest.
1106 1540 1424 1595 Conﬁciunt
1452 1551 1636 1595 autem
1673 1539 1807 1593 illud
1850 1553 1971 1591 car-

379 1632 466 1686 nis
497 1630 685 1695 verba,
721 1648 842 1700 qua:
868 1633 1041 1701 ipsius
1070 1632 1255 1687 carnis
1281 1632 1489 1687 Christi
1523 1633 1687 1687 verba
1721 1632 1967 1686 fuerunt.

377 1724 472 1778 Ait
513 1724 681 1780 enim.
746 1726 858 1780 Hoc
903 1737 979 1779 est
1019 1742 1211 1795 corpus
1244 1742 1436 1779 meum.
1471 1725 1613 1791 Quid
1641 1726 1845 1779 clarius
1884 1724 1971 1780 his

381 1817 759 1873 testimoniis?
790 1819 923 1889 quid
956 1820 1304 1874 manifestius
1355 1834 1477 1874 esse
1515 1817 1732 1886 potest?
1775 1818 1967 1886 Neque

2081 704 2229 773 quod
2284 715 2436 761 certe
2489 706 2811 770 addidisset,
2868 706 2912 760 si
2969 706 3221 762 seivisset
3282 710 3658 763 necessarium

2080 794 2219 859 fore,
2270 797 2538 851 subticuit
2572 809 2755 852 autem
2810 809 3067 870 tanquam
3114 816 3223 854 non
3261 803 3658 855 necessarium.

2081 885 2182 950 Qui
2216 887 2363 941 enim
2390 890 2571 943 omnia
2608 890 2761 956 facit,
2789 894 2941 947 nullo
2970 893 3178 963 indiget
3213 902 3524 961 operatore.
3561 894 3662 948 Ve-

2080 993 2200 1030 rum
2234 993 2298 1031 ex
2323 979 2431 1034 illis
2465 980 2865 1053 Chrysostotni,
2899 1000 3020 1053 qua:
3042 999 3206 1053 supra
3231 984 3662 1038 memoravimus

2079 1071 2263 1125 verbis
2313 1072 2545 1129 discitur
2572 1077 2821 1144 quaedam
2860 1077 3009 1132 haud
3040 1078 3441 1131 contemnenda
3473 1077 3658 1130 consi«

2078 1164 2314 1219 dcratio.
2347 1166 2437 1220 Ait
2467 1168 2637 1231 enim,
2669 1185 2777 1224 non
2804 1170 3085 1245 accepisse
3116 1172 3344 1225 Paulum
3376 1186 3406 1226 a
3438 1170 3660 1225 Christo

2079 1253 2220 1310 hanc
2252 1259 2623 1326 traditionem,
2649 1276 2772 1315 cum
2810 1270 2993 1317 tamen
3022 1263 3137 1332 ipse
3165 1279 3223 1319 se
3259 1264 3535 1331 accepisse
3566 1278 3656 1318 as—

2076 1358 2243 1400 serat.
2285 1346 2350 1401 Et
2408 1360 2553 1404 recte
2592 1352 2814 1419 quidem
2859 1352 3306 1424 Chrysostomus.
3349 1355 3479 1408 Erat
3506 1354 3654 1409 enim

2078 1447 2189 1491 tum
2232 1437 2436 1495 Paulus
2477 1457 2798 1512 persecutor
2844 1454 2899 1500 et
2949 1446 3122 1501 hostis
3151 1448 3391 1502 nominis
3424 1447 3652 1514 Christi,

2073 1540 2127 1584 et
2156 1533 2328 1587 multo
2354 1545 2475 1602 post
2513 1538 2896 1591 ascensionem
2926 1539 3224 1594 Salvatoris
3254 1540 3309 1594 in
3349 1541 3541 1609 cmlos,
3572 1557 3659 1607 sae

2073 1636 2223 1677 cram
2262 1623 2423 1679 ﬁdem
2457 1626 2523 1681 ab
2551 1642 2617 1682 eo
2653 1628 2745 1697 qui
2772 1630 2874 1684 sibi
2900 1632 2955 1684 in
2998 1629 3083 1685 via
3104 1631 3283 1687 fuerat
3309 1632 3525 1697 obvius,
3574 1632 3658 1687 di-

2073 1713 2303 1769 dicerat.
2340 1717 2555 1784 Quibus
2580 1720 2745 1792 igitur
2783 1723 3127 1780 tradentibus
3157 1727 3414 1793 accepit?
3449 1725 3656 1793 Nempe

2073 1808 2337 1877 apostolis
2366 1818 2421 1865 et
2446 1811 2511 1867 iis
2541 1813 2765 1882 quidem
2807 1831 2917 1870 non
2952 1818 3124 1872 verbo
3151 1826 3366 1872 tantum
3402 1818 3652 1874 docenti-

378 1908 526 1963 enim
580 1911 677 1963 hos
724 1908 979 1963 doctores
1035 1910 1327 1979 quisquam
1378 1909 1582 1963 mentis
1624 1924 1874 1978 compos.
1910 1915 1967 1963 et
2000 1902 2040 1953 Β
2068 1897 2192 1961 bus,
2226 1900 2322 1955 sed
2367 1901 2879 1960 demonstrantibus
2925 1922 3111 1975 opere.
3150 1908 3353 1963 Paulus
3380 1924 3507 1963 vero
3543 1917 3653 1962 trao

379 1996 730 2081 Christianus
775 2014 892 2053 esse
926 1999 1252 2053 desiderans
1296 2007 1590 2068 respueret
1632 2013 1772 2068 quos
1796 2013 1966 2053 sacra:

380 2104 574 2145 omnes
599 2090 821 2161 synodi,
858 2101 914 2145 ct
951 2105 1275 2146 communes
1296 2090 1562 2147 Ecclesiae
1584 2090 1843 2145 doctores
1875 2105 1967 2145 ac-

379 2192 693 2251 ceptarunt,
728 2198 868 2253 quos
919 2195 979 2239 ut
1022 2195 1244 2240 sanctos
1290 2201 1354 2239 ac
1402 2185 1514 2241 Deo
1551 2184 1967 2255 acceptissimos

379 2272 592 2342 magnis
625 2275 916 2343 praeconiis
967 2276 1305 2342 extulerunt,
1347 2292 1584 2346 quorum
1644 2275 1965 2330 memoriam

379 2382 504 2420 cum
550 2382 765 2421 summa
813 2368 976 2423 laude
1009 2385 1119 2424 non
1153 2370 1316 2424 modo
1346 2369 1739 2433 Occidentalis,
1772 2384 1965 2424 verum

378 2456 547 2510 etiam
580 2456 890 2513 Orientalis
928 2458 1177 2514 Ecclesia
1212 2460 1483 2515 celebrat.
1512 2461 1859 2515 Manifestum
1880 2470 1967 2517 est

379 2548 546 2618 igitur
575 2548 675 2602 hos
706 2565 815 2603 non
848 2549 1108 2614 obscure,
1181 2566 1362 2620 neque
1398 2552 1500 2606 sub
1525 2552 1715 2618 dubio,
1752 2554 1846 2608 sed
1873 2570 1967 2624 pa-

377 2641 488 2695 lam
519 2651 575 2695 ct
607 2640 903 2696 manifeste
939 2643 1206 2707 sensisse,
1236 2645 1628 2699 sacratissimis
1664 2646 1812 2701 illius
1856 2647 1965 2701 Do-

378 2734 514 2787 mini
545 2733 733 2787 verbis
763 2734 867 2788 hoc
899 2747 1312 2789 sacramentum
1344 2738 1566 2801 conﬁci,
1605 2737 1720 2793 Ηοσ
1749 2750 1824 2793 est
1849 2756 1966 2793 cor-

377 2844 476 2897 pus
513 2842 689 2880 meum
724 2844 736 2878 :
772 2837 850 2892 et,
881 2826 979 2880 Hic
1009 2836 1085 2880 est
1131 2829 1349 2899 sanguis
1388 2846 1551 2885 meus.
1583 2830 1723 2897 Quid
1758 2832 1966 2903 igitur?

381 2921 443 2976 lli
468 2922 688 2991 quidem
719 2921 824 2975 hoc
855 2920 1019 2975 modo
1051 2921 1267 2987 dicunt,
1304 2921 1614 2979 Orientales
1650 2940 1780 2979 vero
1806 2927 1965 2980 aliter

377 3014 646 3069 sentiunt.
702 3012 772 3066 At
820 3012 927 3067 hoc
972 3014 1136 3068 modo
1182 3030 1291 3069 non
1346 3015 1491 3071 idem
1538 3016 1591 3069 in
1627 3017 1708 3070 eis
1745 3018 1966 3073 locutus

377 3106 576 3160 fuisset
608 3106 850 3175 Spiritus
887 3123 901 3159 :
936 3121 1039 3161 nec
1089 3107 1266 3162 sancti
1308 3106 1573 3177 Spiritus,
1606 3108 1701 3162 sed
1758 3110 1965 3164 ventris

376 3198 463 3253 sui
513 3200 894 3255 cructationes
947 3210 1135 3255 essent
1195 3214 1480 3256 sermones
1540 3217 1749 3255 eorum.
1805 3202 1964 3258 Nunc

375 3306 509 3346 vero
547 3307 688 3347 unus
719 3300 885 3360 atque
924 3293 1066 3346 idem
1119 3292 1359 3362 Spiritus
1397 3293 1615 3347 locutus
1649 3303 1733 3347 est
1776 3309 1872 3363 per
1901 3310 1962 3349 os

378 3391 761 3451 utrorumque.
797 3384 865 3436 At
884 3382 1352 3453 quemadmodum
1384 3384 1438 3437 in
1463 3383 1679 3438 ueteris
1702 3384 1963 3439 omnibus

376 3478 452 3530 ita
479 3476 644 3531 etiam
680 3477 733 3531 in
775 3476 879 3531 hoc
908 3484 1262 3530 sacramento
1290 3476 1598 3530 concordes
1636 3483 1766 3530 sunt
1802 3475 1963 3530 Occi-

375 3568 686 3623 dentalibus
728 3568 1056 3622 Orientales.
1101 3568 1244 3622 Audi
1302 3568 1453 3621 enim
1485 3568 1616 3637 quid
1661 3580 1822 3622 antea
1869 3570 1959 3623 illa

373 3659 602 3714 Joannis
649 3658 834 3729 lingua
886 3659 940 3712 in
982 3674 1131 3712 xxxtt
1182 3674 1348 3727 super
1382 3658 1699 3713 Matthazum
1734 3659 1958 3713 humilia

378 3750 525 3805 dicat
562 3767 574 3803 :
610 3750 729 3805 Non
762 3762 913 3812 sunt,
946 3752 1149 3820 inquit,
1195 3752 1448 3805 humanae
1478 3753 1741 3819 potentiae
1764 3767 1956 3821 opera,

375 3858 497 3912 quae
520 3842 800 3911 proposita
830 3853 997 3909 sunt;
1027 3844 1118 3913 qui
1148 3854 1279 3897 tunc
1304 3857 1368 3895 ea
1404 3843 1531 3897 fecit
1562 3842 1618 3895 in
1644 3857 1821 3906 creua,
1844 3843 1958 3911 ipse

376 3953 523 3993 nunc
554 3954 617 3993 ea
652 3952 873 4006 quoque
905 3949 1191 4005 operatur,
1234 3953 1333 3989 nos
1360 3936 1739 3989 n.inistrorum
1774 3935 1955 3989 locum

376 4038 646 4083 tenemus.
687 4027 791 4094 Qui
841 4043 972 4081 vero
1030 4026 1364 4092 Sanctiﬁcat,
1404 4036 1459 4080 et
1517 4040 1581 4079 ea
1611 4035 1806 4090 mutat,
1841 4026 1958 4095 ipse

374 4130 485 4176 est.
522 4122 735 4176 Rursus
771 4120 916 4175 idem
960 4125 1017 4174 in
1048 4135 1198 4173 xxvii
1235 4135 1316 4186 su,
1338 4135 1397 4173 er
1428 4118 1446 4171 l
1475 4119 1540 4173 ad
1573 4119 1827 4173 Corinth.
1858 4118 1958 4173 ho-

374 4213 491 4267 mil.
524 4214 597 4266 ita
646 4213 826 4282 inquit
863 4231 876 4266 :
918 4212 1205 4277 Quomodo
1241 4209 1445 4264 Paulus
1469 4227 1499 4265 a
1536 4210 1766 4264 Domino
1798 4226 1956 4265 acee-

374 4307 497 4376 pit?
526 4306 644 4360 Non
685 4306 834 4360 enim
865 4306 1055 4359 aderat
1094 4315 1246 4371 tunc,
1272 4306 1368 4359 sed
1403 4320 1545 4359 unus
1576 4312 1695 4359 erat
1729 4321 1795 4357 ex
1832 4304 1973 4373 pcr-1

373 4400 741 4454 secutoribus.
802 4397 873 4454 Ut
923 4398 1220 4467 intelligas,
1272 4398 1367 4459 ait.
1422 4398 1558 4451 nihil
1620 4397 1743 4465 plus
1805 4397 1955 4451 illam

372 4507 619 4546 mensam
655 4491 939 4554 habuisse,
988 4506 1150 4558 quam
1200 4490 1435 4543 habeant
1472 4490 1554 4543 ha:
1595 4489 1953 4558 posteriores.

2070 1990 2208 2046 didit
2240 1993 2397 2049 nobis
2430 2011 2550 2065 quae
2585 2007 2895 2068 acceperat.
2926 1999 3062 2052 Cum
3101 2010 3285 2055 autem
3318 2014 3379 2054 ea
3413 2000 3529 2054 sola
3548 2009 3658 2052 tra-

2068 2084 2274 2140 diderit
2306 2103 2425 2155 quae
2456 2090 2509 2143 in
2539 2090 2782 2159 Epistola
2810 2090 2876 2144 ad
2906 2090 3225 2147 Corinthios
3254 2093 3471 2156 scribit,
3504 2101 3654 2147 certe

2069 2177 2164 2233 illa
2193 2179 2304 2233 sola
2337 2182 2572 2250 accepit,
2604 2192 2661 2237 et
2698 2183 2786 2237 illa
2828 2184 2940 2237 sola
2971 2185 3250 2253 apostolos
3279 2184 3459 2238 facere
3493 2184 3653 2241 vidit.

2067 2268 2204 2322 Nam
2232 2269 2277 2323 si
2304 2270 2458 2340 plura
2487 2272 2670 2326 facere
2701 2274 2952 2335 vidisset,
2979 2290 3041 2327 ea
3066 2289 3287 2344 quoque
3315 2274 3651 2329 tradidisset.

2066 2361 2214 2416 Nihil
2238 2373 2421 2417 autem
2457 2366 2511 2418 in
2544 2381 2606 2420 ea
2644 2364 2885 2436 Epistola
2918 2366 3050 2420 dicit
3078 2367 3311 2436 amplus,
3348 2369 3451 2420 nisi
3490 2367 3655 2422 Chri-

2067 2463 2211 2509 stum
2250 2457 2528 2531 accepisse
2559 2473 2753 2527 panem
2786 2458 2840 2511 in
2881 2472 3073 2511 manus
3103 2473 3250 2524 suas,
3277 2457 3649 2524 benedixissa‘,

2067 2548 2286 2605 dedisse
2315 2551 2625 2621 discipulis,
2659 2561 2823 2621 atque
2853 2552 3058 2608 dixisse
3095 2570 3107 2605 :
3136 2552 3368 2623 Accipite
3396 2560 3443 2605 et
3472 2568 3649 2606 come-

2066 2642 2195 2703 τίετε.
2245 2644 2341 2697 hoc
2392 2654 2470 2697 est
2526 2662 2715 2714 corpus
2751 2664 2946 2700 meum.
3001 2646 3144 2701 Idem
3185 2647 3350 2717 igitur
3391 2647 3539 2700 omni
3584 2662 3649 2701 cx

2066 2742 2225 2800 parte
2254 2735 2508 2803 apostoli,
2537 2737 2741 2804 quibus
2784 2739 3126 2794 tradentibus
3160 2739 3364 2794 Paulus
3389 2739 3440 2792 id
3488 2754 3649 2795 acce-

2067 2822 2168 2890 pit,
2213 2824 2511 2881 faciebant.
2574 2825 2686 2881 Hoc
2718 2838 2929 2883 tantum
2975 2828 3277 2897 accepitab
3306 2830 3413 2883 illis
3446 2829 3651 2883 Paulus

2069 2915 2172 2969 hoc
2192 2917 2419 2972 tradidit
2449 2919 2632 2973 nobis.
2660 2919 2856 2975 Postea
2896 2937 3029 2975 vero
3068 2923 3185 2976 sive
3215 2922 3489 2987 Clemens,
3532 2922 3651 2976 sive

2066 3010 2327 3075 Jat'obus,
2385 3017 2499 3067 sive
2549 3014 2692 3068 alius
2735 3015 3055 3084 quicunque
3112 3016 3246 3069 alias
3286 3016 3569 3071 orationes
3595 3027 3652 3071 et

2068 3103 2301 3171 hymnos
2324 3116 2373 3159 et
2404 3108 2617 3161 cantica
2643 3123 2753 3161 non
2788 3108 2854 3162 ad
2898 3109 3307 3171 necessitatem,
3338 3110 3430 3163 sed
3461 3112 3525 3162 ad
3561 3125 3652 3164 or-

2071 3207 2255 3250 natum
2289 3198 2645 3254 addiderunt.
2672 3199 2801 3266 Quae
2824 3216 2948 3255 cum
2987 3202 3057 3256 ita
3092 3202 3225 3265 sint,
3263 3202 3401 3257 satis
3436 3210 3653 3257 constat

2067 3288 2214 3344 beati
2243 3290 2621 3361 Chrysostomi
2657 3293 3037 3348 testimonium
3078 3295 3216 3349 adeo
3245 3295 3451 3349 clarum
3483 3306 3649 3367 atque

2064 3389 2315 3448 apertum
2342 3396 2484 3443 esse,
2517 3389 2577 3435 ut
2613 3383 2763 3436 nulla
2797 3385 3100 3461 excusatio,
3128 3386 3339 3440 nullum
3365 3387 3651 3443 subterfu-

2065 3468 2213 3538 gium
2241 3470 2707 3527 calumniantibus
2738 3474 3102 3543 relinquatur.
3142 3477 3449 3533 Audiamus
3498 3495 3652 3536 nunc

2062 3560 2319 3614 eumdem
2347 3561 2629 3617 doctorem
2661 3566 2904 3634 scipsum
2937 3580 3327 3637 exponentem,
3352 3580 3407 3625 et
3432 3570 3504 3625 ita
3534 3587 3646 3627 rem

2063 3651 2205 3705 hanc
2245 3652 2645 3721 declarantem,
2698 3667 2757 3709 ut
2808 3658 3015 3724 nullus,
3070 3662 3322 3729 quamvis
3362 3662 3541 3717 audax
3591 3675 3651 3721 et

2062 3747 2466 3815 contentiosus,
2493 3751 2875 3805 contradicere
2907 3753 3075 3807 ausit.
3116 3753 3215 3809 llic
3236 3755 3288 3809 in
3323 3769 3386 3809 ea
3417 3755 3646 3810 bomilia

2061 3849 2226 3903 quam
2287 3835 2356 3892 de
2401 3837 2715 3906 proditione
2747 3840 3029 3895 traditoris
3070 3852 3127 3896 et
3170 3853 3645 3899 sacramentorum

2064 3924 2359 3980 traditione
2389 3928 2743 3997 conscripsit,
2772 3929 2845 3983 ita
2874 3930 3053 3998 inquit
3079 3948 3091 3983 :
3128 3931 3298 3987 Adest
3330 3950 3477 3988 nunc
3510 3951 3646 4003 quo-

2060 4035 2168 4089 que
2220 4018 2499 4086 Christus,
2539 4022 2632 4091 qui
2684 4022 2830 4075 illam
2889 4039 3134 4077 mensam
3192 4024 3344 4090 fecit,
3390 4026 3479 4081 ille
3524 4030 3645 4097 ipse

2063 4128 2211 4167 nunc
2261 4114 2431 4168 etiam
2472 4127 2650 4170 ornat.
2684 4116 2801 4170 Non
2845 4124 2930 4169 est
2972 4117 3117 4169 enim
3154 4118 3338 4183 homo,
3386 4121 3477 4187 qui
3529 4120 3646 4176 hate

2064 4222 2297 4259 munera
2337 4207 2470 4260 facit
2511 4224 2711 4277 corpus
2734 4217 2791 4262 et
2826 4208 3149 4277 sanguinem
3179 4210 3407 4276 Christi,
3432 4215 3527 4269 sed
3548 4220 3643 4286 qui

2062 4298 2362 4355 cruciﬁxus
2386 4311 2470 4355 est
2499 4316 2597 4370 pro
2626 4302 2788 4356 nobis
2811 4301 3083 4356 Christus.
3127 4304 3384 4374 Figuram
3418 4307 3645 4377 quidem

2061 4391 2370 4461 adimplens
2412 4402 2553 4447 astat
2599 4394 2880 4457 sacerdos,
2921 4394 3088 4448 verba
3124 4396 3214 4450 illa
3238 4398 3641 4465 pronuntians;

2062 4494 2310 4554 potestas
2351 4500 2477 4539 vero
2499 4495 2553 4539 et
2577 4486 2750 4555 gratia
2786 4496 2897 4539 tota
2920 4486 3125 4541 Christi
3152 4499 3258 4543 est.
3296 4488 3407 4541 [loc
3440 4502 3513 4542 est
3535 4507 3647 4544 cor-

372 4582 505 4638 Nam
532 4594 589 4639 et
612 4583 776 4639 hodie
805 4583 919 4652 ipse
942 4591 1024 4637 est
1054 4585 1147 4651 qui
1172 4593 1456 4650 operatur,
1477 4591 1532 4635 et
1562 4584 1745 4644 tradit,
1769 4598 1960 4651 quem-
1990 4588 2036 4645 1)
2065 4595 2163 4649 pus
2194 4594 2394 4645 meum,
2420 4579 2516 4633 ait.
2550 4577 2908 4634 llocverbum
2928 4595 3016 4634 res
3041 4583 3348 4653 propositas
3373 4594 3650 4638 transmu-

372 4679 664 4733 admodum
707 4685 765 4731 et
804 4684 957 4730 tunc.
998 4674 1234 4729 Videsne
1280 4675 1465 4743 igitur,
1527 4688 1585 4731 tit
1625 4690 1726 4728 nos
1764 4675 1959 4729 minis-

372 4781 583 4827 trorum
612 4771 793 4825 locum
828 4778 1114 4833 tenemus;
1161 4768 1252 4837 qui
1290 4783 1416 4822 vere
1446 4783 1510 4822 ea
1543 4770 1851 4823 sanctiﬁcat
1906 4778 1959 4824 ct

372 4875 551 4921 mutat
585 4867 699 4934 ipse
721 4873 826 4918 est.
863 4862 1026 4918 Vides
1067 4870 1127 4915 ut
1170 4862 1286 4931 ipse
1317 4873 1422 4925 est,
1456 4862 1551 4931 qui
1585 4863 1769 4916 omnia
1823 4878 1958 4931 ope-

374 4966 546 5019 ratur,
576 4966 628 5010 et
670 4955 854 5018 tradit,
884 4953 1348 5023 quemadmodum
1385 4963 1441 5006 et
1478 4962 1631 5008 tunc.
1684 4952 1961 5008 Persuade

374 5047 538 5116 igitur
574 5046 697 5111 tibi,
725 5046 902 5114 ipsum
936 5058 1059 5099 esse
1110 5044 1203 5112 qui
1232 5059 1295 5098 ea
1340 5051 1517 5099 mutat
1551 5060 1565 5097 :
1600 5060 1722 5110 nec,
1759 5045 1959 5103 rationi

374 5149 481 5195 tua:
514 5154 635 5209 qua:
674 5138 843 5193 dubia
877 5145 982 5202 est,
1022 5136 1119 5191 scd
1140 5136 1372 5191 inﬁnitae
1404 5137 1552 5191 illius
1576 5139 1837 5207 potentiae
1856 5140 1962 5194 hoc

376 5231 582 5285 tribue.
623 5230 782 5285 Dices
813 5229 1065 5295 fortasse,
1104 5228 1248 5282 haud
1282 5229 1377 5283 tibi
1406 5230 1786 5286 contradicere
1814 5233 1962 5289 hunc

374 5323 657 5377 doctorem
688 5340 701 5377 :
735 5322 940 5377 etenim
974 5332 1024 5376 te
1050 5337 1271 5392 quoque
1302 5332 1357 5378 et
1391 5325 1599 5379 sentire
1625 5335 1681 5379 et
1712 5327 1961 5395 proﬁteri

377 5417 528 5471 illum
559 5432 682 5474 esse
712 5417 805 5486 qui
836 5417 949 5470 hzee
989 5427 1273 5485 Operatur,
1300 5417 1394 5470 sed
1416 5433 1511 5485 per
1540 5419 1842 5486 orationes,
1867 5423 1962 5477 sed

378 5525 474 5580 per
500 5525 689 5579 preces
715 5508 1038 5564 sacerdotis.
1075 5510 1237 5578 Atqui
1269 5510 1500 5563 multum
1536 5512 1792 5570 interest.
1826 5528 1962 5582 ope-

380 5601 487 5654 rari
514 5600 740 5669 aliquid,
764 5610 822 5654 et
841 5600 1028 5653 omnia
1051 5600 1289 5669 operari.
1322 5599 1402 5653 Tu
1432 5615 1668 5669 namque
1695 5601 1960 5671 Spiritum

378 5701 627 5746 sant-tuin
672 5691 752 5747 eis
807 5692 1231 5746 descendentem
1276 5694 1383 5747 tuis
1420 5693 1673 5758 precibus
1722 5695 1964 5749 sanctiﬁ-

380 5794 506 5836 Carc
556 5784 671 5836 hmo
730 5798 978 5849 munera,
1024 5784 1274 5852 quamvis
1329 5785 1493 5838 etiam
1539 5788 1705 5841 verba
1742 5788 1958 5844 Domini

382 5874 587 5943 aliquid
635 5887 958 5945 operentur.
1012 5876 1111 5929 llic
1163 5891 1293 5930 vero
1336 5878 1529 5931 doctor
1578 5878 1961 5935 Sanetissimus

2066 4680 2165 4726 tat.
2196 4671 2330 4725 Nam
2360 4672 2825 4742 quemadmodum
2854 4688 2954 4727 vox
2998 4673 3089 4727 illa
3121 4690 3231 4745 qua
3270 4675 3477 4730 dictum
3509 4687 3592 4731 est
3630 4694 3645 4731 :

2066 4764 2321 4829 Crescite,
2353 4776 2401 4820 et
2448 4765 2878 4836 multiplicamini
2918 4776 2966 4819 et
2995 4768 3189 4837 replete
3220 4778 3443 4834 terram,
3477 4770 3646 4825 semel

2063 4859 2286 4929 quidem
2312 4858 2450 4915 dicta
2472 4870 2578 4923 est,
2604 4875 2823 4930 semper
2840 4861 3286 4931 autemﬁtoperaa
3312 4873 3522 4917 naturae
3549 4880 3650 4918 no-

2065 4964 2191 5009 strte
2221 4954 2330 5009 vim
2356 4954 2610 5023 praebens
2640 4954 2707 5008 ad
2737 4955 3129 5024 generandum,
3170 4957 3239 5011 ita
3270 4958 3384 5013 haec
3427 4973 3647 5027 quoque

2065 5060 2171 5099 vox
2203 5046 2374 5100 semel
2418 5044 2565 5099 dicta
2598 5045 2652 5099 in
2687 5046 2916 5116 singulis
2944 5048 3055 5101 aris
3085 5064 3152 5101 ex
3173 5064 3239 5102 eo
3278 5059 3522 5119 tempore
3560 5065 3651 5104 us-

2064 5151 2171 5205 que
2197 5138 2251 5191 in
2290 5146 2617 5206 praesentem
2647 5138 2816 5202 diem,
2850 5149 2903 5193 et
2924 5155 3099 5209 usque
3121 5141 3189 5193 ad
3215 5141 3419 5195 Christi
3446 5141 3651 5196 advens

2068 5242 2184 5285 tum
2233 5232 2336 5287 hoc
2378 5241 2784 5286 sacramentum
2824 5233 3036 5303 integre
3077 5232 3310 5303 perﬁcit.
3346 5235 3547 5289 Verum
3578 5235 3647 5289 ad

2068 5322 2185 5377 haec
2229 5321 2416 5377 dicere
2464 5323 2696 5379 soletis:
2732 5322 3206 5390 Quemadmodum
3276 5324 3501 5378 verbum
3538 5339 3649 5394 quo

2065 5425 2252 5469 creata
2295 5424 2426 5469 sunt
2461 5416 2670 5477 omnia,
2714 5432 2822 5469 non
2859 5417 3036 5485 ipsum
3070 5418 3248 5471 solum
3290 5416 3541 5471 sufﬁcere
3579 5418 3648 5471 ad

2064 5505 2490 5575 productionem
2523 5520 2717 5559 eorum
2747 5522 2869 5575 qua:
2898 5507 3060 5566 ﬁunt.
3091 5508 3186 5561 sed
3223 5508 3391 5560 maris
3411 5517 3464 5560 et
3489 5507 3651 5561 fruti-

2064 5616 2150 5655 na:
2208 5601 2657 5671 conjunctionem
2714 5600 2943 5668 requiri,
3000 5610 3057 5653 ut
3101 5600 3420 5654 animalium
3478 5617 3652 5670 genus

2065 5701 2420 5763 propagetur,
2479 5692 2801 5761 cultumque
2856 5702 3122 5746 terrarum
3177 5701 3233 5746 et
3283 5695 3649 5762 agricolarum

2065 5803 2230 5856 opera
2278 5789 2590 5841 necessaria
2627 5801 2775 5850 esse,
2821 5794 2881 5840 ut
2931 5802 3052 5857 qua:
3094 5797 3391 5859 nascuntur
3432 5804 3461 5841 e
3508 5799 3652 5842 terra

2068 5881 2441 5951 producantur
2509 5890 2565 5935 et
2622 5881 2977 5951 coalescant,
3017 5880 3211 5949 eodem
3266 5882 3429 5937 modo
3475 5884 3653 5937 solum
