4086 6414
397 411 505 474 507

1265 433 1269 438 ‹
1341 397 1844 461 ΒΕδΒᾹΙΠΟΝἱΞ
1893 399 1952 458 S.
2002 398 2073 456 ll.
2110 395 2174 457 E.
2221 393 2693 455 CARDINALIS

3547 386 3656 450 50%

395 525 694 583 Salvatoris
723 519 946 576 verbum
980 518 1125 572 haud
1149 516 1422 578 sufficere,
1467 515 1559 568 sed
1597 524 1654 567 et
1681 527 1868 582 preces
1887 526 1968 564 sa-
2003 512 2050 570 Α
2079 507 2367 562 materiam
2415 509 2573 578 ponis
2606 519 2663 562 et
2700 506 2812 561 viui
2839 524 2944 577 qua
2976 507 3077 578 ἰρδί
3107 521 3328 578 quoque
3365 515 3657 561 uterentur

395 615 660 675 cet-dotis,
695 623 750 667 et
777 610 1240 670 benedictionem,
1275 607 1452 661 etalia
1489 606 1746 674 pleraque
1776 617 1969 656 ncces-

399 706 544 761 ‘saria
589 718 709 756 esse
747 702 814 754 ad
868 700 971 753 hoc
1021 697 1337 769 mysterium
1392 694 1811 765 perliciendum.
1847 692 1971 746 llaec

397 784 543 852 enim
571 796 802 854 Marcus,
834 790 1144 860 Ephesinus
1166 791 1417 851 antistes,
1453 804 1519 842 ex
1554 787 1715 841 dictis
1760 784 1972 838 Nicolai
2009 827 2014 830 .

394 890 658 950 Cabasila:
695 896 910 956 sumpta
942 886 1184 948 obiicere
1215 885 1442 950 solebat,
1472 885 1572 937 etsi
1604 884 1764 949 longe
1799 881 1974 950 impar

402 978 646 1052 in'genio,
685 979 903 1032 acutius
944 991 1079 1030 sane
1110 975 1282 1028 multo
1321 974 1409 1027 ille
1452 972 1770 1041 disputavit,
1803 987 1978 1040 quan-

399 1089 565 1142 quam
613 1087 714 1124 nec
759 1070 874 1136 ipse
926 1067 1148 1133 quidem
1181 1066 1405 1134 dignum
1439 1064 1641 1132 aliquid
1699 1063 1974 1116 disseruit.

405 1167 564 1223 Enim
602 1179 735 1217 vero
769 1160 1126 1215 admirandos
1161 1158 1326 1212 simul
1386 1167 1551 1225 atque
1596 1155 1877 1208 dellendos
1916 1153 1979 1206 il-

401 1260 483 1313 los
539 1271 764 1317 censeo,
813 1253 907 1323 qui
956 1261 1155 1321 sponte
1204 1265 1302 1304 sua
1339 1249 1406 1302 ad
1440 1248 1776 1302 clarissimas
1804 1261 1894 1301 res
1924 1255 1980 1300 ct

403 1357 577 1421 ipsam
624 1349 910 1402 veritatem
971 1346 1162 1399 oculos
1225 1344 1508 1405 claudunt,
1564 1342 1716 1397 ctita
1769 1349 1829 1394 ut
1871 1348 1977 1394 tam

403 1445 551 1500 clara
584 1451 749 1510 atque
787 1449 974 1508 aperta
1008 1437 1341 1510 sanctissimi
1369 1435 1610 1490 doctoris
1641 1434 1807 1488 verba
1859 1447 1981 1500 pcr-

404 1545 624 1590 vertere
653 1542 950 1594 conentur,
989 1543 1043 1584 et
1081 1533 1153 1583 ita
1201 1539 1390 1584 contra
1425 1527 1701 1596 propriam
1747 1526 1978 1579 salutem

405 1642 701 1696 exponere,
735 1634 794 1678 ut
826 1625 1086 1678 omnibus
1111 1621 1447 1689 contemptui
1490 1620 1598 1674 sint
1623 1629 1786 1688 atque
1831 1616 1985 1671 deri-

404 1718 510 1771 sui.
547 1716 686 1782 Quid
718 1716 866 1770 cnim
893 1716 971 1768 ait
1005 1715 1060 1768 S.
1101 1713 1340 1768 Ductor?
1388 1712 1639 1780 Figuram
1676 1710 1985 1779 adimplens

403 1819 546 1863 astat
601 1809 882 1868 sacerdos,
938 1803 1105 1856 verba
1165 1802 1253 1856 illa
1298 1800 1688 1870 pronuntians,
1739 1800 1984 1866 potentia

2075 598 2396 661 ostendens,
2455 599 2683 654 tradidit
2713 599 2796 654 eis
2827 599 3059 653 formam
3093 615 3200 669 qua
3247 606 3652 653 sacramentum

2076 693 2434 746 conficerent.
2487 691 2611 745 llzec
2651 701 2835 746 autem
2879 689 3007 745 situt
3039 692 3204 746 verba
3229 691 3348 761 ejus
3384 705 3398 741 :
3437 687 3550 743 Hoc
3581 696 3681 743 est

2077 801 2266 853 corpus
2301 802 2496 843 meum.
2518 795 2598 851 et,
2631 785 2728 840 Hic
2751 794 2822 838 est
2853 785 3068 852 sanguis
3103 801 3268 839 incus.
3313 783 3445 849 Quae
3487 781 3658 838 semel

2079 893 2106 930 a
2137 876 2420 930 Salvatorc
2451 877 2595 931 dicta
2630 879 2706 930 ait
2748 878 3154 932 sacratissimus
3207 877 3403 929 doctor
3440 889 3662 943 semper

2079 969 2320 1038 operari,
2370 984 2478 1022 non
2534 970 2851 1037 cooperari,
2886 984 2988 1022 nec
3031 969 3354 1036 cujusquam
3399 966 3661 1034 praesidio

2079 1079 2261 1131 egere.
2303 1062 2548 1127 Magnam
2573 1063 2745 1125 enim,
2799 1063 2908 1114 imo
2951 1063 3241 1114 maximam
3271 1058 3520 1112 omnium
3549 1059 3660 1111 vim

2084 1153 2359 1207 haberent
2399 1153 2636 1206 humana
2684 1154 2871 1216 verba,
2923 1154 2965 1205 si
2999 1151 3128 1219 quid
3183 1149 3530 1204 auctoritatis
3566 1159 3665 1202 aut

2085 1245 2344 1313 potentiae
2395 1245 2600 1298 divinis
2656 1245 2947 1309 adderent,
2981 1237 3092 1298 iiiio
3143 1261 3272 1298 vero
3305 1243 3396 1297 illa
3429 1241 3670 1297 excelle-

2085 1345 2208 1390 rent
2245 1337 2533 1406 dignitate,
2563 1337 2706 1404 quod
2735 1338 2900 1390 etiam
2931 1337 3170 1406 cligitare
3206 1337 3437 1398 impium
3467 1344 3550 1388 est
3575 1344 3667 1388 at:-

2084 1445 2191 1499 que
2246 1429 2539 1482 nefarium.
2599 1430 3026 1497 Cooperantur,
3088 1429 3271 1497 inquit
3331 1427 3667 1495 Ephesinus,

2087 1522 2390 1575 Dominicis
2436 1521 2622 1575 verbis
2668 1520 2967 1575 sacerdotis
3031 1534 3243 1588 preces.
3293 1517 3603 1584 Quomodo,
3637 1533 3673 1570 ο

2086 1613 2230 1667 bone
2255 1614 2359 1674 vir,
2401 1613 2826 1681 cooperantur?
2852 1611 2932 1665 Au
2971 1621 3231 1680 tanquam
3269 1621 3459 1678 per'se
3497 1610 3672 1663 insuf-

2088 1705 2424 1770 ficicntibus,
2457 1721 2523 1758 an
2555 1714 2814 1773 tanquam
2848 1702 3365 1758 suﬂicientibus?Si
3407 1709 3669 1770 tanquam

2095 1796 2538 1861 sufﬁcientibus,
2597 1795 2872 1865 superflua
2919 1805 3065 1849 ct-rtc
3128 1803 3183 1848 et
3245 1808 3384 1848 vana
3443 1803 3527 1846 est
3577 1802 3676 1847 tua
3767 1807 3774 1813 '

403 1915 538 1955 vero
599 1909 655 1954 et
711 1897 884 1969 gratia
954 1905 1063 1948 tota
1117 1893 1322 1949 Christi
1369 1903 1475 1947 est.
1510 1892 1623 1945 lloc
1669 1900 1754 1946 est
1783 1904 1986 1959 corpus
2019 1883 2060 1938 B
2093 1889 2271 1942 Omnis
2292 1889 2496 1953 oratio;
2532 1887 2577 1942 si
2612 1900 2868 1958 tanquam
2911 1905 3019 1943 non
3065 1887 3484 1949 sufﬁcientibus,
3518 1886 3625 1940 heu
3658 1887 3672 1939 l

408 2006 616 2052 meum,
649 1989 748 2042 ait.
780 1988 892 2041 [loc
918 1987 1146 2040 verbum
1180 2000 1268 2037 res
1297 1983 1606 2053 propositas
1635 1987 1982 2035 transmutat.

406 2082 548 2150 Quid
597 2081 700 2135 hoc
731 2079 937 2133 certius
980 2076 1302 2132 desideras?
1348 2076 1459 2140 llla,
1507 2075 1707 2143 inquit,
1750 2075 1918 2128 verba
1957 2087 1986 2125 a

409 2173 694 2230 Sacerdote
731 2170 1106 2240 pronuntiata.
1133 2168 1265 2232 Quae
1284 2175 1466 2220 autem
1494 2165 1581 2219 illa
1605 2168 1734 2228 sint,
1757 2164 1986 2233 subjun-

409 2267 508 2336 git.
539 2263 649 2318 Hoc
683 2270 758 2317 est
787 2277 975 2330 corpus
1017 2276 1212 2314 meum.
1245 2257 1361 2323 Illa,-
1403 2257 1648 2327 inquam,
1680 2273 1767 2310 res
1793 2271 1991 2326 propo-

413 2357 546 2412 sitas
599 2363 986 2411 transmutant.
1037 2354 1122 2408 Fit
1153 2369 1284 2422 ergo
1327 2349 1710 2406 transmutatio
1749 2366 1846 2416 per
1899 2349 1988 2402 illa

411 2451 598 2514 verba,
631 2464 740 2502 non
778 2466 808 2502 a
843 2445 1147 2506 sacerdote,
1187 2444 1284 2498 sed
1323 2460 1353 2497 a
1389 2444 1630 2502 Christo.
1665 2442 1826 2516 cujus
1878 2450 1989 2495 tota

408 2543 582 2611 gratia
613 2551 669 2596 et
699 2548 939 2609 pmestas
972 2546 1075 2592 est.
1119 2537 1389 2594 Sacerdos
1416 2537 1563 2590 enim
1614 2535 1809 2602 ﬁgura,
1833 2531 1992 2587 Chri-

407 2645 529 2690 stus
558 2649 689 2688 vero
715 2633 950 2690 veritate
981 2631 1097 2685 haec
1129 2637 1478 2694 transiuutat,
1512 2628 1797 2683 sacerdote
1821 2628 1988 2680 verba

410 2727 552 2797 ejus,
606 2723 1070 2795 quemadmodum
1105 2722 1195 2776 ille
1249 2729 1541 2783 statuerat,
1573 2719 1987 2788 pronuntiante.

412 2818 479 2874 Et
505 2833 719 2882 rursus,
747 2816 859 2870 Hoc
894 2814 1120 2868 verbum
1147 2822 1550 2866 sacramentum
1581 2812 1789 2880 integre
1824 2810 1994 2879 perli-

413 2914 509 2964 cit.
545 2907 868 2966 Considera,
916 2906 1100 2969 homo,
1155 2903 1288 2972 quid
1323 2903 1532 2971 integra
1576 2900 1690 2954 haec
1730 2897 1995 2968 perfectio

413 3000 707 3070 signiticet,
748 2998 971 3054 attende
1003 2997 1135 3066 quid
1175 2997 1328 3050 velit.
1363 2994 1476 3050 lloc
1499 2994 1728 3048 verbum
1762 3008 1848 3046 res
1872 3007 1997 3060 pro-

413 3095 624 3164 positas
678 3101 1027 3146 transmutat.
1075 3090 1196 3145 Noli
1232 3089 1596 3160 pervicaciter
1624 3096 1815 3142 contra
1865 3102 1995 3157 pro-

2089 1995 2211 2049 quat
2275 1981 2596 2048 improbitas
2647 1990 2773 2044 est,
2827 1997 2951 2050 qu:e
3019 1980 3360 2046 blasphemia
3435 1979 3622 2052 dicere
3657 2021 3674 2042 ,

2093 2081 2150 2126 ut
2209 2075 2354 2140 quod
2427 2071 2630 2125 divin's
2704 2073 2862 2126 deest
2932 2071 3151 2133 verbis,
3220 2071 3464 2123 hominis
3537 2085 3678 2137 sup-

2091 2164 2276 2235 pleant
2329 2168 2554 2234 preces?
2597 2164 2870 2219 Prazterea
2933 2179 3058 2218 cum
3123 2164 3289 2217 verba
3362 2163 3476 2217 haec
3534 2163 3680 2217 dicis

2096 2257 2258 2312 simul
2324 2273 2450 2311 cum
2523 2257 2772 2310 oratione
2814 2267 2987 2310 totum
3048 2257 3331 2326 perficere,
3379 2267 3680 2318 utrumque

2096 2348 2491 2418 imper-fectum
2543 2358 2721 2418 putas,
2771 2364 3000 2404 necesse
3051 2356 3140 2402 est
3189 2347 3356 2417 igitur
3409 2356 3468 2402 ut
3523 2347 3678 2402 aliud

2097 2440 2319 2496 tertium
2349 2439 2654 2494 adveniens
2686 2440 2738 2494 id
2786 2450 2927 2510 agat.
2961 2440 3100 2506 Quid
3146 2457 3274 2495 vero
3316 2441 3421 2497 hoc
3463 2443 3557 2506 sit,
3592 2451 3676 2506 tu,

2094 2546 2302 2600 qumso,
2343 2530 2502 2584 nobis
2535 2532 2706 2600 aperi.
2734 2532 2924 2600 Neque
2949 2532 3096 2586 enim
3129 2533 3395 2602 Spiritum
3424 2545 3678 2588 sanctum

2097 2623 2148 2676 id
2184 2639 2304 2678 esse
2353 2624 2503 2679 dices
2542 2641 2556 2678 :
2600 2625 2874 2694 siquidem
2923 2625 3028 2681 hoc
3060 2637 3145 2681 est
3191 2628 3337 2696 quod
3387 2631 3677 2698 quaIritur,

2094 2732 2162 2769 an
2203 2717 2488 2786 quodlibet
2522 2733 2717 2772 eorum
2764 2734 2862 2788 per
2896 2734 2977 2782 se,
3013 2734 3079 2772 an
3115 2720 3275 2773 ambo
3305 2721 3470 2776 simul
3503 2720 3685 2790 Spiri-

2099 2817 2214 2862 tum
2261 2822 2513 2865 sanctum
2567 2813 2635 2866 ad
2691 2812 2742 2866 id
2800 2813 3070 2882 agendum
3120 2813 3370 2868 inclinet.
3423 2814 3577 2880 Quod
3632 2815 3678 2869 si

2097 2901 2258 2955 ambo
2291 2903 2584 2958 contendis
2639 2905 2689 2956 id
2748 2920 2933 2974 posse,
2989 2905 3265 2972 intelligas
3320 2921 3544 2961 necesse
3594 2919 3682 2961 est

2098 2995 2244 3064 quod
2287 2995 2330 3050 si
2381 2997 2542 3050 ambo
2579 2998 2742 3051 simul
2796 2998 2897 3051 hoc
2946 3009 3198 3066 possunt,
3235 3010 3508 3067 quatenus
3543 3001 3678 3054 inihi

2099 3087 2382 3144 Dominica
2435 3089 2597 3143 verba
2652 3091 3030 3152 continentur,
3067 3107 3129 3146 ea
3173 3102 3303 3146 sunt
3334 3107 3456 3160 quae
3499 3093 3681 3146 conti-

413 3185 593 3256 priam
626 3185 859 3239 salutem
893 3183 1250 3243 contendere,
1282 3191 1341 3236 et
1371 3181 1534 3251 hujus
1555 3180 1842 3236 sententiae
1872 3194 1992 3233 nia-
2019 3220 2064 3283 C
2100 3182 2256 3237 ciunt
2307 3193 2734 3248 sacramentum,
2787 3185 2904 3237 sive
2956 3195 3248 3253 sequatur,
3291 3186 3406 3241 sive
3453 3202 3560 3241 non
3594 3203 3685 3241 se-

383 3311 386 3317 -
415 3280 498 3349 gis
535 3276 825 3347 praecipuis
856 3290 920 3331 ac
953 3275 1257 3330 manifestis
1292 3275 1544 3344 partibus
1572 3273 1813 3343 rejectis,
1867 3288 1994 3342 per-

424 3381 642 3426 vertere
676 3369 939 3438 reliquas.
968 3367 1079 3422 Nec
1112 3367 1258 3422 enim
1300 3367 1606 3437 Ephesinus
1636 3367 1726 3420 ille
1765 3382 1869 3422 nec
1892 3367 1997 3422 Ca-

420 3464 624 3519 basilas
667 3463 938 3530 integram
979 3463 1139 3516 istaut
1194 3461 1528 3515 sententiam
1562 3459 1866 3525 adducunt,
1899 3460 1994 3514 sed

419 3556 750 3626 quibusdam
779 3555 902 3619 ejus
932 3554 1186 3623 partibus
1213 3553 1460 3608 recitatis
1493 3553 1834 3614 transiliunt,
1889 3553 2000 3607 l'ra-

421 3661 639 3719 gmenta
666 3649 788 3718 ejus
817 3647 1091 3717 quaedam,
1127 3652 1277 3700 velut
1300 3646 1506 3700 indocti
1529 3647 1683 3717 juxta
1711 3645 1994 3700 Platonem

423 3744 610 3814 coqui,
663 3743 759 3812 qui
785 3740 1064 3804 nesciunt,
1109 3739 1366 3793 voluntve
1405 3755 1503 3808 per
1541 3749 1695 3793 artus
1725 3739 1995 3806 dividere,

419 3835 678 3892 nonnulla
703 3832 1070 3904 proferentes,
1089 3842 1284 3887 caetera
1308 3847 1439 3886 vero
1466 3847 1587 3900 qua:
1609 3832 1781 3902 Itiagis
1798 3835 1862 3886 ad
1884 3849 1998 3888 rem

419 3925 687 3991 facerent,
745 3923 969 3978 silentio
1004 3931 1422 3991 praetereuntes,
1455 3932 1514 3974 et
1544 3922 1650 3976 hoc
1698 3923 1863 3978 modo
1901 3924 2004 3977 ob-

422 4019 776 4072 tenebrantcs
811 4015 1122 4070 veritatem.
1160 4013 1219 4067 ln
1265 4014 1454 4083 primis
1482 4014 1689 4082 itaque,
1726 4017 1870 4068 sicut
1911 4033 2000 4070 su-

424 4121 520 4177 pra
549 4107 759 4162 dicturn
789 4114 893 4169 est,
925 4120 994 4158 ex
1038 4104 1356 4175 hujusmodi
1390 4105 1574 4158 verbis
1599 4107 1774 4159 sancti
1801 4105 2001 4160 docto—

423 4200 502 4256 ris
522 4216 630 4255 non
664 4199 755 4254 hic
779 4213 943 4268 quem
976 4213 1075 4252 vos
1118 4197 1302 4252 dicitis
1336 4212 1538 4255 sensus
1567 4198 1867 4268 colligitur.
1901 4200 2008 4253 De-

423 4292 575 4354 inde,
619 4306 652 4346 ο
690 4289 835 4344 bone
875 4290 978 4352 vir,
1009 4303 1191 4343 nonne
1240 4288 1353 4342 illic
1383 4299 1577 4344 auctor
1621 4301 1787 4359 atque
1811 4291 1996 4361 epifex

423 4383 674 4440 omnium
703 4397 889 4436 rerum
923 4395 1133 4435 marem
1159 4391 1214 4436 et
1240 4380 1503 4434 feminam
1541 4397 1608 4437 ea
1632 4383 1751 4452 lege
1769 4386 2000 4448 creavit,

2101 3286 2302 3343 quatur
2341 3276 2538 3331 oratio.
2576 3275 2764 3345 Itaque
2796 3278 2933 3330 nihil
2965 3280 3046 3331 eis
3078 3280 3144 3332 ad
3177 3279 3282 3333 lio'c
3319 3281 3471 3335 addit
3500 3281 3684 3334 oratio

2101 3369 2421 3432 sacerdotis,
2446 3384 2546 3422 nec
2570 3369 2680 3424 illis
2701 3370 2923 3438 aliquod
2957 3373 3329 3426 necessarium
3352 3382 3438 3428 est
3460 3375 3684 3430 aliunde

2105 3455 2445 3529 praesidium.
2483 3460 2637 3526 Quod
2683 3459 2729 3514 si
2773 3471 3047 3530 quatenus
3091 3464 3367 3532 supplicat
3397 3465 3678 3531 sacerdos,

2103 3561 2163 3608 ut
2198 3552 2539 3608 descendens
2577 3552 2814 3622 Spiritus
2853 3566 3081 3609 sanctus
3119 3557 3207 3609 illa
3245 3558 3518 3612 sacrificet
3553 3557 3685 3612 ’ωυ-

2103 3661 2261 3711 nera,
2315 3657 2544 3700 eatenus
2597 3646 2867 3701 duntaxat
2915 3658 3338 3714 consecrantur,
3373 3650 3510 3704 nihil
3552 3660 3685 3721 ergo”

2103 3749 2404 3808 operantur
2439 3738 2604 3794 verba
2639 3739 2944 3802 Dominica,
2989 3756 3089 3794 nec
3127 3757 3320 3795 verum
3354 3743 3488 3797 dicit
3513 3745 3688 3816 Chry-

2106 3843 2401 3891 sostomus,
2434 3846 2559 3885 cum
2595 3849 2656 3886 ea
2689 3834 2888 3887 asserit
2912 3848 3128 3904 semper
3161 3838 3400 3903 operari,
3429 3849 3478 3892 et
3511 3851 3686 3894 trans-

2106 3934 2344 3988 mutare,
2387 3933 2446 3978 et
2511 3925 2722 3995 integre
2776 3927 3079 3995 perficere;
3124 3941 3226 3982 nec
3273 3941 3598 3999 cooperatur
3635 3933 3686 3986 ei

2111 4017 2213 4071 huc
2248 4019 2408 4072 modo
2440 4019 2741 4074 sacerdotis
2769 4011 3138 4088 supplicatiof
3165 4033 3224 4076 ut
3259 4034 3314 4077 tu
3342 4025 3442 4084 ais.
3475 4026 3570 4079 sed
3604 4035 3687 4078 to-

2112 4121 2224 4166 tum
2257 4122 2540 4181 operatur.
2583 4111 2722 4177 Quid
2778 4114 2942 4182 igitur
2989 4115 3301 4183 corrumpis
3339 4118 3505 4170 verba
3547 4119 3687 4170 sacri

2110 4206 2374 4268 doctoris.
2408 4221 2516 4258 non
2551 4217 2696 4260 recte
2728 4222 2789 4258 ea
2821 4221 3122 4274 exponens,
3145 4217 3218 4263 .et
3245 4209 3309 4262 de
3342 4220 3689 4264 sacramento

2109 4297 2456 4352 eucharistize
2505 4297 2695 4350 falsam
2749 4298 2918 4352 habes
2963 4301 3332 4368 opinionem?
3364 4304 3552 4370 Atqui.
3607 4304 3692 4354 in-

2112 4392 2256 4459 quis,
2289 4392 2453 4444 ctiam
2488 4389 2756 4458 baptisma
2791 4391 2904 4443 sola
2940 4391 3247 4447 Sacerdotis
3284 4396 3534 4448 oratione
3560 4410 3690 4462 per-

425 4485 487 4534 ut
547 4491 657 4530 non
695 4474 801 4529 nisi
839 4488 936 4544 per
993 4474 1440 4542 coniunctionem
1503 4491 1697 4530 eorum
1745 4476 2046 4532 animalia“
2115 4481 2313 4535 ficitur.
2345 4480 2521 4534 Etiam
2557 4481 2607 4532 iu
2634 4481 2740 4535 hoc
2767 4496 2943 4542 erras,
2977 4491 3032 4534 et
3062 4483 3262 4536 veritas
3287 4483 3339 4536 in
3374 4497 3425 4537 te
3451 4492 3558 4536 non
3587 4493 3691 4537 est.

427 4569 910 4637 propagarentnr?
942 4581 1246 4640 rursusque
1278 4567 1334 4620 in
1365 4567 1489 4622 aliis
1519 4583 1708 4622 semen
1764 4568 1916 4623 nasci
1952 4579 2009 4624 et
2043 4558 2084 4612 Ῑ)
2115 4572 2327 4626 Etenim
2369 4571 2639 4640 baptisma
2675 4588 2893 4640 qunque
2928 4572 3226 4626 Dominicis
3260 4573 3540 4641 perficitur
3574 4590 3694 4626 ver-

427 4673 496 4713 ex
523 4668 666 4714 terra
701 4657 1000 4722 ordinavit,
1045 4667 1105 4712 ut
1150 4657 1475 4722 Seminetnr,
1531 4659 1860 4713 semiustum
1915 4677 2011 4715 na-

431 4761 637 4814 scatur,
670 4759 972 4818 natumque
997 4750 1390 4818 multiplicetur
1411 4751 1435 4803 ?
1453 4751 1522 4806 At
1553 4753 1760 4808 idcirco
1783 4736 2012 4809 necesse

431 4852 518 4900 est
567 4843 641 4900 ita
678 4842 819 4896 ﬁeri.
865 4842 1100 4912 Oportet
1155 4843 1304 4898 enim
1337 4860 1459 4899 esae
1488 4856 1754 4912 orantem,
1792 4857 2014 4916 oportet

433 4951 552 4990 csse
585 4944 880 5000 serentem,
914 4943 1130 5003 Oportet
1166 4949 1288 4990 esse
1311 4946 1684 5006 generantetn,
1711 4954 2014 5008 omnesun

435 5027 634 5083 divinae
663 5028 1118 5098 obtemperantes
1155 5028 1452 5093 voluntati,
1487 5029 1592 5084 hoc
1617 5040 1702 5085 est
1737 5031 1811 5087 ita
1847 5046 2014 5101 θεων

437 5135 520 5175 tes
565 5131 622 5174 ut
655 5121 748 5176 illc
779 5119 995 5178 statuit.
1027 5118 1234 5176 Statuit
1263 5120 1416 5176 enim
1441 5136 1510 5174 eo
1549 5123 1712 5176 modo
1737 5139 1848 5192 quo
1872 5123 2017 5178 dixi-

437 5230 578 5270 mus.
622 5212 1098 5280 Quemadmodum
1158 5213 1248 5268 illa
1292 5228 1397 5268 vox
1441 5229 1550 5283 qua
1613 5215 1824 5270 dictum
1877 5225 2014 5272 est:

435 5306 662 5364 Crescite
707 5314 756 5359 et
813 5302 1264 5374 inultiplicamini,
1311 5321 1491 5376 operte
1541 5317 1750 5363 natura:
1809 5318 2016 5364 nostra:

440 5399 546 5454 vita
582 5401 787 5469 praebet
817 5397 1311 5468 ad-geuerandum.
1338 5400 1546 5468 Opera},
1579 5402 1779 5471 inquit,
1805 5412 2016 5458 natura

439 5501 640 5546 nostrae
669 5492 777 5544 vim
825 5491 1056 5560 prabet,
1103 5493 1246 5546 hanc
1268 5492 1483 5548 scilicet
1505 5495 1554 5548 ei
1584 5496 1756 5566 legem
1781 5512 2018 5564 ponens,

440 5591 500 5637 ut
532 5584 619 5637 illa
654 5583 798 5652 quod
837 5599 997 5638 suum
1023 5592 1106 5640 est
1137 5593 1284 5654 agat,
1323 5585 1441 5655 ipsa
1469 5602 1601 5641 vero
1630 5603 1852 5643 munem
1902 5589 2014 5643 vim

441 5673 708 5741 praebens.
741 5673 798 5727 In
836 5675 938 5729 hoc
973 5691 1103 5730 vero
1132 5677 1323 5733 divino
1352 5678 1422 5734 de
1454 5695 1564 5748 quo
1595 5683 1809 5751 agimus
1831 5697 2016 5737 sacra-

442 5775 648 5830 mento,
683 5768 948 5822 duntaxat
989 5771 1272 5839 apostolus
1299 5771 1615 5828 sacerdotes
1647 5772 1914 5840 efﬁciens,
1955 5786 2012 5829 et

519 5879 534 5910 ¹
563 5878 756 5933 Matth.
787 5896 984 5949 xxviii,
1035 5885 1124 5939 19¢

2114 4665 2224 4718 bis.
2272 4663 2469 4717 Etmtes
2521 4664 2690 4723 enim,
2730 4663 2929 4730 inquit,
2965 4663 3227 4732 baptizate
3271 4679 3357 4716 eos
3395 4665 3448 4718 in
3489 4665 3696 4716 nomine

2115 4755 2322 4816 Patris,
2357 4765 2403 4807 ei
2439 4752 2591 4818 Filii,
2617 4765 2662 4806 et
2692 4753 2923 4823 Spiritus
2951 4757 3122 4807 sancti
3150 4757 3188 4808 '.
3221 4755 3374 4809 Tunc
3411 4757 3697 4825 perlicitur

2117 4847 2407 4915 baptisma,
2435 4844 2657 4914 quando
2683 4845 2817 4897 dicit
2842 4845 3125 4908 sacerdos,
3155 4846 3467 4916 baptizetur
3497 4865 3696 4903 servus

2121 4941 2245 5004 liei;
2284 4946 2398 5005 aut,
2437 4939 2654 5006 baptizo
2704 4948 2756 4992 te
2807 4939 2856 4991 in
2895 4938 3116 4992 neruine
3150 4940 3345 5008 Patris,
3376 4954 3429 4994 et
3458 4943 3604 5002 Filii,
3640 4952 3697 4995 et

2118 5032 2360 5102 Spiritus
2407 5031 2604 5086 sancti.
2666 5031 2819 5085 Unde
2872 5033 2917 5085 si
2967 5033 3094 5100 quis
3142 5037 3307 5087 etiam
3364 5037 3499 5089 nihil
3548 5037 3696 5091 aliud

2123 5137 2322 5196 prater
2372 5126 2487 5178 hate
2523 5124 2688 5176 verba
2734 5123 2968 5190 dixerit,
3025 5137 3175 5180 recte
3226 5130 3484 5197 baptizat,
3521 5140 3574 5183 et
3603 5145 3695 5197 qui

2123 5225 2230 5279 hoc
2276 5223 2439 5276 modo
2474 5225 2778 5291 baptizatus
2822 5224 3007 5289 fuerit,
3055 5225 3285 5278 salutem
3335 5227 3566 5292 adeptus
3593 5233 3697 5275 est.

2123 5316 2166 5371 E
2195 5330 2460 5370 converso
2487 5331 2641 5379 vero,
2667 5317 2710 5369 si
2745 5317 2872 5385 quis
2896 5326 3089 5370 cretera
3119 5317 3338 5378 dixerit.
3373 5329 3428 5371 et
3459 5316 3701 5370 inlinitas

2122 5410 2189 5465 ad
2213 5409 2384 5464 Deum
2419 5410 2726 5478 porrexerit
2757 5424 2968 5477 preces,
3014 5408 3128 5462 haec
3171 5426 3301 5463 vero
3337 5420 3704 5478 przetermise-

2127 5502 2221 5565 rit,
2257 5502 2394 5556 nihil
2429 5506 2658 5569 omnino
2705 5502 2836 5570 agit.
2888 5501 2948 5556 In
3000 5502 3146 5555 hunc
3194 5503 3416 5556 modum
3473 5501 3704 5569 apostoli

2126 5609 2225 5664 per
2277 5595 2686 5665 impositionem
2742 5611 3004 5649 manuum
3054 5604 3111 5649 et
3156 5596 3596 5649 benedictionem
3651 5601 3708 5647 ct

2127 5689 2631 5755 pronuntiationem
2671 5689 2864 5740 horum
2897 5688 3189 5742 verborum
3227 5688 3599 5757 baptizabant,
3654 5689 3706 5741 in

2126 5776 2274 5830 hunc
2297 5777 2520 5831 modum
2552 5778 2902 5832 cuchari-stia:
2934 5778 3254 5846 mysterium
3285 5780 3706 5833 coasccrahant.
